4856 7010
135 1260 261 1309 catholici
275 1273 327 1309 mo·

110 1320 209 1360 nentur
217 1326 248 1362 ne
256 1326 328 1373 psell-

110 1368 144 1413 do
177 1369 326 1428 episcopum

110 1427 263 1479 agnoscant.

1003 592 1074 638 rius
1094 592 1143 638 1³1³.
1168 591 1235 638 itit.

346 705 480 782 gaudere
510 709 679 787 possimus,
710 711 781 774 inde
813 728 864 774 eos
895 711 1088 775 contristatos

344 797 439 864 inisse
459 801 495 863 ad
517 803 757 880 poenitentiam:
781 811 968 884 quapropter
984 804 1015 866 in
1030 804 1088 866 hu-

345 891 478 956 militate
499 895 596 960 cordIs
625 898 722 960 nostri
747 899 885 960 levantes
906 898 939 960 in
967 896 1087 960 coelum

344 999 456 1048 manns
477 996 608 1066 nostras,
624 993 724 1055 lieum
744 992 960 1054 indesinenter
983 989 1088 1068 adpre-

344 1095 463 1156 camur,
478 1090 513 1145 ut
534 1083 584 1146 det
606 1083 665 1146 illis
686 1085 883 1149 intellectum
903 1090 934 1146 et
956 1084 1088 1146 instruat

345 1169 378 1232 in
400 1173 460 1248 ria,
482 1189 543 1251 qna
563 1176 758 1252 gradiuntur.

385 1267 404 1340 S
426 1268 453 1330 7.
468 1271 626 1346 Getarum,
649 1270 753 1334 dilecti
768 1270 836 1348 tilii,
852 1269 972 1349 paterni
989 1269 1089 1333 cordis

345 1363 444 1426 nostri
459 1381 546 1428 ouras
560 1366 823 1445 cogitationesque
838 1365 873 1428 ad
889 1381 945 1427 vos
960 1379 1088 1426 conver·

344 1471 390 1518 sas
411 1458 600 1521 incessanter
628 1460 788 1534 habemus,
811 1461 1029 1532 desiderantes,
1053 1465 1088 1520 ut

345 1550 432 1612 vohis
452 1551 567 1631 aliquid
599 1556 713 1630 gratiae
737 1553 903 1632 spiritualis
931 1552 1089 1632 impertia-

344 1660 416 1706 mur
429 1645 465 1708 ad
480 1644 708 1710 confirmandos
730 1664 802 1726 ros3
824 1665 856 1710 ao
877 1647 1015 1727 primum
1029 1647 1088 1708 sol-

343 1737 425 1800 licite
446 1755 501 1802 ros
522 1757 686 1804 monemus
708 1749 800 1822 atque
820 1742 1030 1815 adhortamur,
1052 1747 1086 1803 nt

343 1833 376 1896 in
398 1849 432 1896 ea
459 1835 620 1898 vocatibus
650 1836 813 1912 maneatis,
843 1837 875 1898 in
901 1852 960 1914 qua
988 1836 1087 1897 vocati

343 1927 427 1999 estis,
450 1927 608 2006 repudiata
629 1929 754 1993 illorum
776 1930 893 2004 frande,
916 1929 969 2007 qui
984 1929 1087 1991 incau-

343 2026 390 2080 tos
411 2020 557 2096 pellicere
577 2023 660 2084 adse
677 2023 877 2100 adnituntnr3
901 2021 986 2085 vohis
1001 2022 1085 2085 enim

343 2115 480 2192 graviter
501 2115 695 2193 iniungimus
715 2129 748 2181 ac
768 2126 920 2192 vetamus,
937 2131 1084 2198 naprae-

341 2207 440 2270 latum
456 2213 621 2287 parochum
633 2209 777 2272 llathiam
792 2209 926 2287 Delgado
941 2225 996 2288 pro
1012 2224 1086 2270 vero

342 2309 463 2380 pastore
490 2302 624 2365 habeatis
645 2310 677 2366 et
698 2305 879 2382 agnoscatis,
910 2320 991 2368 neve
1013 2319 1085 2366 cum

342 2395 450 2456 eodem
484 2395 548 2458 ullo
578 2403 673 2472 pacto,
700 2396 887 2477 praesertim·
910 2396 943 2457 in
972 2395 1085 2458 divinis

342 2487 591 2563 communicetis,
614 2495 667 2550 aut
689 2489 725 2550 ab
746 2489 873 2566 ipsorel
894 2489 931 2551 ah
951 2489 1017 2551 aliis
1031 2504 1085 2568 per

342 2581 444 2658 ipsum
465 2596 627 2660 perperam
649 2589 680 2644 ei
701 2581 835 2645 inaniter
855 2583 1021 2661 deputatis,
1039 2598 1084 2644 sa-

342 2680 498 2736 cramenta
513 2674 674 2752 accipiatis.
692 2674 824 2738 Nullum
838 2684 922 2738 certe
933 2675 1085 2738 nuncium

342 2766 440 2828 dolori
471 2775 578 2830 nostro
609 2769 774 2831 iucundius
800 2768 944 2831 solatium
974 2769 1085 2830 aiicrre

341 2866 473 2938 poterat,
502 2877 594 2940 qnam
616 2869 651 2924 ut
672 2863 831 2938 sciremus,
856 2861 928 2924 satis
957 2878 1012 2924 ros
1033 2863 1084 2926 ad-

341 2969 450 3016 versus
465 2953 550 3016 illins
572 2955 780 3018 temeritatem
801 2971 834 3017 ac
848 2954 990 3017 subdolas
1004 2961 1085 3016 artes

342 3046 453 3108 habere
481 3047 623 3128 praesidii
652 3049 684 3110 in
705 3054 809 3110 vestra
829 3047 945 3110 invIcta
970 3048 1085 3127 pietate

341 3141 558 3220 rereligione,
581 3148 668 3204 eante
689 3141 858 3217 ambulare,
881 3157 989 3204 vocam
1011 3142 1083 3204 alie·

273 3310 275 3314 ¹
341 3249 457 3297 norum
485 3251 549 3298 non
580 3236 704 3311 audire,
733 3251 845 3298 rerum
866 3252 899 3298 ao
924 3236 1084 3315 proprium

341 3337 495 3407 pastorem
521 3329 624 3406 sequi:
647 3329 759 3392 deindo
783 3343 838 3390 ros
866 3330 971 3406 etiam,
994 3335 1085 3408 atque

342 3422 435 3484 etiam
456 3422 488 3483 in
510 3421 641 3484 Domino
670 3429 776 3484 nostro
797 3423 865 3485 lesu
891 3424 1016 3486 Christo
1036 3425 1086 3487 ad·

342 3515 715 3593 h01·tamur,utquotidie
734 3516 830 3592 magis
851 3531 973 3594 operam
994 3515 1084 3592 detis,

342 3624 380 3670 ax
401 3625 461 3687 qua
480 3609 658 3672 seductores
672 3607 861 3686 intelligant,
877 3625 932 3670 ros
946 3608 982 3669 ad
998 3609 1085 3671 Chri-

341 3702 381 3764 sti
402 3702 525 3765 Domini
546 3701 628 3764 ovile
649 3710 680 3764 et
701 3701 816 3764 adelns
837 3705 870 3766 in
893 3703 984 3764 terris
999 3702 1085 3767 Vica-

341 3797 425 3858 rinm
445 3796 614 3873 pertinere,
630 3811 663 3856 ae
677 3793 807 3857 domum
821 3795 981 3858 aedificare
995 3812 1086 3875 supra

342 3889 465 3951 firmam
485 3896 623 3968 petram:
647 3890 761 3951 «Deus
777 3888 874 3965 enim,
891 3889 996 3970 inquit
1010 3889 1085 3952 San·

381 4093 410 4147 (l)
426 4092 523 4137 Eadem
544 4091 586 4136 die
604 4091 635 4137 de
650 4093 740 4138 eodem
759 4093 906 4148 patrocimo
927 4095 1085 4150 praestando

341 4158 447 4216 scripsit
461 4159 574 4204 similem
589 4159 728 4215 epistolam
744 4159 886 4206 Carissimo
901 4160 928 4205 in
938 4161 1042 4206 christo
1058 4161 1085 4207 h-

340 4226 378 4271 lio
392 4226 483 4271 carolo
497 4229 659 4272 Francorum
674 4226 732 4281 regi
747 4225 977 4272 chrIstianissimo.

380 4292 443 4337 vide
463 4291 532 4338 intra
553 4296 626 4344 Quod
647 4297 758 4342 roncata,
780 4297 949 4347 apostolatus
970 4297 1083 4348 officinm

340 4371 375 4404 vr.
391 4359 437 4405 iul.
453 4370 603 4406 nncccxxx.

468 4471 611 4540 cerasano
628 4500 658 4540 aa
678 4496 781 4540 baraca
794 4501 849 4551 arao
864 4502 956 4541 nostro

410 4567 504 4609 Corbio
518 4563 689 4608 Francorum
709 4566 766 4614 reat
780 4565 1010 4612 carcabianensem,

589 4701 658 4743 PIUS
673 4699 752 4744 Papa
767 4701 829 4743 VIII.

476 4837 618 4878 Carissimo
631 4836 661 4876 in
677 4835 780 4877 Christo
793 4837 833 4887 flii
848 4839 944 4882 nostor,

424 4903 540 4945 salutem
552 4903 577 4942 et
589 4903 764 4952 apostolicam
782 4902 993 4946 benedictionem.

377 5037 522 5092 Perpetuus
535 5033 820 5080 christianissimorum
834 5038 936 5091 loegum
950 5035 1081 5081 maiorum

337 5107 445 5148 tuorum
460 5114 516 5148 mos
530 5101 580 5147 luit
594 5101 731 5147 catholicis
746 5105 890 5148 'turcarum
901 5103 1013 5159 imperio
1024 5103 1082 5148 suh·

336 5171 412 5216 iactis
421 5169 592 5226 patrocinari,
602 5181 698 5226 eosque
708 5181 724 5214 a
733 5169 940 5224 calamitatibus,
950 5181 1016 5226 quas
1026 5183 1082 5226 per-

336 5239 437 5284 terrent
450 5239 498 5281 aut
512 5236 564 5281 sibi
577 5237 685 5293 paratas
694 5235 800 5291 scirent,
811 5247 904 5280 eruere
915 5235 956 5280 vei
965 5247 1081 5292 praeser-

336 5316 406 5350 vare.
422 5304 547 5355 Quocirca
568 5303 648 5350 simui
668 5314 699 5348 ac
720 5307 769 5348 Leo
783 5305 835 5347 llll.
848 5295 894 5347 tel.
909 5313 961 5347 rec.
976 5303 1081 5359 praeda·

336 5382 424 5418 caesor
437 5373 527 5417 noster
547 5373 706 5416 commotam
721 5369 777 5414 illic
796 5369 923 5416 adversus
937 5369 1080 5416 catholicos

336 5440 396 5486 dolo
417 5439 486 5485 malo
507 5437 737 5484 schismaticorum
760 5437 970 5493 persecutionem
994 5438 1080 5492 novit,

336 5503 573 5552 christianissimae
595 5502 744 5549 maiestatis
764 5507 827 5548 tuac
845 5514 921 5560 opem
940 5504 1080 5560 evestigio

335 5572 497 5630 imploravit,
511 5571 639 5626 enixeque
652 5569 739 5626 petiit,
753 5573 783 5615 nt
803 5570 949 5626 catholicis,
963 5582 1081 5628 praeser-

336 5640 385 5686 tim
400 5650 462 5685 vero
471 5637 592 5682 armenis
601 5637 713 5682 immani
722 5637 844 5682 barbarie
854 5638 1080 5696 constantinopoli

336 5707 445 5762 vexatis,
459 5705 571 5760 adesset,
584 5706 619 5760 et,
634 5715 686 5762 qua
699 5705 813 5762 pollebat
823 5705 892 5762 apud
903 5707 1079 5752 othomanum

336 5775 534 5828 Imperatorem,
548 5772 708 5818 auctoritate
721 5776 752 5816 'et
766 5771 853 5828 gratia
874 5773 964 5818 tantae
978 5783 1009 5817 ac
1024 5777 1078 5818 tam

265 5873 269 5883 .
336 5851 412 5885 seraa
426 5839 594 5884 crudelitatis
605 5839 778 5885 cessationem
789 5839 953 5896 impetraret.
965 5844 1029 5885 cum
1040 5853 1081 5886 re-

336 5919 366 5953 ro
380 5905 580 5964 persecutionis,
593 5906 625 5950 de
646 5917 698 5962 qua
718 5906 816 5962 agitur,
836 5910 927 5952 aestus
949 5907 1017 5952 nihil
1031 5911 1079 5954 aut

336 5983 431 6034 parum
445 5973 618 6028 deferbuerit3
633 5974 706 6020 novis
720 5976 746 6019 te
760 5973 890 6032 precihus,
903 5975 1079 6023 carissimam

1142 717 1208 772 ctus
1230 712 1384 789 irenaeus,
1406 712 1551 776 iudicabit
1572 721 1634 788 eos,
1650 712 1703 792 qui
1724 712 1887 776 schismata

1142 811 1319 881 operantur,
1341 805 1395 884 qni
1416 813 1490 870 sunt
1513 807 1631 882 inanes,
1651 823 1715 872 non
1736 807 1905 884 hahentesv
1993 869 1994 874 ,

1143 896 1196 960 liei
1212 896 1422 974 dilectionem,
1437 915 1588 978 suamque
1603 899 1769 962 utilitatem
1784 899 1886 977 poitus

1142 989 1379 1067 considerantes,
1396 1008 1489 1070 quam
1509 981 1841 1066 unitatem'llcclesiae,
1855 999 1887 1054 et

1143 1091 1268 1162 propter
1298 1086 1430 1148 modicas
1451 1094 1482 1148 et
1509 1085 1661 1166 quaslibet
1689 1102 1794 1147 causas
1821 1100 1886 1146 ma·

1143 1191 1241 1252 gnum
1271 1184 1302 1239 et
1329 1179 1497 1254 gloriosum
1529 1179 1647 1257 Corpus
1676 1177 1790 1242 Christi
1813 1194 1886 1241 con·

1142 1271 1287 1335 scindunt
1308 1283 1339 1334 et
1360 1273 1503 1339 dividunt
1525 1281 1567 1350 et,
1584 1281 1737 1354 quantum
1757 1273 1791 1335 in
1813 1272 1886 1350 ipsis
1930 1285 1944 1304 ’Ν

1142 1373 1200 1440 est,
1217 1365 1449 1430 interficiunt».
1473 1366 1534 1429 Vos
1554 1366 1651 1444 igitur
1666 1367 1767 1430 induti
1782 1367 1884 1430 catho-

1142 1457 1216 1520 licae
1238 1459 1330 1521 lorica
1360 1459 1500 1522 veritatis
1524 1467 1555 1522 et
1582 1461 1665 1537 galea
1693 1461 1811 1536 salutis,
1833 1461 1885 1523 ad·

1142 1568 1251 1615 versus
1279 1568 1330 1614 eos
1350 1560 1475 1616 scutum
1496 1552 1567 1616 fidei
1595 1571 1633 1640 ac
1653 1553 1812 1630 religionis
1833 1570 1886 1632 op·

1142 1646 1259 1724 ponite,
1283 1652 1317 1710 ut
1340 1655 1441 1708 vestra
1461 1646 1610 1710 tortitudo
1630 1654 1660 1708 et
1678 1646 1793 1710 invicta
1814 1663 1886 1709 oon-

1140 1739 1249 1802 stantia
1271 1739 1457 1803 luculentior
1476 1747 1627 1819 appareat.
1655 1740 1737 1816 Quae
1760 1745 1793 1818 nt
1814 1738 1884 1801 leli-

1141 1833 1206 1894 cius
1227 1833 1385 1908 eveniant,
1414 1833 1610 1910 apostolicam
1638 1832 1885 1897 benedictionem

1141 1941 1212 1987 cum
1234 1925 1390 1988 uberrima
1405 1923 1584 1986 coelestium
1602 1925 1822 1988 charismatum
1836 1941 1884 1988 co-

1140 2017 1188 2095 pia
1200 2018 1408 2093 coniunctam,
1421 2017 1518 2092 vohis,
1530 2017 1632 2080 dilecti
1645 2017 1713 2095 tilii,
1726 2033 1885 2097 peraman-

1142 2119 1190 2172 ter
1211 2111 1418 2189 impertimur.

1181 2203 1292 2264 ilatum
1321 2202 1447 2277 Romae,
1477 2205 1556 2282 apud
1588 2203 1620 2267 S.
1638 2204 1764 2268 llariam
1792 2203 1883 2266 llaio·

1140 2313 1208 2360 rem
1232 2296 1288 2358 suh
1319 2296 1435 2358 annulo
1457 2296 1628 2373 Piscatoris,
1658 2299 1707 2360 die
1728 2315 1783 2362 vn.
1817 2298 1885 2360 iulii
1924 2323 1945 2338 π

1142 2405 1353 2466 nneecxxrn,
1370 2390 1567 2468 pontificatus
1589 2391 1686 2454 nostri
1701 2408 1783 2454 anno
1800 2409 1822 2454 1.

1396 2593 1633 2604 ---—-—-.—-..

1492 2767 1530 2831 V.

1142 2956 1249 3038 Officio
1269 2957 1372 3034 poscit
1393 2959 1601 3036 Imperatoris
1624 2955 1779 3024 Ausinius
1794 2966 1832 3022 ui
1848 2960 1884 3022 in

1180 3049 1434 3114 tractationibus
1456 3052 1722 3115 comitiacorum
1744 3057 1882 3134 impero-

1181 3149 1249 3205 toro
1270 3143 1421 3206 ineundis
1442 3141 1587 3209 obticeant
1609 3155 1648 3211 ot
1670 3148 1706 3210 dc
1728 3147 1780 3222 iis,
1805 3165 1884 3227 qaue

1178 3236 1220 3299 od
1241 3239 1393 3300 Armenoc
1408 3237 1581 3302 catholicos
1596 3241 1773 3318 pertinent,
1791 3241 1883 3312 iiiios

1179 3329 1325 3392 ministri
1354 3347 1418 3394 non
1445 3341 1547 3413 noant
1580 3349 1653 3396 com
1684 3333 1883 3398 Potciorubo

1179 3422 1399 3495 schismatico,
1422 3427 1474 3488 aed
1502 3443 1575 3493 cnm
1605 3443 1714 3489 coram
1741 3427 1884 3508 lcqitimo

1179 3517 1355 3594 superiora,
1372 3523 1402 3580 ct
1422 3525 1462 3582 ot
1477 3518 1552 3582 aliis
1567 3537 1686 3600 quoqne
1702 3519 1882 3593 catholicis,

1179 3610 1244 3671 sico
1278 3611 1456 3674 ancornrn
1486 3612 1626 3678 subditis
1656 3613 1722 3675 ciac
1751 3631 1884 3694 precone

1180 3703 1395 3768 dominationi
1417 3704 1568 3770 subiectis
1588 3706 1636 3768 bai
1657 3705 1879 3779 subiiciendis,

1180 3795 1317 3860 liberum
1345 3799 1540 3863 concedetur
1566 3799 1742 3881 Rclipionis
1763 3801 1882 3864 caerci-

1183 3891 1266 3954 tiam
1286 3892 1343 3976 (l).

1138 4097 1243 4143 Christo
1264 4098 1303 4143 lili
1323 4101 1421 4153 noster,
1443 4097 1629 4144 solicitandnm
1650 4099 1783 4154 duximus,
1797 4101 1828 4146 ut
1841 4112 1883 4158 op-

1138 4165 1260 4220 portunis
1274 4169 1301 4209 at
1314 4165 1485 4211 validissimis
1503 4165 1595 4212 officiis
1614 4166 1668 4212 tols
1682 4166 1823 4224 pristinam
1838 4167 1883 4212 mi-

1138 4230 1204 4276 seris
1218 4231 1273 4277 illis
1287 4232 1426 4278 catholicis
1441 4233 1665 4290 tranquillitatem
1679 4233 1787 4280 restitui
1797 4245 1883 4290 cures,

1136 4309 1188 4355 quo
1209 4299 1355 4355 religionis,
1369 4311 1449 4356 quam
1470 4301 1638 4357 profitentur,
1652 4301 1737 4347 cultui
1757 4300 1838 4347 libare
1852 4313 1883 4349 ac

1136 4367 1193 4412 sine
1208 4367 1331 4414 molestia
1344 4377 1437 4412 vacare
1448 4368 1556 4424 possint.
1568 4371 1619 4413 lloc
1628 4371 1718 4416 autam
1729 4368 1795 4415 bono
1806 4373 1883 4416 (iraa-

1137 4444 1180 4478 cos
1195 4444 1298 4490 quoque
1319 4433 1462 4480 catholicos
1476 4432 1528 4478 frui
1548 4445 1608 4479 cum
1626 4434 1817 4492 aequissimum
1837 4435 1882 4490 sit,

1136 4499 1369 4546 cristianissimam
1391 4501 1490 4559 idcirco
1513 4500 1679 4547 maiestatem
1702 4505 1776 4547 tuam
1799 4501 1881 4548 etiam

1136 4571 1216 4623 atque
1230 4567 1311 4613 etiam
1327 4579 1460 4625 rogarnus,
1475 4569 1506 4613 ut
1520 4567 1543 4613 si
1558 4578 1624 4614 nora
1644 4567 1782 4625 regiminis
1797 4570 1882 4616 forma

1136 4633 1163 4678 in
1177 4633 1312 4680 Graeciam
1327 4634 1520 4690 introducatur,
1534 4634 1617 4680 civica
1629 4635 1666 4680 ihi
1679 4635 1805 4684 libertate
1818 4637 1881 4682 liba·
1961 4661 1963 4666 ·

1136 4711 1218 4758 roque
1232 4701 1371 4758 religionis
1385 4691 1511 4762 exercitio
1525 4705 1636 4748 Graecos
1655 4714 1758 4760 qnoque
1772 4704 1881 4749 catholi-

1136 4779 1179 4814 cos
1193 4769 1285 4814 donari
1299 4769 1441 4816 contendat
1455 4774 1482 4814 at
1495 4769 1566 4814 velit.
1581 4769 1619 4813 ad
1634 4773 1761 4816 armenos
1770 4781 1832 4816 vero
1842 4783 1881 4816 re·

1135 4837 1274 4893 liquosqua
1288 4835 1431 4882 catholicos
1440 4836 1550 4882 turcico
1559 4835 1672 4893 Imperio
1683 4836 1801 4883 subditos
1812 4839 1880 4894 qnod

1136 4901 1243 4956 attinet,
1257 4901 1332 4948 tacite
1346 4902 1379 4948 ab
1394 4903 1541 4948 othomano
1558 4905 1720 4960 imperatore
1735 4904 1804 4961 quod
1818 4903 1881 4960 poti-

1137 4981 1196 5014 mus
1210 4968 1349 5024 obtinebis,
1363 4969 1386 5014 si
1400 4970 1485 5014 eidem
1500 4969 1673 5026 persuaseris,
1690 4981 1742 5015 non
1755 4969 1806 5027 ipsi
1820 4981 1880 5016 cnm

1135 5037 1291 5084 Patriarcha
1305 5033 1474 5083 schismatico
1487 5037 1625 5084 catholicis
1639 5037 1825 5093 infensissimo,
1835 5039 1881 5083 sad

1113 5129 1118 5138 ·
1135 5115 1196 5150 cnm
1211 5115 1249 5160 eo,
1264 5105 1310 5161 qni
1324 5104 1461 5152 catholicis
1481 5105 1707 5162 constantinopoli
1721 5109 1834 5162 praeest,
1848 5107 1880 5150 da

1136 5172 1262 5231 rebusad
1281 5171 1425 5218 catholicos
1446 5169 1639 5228 perimentibus
1660 5172 1791 5228 agendum
1814 5185 1879 5218 esse.

1136 5239 1257 5285 Oblatam
1277 5239 1346 5284 hanc
1365 5239 1397 5284 dc
1417 5238 1554 5284 catholicis
1575 5239 1706 5294 omnibus,
1720 5239 1880 5286 nominatim

1135 5307 1264 5362 Armenia,
1278 5307 1349 5352 inter
1363 5309 1461 5353 ancas
1471 5306 1627 5362 degentibus
1638 5307 1703 5352 hene
1713 5308 1832 5353 morendi
1841 5319 1881 5353 oc-

1135 5375 1266 5421 casionem
1282 5377 1309 5419 te
1322 5386 1370 5432 pro
1385 5373 1433 5420 tua
1446 5373 1545 5430 pietate
1560 5376 1657 5430 tuoque
1674 5373 1811 5430 religionis
1825 5375 1880 5419 uhi-

1135 5454 1186 5498 que
1199 5441 1343 5488 seruandae
1364 5440 1528 5496 tuendaeque
1543 5439 1597 5486 zelo
1611 5439 1737 5485 alacriter
1747 5444 1880 5497 susceptu-

1135 5519 1204 5565 rum,
1218 5508 1426 5564 additurumque
1440 5507 1489 5552 hoc
1503 5507 1579 5552 modo
1592 5517 1685 5552 novam
1696 5519 1743 5552 nac
1753 5507 1809 5552 nlla
1818 5507 1881 5553 ohli-

1134 5577 1210 5620 vione
1223 5575 1361 5620 delendam
1376 5573 1538 5620 nominituo
1557 5573 1669 5630 gloriam
1684 5574 1760 5630 plane
1775 5575 1880 5620 conlidi-

1135 5652 1203 5694 mus,
1217 5643 1279 5687 dum
1294 5641 1534 5687 christianissimae
1553 5641 1687 5686 maiestati
1702 5643 1764 5686 tuae
1779 5641 1881 5686 benedi·

1134 5709 1248 5754 cilonem
1270 5708 1442 5766 apostolicam
1461 5719 1520 5754 cnm
1542 5707 1736 5764 remorantia
1755 5707 1880 5756 universa

1134 5776 1379 5822 communicandam
1393 5775 1577 5820 amantissime
1591 5773 1769 5831 impertimur.

1173 5845 1268 5888 Datum
1289 5845 1395 5898 Romae,
1416 5841 1487 5898 apud
1505 5844 1529 5885 s.
1550 5841 1660 5889 Mariam
1681 5842 1815 5898 Maiorem,
1830 5843 1880 5888 suh

1133 5911 1232 5957 annulo
1246 5909 1395 5964 Piscatoris,
1409 5908 1451 5954 die
1465 5919 1510 5954 xx.
1526 5907 1584 5954 iulii
1597 5919 1767 5966 mncccxxrx,
1777 5911 1880 5968 pontili-

1133 5979 1209 6022 catus
1223 5976 1309 6023 nostri
1322 5987 1392 6024 anno
1405 5987 1422 6022 1.
1798 5995 1801 6002 =

1810 567 1868 640 719
1916 571 1971 628 Aa.
1984 573 2015 628 G.
2037 569 2106 628 teat
