4856 7010
361 500 414 556 sn.
429 499 459 554 c.
481 497 549 550 reas
599 491 658 560 692

507 629 509 634 ’
578 635 649 697 rum
670 634 813 713 Largitor
834 633 1010 698 ditissimus
1040 632 1252 711 multipliciter
1272 632 1320 694 in-

577 729 720 807 signivit,
731 738 762 792 et
773 728 968 793 attendentes
982 731 1062 807 quod
1079 737 1113 792 tu
1123 729 1176 808 qui
1188 742 1320 791 munere

576 823 814 884 consecrationis
834 831 975 901 suscepto
992 822 1199 886 ordinationes
1214 823 1320 885 habui-

575 916 626 991 sti,
653 916 895 979 confirmationis
925 915 1160 979 Sacramentum
1189 915 1318 979 admini-

576 1010 692 1085 strasti,
713 1017 745 1072 et
766 1009 798 1072 in
820 1008 946 1089 reliquis
968 1010 1008 1072 ita
1028 1008 1107 1071 bene
1130 1017 1159 1071 te
1185 1009 1316 1086 gessisti,

576 1109 611 1164 ut
633 1103 803 1180 praedictae
824 1102 973 1164 Ecclesiae
994 1101 1189 1164 Patriarcbali
1210 1101 1317 1164 Antio-

575 1195 665 1257 chen.
695 1195 847 1275 Syrorum
875 1195 998 1273 praedci
1020 1194 1131 1272 dignus
1153 1195 1315 1270 censearis,

575 1289 687 1352 dictam
709 1289 943 1352 patriarchalem
967 1288 1133 1351 Ecclesiam
1155 1289 1241 1363 scies,
1264 1305 1318 1349 vo-

574 1382 630 1456 les,
651 1389 684 1443 et
705 1383 819 1462 poteris
839 1389 963 1444 auctore
995 1381 1126 1444 Domino
1155 1381 1317 1444 salubriter

574 1491 694 1553 regere,
710 1484 741 1538 et
755 1475 885 1538 feliciter
899 1475 1082 1552 gubernare,
1102 1475 1271 1538 direximus
1285 1491 1316 1536 o·

573 1569 657 1632 culos
672 1571 785 1633 mentis
796 1578 927 1632 nostrae.
941 1570 1136 1632 intendentes
1148 1569 1243 1644 igitur
1254 1578 1316 1631 tam

573 1662 670 1726 dictae
692 1663 882 1743 patriarchali
902 1662 1045 1726 ecclesiae
1059 1662 1243 1725 hirtiochen.
1262 1662 1316 1741 Sv-

573 1773 681 1819 rorum
702 1772 795 1835 quam
815 1757 882 1818 eius
903 1756 990 1834 gregi
1012 1755 1167 1819 dominico
1188 1756 1317 1818 salubri-

573 1858 621 1913 ter
646 1849 820 1929 providere,
850 1858 979 1928 tequea
1007 1848 1167 1928 quibusvis
1193 1865 1315 1912 excom-

572 1944 799 2016 municationis,
822 1941 1032 2021 suspensionis
1053 1951 1083 2005 ot
1102 1940 1270 2017 interdicti,
1286 1960 1315 2004 a·

571 2037 679 2117 liisque
701 2035 907 2100 ecclesiasticis
929 2037 1104 2110 sententiis,
1126 2037 1263 2099 censuris
1284 2046 1315 2098 et

570 2133 678 2210 poenis
699 2149 715 2192 a
737 2131 804 2194 iure
826 2129 878 2192 vel
896 2129 933 2191 ab
953 2129 1079 2192 homine
1105 2130 1212 2208 quavis
1233 2145 1316 2192 occa·

540 2287 547 2304 ,
569 2227 656 2288 sione
677 2224 728 2287 vel
748 2239 834 2287 causa
856 2222 934 2298 latis,
950 2222 976 2283 si
996 2223 1108 2300 quibus
1123 2224 1313 2302 quomodoli-

570 2319 621 2380 bet
643 2317 805 2384 innodatus
826 2315 943 2391 existis,
965 2313 1000 2377 ad
1023 2315 1079 2377 hoc
1101 2317 1258 2378 dumtaxat
1280 2325 1314 2380 nt

569 2412 739 2486 translatio,
764 2409 898 2489 provisio
921 2417 952 2470 et
973 2408 1137 2487 praefectio
1163 2401 1314 2487 praefatae

568 2520 624 2584 per
643 2521 700 2567 nos
720 2513 755 2567 ut
783 2503 862 2566 infra
891 2500 1046 2565 faciendae
1076 2511 1314 2583 praesentesque

568 2607 690 2662 nostrae
710 2598 831 2660 litterae
861 2611 952 2660 suum
984 2595 1121 2658 debitum
1142 2597 1313 2662 sortiantur

568 2692 723 2766 ellectum,
738 2691 847 2753 harum
864 2689 943 2751 serie
964 2687 1156 2752 absolventes
1178 2697 1208 2752 et
1228 2691 1312 2754 abso-

568 2787 670 2850 lutum
689 2786 755 2847 fore
769 2792 942 2858 censentes,
958 2781 1116 2861 ipsamque
1130 2782 1312 2848 electionem

566 2897 620 2944 seu
650 2878 888 2960 postulationem
910 2875 946 2937 de
967 2874 1098 2938 fratrum
1128 2880 1311 2942 eorumdem

566 2975 694 3038 consilio
714 2970 873 3051 apostolica
903 2969 1082 3031 auctoritate
1109 2970 1311 3050 approbantes

567 3077 598 3130 et
627 3068 826 3131 admittentes
854 3077 962 3125 omnes
989 3068 1020 3124 et
1045 3062 1186 3140 singulos
1218 3067 1310 3129 etiam

565 3159 779 3226 substantiales
806 3157 942 3219 defectus
966 3156 992 3216 si
1017 3157 1069 3236 qui
1099 3158 1131 3220 in
1159 3159 1311 3223 electione

565 3272 619 3318 sen
641 3251 847 3333 postulatione
876 3249 1053 3312 huiusmodi
1081 3252 1310 3331 quomodolibet

565 3345 804 3420 intervenerint,
820 3345 927 3406 eadem
945 3342 1107 3421 apostolica
1129 3347 1310 3410 auctoritate

564 3441 742 3523 supplentes
762 3446 794 3500 et
815 3443 968 3512 sanantes,
988 3437 1073 3499 iuxta
1094 3437 1253 3502 decretum
1275 3440 1308 3503 in

564 3533 812 3612 Congregatione
832 3531 1014 3592 eorumdem
1036 3529 1166 3594 fratrum
1189 3541 1309 3597 nostro

563 3643 636 3691 rum
657 3627 688 3691 S.
706 3626 741 3688 it.
759 3625 793 3685 E.
811 3623 1019 3687 cardinalium
1035 3624 1169 3700 negociis
1184 3627 1222 3688 de
1235 3626 1308 3689 Pro-

562 3721 697 3803 paganda
718 3719 792 3782 lide
812 3717 1057 3795 praepositorum
1078 3726 1255 3782 emanatum
1277 3734 1307 3784 et

562 3831 618 3897 per
641 3829 697 3876 nos
718 3811 929 3890 approbatum,
947 3818 976 3873 te
997 3827 1013 3871 a
1034 3811 1160 3874 vinculo
1180 3829 1242 3890 quo
1263 3815 1307 3877 di·

562 3917 627 3973 ctae
648 3906 792 3970 ecclesiae
807 3902 1076 3982 hierosolymitan.
1094 3907 1142 3969 cui
1158 3907 1306 3973 hactenus

495 4017 498 4025 ’
562 3999 721 4083 praefuisti
736 3997 888 4064 tenebaris
899 3996 937 4059 de
950 3997 1046 4060 simili
1055 4000 1182 4062 consilio
1196 4012 1305 4085 erapo-

561 4095 683 4158 stolicae
697 4093 852 4172 potestatis
866 4089 1061 4170 plenitudine
1074 4093 1197 4170 paribus
1210 4106 1307 4161 trans·

561 4190 701 4264 ferimus,
724 4195 817 4267 teque
844 4186 890 4249 illi
910 4187 942 4248 in
965 4185 1170 4250 Patriarclram
1198 4191 1306 4267 praefi-

561 4285 659 4346 cimus
679 4291 711 4344 et
732 4289 897 4360 pastorem,
919 4295 1036 4354 curam,
1053 4283 1193 4358 regimen
1210 4290 1240 4345 et
1254 4283 1305 4346 ad-

562 4375 821 4439 ministrationem
850 4373 946 4436 dictae
972 4374 1180 4450 patriarchalis
1211 4378 1305 4440 eccle-

560 4471 621 4532 siae
652 4469 706 4530 tibi
737 4467 769 4530 iu
797 4465 1006 4544 spiritualibus
1033 4476 1064 4530 et
1086 4470 1305 4547 temporalibus

560 4563 698 4642 plenarie
726 4555 948 4623 committendo
977 4559 1168 4640 liberamque
1192 4563 1246 4626 tibi
1268 4567 1304 4628 ad

561 4659 673 4720 dictam
694 4653 927 4734 patriarchalem
948 4652 1105 4715 ecclesiam
1123 4658 1303 4722 transeundi

560 4749 715 4814 licentiam
737 4745 901 4810 tribuendo
921 4745 954 4807 in
975 4745 1030 4807 illo
1051 4747 1104 4824 qui
1125 4749 1175 4810 dat
1192 4751 1304 4824 gratias

560 4851 591 4906 et
611 4843 743 4919 largitur
764 4839 896 4918 praemia
917 4839 1103 4902 confidentes
1128 4844 1209 4920 quod
1230 4841 1304 4906 diri·

559 4945 653 5014 gente
674 4934 803 4997 Domino
824 4941 908 4995 actus
930 4939 998 4994 tuos
1024 4933 1156 5012 praefata
1177 4936 1302 5014 patriar-

558 5029 651 5093 chalis
673 5019 797 5091 ecclesia
817 5026 876 5088 sub
906 5033 959 5087 tuo
979 5025 1060 5088 felici
1082 5028 1234 5104 gubernio
1255 5047 1301 5093 re·

559 5132 650 5202 getnr
665 5121 784 5185 utiliter
798 5127 828 5182 et
842 5135 989 5198 prospere
1003 5118 1155 5198 dirigetur
1169 5139 1203 5185 ac
1217 5131 1301 5200 grata

558 5217 590 5280 in
605 5217 721 5279 eisdem
734 5212 944 5292 spiritualibus
959 5221 989 5275 et
1005 5215 1223 5292 temporalibus
1236 5234 1302 5280 sus-

558 5309 648 5388 cipiet
662 5311 861 5370 incrementa.
875 5306 1020 5381 Quocirca
1032 5306 1215 5370 fraternitati
1232 5317 1301 5374 tuae

557 5419 611 5483 por
632 5400 793 5481 apostolica
812 5400 924 5480 scripta
942 5399 1133 5476 mandamus,
1150 5411 1301 5480 qnatenus

556 5497 593 5559 ad
614 5496 779 5575 praefatam
796 5493 1031 5574 patriarchalem
1051 5494 1209 5557 ecclesiam
1229 5513 1299 5560 cum

557 5589 653 5667 gratia
684 5598 805 5653 nostrae
835 5589 1055 5652 benedictionis
1083 5589 1228 5653 accedens
1249 5608 1301 5654 cu-

557 5696 624 5743 ram
641 5691 673 5744 et
686 5683 983 5746 administrationem
995 5681 1140 5762 praelatas
1153 5685 1196 5747 sic
1214 5701 1299 5747 exer-

556 5792 626 5839 cere
640 5777 760 5838 studeas
774 5776 906 5838 sollicito
923 5776 1055 5839 fideliter
1069 5793 1102 5838 ac
1116 5778 1298 5856 prudenter,

557 5868 637 5958 qnod
660 5869 771 5932 exinde
791 5869 903 5950 sperati
923 5870 1043 5932 fructus
1063 5871 1248 5949 proveniant
1266 5889 1300 5936 ac

1101 514 1166 562 iitft.
1190 513 1282 562 PON'l'.
1304 512 1345 560 bit
1365 515 1395 562 P.
1418 513 1447 562 Ι.
1471 515 1553 563 ratis
1574 515 1596 562 f.

1375 638 1445 697 tuae
1465 633 1561 698 bonae
1583 635 1680 698 famae
1701 637 1777 700 odor
1790 653 1829 700 ex
1844 636 1904 700 tuis
1918 633 2118 700 laudabilibus

1375 727 1491 790 actibus
1512 728 1603 791 latius
1623 728 1825 806 diffundatur,
1849 731 1973 811 ipsaque
1995 729 2118 809 patriar·

1375 820 1468 882 chalis
1489 822 1614 886 ecclesia
1635 822 1834 900 gubernatori
1855 824 1983 901 provido
2003 839 2037 884 ac
2055 822 2118 886 fru-

1375 922 1481 976 ctuoso
1506 915 1747 978 administratori
1774 917 1904 993 gaudeat
1923 932 1955 978 se
1977 917 2119 979 commis

1374 1022 1450 1081 saur,
1475 1015 1572 1086 tuque
1595 1017 1716 1088 praeter
1743 1019 1887 1072 aeternae
1907 1009 2118 1073 retributionis

1374 1101 1547 1177 praemium
1568 1108 1706 1166 nostram
1727 1111 1758 1164 et
1779 1103 1876 1165 dictae
1895 1101 1974 1164 sedis
1995 1103 2120 1165 benedi-

1374 1193 1506 1256 ctionem
1527 1203 1559 1255 et
1581 1196 1712 1272 gratiam
1734 1196 1844 1258 exinde
1866 1195 1993 1258 uberius
2014 1211 2118 1257 conse·

1373 1287 1427 1366 qui
1448 1289 1608 1364 merearis3
1625 1305 1682 1351 nec
1697 1306 1760 1352 non
1776 1288 2004 1351 venerabilibus
2019 1287 2119 1350 fratri·

1373 1383 1430 1444 bus
1451 1383 1563 1445 nostris
1589 1383 1790 1461 suffraganeis
1817 1382 2001 1447 Orthodoxis
2021 1399 2054 1445 ac
2074 1382 2119 1444 di·

1375 1473 1459 1536 lectis
1489 1476 1580 1537 etiam
1610 1475 1680 1538 filiis
1711 1474 1842 1554 capitulo
1868 1483 1899 1538 et
1920 1476 2121 1556 vassallisdi·

1373 1575 1438 1630 ctae
1458 1569 1666 1645 patriarchalis
1693 1569 1837 1632 ecclesiae
1858 1586 1891 1631 ac
1912 1569 1995 1633 clero
2015 1577 2045 1632 et
2066 1587 2119 1650 po-

1373 1661 1446 1739 pulo
1467 1662 1567 1725 cidem
1589 1661 1780 1739 patriarchali
1811 1662 1956 1725 ecclesiae
1975 1663 2119 1726 subiectis

1373 1767 1427 1830 per
1447 1753 1610 1833 apostolica
1630 1756 1742 1831 scripta
1756 1756 1947 1830 mandamus,
1964 1762 1999 1818 ut
2012 1755 2121 1819 suffra-

1373 1848 1462 1923 ganei
1482 1849 1538 1911 tibi
1558 1856 1716 1926 tamquam
1745 1849 1886 1912 membra
1914 1851 2004 1930 capiti
2032 1851 2119 1913 obse-

1372 1947 1514 2019 quentes,
1535 1949 1567 2004 et
1587 1942 1757 2020 capitulum
1785 1941 1839 2006 tibi
1861 1951 2017 2023 tamquam
2039 1944 2119 2023 patri

1370 2040 1403 2094 et
1423 2035 1535 2113 pastori
1555 2034 1731 2096 animarum
1752 2051 1878 2098 suarum
1893 2037 2055 2100 humiliter
2069 2039 2118 2100 in·

1370 2127 1535 2191 tendentes
1553 2127 1720 2191 exhibeant
1733 2128 1789 2190 tibi
1804 2129 2011 2192 obedientiam
2025 2138 2056 2194 et
2071 2147 2119 2193 re-

1372 2223 1544 2286 verentiam
1565 2223 1681 2285 debitas
1696 2231 1728 2284 et
1742 2221 1877 2298 devotas,
1894 2224 1934 2286 ita
1950 2225 2031 2302 quod
2047 2241 2117 2287 mu-

1373 2324 1423 2379 tua
1450 2317 1533 2378 inter
1561 2323 1591 2377 te
1613 2323 1643 2378 et
1671 2316 1753 2393 ipsos
1781 2315 1990 2393 suffraganeos
2020 2317 2117 2394 gratia

1371 2417 1472 2486 gratos
1492 2408 1637 2471 sortiatur
1657 2408 1783 2472 effectus
1804 2417 1836 2470 et
1857 2426 1914 2472 uos
1935 2425 2044 2473 eorum
2064 2412 2117 2474 de-

1370 2503 1531 2566 votionem
1560 2501 1711 2581 possimus
1742 2511 1903 2582 propterea
1930 2503 1962 2566 in
1983 2504 2117 2567 Domino

1371 2596 1481 2658 merito
1501 2596 1732 2670 commendare,
1754 2612 1788 2658 ac
1808 2596 1909 2660 clerus
1933 2605 1964 2659 te
1984 2614 2039 2676 pro
2060 2615 2115 2662 no-

1368 2695 1481 2752 straet
1503 2689 1642 2751 eiusdem
1669 2689 1749 2750 sedis
1776 2691 1952 2752 reverentia
1979 2690 2117 2768 benigne

1369 2783 1552 2861 recipientes
1572 2791 1603 2844 et
1623 2781 1794 2846 honorifice
1820 2789 2041 2859 pertractantes
2062 2791 2115 2847 tua

1367 2876 1500 2939 salubria
1521 2877 1638 2938 monita
1660 2883 1690 2936 et
1711 2875 1851 2938 mandata
1872 2876 2039 2954 suscipiant
2056 2877 2115 2942 hu·

1370 2970 1485 3032 militer
1505 2975 1536 3031 et
1556 2969 1719 3031 efficaciter
1740 2967 1907 3045 adimplere
1931 2977 2111 3046 procurent.

1368 3064 1502 3144 Populus
1531 3077 1606 3125 vero
1629 3070 1658 3125 te
1686 3069 1842 3142 tamquam
1871 3071 1988 3141 patrem
2010 3073 2041 3126 et
2062 3081 2115 3144 pa-

1367 3165 1482 3219 storem
1498 3157 1669 3219 animarum
1681 3171 1808 3218 suarum
1820 3154 1931 3219 devote
1944 3159 2114 3238 suscipien-

1368 3260 1413 3313 tes
1438 3259 1469 3313 et
1496 3251 1597 3314 debita
1627 3249 1861 3312 honorificentia
1892 3260 2114 3332 prosequentes

1368 3346 1428 3407 tuis
1449 3344 1575 3406 monitis
1596 3351 1627 3404 et
1649 3343 1800 3406 mandetis
1819 3343 1994 3408 salubribus
2008 3348 2112 3409 humi-

1365 3439 1438 3501 liter
1451 3438 1626 3512 intendant,
1642 3435 1682 3498 ita
1703 3436 1786 3515 quod
1807 3445 1841 3498 tu
1862 3437 1895 3499 in
1917 3439 1960 3500 eis
1975 3440 2112 3503 devotio-

1366 3531 1414 3594 nis
1436 3531 1525 3602 filios,
1548 3537 1579 3592 ot
1600 3530 1657 3609 ipsi
1679 3529 1763 3592 inte
1783 3544 1839 3607 per
1855 3545 2046 3611 consequens
2061 3547 2112 3612 pa-

1365 3638 1445 3691 trem
1466 3625 1655 3688 benevolum
1675 3624 1833 3686 invenisse
1852 3627 2020 3700 gaudeatis.
2038 3625 2108 3689 llas·

1364 3721 1430 3785 salli
1451 3736 1525 3783 vero
1546 3717 1673 3798 praefati
1694 3724 1725 3780 te
1745 3717 1847 3780 debito
1868 3719 1987 3782 honore
2008 3735 2110 3798 prose-

1364 3821 1494 3896 quentes
1516 3813 1571 3876 tibi
1586 3811 1765 3874 fidelitatem
1780 3811 1901 3876 solitam
1915 3829 1948 3874 ac
1963 3824 2109 3878 consueta

1362 3909 1490 3972 servitia
1512 3913 1543 3970 et
1564 3908 1630 3970 iura
1651 3905 1706 3968 tibi
1728 3905 1828 3967 abeis
1856 3906 1957 3970 debita
1985 3907 2109 3985 integre

1363 4002 1510 4066 exhibere
1525 4004 1704 4079 procurent,
1715 3997 1852 4077 alioquin
1866 4002 2053 4064 sententiam
2068 4003 2108 4065 si-

1363 4113 1402 4160 ve
1416 4109 1547 4176 poenam
1562 4108 1654 4171 quam
1670 4101 1704 4154 tu
1719 4093 1779 4153 rite
1794 4093 1901 4155 tuleris
1915 4093 1949 4154 in
1964 4093 2106 4171 rebelles,

1364 4197 1460 4252 ratam
1481 4187 1661 4251 habebimus
1691 4193 1722 4246 et
1742 4183 1888 4247 faciemus
1909 4193 2032 4250 auctore
2051 4189 2108 4250 Do-

1363 4283 1449 4345 mino
1479 4280 1633 4361 usquead
1654 4277 1892 4341 satisfactionem
1922 4279 2107 4358 condignam

1363 4375 1583 4439 inviolabiliter
1611 4372 1775 4436 observari.
1800 4370 1862 4434 Nos
1883 4373 1969 4434 enim
1990 4381 2020 4437 te
2039 4391 2107 4455 spe-

1362 4468 1487 4532 cialibus
1515 4466 1673 4530 favoribus
1700 4472 1731 4528 et
1752 4464 1859 4542 gratiis
1888 4469 2031 4546 prosequi
2051 4485 2107 4532 vo-

1363 4562 1473 4635 lentes,
1492 4561 1603 4624 dictam
1624 4558 1783 4622 ecclesiam
1797 4559 2106 4639 hierosolymitanam

1361 4670 1454 4734 quam
1477 4670 1534 4716 nos
1555 4653 1645 4716 hodie
1666 4667 1721 4731 per
1746 4651 1978 4715 translationem
1998 4657 2033 4718 ad
2055 4671 2107 4736 pa-

1361 4748 1558 4810 triarchalem
1579 4746 1737 4810 ecclesiam
1755 4745 1997 4810 antiochensem
2011 4747 2106 4829 Syro-

1361 4839 1621 4920 rum‘praefatam
1642 4841 1678 4902 de
1700 4839 1746 4901 tui
1767 4854 1896 4916 persona
1918 4847 1952 4901 ut
1972 4842 2106 4918 praefer-

1360 4942 1411 4998 tur
1432 4935 1541 4997 factam
1560 4931 1739 4995 huiusmodi
1753 4945 1860 4994 vacare
1875 4947 1911 4994 eo
1926 4932 1991 5012 ipso
2005 4936 2105 5000 volui-

1360 5045 1429 5093 mus
1449 5028 1505 5090 tibi
1527 5028 1559 5090 in
1580 5026 1881 5090 administrationem
1895 5028 1931 5092 ad
1946 5029 1991 5091 tui
2008 5031 2103 5093 vitam

1359 5124 1396 5186 dc
1417 5122 1549 5186 fratrum
1570 5119 1752 5183 eorumdem
1767 5120 1895 5184 consilio
1909 5123 2045 5200 ipsarum
2060 5130 2103 5186 te·

1358 5232 1435 5279 nore
1455 5215 1664 5296 praesentium
1686 5222 1718 5277 et
1739 5212 1824 5276 iuxta
1845 5215 1927 5278 idem
1942 5218 2103 5280 decretum

1358 5309 1614 5388 Congregationis
1637 5307 1788 5386 praefatae
1807 5326 1824 5369 a
1845 5308 1933 5371 nobis
1954 5313 2046 5373 etiam
2068 5321 2103 5374 ut

1358 5403 1531 5483 praefertur
1551 5403 1753 5481 approbatum
1774 5403 1970 5466 concedimus
1984 5411 2015 5465 et
2030 5406 2101 5468 assi-

1358 5513 1499 5574 gnamus.
1523 5497 1728 5559 Decernenies
1750 5495 1876 5558 irritum
1898 5505 1929 5559 et
1950 5497 2053 5572 inane,
2074 5500 2101 5561 si

1356 5605 1443 5654 secus
1463 5591 1624 5670 superbis
1645 5607 1660 5650 a
1681 5603 1837 5667 quoquam
1865 5590 1972 5668 quavis
1998 5599 2100 5655 aucto

1357 5685 1449 5748 ritate
1468 5686 1604 5748 scienter
1618 5683 1668 5745 vel
1683 5683 1864 5760 ignoranter
1877 5685 2043 5762 contigerit
2056 5692 2101 5749 at·

1356 5779 1481 5841 tentari.

1396 5873 1507 5934 Datum
1529 5871 1643 5936 Romae
1663 5871 1742 5950 apud
1764 5869 1795 5934 S.
1812 5871 1939 5934 Petrum
1958 5887 2040 5936 anno
2055 5873 2101 5937 in·

2144 503 2194 561 aa.
2206 510 2231 566 ῦ.
2247 517 2296 576 legg
