4776 6974
2113 9 2374 120 ,m

357 515 412 571 dn.
427 518 457 570 0·
479 518 547 570 1786
597 517 656 580 3θῖ
1103 505 1167 582 rori.
1191 537 1283 581 nour.
1307 533 1347 580 nc
1369 535 1396 579 r.
1421 533 1450 580 r.
1474 536 1556 582 runs
1578 535 1600 580 r.

577 652 716 715 eiusdem
738 657 870 718 civitatis
898 663 928 718 et
949 655 1097 718 dioecesis
1118 671 1174 732 pro
1201 654 1323 717 indulto

578 747 724 812 recitandi
745 750 841 812 semel
864 751 896 811 iu
912 765 1020 812 mense
1034 748 1083 810 die
1098 765 1162 810 non
1179 747 1322 825 impedita

577 841 714 903 officium
734 844 877 905 votivum
900 859 972 906 oum
995 842 1083 904 missa
1108 839 1234 918 praelati
1256 856 1323 902 san-

577 933 617 993 cti
638 934 828 1010 patriarcnae
848 935 1039 997 sanctissimo
1069 935 1195 997 domino
1217 941 1323 996 nostro

578 1026 733 1090 Clementi
743 1027 799 1088 ΡΡ,
813 1026 893 1090 XIV.
907 1025 1085 1090 humillime
1096 1027 1321 1106 supplicarunt;

577 1127 607 1179 et
630 1119 779 1182 Sanctitas
801 1120 861 1183 Sua
883 1121 918 1183 ad
942 1119 1124 1182 relationem
1140 1137 1197 1198 per
1212 1136 1261 1182 me
1277 1121 1322 1183 in·

576 1209 774 1289 trascriptum
795 1212 995 1274 secretarium
1018 1211 1128 1274 iactam
1148 1227 1188 1274 er
1202 1211 1323 1292 speciali

576 1304 673 1378 gratia
695 1305 829 1384 petitum
849 1304 984 1366 officium
1006 1320 1078 1366 cum
1099 1303 1191 1365 missa
1210 1321 1225 1364 a
1241 1305 1322 1366 clero

574 1397 719 1459 saeculari
741 1407 772 1460 el
792 1399 929 1475 regulari
952 1398 1124 1475 praedictae
1145 1398 1277 1460 civitatis
1292 1406 1322 1460 et

575 1489 722 1552 dioecesis
752 1491 810 1552 sub
840 1490 904 1551 ritu
935 1489 1130 1567 semiduplici
1160 1491 1256 1552 semel
1289 1491 1321 1551 in

576 1597 683 1644 mense
704 1581 753 1644 die
775 1598 839 1645 non
860 1583 1009 1660 impedita
1024 1582 1146 1644 recitari
1168 1599 1201 1645 ac
1222 1599 1323 1660 respe-

575 1675 655 1735 ctive
676 1674 823 1736 celebrari
851 1675 970 1754 possint
1000 1675 1137 1752 benigne
1158 1675 1320 1750 concessit,

575 1767 711 1845 exceptis
734 1775 837 1829 lamen
859 1767 1052 1846 temporibus
1071 1769 1233 1842 adventus,
1250 1783 1321 1847 qua·

575 1860 774 1936 dragesimae,
797 1868 929 1938 quatuor
950 1867 1127 1937 temporum
1150 1867 1181 1922 et
1202 1861 1322 1937 vigilia·

575 1969 658 2028 rum,
671 1953 737 2014 sire
752 1969 823 2016 cum
846 1953 964 2015 ieiunio
981 1953 1047 2015 sive
1061 1953 1176 2031 absque
1192 1954 1320 2029 ieiunio,

575 2060 717 2107 necnon
738 2045 813 2106 leria
839 2047 971 2109 secunda
997 2045 1206 2122 rogationum,
1229 2055 1322 2126 atque

574 2137 634 2198 illis
656 2138 752 2211 ieriis,
774 2137 806 2200 in
828 2139 941 2216 quibus
962 2139 1046 2200 iuxta
1068 2139 1206 2201 rubricas
1219 2140 1260 2200 sit
1274 2157 1322 2202 re·

574 2231 756 2307 ponendum
774 2231 909 2293 ‹illicium
924 2231 1108 2307 dominicae,
1124 2241 1177 2294 aut
1191 2233 1229 2295 de
1243 2232 1321 2296 testo

518 2335 529 2354 ·
573 2323 701 2401 duplici,
724 2323 775 2386 vel
795 2324 989 2401 semiduplici
1012 2325 1167 2387 translato.

614 2471 668 2532 llie
690 2486 758 2530 vur.
785 2469 851 2532 iulii
874 2485 1049 2533 uooouxrx.

732 2619 772 2680 H.
798 2619 893 2682 Cord.
921 2620 1050 2684 Cbisics
1070 2625 1255 2703 praefectus

679 2725 686 2797 ζ
736 2713 764 2776 V.
784 2713 988 2776 Macedonicis
1005 2713 1035 2776 S.
1051 2713 1089 2776 R.
1106 2717 1138 2779 d.
1155 2734 1215 2780 sec.

369 2902 456 2946 preces
473 2911 557 2958 norro
614 2890 633 2964 ς
653 2889 683 2950 2.
707 2888 787 2950 Cum
809 2895 913 2950 autem
929 2886 1008 2950 sicut
1022 2890 1210 2953 venerabilis
1226 2891 1321 2954 irater

342 2955 555 3054 ffifissqffifflg}
574 2983 740 3044 modemus
771 2979 939 3058 Episcopus
968 2980 1005 3042 de
1035 2981 1127 3055 Quito
1157 2983 1190 3044 in
1213 2983 1318 3060 lndils,

342 3061 370 3104 ²¹·
574 3091 631 3138 nec
651 3088 714 3135 non
736 3071 838 3134 clerus
859 3083 889 3134 et
911 3073 1044 3152 populus
1059 3073 1198 3136 eiusdem
1215 3076 1320 3138 civita·

573 3170 612 3230 tis
638 3175 669 3230 et
690 3166 838 3229 dioecesis
859 3168 948 3228 nobis
979 3181 1080 3244 nuper
1107 3170 1219 3245 exponi
1242 3169 1320 3232 lece·

572 3268 659 3334 runt,
676 3259 733 3337 ipsi
753 3259 913 3321 decretum
928 3259 1105 3322 huiusmodi
1121 3275 1182 3338 quo
1198 3261 1319 3324 firmius

572 3353 715 3414 subsistat
742 3359 773 3414 et
799 3357 942 3413 servetur
974 3351 1110 3414 exactius
1138 3354 1319 3431 apostolicae

572 3444 816 3508 confirmationis
838 3449 961 3504 nostrae
987 3444 1158 3522 patrocinio
1179 3462 1319 3509 commu-

571 3538 635 3600 niri
655 3551 853 3616 summopere
867 3534 1058 3611 desiderent,
1076 3537 1166 3599 nobis
1180 3547 1319 3616 propter-

572 3647 607 3693 ea
628 3629 791 3692 humiliter
812 3628 976 3706 supplicari
992 3628 1145 3704 lecerunt,
1164 3641 1198 3693 ut
1212 3632 1270 3694 sibi
1285 3633 1318 3694 in

571 3721 748 3802 praemissis
769 3728 943 3800 opportune
964 3721 1139 3798 providere,
1163 3733 1193 3785 et
1215 3733 1251 3786 ut
1270 3725 1319 3786 in·

571 3815 617 3878 ira
640 3814 802 3892 indulgere
823 3813 861 3876 de
882 3813 1075 3890 benignitate
1096 3817 1260 3894 apostolica
1275 3819 1319 3882 di·

572 3923 751 3987 gnaremur.

342 4011 553 4110 offssffc'isssflffissl
611 4001 630 4077 5
651 4000 679 4062 3.
704 3999 765 4062 llos
786 3999 883 4076 igitur
911 3999 1008 4062 dictos
1038 4011 1230 4079 exponentes
1252 4019 1318 4082 spe·

340 4115 427 4160 tronis.
570 4095 698 4160 cialibus
729 4093 836 4170 gratiis
857 4100 889 4154 et
909 4092 1064 4157 favoribus
1093 4097 1237 4175 prosequi
1265 4113 1318 4158 vo-

571 4190 682 4261 lentes,
698 4195 728 4248 et
750 4201 860 4248 eorum
874 4186 1048 4262 singulares
1062 4203 1206 4266 personas
1221 4207 1236 4250 a
1251 4192 1318 4268 qui-

572 4281 677 4344 busvis
698 4279 1040 4353 excommunicationis,
1062 4281 1273 4358 suspensionis
1288 4293 1318 4345 et

571 4373 739 4447 interdicti,
768 4371 899 4451 aliisque
926 4371 1138 4436 ecelesiasticis
1164 4377 1316 4451 censuris,

570 4466 734 4529 sententiis
755 4472 785 4527 et
807 4464 915 4543 poenis
937 4465 1047 4543 quouis
1076 4465 1167 4528 modo
1192 4475 1222 4531 et
1243 4485 1317 4548 qua-

570 4574 704 4638 cumque
725 4558 763 4620 de
784 4573 872 4619 causa
894 4557 975 4632 latis,
990 4559 1015 4619 si
1030 4575 1105 4637 quas
1120 4559 1201 4623 loric
1215 4562 1318 4625 incur-

572 4653 683 4726 rerint,
705 4651 799 4712 buius
820 4657 944 4713 tantum
972 4651 1016 4712 rei
1039 4653 1136 4728 gratia
1157 4654 1317 4717 absolven-

572 4754 616 4806 tes
637 4751 669 4806 el
688 4743 842 4806 absolutos
856 4743 923 4806 lore
936 4753 1110 4820 censentes,
1122 4748 1317 4826 supplicatio

571 4838 662 4900 nibus
683 4852 794 4898 eorum
816 4837 945 4899 nomine
965 4838 1054 4899 nobis
1070 4839 1234 4902 humiliter
1247 4856 1317 4918 por-

570 4930 662 4992 rectis
696 4929 858 4991 iuclinati:
895 4931 1056 4993 decretum
1087 4933 1316 5009 praeinsertum

570 5022 751 5084 auctoritate
773 5021 948 5098 apostolica,
965 5031 1073 5084 tenore
1093 5027 1316 5101 praesentium,

569 5115 772 5195 approbamus
793 5124 824 5177 et
844 5116 1077 5190 confirmamus,
1094 5109 1202 5196 illi'que
1217 5118 1316 5180 invio·

570 5209 669 5270 labilis
700 5208 881 5284 apostolicae
913 5209 1068 5272 firmitatis
1101 5210 1197 5272 robur
1217 5212 1317 5274 adiici-

570 5317 651 5375 mus,
674 5315 847 5380 omnesque
874 5308 905 5362 et
927 5302 1067 5379 singulos
1089 5303 1166 5364 iuris
1194 5311 1225 5366 et
1247 5305 1316 5368 lacti

569 5393 719 5469 delectus,
740 5395 766 5455 si
788 5395 841 5473 qui
863 5393 996 5474 desuper
1016 5393 1247 5473 quomodolibet
1269 5398 1316 5458 in·

569 5488 765 5550 terrenerinl
798 5505 833 5549 su
879 5487 979 5550 lemus
999 5496 1031 5548 el
1052 5504 1206 5551 sonamus.

352 5589 551 5654 noiogaoocon-
609 5581 629 5655 g
650 5580 678 5640 d.
704 5534 776 5642 Non,
790 5502 981 5642 obsqffmlbus
996 5581 1270 5644 constitutionibus
1285 5591 1317 5644 et

338 5647 485 5689 crassorum.
569 5673 815 5735 ordinationibus
846 5672 1035 5750 apostolicis,
1064 5690 1098 5736 ac
1125 5674 1258 5736 civitatis
1286 5683 1317 5737 et

569 5766 716 5828 dioecesis
747 5767 971 5845 praedictarum
1002 5765 1096 5827 etiam
1130 5768 1315 5843 iuramento,

570 5860 807 5924 confirmatione
827 5860 1000 5938 apostolica,
1017 5861 1068 5923 vel
1090 5861 1198 5940 quavis
1221 5862 1317 5922 tirmi-

1378 660 1440 715 tate
1462 654 1519 715 alia
1540 653 1691 717 roboratis
1712 654 1835 716 statutis
1849 661 1880 715 ot
1894 649 2126 716 consuetudini-

1378 747 1451 824 bus,
1474 746 1645 824 privilegiis
1667 763 1801 824 quoque,
1825 747 1955 810 indultis
1975 752 2006 807 et
2028 745 2125 806 literis

1378 839 1550 918 apostolicis
1567 839 1779 916 superioribus
1790 846 1821 900 et
1833 839 1972 916 personis
1987 838 2043 900 sub
2059 838 2125 915 qui-

1380 933 1571 1011 buscumque
1583 931 1743 994 tenoribus
1754 941 1784 995 et
1796 932 1916 1006 lormis,
1927 948 1961 993 ac
1974 946 2047 994 cum
2058 930 2125 1007 qui-

1378 1026 1483 1087 busvis
1504 1027 1597 1088 etiam
1623 1025 1888 1100 derogatoriarum
1911 1023 2124 1100 derogatoriis,

1378 1118 1507 1198 aliisque
1528 1119 1760 1192 efficacioribus,
1787 1119 2003 1181 efficacissimis
2024 1134 2057 1178 ac
2077 1117 2124 1177 in-

1376 1211 1474 1272 solitis
1495 1210 1651 1283 clausulis
1675 1211 1932 1289 irritantibusque
1948 1217 1979 1272 et
1994 1210 2059 1272 aliis
2074 1211 2125 1272 de

1377 1303 1469 1364 cretis
1491 1302 1524 1364 in
1548 1318 1663 1380 genere
1686 1303 1736 1364 vel
1758 1303 1790 1364 in
1812 1303 1925 1381 specie,
1948 1320 1981 1364 ac
2001 1303 2069 1364 aliis
2090 1303 2123 1365 in

1378 1393 1569 1456 contrarium
1591 1393 1823 1470 quomodolibet
1839 1395 2001 1468 concessis,
2017 1409 2126 1472 appro-

1377 1486 1453 1548 batis
1475 1495 1506 1547 et
1527 1485 1693 1547 innovatis.
1717 1486 1833 1560 Quibus
1855 1486 2000 1548 omnibns
2017 1493 2048 1548 et
2062 1486 2124 1547 sin·

1377 1579 1457 1655 gulis
1480 1578 1605 1640 illorum
1622 1585 1747 1641 tenores
1761 1579 1976 1656 praesentibus
1992 1595 2046 1657 pro
2061 1578 2126 1656 ple-

1376 1687 1415 1734 ne
1436 1678 1468 1733 et
1488 1671 1681 1733 sufficienter
1699 1671 1861 1750 expressis,
1878 1688 1910 1732 ac
1925 1673 1962 1734 de
1976 1671 2072 1733 verbo
2087 1670 2125 1732 ad

1376 1765 1508 1825 verbum
1532 1763 1657 1824 insertis
1678 1763 1839 1839 babentes,
1856 1761 1916 1824 illis
1930 1761 2003 1824 alias
2019 1763 2049 1825 in
2067 1779 2124 1826 suo

1377 1857 1488 1918 robore
1513 1857 1736 1934 permansuris,
1759 1855 1796 1916 ad
1821 1856 2061 1934 praemissorum
2081 1855 2124 1917 el·

1377 1947 1494 2010 lectum
1510 1947 1564 2010 hac
1579 1948 1645 2010 vice
1660 1949 1820 2010 dumtasat
1840 1948 2012 2026 specialiter
2026 1956 2057 2010 et
2071 1965 2126 2010 ex-

1376 2057 1480 2120 presse
1507 2042 1710 2117 derogamus,
1742 2039 1934 2119 caeterisque
1962 2044 2125 2105 contrariis

1376 2133 1633 2212 quibuscumque.

1417 2227 1436 2302 5
1456 2227 1485 2288 ὃ.
1500 2224 1653 2287 llolumus
1668 2234 1784 2300 aulem,
1799 2235 1834 2288 ut
1845 2228 2026 2288 earumdem
2038 2243 2126 2306 prae-

1375 2319 1515 2381 sentium
1537 2317 1697 2380 literarum
1721 2319 1934 2397 transumptis,
1951 2321 2045 2382 etiam
2066 2321 2124 2383 im·

1376 2411 1498 2490 pressis,
1530 2417 1562 2472 et
1583 2426 1679 2472 mauu
1710 2411 1840 2474 alicuius
1871 2412 1983 2474 notarii
2011 2413 2124 2490 publici

1375 2505 1565 2582 subscriptis,
1587 2519 1621 2564 ac
1639 2504 1741 2580 sigillo
1762 2519 1909 2583 personae
1931 2505 1963 2566 in
1984 2505 2125 2574 ecclesia-

1375 2598 1448 2660 stica
1470 2597 1621 2672 dignitate
1641 2597 1827 2658 constitutae
1852 2597 1994 2672 munitis,
2016 2597 2124 2660 eadem

1375 2704 1500 2767 prorsus
1522 2691 1596 2752 sudes
1618 2689 1650 2750 in
1673 2689 1785 2752 iudicio
1807 2696 1838 2751 et
1858 2699 1946 2754 extra
1968 2690 2044 2753 illud
2072 2694 2124 2754 ad-

1376 2783 1528 2856 hibeatur,
1546 2797 1624 2859 quae
1644 2781 1717 2860 ipsis
1736 2783 1949 2861 praesentibus
1964 2781 2124 2845 adhibere-

1375 2881 1438 2950 tur,
1461 2875 1486 2936 si
1508 2874 1611 2936 locent
1632 2875 1787 2936 exhibitae
1809 2875 1858 2936 vel
1881 2883 2031 2937 ostensae.

1415 2969 1526 3030 ilatum
1548 2968 1663 3031 Romae
1685 2969 1766 3046 apud
1787 2969 1818 3030 S.
1836 2965 1963 3030 lllariam
1977 2969 2122 3032 Maiorem

1374 3062 1432 3124 sub
1452 3060 1568 3123 annulo
1597 3061 1753 3136 piscatoris
1781 3059 1832 3122 die
1858 3077 1914 3122 xrr.
1938 3063 2122 3139 septembris

1375 3169 1593 3217 mdcccxxxvi.
1618 3154 1814 3232 pontificatus
1836 3155 1936 3216 nostri
1958 3171 2039 3218 anno
2061 3172 2119 3219 xu.

1627 3355 1866 3368 ψ

1707 3532 1785 3596 LIX.

1375 3722 1475 3796 Aepre
1499 3719 1564 3798 sert
1589 3718 1671 3796 quod
1698 3717 1757 3798 Ep.
1784 3721 1963 3800 d'risiopoo.
1993 3723 2121 3786 Nuocio

1415 3809 1635 3874 Moouclieosi
1668 3827 1793 3890 operum
1819 3831 1852 3874 se
1881 3817 2120 3892 praestiturum

1412 3903 1595 3982 pollicetur,
1613 3914 1771 3983 quatenos
1792 3907 1821 3968 ei
1842 3909 2007 3986 integrum
2028 3915 2118 3980 osset,

1413 4005 1521 4060 stacte
1542 3999 1714 4061 recentiori
1744 3997 1892 4062 Caesaris
1921 4001 2121 4065 miscellae

1413 4091 1498 4153 enim
1519 4091 1674 4164 edictum,
1696 4091 1778 4170 qood
1797 4094 1907 4169 potios
1932 4085 2139 4158 embor'tutio‘

1414 4184 1582 4246 dicendum
1610 4193 1699 4256 esset,
1730 4185 1955 4247 iurisdictiooi
1978 4187 2118 4250 Ncocio-

1414 4295 1488 4340 rom
1510 4293 1573 4338 ooo
1595 4277 1736 4356 derogat,
1761 4293 1817 4337 aec
1838 4277 2117 4356 derogaremus,

1413 4370 1493 4448 quod
1515 4376 1546 4430 ei
1574 4385 1613 4431 en
1646 4369 1848 4432 cortcordatis
1876 4386 1914 4432 ac
1946 4371 2119 4434 recessibus

1414 4463 1544 4540 imperii
1566 4470 1675 4540 oporte
1694 4469 1832 4524 coristal.
1851 4463 2055 4526 Nuociorum
2071 4465 2120 4525 dc-

1413 4573 1499 4619 ocool
1511 4557 1744 4618 auctoritatem
1758 4557 1791 4616 io
1806 4556 1980 4620 Germanic
1994 4557 2041 4618 ool
2052 4559 2119 4620 solo

1413 4649 1609 4711 consuetodo
1628 4656 1793 4726 perpetuu,
1810 4650 1941 4710 etiamsi
1955 4649 2023 4712 olio
2039 4651 2120 4711 does·

1413 4750 1494 4812 scot,
1520 4742 1607 4804 tueri
1628 4747 1731 4818 posset
1753 4740 1949 4804 dedederit.

1627 4924 1712 4994 Plus
1736 4925 1795 4993 ΡΡ,
1819 4925 1864 4992 lll.

1590 5113 1777 5180 venerabilis
1799 5113 1908 5192 trater,

1412 5208 1541 5276 sulutem
1562 5212 1594 5274 el
1613 5207 1810 5290 apostolicum
1831 5205 2079 5274 benedictionem.

1413 5397 1521 5458 deesse
1542 5395 1706 5472 apostolico
1728 5396 1902 5459 ministerio
1929 5405 2034 5459 nostro
2055 5413 2120 5459 cre-

1372 5491 1528 5563 deremus,
1550 5489 1576 5549 si
1596 5489 1654 5551 sub
1674 5488 1800 5551 silentio
1816 5492 2055 5568 praeteriremus
2070 5490 2121 5551 lit-

1373 5589 1451 5642 teras
1474 5587 1540 5643 tuas
1561 5581 1612 5643 die
1633 5595 1690 5642 xrr.
1715 5583 1837 5656 augusti
1853 5583 1888 5644 ad
1905 5599 1960 5644 nos
1975 5583 2068 5658 datas,
2086 5583 2119 5644 in

1372 5675 1483 5754 quibus
1505 5691 1577 5737 eum
1599 5675 1745 5752 epistolae
1775 5683 1898 5737 nostrae
1920 5677 2121 5752 responderes

1372 5771 1407 5830 ad
1421 5776 1451 5829 le
1463 5768 1683 5830 transmissaea
1698 5776 1803 5829 nostro
1814 5769 2022 5830 ldonaclrieosi
2034 5769 2121 5831 Nun-

1372 5862 1430 5936 cio,
1447 5863 1671 5941 praestiturum
1688 5869 1719 5923 te
1732 5862 1779 5923 illl
1794 5877 1919 5940 operam
1937 5871 2022 5925 tuam
2037 5863 2070 5924 in
2083 5878 2121 5924 ea

2157 512 2215 564 Au.
2231 513 2266 564 O.
2291 511 2360 562 1786
