4722 6976
309 547 364 608 An.
378 552 409 608 0.
430 552 500 609 1814

546 547 605 613 520

528 687 669 762 omnino,
691 703 746 767 per
774 685 908 765 aliquem
934 684 1028 746 allum
1054 680 1268 760 presbyterum

528 780 720 847 Saecularem
742 781 792 842 vel
816 779 1001 858 Regularum
1029 780 1179 854 spectatae
1200 786 1271 850 pro-

527 876 629 938 bitatis
644 882 675 936 et
689 874 860 952 religionis,
872 872 909 934 de
923 868 1103 950 supradictis
1125 864 1269 928 omnibus

527 968 618 1047 plene
632 969 831 1043 instructum,
847 969 884 1030 de
899 963 1077 1028 huiusmodi
1093 965 1197 1022 autem
1212 957 1269 1020 im-

527 1064 703 1144 pedimento
713 1061 827 1124 docebo
841 1076 894 1139 per
907 1058 1060 1137 legitimas
1076 1053 1270 1134 probationes

527 1157 562 1219 ad
589 1153 620 1217 S.
640 1155 674 1217 b.
697 1155 732 1216 tt.
757 1152 948 1217 cardinalem
976 1155 1202 1230 proponentem
1234 1146 1266 1207 in

529 1247 777 1326 congregatione
804 1247 835 1310 S.
859 1243 986 1308 Concilii
1015 1240 1191 1305 Tridentini
1215 1253 1269 1316 per

527 1339 739 1418 supradictum
754 1337 910 1400 Nuncium
927 1331 1190 1398 transmittendas.
1201 1330 1271 1391 Pos-

526 1433 676 1496 sessiones
686 1447 761 1494 vero
770 1429 805 1492 ad
818 1444 956 1493 mensam
967 1441 1067 1490 meam
1079 1425 1270 1504 pertinentes

528 1543 591 1589 nou
613 1526 756 1600 vendam,
779 1539 882 1602 neque
902 1521 1035 1594 donabo,
1058 1532 1160 1595 neque
1182 1515 1270 1593 impi-

528 1618 675 1697 gnorab0,
691 1633 792 1696 neque
814 1618 851 1679 de
872 1630 953 1676 novo
974 1611 1138 1674 infeudabo
1153 1608 1203 1670 vel
1217 1608 1271 1668 ali·

528 1728 589 1791 quo
609 1711 701 1774 modo
730 1709 879 1784 alienabo,
905 1707 998 1770 etiam
1025 1720 1096 1768 cum
1118 1717 1269 1766 consensu

527 1805 652 1883 capituli
672 1803 814 1867 ecclesiae
829 1817 926 1876 meae,
944 1798 1117 1862 inconsulto
1132 1797 1269 1858 Romano

528 1897 686 1973 Pontifice,
703 1903 734 1959 et
747 1895 1003 1957 constitutionem
1021 1907 1113 1969 super
1134 1886 1269 1966 probibi-

476 1994 478 2000 ’
528 1991 613 2053 tione
634 1988 903 2063 investiturarum,
921 1988 1071 2049 bonorum
1088 1980 1270 2045 iurisdictio·

322 3888 493 3939 Prooemium.

308 5011 462 5056 ldemoralur
471 5019 507 5055 re

294 5065 432 5128 integratio
436 5063 507 5128 lacta

295 5122 425 5164 societatis
435 5128 461 5163 m
471 5128 507 5164 re·

295 5181 346 5270 “a
367 5171 507 5270 triste

295 5235 418 5334 {erasinus
432 5277 504 5324 Pauli

294 5331 379 5389 prlml.

528 2083 696 2147 nalinmde
709 2097 791 2144 anno
812 2079 935 2142 bomini
958 2076 1122 2140 millesimo
1143 2089 1271 2136 sexcen-

529 2176 638 2240 tesimo
648 2176 798 2252 vigesimo
813 2174 922 2252 quinto
936 2171 1061 2246 editam,
1073 2167 1213 2242 servabo,
1226 2172 1267 2240 et,

526 2272 551 2332 si
573 2269 609 2332 ad
630 2269 762 2348 aliquam
777 2265 996 2328 alienationem
1016 2265 1182 2336 devenero,
1198 2274 1269 2336 poe-

527 2379 579 2424 nas
594 2362 627 2424 in
641 2362 770 2440 quadam
784 2374 878 2436 super
889 2359 945 2419 boc
957 2357 1036 2419 edita
1048 2354 1269 2418 constitutione

526 2463 685 2520 contentas
707 2471 743 2515 eo
764 2453 828 2532 ipso
857 2452 1016 2514 incurrere
1042 2450 1123 2511 volo.
1149 2448 1197 2511 Sic
1219 2463 1269 2508 me

526 2549 607 2612 Deus
617 2547 740 2610 adiuvet
750 2553 780 2608 et
791 2546 865 2624 haec
876 2545 984 2608 Sancta
995 2543 1048 2605 Dei
1062 2540 1267 2618 Evangelia.»

567 2643 675 2704 Datum
696 2641 809 2701 Romae
829 2639 907 2715 apud
926 2636 1099 2700 bilariam
1120 2634 1268 2696 Maiorem

526 2752 607 2799 anno
629 2734 848 2798 lnoarnatlouis
877 2729 1046 2792 dominicae
1079 2742 1268 2800 dccccxxv„

526 2845 592 2892 xxv.
615 2826 759 2891 kalendas
780 2825 854 2897 ian,
874 2832 961 2902 pont.
984 2821 1083 2884 nostri
1098 2834 1179 2881 anno
1194 2834 1245 2881 xv.

777 2970 1016 2982 --.-.-----

854 3066 944 3132 XLll.

527 3211 714 3290 Reintegrot
737 3205 926 3270 Societatem
941 3204 1011 3267 Iesu
1033 3203 1069 3263 in
1090 3201 1269 3279 pristinum

664 3306 789 3365 stolum
813 3301 847 3361 in
868 3297 1017 3360 universo
1045 3295 1126 3359 orbe.

735 3445 821 3514 PlUS
844 3439 1060 3511 episcopus

711 3605 819 3660 servus
840 3601 993 3654 servorun
1021 3583 1083 3661 bei,

645 3689 680 3756 ad
703 3688 874 3772 perpetuen
898 3681 940 3747 rei
966 3677 1146 3745 nemoriani.

565 3885 584 3958 ἓ
607 3881 633 3942 l.
652 3875 830 3943 Sollicitudo
841 3873 981 3935 omnium
997 3871 1195 3934 ecclesiarum
1211 3871 1268 3936 bu·

526 3975 648 4040 militati
663 3979 795 4044 nostrae,
809 3965 927 4028 meritis
949 3965 1019 4027 licet
1034 3972 1065 4026 et
1080 3964 1197 4028 viribus
1212 3967 1268 4026 im·

524 4071 602 4148 pari,
633 4067 694 4128 lieo
721 4062 764 4125 sic
792 4062 974 4138 disponente
1001 4059 1188 4133 concredita,
1212 4075 1268 4122 nos

525 4163 606 4240 cogit
625 4159 729 4223 omnia
751 4154 800 4217 illa
814 4153 947 4215 subsidia
969 4152 1126 4228 adbibere,
1142 4153 1267 4231 quaein

526 4264 628 4320 nostra
659 4260 733 4315 sunt
763 4253 926 4328 potestate,
958 4263 1134 4326 quaequea
1162 4246 1267 4308 divina

525 4346 717 4430 providentia
739 4342 827 4406 nobis
856 4340 1096 4402 misericorditer
1117 4340 1268 4401 submini-

525 4448 675 4513 strantur,
705 4444 741 4501 ut
767 4434 977 4514 spiritualibus
1002 4434 1161 4495 christiani
1184 4433 1267 4496 orbis

525 4532 770 4604 necessitatibus,
792 4536 946 4608 quantum
974 4527 1101 4606 quidem
1129 4529 1268 4590 diversae

525 4626 774 4706 multiplicesque
803 4631 979 4699 temporum
1002 4620 1202 4699 locorumque
1222 4624 1268 4684 vi·

525 4719 718 4785 cissitudines
746 4716 863 4791 lerunt,
891 4713 978 4776 nullo
1007 4714 1191 4792 populorum
1214 4731 1267 4776 na-

525 4816 648 4876 tionum
669 4810 773 4873 habito
796 4808 983 4882 discrimine,
1003 4815 1176 4886 opportune
1197 4809 1267 4870 sub-

524 4908 697 4970 veniamus.

564 5001 634 5077 §2-
657 4999 756 5062 liuius
777 4997 873 5060 nostri
894 4995 1052 5073 pastoralis
1074 4995 1165 5057 officii
1177 4997 1268 5058 oneri

524 5095 697 5159 satislacere
718 5091 889 5170 cupientes,
906 5090 1009 5152 statim
1030 5108 1063 5152 ac
1085 5097 1159 5151 tunc
1175 5091 1207 5151 in
1222 5090 1267 5151 vi-

525 5192 572 5252 vis
599 5205 693 5266 agens
715 5187 892 5248 Franciscus
914 5185 1013 5260 Karou
1043 5183 1142 5246 etalii
1164 5200 1267 5245 saccu-

526 5284 603 5346 lares
625 5279 795 5360 presbvteri
811 5295 827 5338 a
841 5277 980 5355 pluribus
994 5277 1083 5339 anuis
1099 5277 1131 5338 in
1147 5279 1267 5356 amplis-

524 5377 602 5437 simo
623 5373 765 5436 Russiaco
787 5370 918 5449 imperio
939 5373 1118 5444 existentes,
1141 5380 1172 5432 et
1192 5370 1267 5432 olim

524 5470 635 5532 addicti
657 5465 800 5531 Societati
816 5464 883 5527 lesu
899 5483 913 5526 a
929 5464 1026 5526 felicis
1047 5465 1267 5526 recordatiouis

525 5562 687 5626 Clemente
707 5557 785 5622 xiv.
813 5557 1044 5637 praedecessore
1069 5564 1175 5618 nostro
1196 5573 1267 5635 sup·

524 5671 659 5733 pressae,
682 5669 786 5732 preces
816 5652 904 5714 uobis
933 5651 1128 5725 obtulerunt,
1154 5649 1267 5729 ouibus

524 5749 697 5812 facultatem
716 5748 773 5808 sibi
787 5746 856 5808 fieri
878 5744 1098 5823 supplicabant,
1116 5751 1150 5805 ut
1165 5751 1266 5804 aucto-

523 5843 614 5905 ritate
635 5847 738 5903 nostra
754 5839 902 5902 inunum
924 5851 1034 5914 corpus
1049 5835 1265 5910 coalescerent,

524 5951 585 6016 quo
606 5933 723 5997 lacilius
737 5933 895 5996 iuventuti
911 5931 981 5994 fidei
998 5929 1183 5992 rudimentis
1198 5947 1269 5992 eru·

1048 562 1112 608 tun.
1136 560 1226 606 PONT·
1250 559 1290 604 DE
1312 559 1340 602 P·
1365 557 1393 603 Ι.
1417 557 1500 603 PARS
1521 555 1543 604 i.

2100 531 2157 590 tu.
2171 534 2206 588 G.
2229 531 2305 586 1814

1323 675 1450 738 diendae
1472 682 1502 737 et
1530 675 1619 737 bonis
1650 675 1787 737 moribus
1819 672 2003 738 imbuendae
2030 689 2069 736 ex

1323 769 1440 847 proprii
1455 768 1590 830 instituti
1602 768 1721 829 ratione
1731 783 1855 846 operam
1866 768 1987 842 darent,
2000 783 2069 830 mu-

1322 879 1383 926 uus
1405 861 1637 941 praedicationis
1659 860 1800 935 obirent,
1823 860 2065 924 confessionibus

1322 955 1512 1032 excipiendis
1528 953 1747 1017 incumberent
1762 961 1793 1016 ct
1807 954 1865 1015 alia
1878 961 2067 1017 sacramenta

1323 1047 1593 1109 administrarent:
1617 1063 1724 1110 eorum
1746 1048 1888 1124 precibus
1911 1065 1947 1110 eo
1969 1047 2068 1111 liben-

1325 1141 1385 1204 tius
1406 1142 1609 1204 annuendum
1631 1139 1718 1202 uobis
1733 1157 1797 1203 esse
1811 1141 1969 1215 duximus,
1985 1142 2068 1220 quod

1324 1236 1491 1314 imperator
1521 1235 1633 1296 Paulus
1663 1235 1783 1313 primus
1813 1243 1887 1298 tunc
1919 1238 2067 1314 temporis

1323 1343 1456 1405 regnans
1470 1329 1597 1390 eosdem
1610 1329 1805 1407 presbyteros
1827 1327 1967 1406 impense
1981 1329 2067 1392 uobis

1323 1421 1600 1484 commendavisset
1630 1421 1861 1484 humanissimis
1883 1421 1983 1484 literis
2003 1422 2066 1484 suis

1323 1515 1372 1578 die
1386 1529 1431 1577 xx.
1449 1515 1572 1591 augusti
1590 1515 1663 1576 anni
1678 1513 1802 1576 Domini
1824 1530 1943 1577 nocco.
1960 1515 1996 1577 ad
2011 1530 2067 1577 nos

1324 1611 1414 1687 datis,
1437 1612 1549 1692 quibus
1570 1609 1761 1688 singularem
1782 1625 1871 1671 suam
1892 1623 1965 1685 erga
1986 1609 2066 1686 ipsos

1324 1702 1573 1767 benevolentiam
1587 1704 1774 1782 significans,
1791 1711 1916 1780 gratum
1931 1702 1988 1764 sibi
2001 1702 2067 1764 lore

1323 1797 1502 1873 declarabat,
1512 1798 1537 1859 si
1553 1798 1774 1860 catholicorum
1789 1795 1913 1875 imperii
1927 1797 1975 1857 sui
1985 1795 2068 1858 bono

1323 1890 1457 1955 Societas
1473 1891 1539 1954 lesu
1553 1893 1734 1956 anctoritate
1749 1897 1851 1954 nostra
1868 1890 1981 1954 ibidem
1995 1905 2066 1952 con·

1322 1987 1515 2048 stitueretur.

1363 2080 1381 2153 5
1402 2080 1431 2140 3.
1454 2078 1644 2159 Quapropter
1666 2096 1722 2141 nos
1737 2087 1854 2143 attento
1875 2079 1978 2142 animo
1999 2095 2067 2157 per·
2100 2094 2219 2158 ‚uepres
2235 2093 2318 2156 seete-

1322 2174 1493 2252 pendentes
1514 2191 1606 2252 quam
1628 2175 1771 2251 ingentes
1793 2173 1942 2235 utilitates
1955 2173 1986 2234 ln
2003 2187 2067 2234 am·
2085 2152 2317 2255 ξᾎῖᾓξῖωῗῃξζ

1322 2265 1470 2344 piissimas
1483 2268 1546 2330 illas
1562 2269 1713 2345 regiones,
1724 2270 1907 2346 evangelicis
1921 2270 2067 2350 operariis
2085 2255 2316 2354 ξξῑῆξξξίῗᾞξ,

1322 2364 1547 2440 propemodum
1569 2363 1748 2438 destitutas,
1772 2373 1874 2427 essent
1896 2361 2314 2474 ll1’0V011211·ffi¹,{{‚¹},¹,¹,²„1¹,¹,t,³¹¹'

1323 2471 1385 2530 rae,
1402 2463 1592 2536 quatumque
1606 2457 1836 2519 incrementum
1853 2458 2004 2522 eiusmodi
2019 2475 2067 2521 ec·
2279 2447 2286 2460 '

1322 2548 1480 2611 clesiastici
1502 2551 1573 2624 viri,
1586 2565 1720 2626 ortorum
1742 2550 1860 2630 probati
1882 2567 1983 2613 mores
1999 2561 2067 2614 tan-

1324 2642 1360 2704 tis
1376 2641 1499 2704 laudum
1516 2645 1684 2723 praeconiis
1698 2643 2006 2730 commendabantur,
2022 2661 2068 2708 aa·
2132 2698 2141 2710 .

1321 2739 1408 2802 siduo
1425 2738 1538 2812 labore,
1550 2740 1671 2800 intenso
1686 2740 1793 2801 salutis
1807 2740 1981 2803 animarum
1996 2758 2066 2821 pro·

1322 2831 1473 2895 curandae
1500 2831 1602 2895 studio
1625 2840 1656 2894 et
1680 2832 1829 2896 indelessa
1851 2835 1939 2896 verbi
1967 2836 2065 2899 divini

1322 2926 1548 3006 praedicatione
1563 2928 1727 2990 catholicae
1741 2927 1885 3004 religioni
1908 2937 2010 2992 esseni
2024 2931 2067 2992 al-

1324 3021 1432 3082 laturi:
1448 3022 1537 3096 tanti,
1552 3028 1674 3100 tamque
1686 3021 1814 3084 benefici
1827 3022 1974 3100 principis
1987 3025 2066 3086 votis

1324 3115 1531 3178 obsecundare
1553 3116 1666 3178 rationi
1694 3123 1939 3178 consentaneum
1959 3116 2066 3179 existi-

1323 3210 1487 3285 mavimus,
1515 3209 1632 3272 Nostris
1661 3211 1761 3289 itaqua
1784 3209 1816 3271 in
1844 3209 1941 3272 torma
1963 3211 2066 3274 brevis

1323 3305 1421 3367 literis
1451 3303 1527 3366 datis
1548 3303 1597 3366 die
1627 3319 1683 3365 vu.
1708 3303 1811 3364 martii
1839 3303 1912 3364 anni
1942 3304 2066 3367 Domini

1325 3413 1455 3459 uuooor.
1485 3397 1638 3475 praedicto
1666 3396 1826 3458 Francisco
1851 3396 1963 3471 Kareu,
1987 3396 2068 3460 aliis-

1323 3507 1384 3568 que
1406 3491 1471 3552 eius
1491 3489 1642 3552 sodalibus
1658 3490 1689 3551 in
1705 3488 1847 3553 llussiaco
1870 3491 1999 3568 imperio
2014 3491 2068 3554 de·

1325 3584 1479 3662 gentibus
1502 3590 1554 3646 aut
1575 3583 1627 3662 qui
1643 3582 1768 3647 aliunde
1790 3583 1863 3646 illuc
1876 3601 1909 3647 se
1923 3585 2064 3648 conterre

1325 3687 1456 3760 possent,
1466 3679 1644 3742 facultatem
1655 3677 1861 3740 concessimus
1873 3685 1908 3740 ut
1918 3679 1952 3741 in
1965 3695 2066 3742 unum

1324 3790 1433 3852 corpus
1452 3789 1507 3836 seu
1528 3771 1810 3847 congregationem
1825 3771 1985 3835 societatis
2000 3775 2066 3838 lesu

1324 3867 1469 3944 coniungi
1492 3867 1640 3944 unirique
1667 3863 1801 3926 liberum
1822 3865 1895 3944 ipsis
1916 3875 2008 3942 esset,
2031 3867 2064 3928 in

1325 3977 1386 4023 una
1408 3961 1458 4021 vel
1478 3958 1619 4038 pluribus
1634 3956 1775 4020 domibus
1788 3959 1915 4021 arbitrio
1930 3960 2066 4039 superio·

1324 4055 1377 4128 ris,
1401 4053 1482 4114 intra
1502 4051 1581 4112 sines
1603 4051 1761 4112 dumtaxat
1783 4053 1905 4128 imperii
1930 4052 2065 4116 llussiaci

1324 4146 1530 4223 designandis,
1542 4153 1634 4222 atque
1645 4145 1711 4206 eius
1722 4145 1970 4222 congregationis
1982 4161 2067 4224 prae·

1323 4241 1456 4318 positum
1478 4239 1655 4315 generalem
1677 4238 1821 4300 eumdem
1849 4239 2067 4318 presbyterum

1324 4335 1517 4398 Francisoum
1529 4333 1629 4394 Kareu
1644 4333 1678 4393 ad
1690 4338 1832 4394 nostrum
1848 4339 1879 4394 et
1890 4332 1976 4397 Sedis
1987 4335 2067 4411 Apo-

1323 4429 1445 4490 stolicae
1461 4425 1687 4504 beneplacitum
1707 4423 2009 4502 deputavimus‘cum
2024 4425 2067 4488 la·-

1323 4519 1484 4583 cultatibus
1499 4517 1676 4580 necessariis
1690 4524 1721 4578 et
1735 4520 1928 4596 opportunis,
1944 4520 1976 4579 in
1992 4516 2068 4580 San·

1322 4615 1362 4676 cti
1384 4612 1517 4689 luguatii
1531 4610 1569 4672 de
1584 4609 1698 4689 Loyola
1720 4611 1859 4687 regulam
1877 4629 1892 4672 a
1908 4611 2003 4674 iellcis
2018 4629 2066 4676 re-

1322 4706 1504 4770 cordationis
1526 4705 1619 4768 Paulo
1640 4703 1688 4766 lll.
1713 4704 1945 4784 praedecessore
1960 4715 2067 4770 nostro

1323 4798 1493 4879 apostolicis
1504 4800 1567 4860 suis
1581 4799 1855 4861 constitutionibus
1869 4801 2066 4879 approbatam

1323 4904 1353 4958 et
1375 4895 1584 4957 confirmatam
1600 4895 1774 4954 retinerent
1795 4900 1826 4954 et
1846 4905 2065 4972 sequerentur3

1323 4997 1414 5066 atque
1437 4993 1468 5049 ut
1490 4986 1547 5048 boc
1568 4992 1654 5062 pacto
1682 4986 1756 5048 socii
1778 4987 1808 5048 in
1832 5002 1895 5049 uno
1921 4987 2067 5063 religioso

1322 5089 1411 5144 coetu
1431 5080 1609 5157 congregati
1624 5079 1793 5152 iuventuti,
1810 5080 1952 5156 religioni
1968 5097 2001 5142 ac
2015 5081 2067 5142 bo-

1323 5177 1370 5238 nis
1391 5174 1507 5236 artibus
1528 5173 1713 5234 imbuendae
1731 5187 1855 5250 operam
1871 5172 1955 5246 dare,
1976 5175 2068 5235 semi·

1323 5268 1407 5330 naria
1422 5277 1452 5329 et
1468 5267 1594 5343 collegia
1617 5283 1737 5344 regere,
1760 5275 1803 5341 et,
1819 5267 2020 5344 probantibus
2035 5285 2068 5330 ac

1322 5361 1587 5425 consentientibus
1604 5361 1743 5423 locorum
1757 5361 1937 5436 Ordinariis,
1949 5361 2067 5424 conlas-

1323 5457 1424 5518 siones
1445 5455 1598 5533 excipere,
1614 5455 1745 5516 verbum
1764 5453 1816 5515 Dei
1832 5456 2023 5517 annunciare
2037 5462 2069 5517 et

1322 5555 1509 5611 sacramenta
1531 5547 1746 5608 administrare
1767 5546 1863 5607 libere
1878 5556 2020 5624 possent3
2037 5558 2068 5611 et

1323 5641 1604 5718 Congregationem
1625 5637 1783 5702 Societatis
1805 5641 1873 5702 lesu
1894 5641 1951 5702 sub
1963 5649 2067 5704 nostra

1323 5745 1354 5798 et
1385 5735 1573 5814 spostolicae
1601 5733 1687 5797 Sedis
1716 5733 1892 5806 immediata
1920 5735 2068 5797 tutelast

1322 5830 1513 5894 subiectione
1542 5827 1727 5906 recepimus,
1754 5837 1785 5889 et
1812 5844 1890 5906 quae
1918 5827 1954 5889 ad
1982 5829 2066 5891 illam

1323 5924 1506 5986 firmandam
1537 5928 1567 5982 et
1595 5920 1884 5996 communiendam,
1912 5928 2004 6000 atque
2030 5921 2068 5983 ab
