4734 7004
912 703 915 708 Ι
937 641 1079 688 excusus
1101 640 1171 688 1111.

278 762 358 824 13313
384 762 441 824 bac
468 760 566 840 copia,
588 760 666 823 illud
695 760 829 837 restitui,
852 760 1028 839 33311311-

280 857 352 918 dem
374 855 462 930 13313,
485 854 628 931 originali
647 869 698 916 me
712 853 862 928 reterens,
879 861 977 932 utque
991 854 1028 915 de

280 964 319 1010 eo
338 955 457 1011 constet
479 947 513 1009 ad
537 948 675 1010 eiusdem
702 947 949 1026 requisitionem,
971 961 1028 1023 ego

282 1040 459 1120 xlpbonsus
490 1040 635 1103 Garralon
668 1040 787 1102 domini
819 1041 917 1102 nostri
948 1040 1029 1116 regis

282 1132 399 1209 Scriba,
422 1138 453 1194 et
472 1132 506 1194 in
529 1134 595 1196 eius
619 1132 704 1194 curia
725 1140 756 1194 et
776 1133 934 1212 provincia
956 1133 1029 1195 resi·

282 1226 357 1288 dens
378 1233 573 1306 praesentem
595 1225 684 1300 facio,
706 1225 797 1302 signo
812 1242 846 1286 ac
859 1224 1027 1288 subscribe.

283 1318 398 1381 Matriti
418 1319 468 1382 die
489 1335 539 1380 xv.
563 1318 633 1381 iulii
648 1335 824 1390 uoccnvru.
844 1353 877 1362 -
895 1321 930 1381 ln
946 1319 1030 1380 testi-

282 1413 427 1474 monium
457 1411 594 1473 veritatis
615 1411 794 1489 Alpbonsus
824 1412 970 1476 Garralon
990 1447 1027 1462 .-

284 1505 345 1567 Nos
366 1505 448 1567 inira
468 1504 594 1582 signati,
616 1511 647 1566 31
661 1504 825 1584 subscripti
844 1505 965 1571 Scribae
980 1507 1031 1568 do-

284 1598 363 1661 mini
384 1599 482 1661 nostri
502 1598 585 1674 regis
606 1598 639 1658 in
661 1598 727 1660 eius
749 1599 832 1660 curia
858 1607 889 1660 et
905 1599 1031 1676 provin-

285 1693 329 1755 cia
351 1692 522 1754 residentes
552 1691 646 1752 fidem
674 1690 814 1766 iacimus,
836 1691 1031 1770 alphonsum

286 1785 444 1859 Garralon,
473 1801 490 1844 a
520 1800 581 1862 quo
613 1784 769 1862 reperitur
800 1785 917 1861 signata
947 1785 1032 1863 copia

285 1878 481 1959 praecedens,
506 1877 599 1939 talem
630 1894 696 1939 esse
726 1878 864 1948 Scribam
894 1879 1031 1956 regium,

286 1973 409 2052 qualem
429 1987 462 2033 se
483 1971 555 2032 lacit
576 1982 668 2049 atque
686 1971 879 2045 denominat,
895 1971 1031 2047 fidelem,

285 2065 433 2142 legalem,
465 2065 623 2142 totiusque
653 2063 798 2138 fiduciae,
826 2065 1034 2143 omnibusque

287 2161 353 2222 eius
382 2157 544 2237 scripturis
568 2165 600 2218 et
620 2157 815 2219 documentis
845 2173 905 2236 per
931 2159 1033 2236 ipsum

285 2251 459 2332 publicatis,
476 2257 507 2311 et
528 2265 606 2328 quae
624 2249 834 2328 publicantur,
848 2267 971 2330 semper
984 2252 1034 2314 ad·

286 2345 387 2408 biberi
408 2344 514 2418 iidem,
539 2351 597 2404 tam
621 2343 654 2403 in
676 2342 800 2418 iudicio,
817 2358 910 2422 quam
928 2351 1030 2406 extra:

287 2448 385 2516 utque
405 2438 443 2499 de
465 2453 502 2498 eo
520 2443 649 2510 constet,
665 2436 701 2496 ad
715 2437 783 2498 eius
797 2437 1035 2514 requisitionem

287 2540 483 2612 praesentem
512 2529 652 2603 iacimus,
675 2527 790 2590 blatriti
820 2529 868 2590 die
890 2545 942 2591 xv.
967 2530 1034 2591 iulii

289 2639 465 2687 uncccvru.
480 2623 564 2684 -ln
581 2623 797 2684 testimonium
813 2623 951 2684 veritatis
963 2623 1035 2685 Em·

287 2717 415 2780 manuel
436 2719 474 2779 de
494 2717 637 2792 ttbregou
659 2723 689 2776 31
710 2715 834 2791 Orugua
851 2749 885 2758 -
902 2716 936 2778 ln
952 2717 1035 2778 testi-

287 2811 431 2874 monium
445 2811 585 2872 veritatis
596 2809 705 2870 Petrus
716 2807 820 2870 Gareia
832 2811 870 2872 de
880 2809 986 2873 Ovalle
1000 2843 1033 2852 -

287 2902 1036 2968 lntestimoniumveritatislranctscusbernan-

288 2999 513 3062 33311333.-

129 3139 209 3182 pm,
233 3133 267 3180 ,d
328 3095 349 3169 ἓ
369 3094 399 3156 3.
423 3096 503 3155 cum
524 3097 642 3166 autern,
664 3091 743 3152 sicut
768 3091 866 3154 dictus
891 3081 1037 3170 Iosephus

84 3187 162 3236 asam
183 3199 270 3245 3333-
287 3186 517 3250 commissarius
544 3183 697 3261 generalis
725 3185 813 3246 nobis
834 3184 964 3246 subinde
985 3201 1037 3246 ex·

83 3253 125 3290 [α
287 3281 364 3360 poni
373 3278 457 3354 lecit,
468 3279 533 3357 ipse
541 3278 772 3356 praeinsertum
783 3278 1035 3356 chirographum,

288 3389 352 3453 quo
371 3373 494 3432 firmius
507 3371 665 3445 subsistat,
679 3370 861 3449 apostolicae
873 3371 1037 3432 confirma·

287 3466 383 3529 tionis
404 3472 528 3526 nostrae
548 3464 719 3543 patrocinio
744 3465 932 3526 communiri
952 3481 1037 3526 sum-

288 3574 414 3639 mopere
426 3557 589 3632 desideret,
599 3572 655 3618 nos
666 3557 768 3635 ipsum
779 3557 944 3635 losepbum
955 3574 1036 3619 com-

287 3653 468 3715 missorium
489 3651 668 3728 generalem
682 3650 864 3728 specialibus
881 3649 1037 3714 favoribus

288 3755 321 3807 et
342 3746 448 3822 gratiis
470 3745 614 3823 prosequi
630 3742 784 3819 volentes,
800 3751 831 3805 et
845 3761 861 3804 a
876 3744 1036 3822 quibusvis

288 3837 634 3911 excommunicationis,
655 3836 866 3914 suspensionis
888 3845 918 3898 et
940 3837 1038 3898 inter-

126 3974 228 4021 fflm
248 3985 267 4021 a
288 3932 516 4009 dicti,aliisque
538 3930 749 3992 ecclesiasticis
769 3931 945 4006 sententiis,
968 3947 1038 3994 cen·

95 4029 185 4074 eme
287 4026 372 4088 suris
393 4033 423 4086 31
445 4023 564 4103 poenis,
580 4040 596 4082 a
611 4023 679 4084 iure
699 4022 750 4083 vel
771 4023 807 4084 ab
822 4024 951 4085 bomine
965 4040 1039 4101 qua-

289 4121 338 4181 vis
359 4121 516 4180 occasione
532 4116 583 4177 vel
596 4131 685 4178 causa
701 4114 781 4191 latis,
793 4116 819 4176 si
833 4117 947 4193 quibus
962 4133 1038 4195 quo-

289 4212 461 4275 modolibet
492 4209 658 4270 innodatus
689 4209 812 4284 existit,
835 4212 872 4272 33
894 4211 1038 4272 ellectum

289 4305 503 4386 praesentium
536 4311 658 4364 tautum
690 4305 960 4380 consequendum,
990 4303 1040 4364 ba·

290 4415 365 4461 rum
384 4399 466 4459 serie
493 4397 687 4458 absolventes
714 4405 746 4456 et
773 4397 949 4459 absolutum
975 4396 1041 4459 iore

290 4501 473 4566 censentes,
504 4489 782 4567 supplicationibus
813 4491 879 4551 eius
912 4491 1040 4552 nomine

290 4590 380 4648 nobis
401 4599 494 4663 super
515 4585 573 4645 boe
595 4585 758 4644 humiliter
780 4586 930 4662 porrectis
952 4585 1040 4646 ineli-

291 4683 369 4754 nati,
392 4687 620 4758 praeinsertum
649 4673 892 4757 ebiregrapbum
917 4681 954 4751 ab
975 4681 1041 4756 ipso

290 4773 489 4836 Ferdinando
518 4787 593 4848 rege
613 4787 708 4849 super
735 4773 879 4832 iacultate
901 4771 1041 4848 erigendi

290 4873 411 4930 dictum
433 4867 602 4944 bospitium
623 4861 752 4926 Sanctae
779 4865 876 4925 113333
898 4865 929 4926 in
951 4864 1042 4927 colle·

292 4966 380 5039 gium
408 4975 475 5021 sive
503 4962 708 5021 seminarium
739 4959 941 5037 apostolieum
970 4959 1042 5019 mis·

291 5057 501 5117 sionaricrum
532 5053 604 5116 dicti
634 5055 767 5128 Ordinis,
796 5061 831 5114 ut
855 5051 1040 5130 praefertur,

291 5166 474 5214 concessum
494 5163 567 5210 curn
588 5149 733 5209 omnibus
755 5157 786 5208 et
806 5148 938 5222 singulis
956 5149 989 5208 in
1005 5163 1041 5208 eo

292 5247 449 5306 contentis
469 5254 501 5303 et
521 5243 685 5319 expressis,
702 5242 882 5302 auctoritate
901 5240 1041 5318 apostoli-

293 5355 339 5412 ca,
357 5347 466 5396 tenore
484 5336 696 5414 praesentium
710 5335 932 5394 eontirmamus
947 5343 977 5394 et
992 5348 1043 5410 ap·

293 5435 472 5510 probamus,
502 5429 610 5507 illique
641 5429 829 5488 inviolabilis
859 5428 1042 5505 apostolicae

294 5529 452 5586 tii-mitads
479 5524 575 5585 robur
602 5523 783 5598 adiicimus3
812 5537 982 5600 omnesque
1009 5533 1042 5582 et

292 5623 436 5694 singulos
455 5607 534 5679 iuris
558 5626 589 5677 et
609 5616 680 5677 iactr
701 5616 849 5692 delectus,
872 5619 898 5676 si
919 5617 972 5694 qui
992 5618 1042 5678 33-

253 5709 257 5716 ’
292 5729 388 5791 super
410 5714 654 5785 intervenerint,
675 5713 864 5787 supplemus.

334 5807 405 5881 5¹4.
429 5809 636 5868 lleeerueutes
658 5821 779 5866 33333111
800 5815 976 5882 praesentes
994 5805 1043 5867 lit-

295 5914 376 5964 teras
390 5918 514 5980 semper
529 5907 645 5974 lirtnas,
658 5905 770 5961 validas
785 5915 815 5962 et
829 5905 964 5963 atticaees
980 5919 1043 5962 exr-

292 6009 377 6060 stere
400 6011 431 6058 et
457 5997 535 6072 lore,
563 6011 696 6073 suosque
727 6007 881 6074 plenarios
909 6008 941 6057 31
965 6001 1044 6059 inte-

64 5861 223 5962 ri&gaianum
238 5860 272 5906 lr-

1790 622 1808 686 7
1859 627 1913 680 An.
1927 629 1957 681 (1.
1980 625 2048 680 1758

1083 777 1153 839 gros
1174 759 1300 824 31133133
1322 759 1426 822 3331111
1441 766 1471 822 31
1485 759 1638 836 obtinere,
1654 777 1688 822 ac
1703 759 1775 836 illis,
1792 760 1829 822 ad

1083 871 1160 933 quos
1181 861 1295 932 spectat
1316 861 1347 915 et
1369 869 1424 932 pro
1453 861 1594 931 tempore
1619 852 1828 931 quandocum-

1084 963 1146 1025 que
1159 945 1316 1026 spectabit,
1333 945 1513 1024 plenissime
1528 945 1700 1023 suliragari.
1719 947 1830 1025 Sieque

1084 1039 1117 1100 in
1138 1039 1312 1117 praemissis
1333 1055 1389 1117 per
1410 1053 1624 1117 quoscumque
1645 1039 1760 1102 iudices
1782 1055 1829 1100 or-

1084 1133 1218 1196 dinarios
1240 1139 1271 1194 et
1293 1132 1459 1208 delegatos,
1483 1133 1575 1192 etiam
1598 1148 1758 1194 causarum
1781 1149 1831 1210 pa-

1085 1227 1150 1288 latii
1164 1225 1321 1306 apostolici
1336 1227 1502 1300 auditores,
1518 1225 1647 1290 iudicari
1663 1235 1693 1289 et
1708 1227 1832 1288 deliniri

1085 1319 1210 1394 debere,
1232 1335 1266 1381 ac
1286 1319 1414 1381 irritum
1434 1327 1465 1379 et
1480 1319 1582 1394 inane,
1598 1320 1624 1381 si
1639 1337 1725 1382 secus
1739 1336 1832 1398 super

1085 1413 1132 1474 bis
1152 1431 1168 1473 a
1189 1428 1343 1491 quoquam
1365 1411 1473 1491 quavis
1494 1413 1678 1475 auctoritate
1697 1415 1832 1475 scienter

1086 1505 1136 1566 vel
1157 1505 1339 1582 ignoranter
1359 1504 1701 1580 contigerit-attentari.

1125 1599 1144 1672 ἕ
1164 1598 1194 1658 b.
1218 1596 1288 1659 Non
1306 1598 1833 1662 obstantibusconstitutionibuset
1872 1622 2010 1669 caninius
2024 1621 2065 1667 de·

1086 1691 1334 1753 ordinationibus
1346 1690 1529 1768 apostolicis,
1537 1703 1745 1769 ac,quatenus
1757 1708 1832 1770 opus
1851 1679 1932 1735 ‘⁰⁸⁸2

1086 1785 1137 1860 sit,
1160 1784 1232 1866 dieti
1254 1783 1387 1857 Ordinis,
1401 1784 1496 1845 etiam
1518 1785 1705 1860 iuramento,
1722 1786 1833 1847 contir-

1088 1879 1222 1940 matione
1237 1876 1411 1956 apostolica,
1427 1877 1478 1940 vel
1492 1880 1600 1956 quavis
1615 1879 1762 1940 firmitate
1776 1879 1834 1941 alia

1088 1972 1248 2047 roboratis,
1271 1970 1394 2032 statutis
1415 1978 1445 2031 31
1465 1972 1754 2048 consuetudinibus,
1774 1973 1834 2052 pri·

1089 2065 1209 2142 vilegiis
1236 2078 1370 2144 quoque,
1393 2063 1523 2125 indultis
1543 2071 1575 2125 et
1596 2065 1693 2126 literis
1715 2073 1835 2144 aposto-

1088 2159 1153 2220 licis
1174 2159 1206 2219 in
1228 2157 1421 2220 contrarium
1445 2158 1685 2234 praemissorum
1707 2175 1836 2237 quomo-

1088 2251 1204 2313 dolibet
1224 2251 1386 2326 concessis,
1403 2251 1593 2312 confirmatis
1615 2259 1645 2314 et
1667 2253 1833 2314 innovatis.

1088 2345 1204 2419 Quibus
1225 2344 1370 2405 omnibus
1392 2352 1428 2404 et·
1443 2343 1587 2420 singulis,
1608 2344 1733 2406 illorum
1749 2353 1835 2408 teno-

1089 2455 1138 2500 res
1160 2437 1371 2518 praesentibus
1393 2452 1449 2515 pro
1481 2437 1572 2516 plene
1594 2446 1625 2500 31
1645 2438 1837 2502 sufficienter

1090 2533 1252 2610 expressis,
1276 2531 1368 2592 aede
1390 2531 1485 2592 verbo
1506 2533 1542 2591 ad
1564 2532 1695 2594 verbum
1713 2533 1837 2596 insertis

1088 2625 1252 2698 babentes,
1274 2624 1336 2684 illis
1357 2622 1428 2684 alias
1449 2625 1482 2684 in
1500 2640 1556 2686 suo
1570 2625 1680 2686 robore
1696 2642 1837 2704 perman·

1090 2718 1181 2792 suris,
1204 2717 1240 2778 ad
1262 2705 1502 2794 praemissorum
1524 2717 1680 2793 effectum,
1697 2720 1751 2782 bac
1770 2722 1838 2783 vice

1091 2814 1261 2883 dumtaxat,
1293 2808 1466 2886 specialiter
1487 2817 1519 2870 et
1539 2825 1682 2888 expresse
1711 2815 1838 2890 deroga·

1092 2920 1173 2978 3133,
1189 2904 1379 2980 caeterisque
1400 2903 1562 2963 contrariis
1577 2904 1835 2984 quibuscumque.

1131 2999 1243 3058 ilatum
1270 2995 1396 3070 Romae,
1422 2995 1500 3072 apud
1530 2994 1560 3057 S.
1592 2996 1718 3058 llariam
1746 2999 1838 3061 111313-

1092 3107 1170 3166 rem,
1183 3090 1241 3152 sub
1254 3087 1372 3150 annulo
1387 3088 1559 3163 Piscatores,
1572 3090 1623 3151 die
1636 3106 1728 3153 xvru.
1742 3107 1838 3170 augu-

1091 3187 1131 3247 sti
1152 3197 1343 3256 unccxvur,
1360 3182 1555 3259 pontilicatus
1576 3186 1675 3245 nostri
1696 3201 1779 3248 anuo
1794 3203 1816 3247 1.

1446 3466 1482 3528 tl.

1094 3649 1261 3730 Episcopus
1276 3658 1382 3714 monet
1397 3667 1454 3730 per
1469 3652 1635 3730 epistolant
1647 3655 1840 3734 encyclicam

1133 3745 1169 3806 33
1190 3746 1320 3828 unitate
1351 3747 1583 3826 interpretans
1610 3747 1780 3820 servanda,
1805 3749 1840 3809 33

1133 3853 1258 3898 morant
1280 3841 1468 3909 sanctitate,
1492 3838 1528 3900 de
1547 3839 1731 3917 peracieiose
1745 3842 1780 3902 in
1795 3843 1840 3902 eis

1135 3929 1267 3994 libidine
1295 3931 1494 4003 dominandi,
1524 3934 1560 3995 33
1588 3934 1779 4008 inevidentia,
1804 3935 1840 3995 de

1134 4026 1244 4086 inanis
1265 4023 1387 4104 pieriae
1408 4025 1600 4102 rapiditate,
1624 4033 1654 4088 et
1677 4027 1841 4090 3333313·

1135 4121 1221 4180 tione
1241 4127 1280 4182 33
1302 4119 1344 4178 iis
1364 4119 1594 4196 praecavendo,
1610 4120 1647 4181 de
1660 4121 1842 4182 misericer-

1135 4212 1191 4274 dia
1212 4211 1247 4271 in
1268 4226 1434 4290 pauperes,
1458 4211 1584 4291 331133,
1607 4215 1841 4276 3313333333-

1134 4305 1233 4378 sione,
1262 4305 1503 4382 perseverantie
1535 4307 1570 4366 in
1596 4306 1841 4388 3333333133-

1136 4399 1255 4472 dandis,
1280 4399 1317 4459 33
1338 4399 1477 4476 efficacia
1501 4399 1706 4461 sacrosancti
1727 4399 1843 4464 Missae

1138 4491 1309 4571 8333311311,
1327 4491 1363 4553 33
1385 4491 1553 4561 doctrinis,
1571 4491 1685 4570 quibes
1702 4494 1842 4556 31331313

1134 4585 1239 4664 fideles
1262 4585 1423 4648 tineaene·
1445 4591 1535 4656 3331,
1559 4587 1595 4646 33
1615 4581 1842 4663 3333331333-

1136 4696 1267 4742 erorum
1278 4680 1506 4740 mittistroram
1522 4677 1681 4750 elect-iane,
1697 4680 1732 4740 de
1749 4695 1842 4758 opera

1135 4774 1238 4835 333313
1260 4772 1381 4834 stadiis
1401 4772 1561 4840 adverada,
1580 4771 1615 4832 33
1630 4773 1840 4834 concionandi

1136 4883 1277 4936 3333333,
1301 4866 1486 4926 iteratione
1508 4882 1570 4942 qna
1592 4882 1656 4926 3333
1673 4883 1779 4946 perere
1793 4867 1842 4928 33-

1136 4961 1209 5022 berat
1230 4963 1258 5019 si
1279 4961 1365 5038 [3313
1386 4958 1468 5020 desit
1489 4960 1633 5038 [3331133
1650 4960 1787 5034 3133331,
1806 4962 1842 5022 33

1137 5054 1293 5114 continua
1311 5054 1497 5128 praesentia
1512 5054 1547 5115 in
1563 5054 1707 5126 diaecesi,
1724 5055 1760 5116 de
1774 5070 1842 5114 333-

1137 5147 1172 5210 13
1193 5154 1223 5207 31
1245 5145 1384 5222 adempto
1406 5145 1447 5206 33
1468 5147 1574 5226 333313
1595 5147 1843 5220 31111131333,33

1136 5241 1262 5301 meritis
1284 5240 1325 5302 33
1346 5239 1564 5317 episcopatem
1584 5241 1761 5319 requisitis.

1271 5422 1457 5490 elidens
1480 5424 1580 5492 ΡΑΡΛ
1602 5423 1672 5492 ltttt.

1296 5617 1496 5684 venerabiles
1516 5617 1645 5698 iratres,

1129 5713 1258 5780 salutern
1280 5718 1313 5779 et
1333 5713 1530 5796 apostolicam
1553 5712 1804 5780 benedictionem.

1137 5907 1155 5979 ἓ
1180 5905 1205 5964 1.
1230 5906 1255 5965 Α
1277 5921 1338 5983 quo
1357 5907 1406 5967 die
1422 5907 1511 5968 trabis
1524 5913 1649 5985 praeter
1662 5905 1843 5984 opinionem
1877 5927 2076 5974 onumericen-

1099 6013 1235 6062 nostram
1257 6004 1438 6065 incredibile
1459 6005 1534 6066 titud
1556 6005 1675 6086 accidit,
1694 6015 1727 6069 ut
1741 6011 1777 6070 aq
1793 6006 1843 6070 sa.
1864 5981 2010 6082 ξιῗξιᾶξξῑῑῑῑῧ
2024 5979 2075 6036 ⁰⁹¹·
