4750 6980
66 577 103 628 ln.
115 575 141 626 [l.
161 569 226 622 ttae

254 705 377 768 sliensis
398 707 565 786 Episcopus
586 706 784 770 residentiam
803 721 889 766 suam
903 704 1002 768 lacere

255 797 379 862 debebit
408 799 486 862 dicta
516 801 678 878 apostolica
707 799 888 861 auctoritate
909 797 1000 859 etiam

255 901 405 972 perpetuo
435 889 607 973 respective
640 893 838 956 concedimus
870 898 900 953 et
931 891 1001 952 assi·

256 1002 399 1064 gnamus.

73 1085 183 1131 concessio
199 1087 237 1132 in·
295 1081 384 1157 513.
409 1083 451 1143 hc
474 1090 632 1160 propterea
662 1081 769 1143 iisdem
794 1079 897 1156 primo
918 1075 1002 1138 iutu-

56 1141 279 1196 mmmm.

57 1193 121 1248 pitulo.

73 4545 235 4610 restinguet
289 4539 378 4615 git.
402 4541 445 4602 hc
466 4540 608 4617 ulterius

54 4598 105 4644 atrae
131 4604 235 4655 gratiae

54 4663 166 4700 idilCssSSae.

256 1193 298 1236 ns
319 1184 349 1238 et
372 1190 427 1255 pro
448 1183 589 1254 tempore
610 1173 815 1236 existentibus
836 1173 934 1234 dictae
955 1186 1001 1231 ca-

254 1267 400 1330 thedralis
430 1283 485 1346 per
514 1283 583 1343 nos,
606 1273 640 1328 ut
668 1265 853 1344 praefertur,
883 1270 1001 1325 erectae

255 1362 445 1440 praepositis,
467 1379 522 1426 seu
552 1361 693 1440 praelatis
714 1377 747 1422 ac
776 1357 942 1432 canonicis,
965 1364 1001 1417 ut

255 1454 311 1532 ipsi
337 1470 509 1534 eorumque
538 1455 569 1518 in
591 1454 722 1530 singulis
744 1450 946 1529 dignitatibus
967 1465 1000 1511 ac

254 1547 483 1610 canonicatibus
500 1554 531 1608 et
552 1547 734 1625 praebendis
748 1545 918 1622 respective
933 1559 999 1604 suc·

253 1655 399 1715 cessores,
416 1657 471 1719 pro
492 1640 601 1702 maiori
622 1641 720 1702 dictae
741 1636 923 1702 cathedralis
941 1637 998 1702 ,ltc-

253 1732 360 1794 clesiae
382 1749 436 1810 per
458 1750 526 1809 nos,
549 1741 583 1796 ut
605 1733 791 1811 praefertur,
808 1739 927 1792 erectae
948 1729 1001 1790 dei

253 1839 334 1897 core,
358 1831 388 1886 et
409 1827 442 1887 in
461 1841 497 1887 ea
519 1826 617 1889 divini
639 1826 742 1888 cultus
764 1830 944 1900 augmento,
967 1829 998 1883 et

253 1919 288 1981 ad
311 1919 515 1996 ingerendam
536 1920 569 1980 in
590 1919 702 1996 animis
723 1916 908 1996 populorum
926 1929 997 1990 erga

253 2010 307 2070 liei
328 2011 488 2074 ministros
517 2012 650 2075 indicta
679 2009 845 2074 cathedrali
873 2008 997 2071 ecclesia

252 2118 308 2180 per
328 2121 397 2179 nos,
413 2115 449 2167 ut
468 2105 655 2184 praelectur,
671 2107 771 2167 erecta
789 2101 999 2166 ecclesiasticis

253 2198 434 2263 ministeriis
454 2206 487 2260 et
506 2197 615 2260 ciliciis
633 2199 768 2261 addictos
782 2198 930 2258 maiorem
946 2213 997 2257 ve-

254 2294 461 2370 nerationem,
476 2299 657 2355 consuetam
671 2290 857 2369 pectoralem
872 2305 996 2351 crucem

252 2389 336 2451 iuxta
358 2386 489 2448 lormam
509 2386 547 2448 ab
568 2387 676 2448 eodem
697 2385 798 2464 primo
819 2384 926 2446 loturo
942 2384 999 2446 Su-

251 2481 412 2561 prasliensi
434 2481 583 2560 Episcopo
608 2469 850 2557 praefinienclam
879 2478 995 2540 tamin

252 2574 329 2638 dicta
351 2573 519 2636 cathedrali
540 2573 665 2636 ecclesia
693 2589 747 2651 per
767 2589 836 2648 nos,
859 2578 893 2633 ut
913 2588 998 2650 prae-

222 2666 369 2742 ·lertur,
402 2673 519 2740 evecta,
552 2682 645 2745 quam
680 2676 784 2742 extra,
822 2667 853 2728 in
877 2681 995 2744 proces·

252 2760 391 2822 sionibus
421 2767 452 2821 et
481 2759 686 2835 funeralibus,
719 2760 936 2823 anniversariis
967 2767 996 2821 et

252 2852 317 2914 aliis
338 2853 585 2932 quibuscumque
606 2853 723 2914 actibus
740 2860 770 2914 et
785 2852 998 2915 functionibus

252 2947 382 3026 publicis
403 2952 432 3008 et
454 2947 594 3025 privatis,
616 2963 650 3008 ac
671 2947 752 3007 inter
780 2947 944 3008 missarum
966 2953 996 3008 et

252 3042 400 3103 horarum
430 3039 646 3102 canonicarum
677 3039 861 3103 diurnarum
889 3049 998 3104 autte-

250 3148 423 3212 sperarum,
450 3132 646 3211 aliorumque
676 3133 857 3197 divinorum
885 3131 997 3196 officio·

252 3243 322 3289 rum
353 3227 531 3290 huiusmodi
563 3227 815 3302 celebrationem,
841 3245 874 3290 ac
904 3227 995 3290 etiam

252 3327 336 3382 extra
368 3321 552 3399 praedictam
584 3321 737 3382 civitatem
770 3328 800 3382 et
831 3321 996 3384 dioecesim

252 3414 495 3492 Suprasliensem
518 3430 572 3492 per
592 3431 660 3490 nos,
678 3422 711 3477 ut
730 3415 914 3494 praefertur,
931 3432 995 3478 ere-

251 3518 311 3571 ctas
332 3516 363 3570 et
384 3501 500 3587 nbiq'ue
525 3508 677 3583 locorum,
700 3510 792 3570 etiam
810 3525 846 3608 m
867 3508 998 3586 synoda-

251 3603 341 3678 libus,
365 3602 615 3681 provincialibus,
642 3601 848 3678 generalibus,
871 3602 998 3664 univer-

250 3695 425 3775 salibusque
446 3695 595 3768 conciliis,
611 3695 702 3757 etiam
718 3694 938 3774 inpraesentia
954 3695 999 3757 di-

251 3797 372 3852 ctorum
394 3787 523 3851 Sanctae
544 3788 699 3849 Romanae
721 3788 873 3850 Ecclesiae
895 3787 998 3849 Cardi-

252 3882 369 3944 nalium
398 3882 492 3943 etiam
514 3881 552 3944 de
572 3880 669 3943 latere
689 3881 886 3958 Legaterum,
910 3881 997 3942 vice-

252 3976 438 4052 Legatorum
458 3982 489 4036 et
510 3973 596 4038 Sedis
619 3975 806 4053 Apostolicae
827 3975 998 4052 praedictae

252 4067 454 4144 Nuntiorum,
467 4069 776 4148 hrchiepiscoporum
790 4078 822 4132 et
837 4072 997 4150 Episcopo·

252 4179 333 4238 rum,
356 4179 389 4226 ae
410 4163 562 4227 Ordiuarii
588 4165 680 4226 etiam
702 4165 828 4242 proprii,
852 4164 902 4227 vel
923 4166 996 4227 alio-

252 4275 322 4321 rum
337 4274 619 4338 quorumcumque,
631 4258 751 4322 deterre
767 4267 798 4322 et
813 4269 943 4338 gestare,
960 4263 995 4324 il-

252 4353 340 4432 laque
362 4355 533 4432 respective
554 4354 599 4414 uti
622 4353 716 4414 libere
732 4361 762 4416 et
781 4355 863 4418 licite
878 4358 995 4435 possint

252 4455 282 4508 et
301 4446 436 4509 valeant.

631 4549 666 4604 ut
686 4541 743 4620 ipsi
759 4551 913 4606 eteorum
929 4547 995 4625 qui-

252 4636 335 4712 libet,
358 4653 414 4699 nec
436 4652 500 4698 non
521 4637 659 4714 ipsorum
687 4639 828 4700 oihciales
849 4647 882 4701 et
904 4641 996 4702 mini-

250 4731 315 4806 stri,
333 4747 391 4793 nec
406 4747 469 4792 non
484 4747 544 4805 res,
561 4732 651 4806 bona,
668 4734 869 4809 proprietates
884 4741 914 4795 et
928 4735 994 4796 iura

250 4841 463 4904 quaecumque
483 4826 628 4888 omnibus
649 4833 680 4887 et
700 4827 831 4903 singulis
853 4834 914 4888 tam
935 4829 995 4906 spi-

250 4917 412 4980 ritualibus
432 4933 526 4997 quam
558 4919 787 4997 temporalibus,
811 4921 993 4998 privilegiis,

251 5011 517 5088 immunitatibus,
550 5013 814 5092 exemptionibus,
847 5017 996 5092 praeemi-

251 5106 375 5180 nentiis,
398 5106 648 5182 antelationibus,
671 5107 930 5184 concessionibus,
948 5111 994 5172 in-

250 5196 354 5274 uultis,
377 5198 532 5261 favoribus
553 5206 584 5262 et
606 5200 724 5276 gratiiS,
740 5201 852 5280 quibus
866 5202 941 5264 aliae
956 5203 997 5264 si-

252 5293 338 5354 miles
368 5291 492 5354 illarum
522 5293 656 5370 partium
683 5293 872 5356 cathedrales
900 5294 995 5357 eccle·

250 5387 309 5449 siae
330 5386 469 5448 eiusdem
491 5387 581 5462 ritus,
605 5402 776 5465 eorumque
791 5387 932 5465 capitula,
948 5405 995 5450 ca·

251 5481 352 5543 nouici
372 5497 405 5544 ac
427 5481 591 5558 dignitates
614 5481 645 5541 in
667 5481 710 5542 eis
725 5481 913 5556 obtinentes
929 5481 996 5543 illa-

252 5591 382 5653 rumque
396 5574 540 5648 ministri,
551 5590 585 5635 ac
599 5574 685 5647 bona,
696 5573 774 5650 iura,
784 5591 843 5649 res,
854 5577 994 5654 proprie·

252 5677 323 5731 tates
339 5670 377 5731 de
392 5667 470 5743 iure,
482 5685 551 5744 usu,
565 5665 801 5742 consuetudine,
815 5668 991 5745 privilegio,

250 5769 300 5824 aut
321 5760 393 5822 alias
418 5759 662 5840 quomodolibet,
686 5776 749 5821 non
775 5767 879 5822 tamen
903 5761 992 5822 titulo

250 5869 379 5916 oneroso
399 5860 451 5914 aut
472 5869 509 5914 ex
531 5851 653 5914 indulto
673 5868 727 5914 seu
751 5852 911 5930 privilegio
927 5870 993 5932 par·

251 5946 383 6020 ticelari,
416 5952 560 6021 utuntur,
586 5945 747 6020 fruuntur,
772 5946 936 6025 potiuntur
962 5955 992 6010 et

355 6091 406 6137 lter.
425 6091 493 6137 Porti.
510 6091 541 6138 de
553 6099 626 6151 rrop.
642 6091 705 6138 Fide
719 6093 800 6140 Partis
815 6094 833 6138 l.
849 6091 902 6139 vol.
918 6093 956 6138 lv.

924 588 994 632 vttts
1016 588 1066 633 1³1³.
1089 583 1132 632 Vl.

1058 705 1203 780 gaudent,
1220 721 1253 765 ac
1270 703 1326 778 uti,
1342 702 1415 777 lrei,
1433 701 1524 780 potiri
1540 707 1570 762 et
1586 698 1719 777 gaudere
1735 711 1801 774 pos·

1056 803 1129 858 sunt
1157 805 1189 858 et
1220 803 1368 874 poterunt
1398 793 1627 874 quomodolibet
1654 791 1688 853 in
1718 789 1802 852 lutu-

1057 906 1140 964 rum,
1172 889 1317 952 similiter
1347 898 1378 953 et
1408 887 1617 968 paritormiter
1645 901 1678 946 ac
1705 897 1802 960 aeque

1055 979 1267 1061 principaliter
1288 984 1401 1062 absque
1421 981 1483 1044 ulla
1510 995 1636 1061 prorsus
1656 976 1802 1041 dilleren·

1057 1075 1109 1150 tia,
1131 1077 1298 1138 dummodo
1328 1083 1432 1138 tamen
1465 1075 1516 1137 illa
1543 1072 1660 1135 sintin
1690 1087 1745 1132 usu
1769 1075 1800 1131 et

1056 1182 1119 1228 uon
1148 1177 1287 1230 revocata
1309 1186 1365 1233 neo
1392 1169 1451 1232 sub
1478 1168 1579 1246 aliqua
1605 1163 1802 1226 revocatione

1055 1262 1286 1339 comprehensa,
1310 1263 1464 1341 sacrisque
1485 1259 1653 1323 canonibus
1675 1262 1706 1318 et
1722 1257 1801 1320 Con-

1054 1353 1116 1415 cilii
1144 1355 1317 1418 Tridentini
1346 1353 1626 1431 decretisaliisqne
1652 1349 1800 1412 constitu-

1056 1447 1189 1510 tionibus
1211 1457 1242 1511 et
1269 1449 1513 1512 ordinationibus
1544 1444 1716 1524 apostolicis
1737 1458 1800 1506 non

1054 1550 1242 1618 repugnent,
1265 1543 1357 1604 etiam
1383 1543 1441 1617 uti,
1463 1540 1537 1616 lrui,
1560 1537 1654 1619 potiri
1676 1544 1706 1599 et
1728 1552 1800 1608 gau·

1054 1634 1128 1695 dere
1156 1639 1272 1715 possint
1300 1646 1331 1702 et
1353 1637 1475 1699 valeant
1501 1633 1631 1724 perinde
1655 1631 1734 1693 acsi
1757 1628 1801 1690 eis

1052 1731 1236 1809 specialiter,
1247 1733 1435 1795 nominatim
1452 1739 1484 1793 et
1498 1743 1640 1808 expresse
1658 1740 1800 1788 concessa

1053 1825 1194 1903 luissent,
1210 1827 1288 1888 dicta
1302 1825 1465 1905 apostolica
1491 1822 1671 1885 auctoritate
1692 1817 1800 1881 itidem

1054 1929 1202 1998 perpetuo
1229 1921 1401 1999 respective
1426 1916 1624 1981 concedimus
1646 1919 1676 1975 et
1698 1910 1800 1974 indul-

1053 2030 1171 2090 gemus

1090 2112 1109 2186 5
1132 2112 1179 2173 ld.
1199 2113 1373 2185 Caeterum,
1391 2118 1426 2173 ut
1439 2115 1520 2172 recta
1538 2109 1569 2168 in
1586 2104 1737 2185 praedicte
1752 2119 1798 2163 ca·
1818 2173 1830 2207 s
1832 2109 2031 2218 sslssqssssffiffl

1052 2206 1180 2268 thedrali
1211 2206 1336 2268 ecclesia
1365 2220 1420 2282 per
1448 2219 1516 2279 nos,
1550 2207 1584 2262 ut
1612 2198 1797 2278 praefertur,
1818 2217 1875 2261 aem
1890 2216 2010 2273 capituto.

1051 2309 1152 2363 erecta
1174 2300 1206 2361 in
1228 2299 1264 2360 iis
1285 2315 1365 2377 quae
1385 2298 1469 2359 illius
1490 2293 1660 2373 capitulum
1674 2305 1800 2352 concer-

1051 2401 1145 2471 nunt,
1167 2393 1368 2456 ecclesiastica
1389 2390 1547 2468 disciplina
1569 2393 1724 2460 servetur,
1740 2383 1800 2446 eis-

1051 2487 1120 2548 ulem
1152 2487 1252 2565 primo
1283 2485 1396 2548 interis
1425 2493 1455 2546 et
1483 2498 1537 2562 pro
1569 2487 1708 2558 tempore
1734 2478 1799 2541 exi-

1049 2580 1203 2642 stentibus
1233 2578 1332 2641 dictae
1362 2576 1542 2640 cathedralis
1569 2573 1714 2636 ecclesiae
1744 2587 1799 2648 per

1051 2692 1117 2752 nos,
1141 2683 1175 2735 ut
1196 2671 1380 2752 praelector,
1403 2677 1523 2732 erectae
1544 2666 1723 2746 praepositis
1743 2681 1798 2726 seu
1852 2669 1854 2675 ‘

1049 2768 1201 2846 praelatis,
1223 2767 1420 2844 singulisque
1442 2763 1607 2838 canonicis,
1629 2769 1663 2822 ut
1680 2761 1735 2839 ipsi
1751 2777 1797 2822 ea·

1049 2863 1224 2942 pitulariter
1241 2862 1418 2938 congregati
1434 2863 1489 2938 pro
1504 2857 1602 2920 dictae
1616 2855 1799 2920 cathedralis

1049 2956 1193 3018 ecclesiae
1221 2970 1277 3033 per
1307 2972 1373 3031 nos,
1397 2959 1432 3016 ut
1453 2950 1639 3030 praeiertur,
1663 2955 1794 3024 erectae,

1049 3051 1194 3128 illiusque
1222 3065 1347 3113 mensae
1375 3047 1561 3126 capitularis,
1585 3059 1644 3105 nec
1664 3057 1729 3102 non
1751 3057 1799 3102 sa-

1050 3143 1181 3220 cristiae,
1204 3159 1377 3221 eorumque
1390 3141 1564 3221 respective
1578 3153 1685 3200 rerum
1701 3141 1731 3198 et
1745 3135 1798 3196 bo-

1049 3253 1164 3300 norum
1186 3253 1219 3301 ac
1241 3236 1359 3299 iuriunr
1381 3244 1442 3297 tam
1456 3233 1683 3314 spiritualium,
1706 3246 1797 3309 quam

1051 3332 1267 3409 temporalium
1290 3347 1436 3410 prospero
1458 3337 1489 3391 et
1509 3329 1591 3391 ielici
1608 3334 1701 3404 statu,
1717 3326 1799 3402 regi·

1050 3428 1146 3502 mine,
1163 3425 1316 3502 gubernio
1331 3433 1362 3487 et
1377 3424 1555 3500 directione,
1572 3437 1708 3485 necnon
1724 3436 1799 3482 one-

1049 3536 1121 3582 rum
1144 3519 1203 3581 iltis
1225 3535 1309 3582 nunc
1331 3525 1361 3582 et
1382 3533 1438 3595 pro
1461 3524 1601 3592 tempore
1629 3515 1797 3594 quomodo·

1049 3615 1125 3676 libet
1147 3612 1397 3675 incumbentium
1417 3610 1660 3688 supportatione,
1677 3609 1802 3673 divino·

1050 3724 1120 3772 rum
1151 3707 1337 3782 officiorum,
1359 3704 1604 3783 processionum,
1638 3703 1795 3782 lunerum,
1895 3741 1897 3746 .

1049 3799 1334 3864 anniversariorum
1364 3805 1396 3860 et
1417 3797 1635 3874 sullragiorum
1666 3797 1799 3872 celebra·

1051 3899 1155 3971 tione,
1192 3893 1450 3956 distributionum
1484 3890 1733 3970 quotidianarum
1769 3899 1800 3953 et

1049 3989 1183 4050 aliorum
1211 3986 1500 4050 emolumentorum
1526 4001 1799 4065 quorumcumque

1050 4083 1223 4157 exactione,
1247 4079 1453 4157 perceptione,
1484 4077 1696 4156 repertitione,
1720 4080 1798 4142 divi-

1050 4177 1148 4251 sione,
1181 4187 1352 4253 poenarum
1381 4189 1434 4251 per
1455 4173 1607 4248 absentes,
1631 4180 1661 4234 et
1683 4174 1797 4238 divinis

1051 4270 1157 4340 officiis
1178 4265 1356 4329 huiusmodi
1370 4266 1432 4326 suis
1449 4266 1515 4328 loco
1533 4273 1564 4327 et
1579 4273 1720 4346 tempore
1735 4283 1798 4330 non

1051 4365 1281 4440 interessentes,
1311 4378 1365 4424 seu
1387 4377 1480 4423 onera
1509 4369 1539 4424 et
1560 4364 1733 4425 ministeria
1755 4365 1799 4426 eis

1022 4516 1025 4556 Ι
1050 4464 1210 4522 eteorum
1240 4457 1367 4519 cuilibet
1394 4456 1564 4532 respective
1587 4455 1797 4520 incumbentia

1050 4552 1309 4614 incurrendarum
1322 4551 1460 4626 incursu,
1471 4551 1599 4612 servitio
1614 4551 1701 4613 chori
1713 4567 1799 4629 prae-

1022 4645 1168 4764 [standq
1200 4643 1397 4720 singulorum
1428 4645 1610 4722 praesentiis
1641 4644 1796 4721 notandis,

1021 4767 1024 4864 p
1048 4737 1250 4801 caeremoniis
1271 4753 1303 4799 ac
1332 4737 1441 4798 ritibus
1464 4737 1496 4798 in
1518 4737 1671 4816 praedicta
1695 4738 1797 4801 cathe-

1048 4832 1124 4894 drali
1152 4830 1277 4892 ecclesia
1299 4845 1353 4908 per
1374 4846 1441 4905 nos,
1465 4837 1500 4891 ut
1522 4830 1705 4908 praefertur,
1729 4847 1797 4894 ere-

1048 4932 1106 5001 cta,
1130 4923 1276 5001 illiusque
1298 4923 1402 5000 choro,
1426 4923 1572 5001 capitulo,
1596 4925 1798 5000 processioni-

1049 5017 1106 5080 bus
1139 5023 1170 5078 et
1200 5016 1266 5078 aliis
1295 5018 1413 5080 actibus
1443 5017 1660 5096 capitularibus
1690 5017 1799 5080 huius-

1049 5110 1132 5173 modi
1153 5111 1322 5188 servandis,
1345 5109 1524 5173 officialibus
1538 5119 1569 5171 et
1585 5111 1736 5174 ministris
1752 5111 1797 5171 di-

1048 5212 1114 5266 otae
1133 5203 1314 5268 cathedralis
1336 5204 1479 5265 ecclesiae
1499 5219 1554 5280 per
1577 5219 1643 5281 nos,
1661 5213 1696 5266 ut
1711 5219 1797 5280 prae·

1049 5297 1161 5373 lertur,
1194 5304 1312 5359 erectae
1344 5296 1520 5358 necessariis
1552 5296 1735 5374 deputandis
1768 5305 1798 5359 et

1048 5391 1237 5467 amovendis,
1253 5409 1286 5454 ac
1301 5391 1481 5453 ministeriis
1497 5407 1552 5469 per
1568 5393 1648 5470 ipsos
1662 5392 1797 5454 subeun-

1048 5483 1106 5560 dis,
1119 5483 1233 5546 salariis
1248 5491 1279 5545 et
1294 5484 1453 5560 stipendiis
1468 5486 1667 5561 praestandis,
1681 5502 1714 5546 ac
1729 5486 1798 5565 qui-

1049 5577 1240 5654 buscumque
1260 5577 1327 5638 aliis
1349 5576 1440 5639 rebus
1456 5579 1489 5638 in
1503 5579 1679 5654 praemissis
1694 5585 1724 5640 et
1739 5579 1797 5640 cir·
1879 5653 1884 5663 Ι

1048 5685 1079 5729 ca
1108 5670 1272 5746 praemissa
1305 5669 1536 5748 quomodolibet
1566 5671 1744 5734 necessariis
1767 5680 1797 5736 et

1048 5763 1243 5840 opportunis,
1260 5778 1473 5842 quaecumque
1490 5771 1614 5842 statuta,
1630 5766 1797 5829 ordinatio·

1047 5871 1114 5930 nes,
1136 5855 1267 5932 capitula
1282 5863 1313 5918 et
1328 5857 1459 5933 decreta,
1476 5857 1559 5920 licita
1576 5867 1678 5922 tamen
1695 5867 1726 5922 et
1741 5861 1795 5920 ho-

1047 5957 1145 6026 nesta,
1167 5966 1200 6012 ac
1220 5948 1337 6011 eisdem
1358 5951 1450 6014 sacris
1473 5953 1641 6014 canonibus
1662 5960 1693 6013 et
1716 5951 1796 6015 Con·

1666 6099 1723 6140 Μ-

1725 559 1784 624 quq
1833 554 1887 608 tn.
1902 558 1931 610 c.
1954 555 2021 610 vtae
