4808 6988
343 531 397 587 An.
412 535 441 588 (l.
464 533 530 586 teat

348 2269 491 2324 designatio
507 2281 546 2314 ur·
603 2259 621 2332 5

335 2321 545 2386 bissuwathipro

334 2387 401 2476 m
423 2377 546 2434 erigenda

356 4334 451 4379 Erectio
467 4344 549 4380 novae

338 4387 550 4450 sediscumsup-

339 4452 467 4498 pressione
480 4453 550 4498 prae-

338 4495 458 4540 cedentis.

582 533 640 599 608

560 670 736 732 stolicarum
757 668 815 729 suh
829 665 956 744 plumbo
978 664 1117 726 [latarum
1139 660 1237 738 pridie
1252 661 1304 721 ka-

556 762 666 826 lendas
687 761 766 836 iulii,
788 761 983 839 pontificatus
1004 756 1101 818 nostri
1123 769 1204 816 anno
1227 753 1305 818 deci·

1082 545 1144 590 itlit.
1169 543 1259 588 Ponti
1284 542 1324 587 hit
1346 543 1374 587 P·
1399 544 1428 588 E.
1453 542 1536 588 PARS
1558 543 1578 586 i.

1360 660 1470 736 ctibus,
1501 663 1683 737 redditibus,
1708 663 1922 743 proventibus,
1953 659 2106 738 insigniis,

1361 753 1491 830 iuribus,
1505 757 1768 831 praeeminentiis,
1784 755 1965 834 privilegiis,
1982 755 2107 817 honori-

1362 844 1430 918 bus,
1454 847 1560 920 gratiis
1582 855 1612 910 et
1635 847 1802 922 favoribus,
1825 849 1936 926 quibus
1958 849 2106 925 gaudent,

1362 937 1461 998 sirmis
1482 939 1520 1001 de
1550 948 1672 1002 caetero
1698 942 1930 1003 remanentibus
1960 941 2107 1002 dioecesis

562 1041 817 1112 wladislaviensi,
835 1056 896 1118 quo
911 1037 1057 1100 defuncto
1073 1035 1104 1096 in
1120 1034 1186 1096 eius
1203 1033 1305 1095 locum
1332 1058 1334 1079 ι
1363 1027 1513 1092 limitibus
1534 1033 1566 1094 in
1585 1034 1742 1095 erectione
1757 1033 1948 1112 episcopatus
1970 1031 2109 1110 Seynen·

562 1151 634 1196 ven.
658 1135 785 1196 tratrem
813 1132 1005 1211 Stephanum
1034 1128 1217 1204 Hotowezyc
1243 1139 1305 1184 oro-
1332 1085 1335 1162 ι
1362 1123 1402 1186 sis
1428 1140 1483 1186 seu
1506 1127 1763 1202 Augustoviensis
1789 1127 1909 1206 pridem
1937 1129 2106 1204 assignatis,

562 1230 692 1292 dennuni
707 1227 976 1304 arciiiepiscopum
993 1221 1227 1284 llarsaviensem
1244 1216 1306 1295 ple·
1333 1182 1335 1272 i
1362 1215 1395 1276 in
1418 1217 1561 1280 omnibus
1583 1222 1617 1280 ad
1640 1220 1772 1282 formam
1793 1221 2018 1283 antedictarum
2041 1222 2106 1284 lite·

562 1323 648 1386 narie
670 1321 859 1393 suitecimus,
883 1325 973 1396 atque
995 1333 1032 1377 ex
1054 1313 1197 1376 distincta
1219 1311 1306 1372 abeo
1333 1289 1335 1392 i
1364 1311 1729 1389 rarumapostolicarum:
1747 1313 1906 1376 licentiam
1921 1315 2040 1375 interea
2056 1315 2110 1375 tri·

561 1431 633 1478 cum
654 1413 839 1477 authenticis
860 1409 1053 1474 documentis
1073 1405 1186 1469 ad'nos
1210 1411 1307 1466 trans·
1333 1399 1336 1479 l
1364 1402 1506 1478 boemos,
1529 1414 1564 1468 ut
1585 1407 1682 1470 donec
1710 1407 1821 1470 fabrica
1844 1423 1942 1469 novae
1962 1405 2108 1470 ecclesiae

561 1511 652 1572 missa
674 1506 824 1571 relatione
838 1514 942 1582 aperte
957 1502 1181 1574 intelleximus,
1197 1513 1306 1574 graves
1333 1486 1335 1555 l
1363 1496 1457 1558 luerit
1478 1499 1627 1574 absoluta,
1649 1501 1813 1563 servitium
1834 1500 1918 1566 chori
1935 1511 1965 1563 et
1980 1509 2108 1564 cunctae

562 1603 597 1666 ad
620 1602 891 1666 constabiliendum
907 1596 1109 1677 episcopalem
1131 1592 1306 1655 cathedram
1333 1598 1336 1715 {
1363 1590 1869 1672 aliaefunctionesecclesiasticae,
1883 1597 2018 1658 acetiam
2033 1611 2108 1674 pon-

563 1697 729 1759 incivitate
741 1691 1045 1772 Seyna,praesertint
1058 1686 1212 1749 obminus
1223 1693 1306 1762 aptas
1333 1724 1336 1771 1
1363 1685 1495 1761 tilicalia,
1520 1687 1550 1748 in
1575 1703 1666 1766 supra
1690 1693 1852 1753 enunciata
1875 1690 2039 1770 parochiali
2060 1703 2109 1750 ec-

563 873 613 919 mo
635 871 730 929 nono,
754 856 999 932 exequutionem
1022 847 1232 911 commisimus
1254 845 1301 908 ho.

563 965 656 1010 mern.
681 947 842 1009 Francisco
860 943 1048 1008 Malczewski
1072 947 1139 1002 turn
1156 940 1305 1018 Episcopo

563 1779 1307 1862 ecclesiametdomos,opponiditiicultatesquae
1333 1780 1336 1861 l
1363 1779 1451 1840 clesia
1474 1780 1689 1846 Sanctissimae
1711 1785 1817 1846 Crucis
1838 1784 2073 1862 adimpleantur.

1403 1875 1421 1948 5
1443 1874 1471 1934 5.
1488 1875 1632 1949 Quocirca
1648 1879 1749 1939 eidem
1764 1893 1836 1940 ven.
1851 1878 1938 1940 tratri
1954 1878 2108 1957 Stephano
2127 1882 2334 1983 ,figffiffli

1364 1969 1598 2047 Archiepiscopo
1614 1971 1808 2034 Varsaviensi
1825 1973 2060 2047 committimus,
2074 1981 2109 2035 ut
2128 2001 2210 2036 novae
2235 1990 2299 2035 soors
2313 1997 2334 2038 u
2391 1983 2392 2018 ³

1422 2077 1534 2124 novam
1557 2064 1734 2142 episcopalis
1749 2065 1892 2128 ecclesiae
1915 2065 2110 2128 Suwatlxien-
2127 2054 2333 2154 {gfssfipffsfflff

563 1885 652 1948 nohis
667 1883 753 1944 tacite
768 1886 987 1960 persuaserunt
1005 1875 1180 1952 designatae
1194 1872 1308 1949 episco-

563 1977 637 2057 palis
649 1978 727 2038 sedis
739 1974 905 2051 Seynensis
919 1988 972 2032 seu
986 1965 1242 2045 Augustoviensis
1255 1979 1306 2024 ne-

564 2071 725 2134 cessariam
748 2068 812 2130 lore
832 2063 1107 2128 commutationem
1133 2075 1187 2120 seu
1212 2067 1307 2118 trans-

564 2165 722 2230 lationem.
1363 2155 1404 2214 sis
1424 2172 1478 2214 seu
1501 2155 1756 2231 tugostoviensis
1778 2176 1794 2219 a
1815 2159 1970 2236 praedicto
1992 2161 2109 2237 ignatio

643 2257 671 2318 3.
699 2253 909 2332 cognovimus
940 2251 1053 2327 pariter
1082 2249 1162 2309 intra
1194 2244 1307 2305 limites
1366 2247 1512 2326 Episcopo
1528 2250 1746 2325 gubernandae
1761 2253 1962 2328 erectionem,
1977 2272 2010 2316 ac
2032 2261 2109 2316 inea

566 2350 714 2415 territorii
736 2345 878 2424 assignati
910 2361 963 2422 pro
991 2341 1142 2420 Seynensi
1170 2357 1223 2400 seu
1248 2339 1308 2399 hu·
1367 2343 1852 2420 memoraticapitulicathedralis
1864 2348 2107 2424 translationem,

565 2442 754 2522 gustoviensi
782 2439 911 2501 dioecesi
937 2437 1046 2499 urbem
1077 2433 1228 2495 contineri
1252 2429 1309 2492 Su·
1365 2451 1420 2496 nec
1438 2451 1499 2496 non
1514 2437 1650 2498 decentis
1665 2439 2061 2516 episcopiiassignationem
2077 2459 2109 2503 ao

565 2537 659 2601 watki
680 2541 902 2611 nuncupatam,
918 2547 996 2608 quae
1012 2537 1118 2606 utpote
1133 2526 1230 2603 posita
1246 2525 1308 2584 lore
1334 2448 1338 2599 ι
1364 2529 1522 2590 seminarii
1543 2545 1712 2606 posterorum
1742 2533 1936 2594 ecclesiastici
1964 2545 2110 2612 opportu-

566 2636 596 2694 in
609 2631 708 2694 medio
721 2628 902 2709 palatinatus
915 2621 1170 2700 hugustoviensis
1181 2637 1213 2680 ac
1226 2618 1308 2680 illius
1335 2602 1338 2693 l
1366 2637 1437 2682 naut
1449 2623 1703 2685 constitutionem
1715 2626 1917 2688 convenienti
1929 2627 2026 2688 torma
2041 2645 2109 2706 pro-

565 2726 740 2806 provinciae
767 2719 909 2798 gubernii
932 2727 1033 2796 caput,
1062 2723 1154 2794 aitque
1184 2715 1309 2790 insuper
1335 2710 1338 2839 Ι
1365 2714 1461 2790 cedat,
1484 2715 1640 2795 simulque
1667 2719 1807 2780 consulat
1833 2727 1865 2780 ut
1888 2723 1921 2780 in
1950 2737 2109 2799 suppressa

563 2821 656 2882 sitin
679 2819 744 2880 loco
765 2815 878 2876 salubri
900 2821 931 2874 el
952 2827 1093 2883 amoeno,
1116 2825 1149 2870 ac
1172 2809 1203 2868 in
1227 2814 1309 2867 vasta
1335 2846 1337 2905 1
1365 2808 1528 2869 cathedrali
1557 2809 1682 2870 ecclesia
1705 2812 1735 2871 in
1759 2813 1883 2872 civitate
1904 2810 2023 2891 Seynae
2044 2816 2108 2875 ani·

565 2913 703 2993 planitie,
727 2909 838 2970 multas
861 2911 1023 2968 enumerat
1044 2904 1135 2964 etiam
1159 2917 1196 2962 ex
1217 2917 1308 2961 muro
1335 2910 1338 3027 i
1366 2917 1488 2963 marum
1509 2919 1581 2962 cura
1599 2912 1630 2965 ut
1646 2903 1731 2981 prius
1745 2912 1937 2980 exerceatur,
1960 2915 1991 2967 et
2011 2923 2109 2969 sacro-

564 3007 661 3070 solido
682 3003 763 3066 belle
793 3001 979 3072 aedificatas,
1009 2998 1183 3059 commodas
1203 3001 1234 3056 et
1257 3010 1310 3054 ve-
1335 3031 1338 3045 ·
1366 3011 1435 3056 rum
1460 2994 1676 3056 ministrorum
1690 3014 1723 3058 ac
1738 2997 1835 3059 divini
1851 3001 1953 3062 cultus
1967 3001 2110 3078 expensis

566 3108 671 3165 nustas
692 3101 809 3171 (tomos,
823 3095 985 3172 multoque
1008 3092 1111 3170 plures
1133 3089 1308 3168 complecti·
1364 3089 1554 3150 sullicienter
1568 3091 1728 3166 provisum
1742 3102 1911 3170 remaneas
1924 3095 1958 3154 ad
1975 3111 2110 3173 quorum

567 3207 618 3258 tur
639 3191 812 3256 incolarum
833 3187 964 3250 familias
982 3185 1092 3247 indies
1114 3185 1152 3246 oh
1174 3185 1308 3246 residen-
1366 3182 1509 3244 ellectum
1531 3199 1639 3244 omnes
1662 3191 1692 3246 et
1715 3185 1853 3261 singulas
1876 3187 1930 3265 ipsi
1954 3189 2109 3265 Stephano

565 3291 639 3351 tiam
661 3285 806 3364 gubernii
828 3279 1023 3362 provincialis
1044 3277 1226 3357 palatinaius
1248 3279 1309 3338 hu·
1366 3276 1601 3354 archiepiscopo
1614 3279 1796 3340 necessarias
1812 3289 1843 3342 et
1857 3290 2044 3358 opportunas
2058 3283 2112 3344 tri·

1364 2062 1398 2122 ad

566 3381 773 3460 gustoviensis
800 3383 1010 3453 augescentes,
1033 3383 1064 3435 et
1086 3375 1117 3434 in
1139 3389 1197 3450 apua
1229 3372 1309 3434 ultra

566 3473 769 3553 parochialem
783 3471 841 3534 suh
861 3469 950 3531 titulo
973 3467 1187 3531 Sanctissimae
1202 3467 1309 3529 Crucis

566 3569 726 3632 ecclesiam
747 3581 786 3626 ex
808 3564 892 3639 ligno
920 3569 1128 3623 constructam
1156 3560 1193 3621 ab
1222 3567 1309 3621 extra

567 3673 669 3726 tamen
692 3675 829 3736 congrue
844 3666 874 3718 et
890 3657 973 3717 intus
994 3654 1141 3715 decenter
1156 3664 1307 3729 ornatam,

1367 3369 1491 3432 haimos
1521 3369 1679 3433 facultates
1710 3373 1802 3433 etiam
1834 3373 1925 3435 aliam
1957 3376 2005 3436 vel
2038 3377 2110 3438 alias

1366 3481 1529 3544 personam
1547 3483 1602 3527 seu
1625 3481 1768 3544 personas
1791 3467 1821 3528 in
1845 3469 2043 3532 ecclesiastica
2068 3470 2110 3532 di-

1367 3561 1484 3637 gnitate
1505 3562 1703 3622 constitutam
1724 3573 1779 3623 seu
1801 3563 1982 3626 constitutas
2002 3565 2110 3628 subde-

1369 3657 1501 3734 legandi,
1532 3673 1564 3716 ac
1592 3671 1802 3733 quascumque
1831 3663 2051 3721 controversias
2080 3674 2111 3726 et

566 3757 657 3818 altera
681 3755 772 3830 longo
794 3751 925 3829 amplior
947 3765 984 3809 ex
1009 3747 1105 3808 solido
1126 3763 1217 3808 muro
1247 3762 1309 3808 rna·
1336 3738 1339 3831 l
1367 3752 1561 3830 quaestiones
1591 3749 1716 3810 torsitan
1745 3750 1878 3811 oriturae
1903 3755 2109 3832 examinandi,

567 3850 636 3926 gnis
656 3845 831 3925 sumptibus
856 3850 924 3905 actu
951 3841 1127 3902 aedificatur
1151 3855 1220 3902 oum
1245 3855 1308 3900 non
1337 3834 1339 3931 l
1367 3844 1521 3906 iudicandi
1537 3861 1569 3906 ac
1584 3842 1763 3915 definiendi,
1780 3843 1897 3905 sublata
1918 3847 2044 3910 cuilibet
2058 3850 2111 3912 ali-

566 3957 658 4018 parra
680 3940 716 4000 ah
744 3943 876 4014 utroque
908 3935 1002 3995 latere
1030 3949 1099 3993 area
1121 3947 1136 3992 3
1158 3932 1310 4008 gubernio
1368 3947 1414 4000 ier
1437 3936 1588 3998 iudicandi
1611 3942 1641 3996 et
1657 3936 1881 4014 interpretandi
1902 3936 2060 4002 laenitate:
2079 3944 2111 4006 ip

566 4031 749 4108 aulsignanda
765 4045 819 4107 pro
834 4026 1049 4090 construendis
1065 4035 1127 4086 tam
1144 4026 1175 4086 in
1190 4025 1309 4103 Episco·
1367 4032 1558 4094 corttrarium
1581 4029 1761 4091 iacientibus
1789 4031 1881 4092 etiam
1903 4034 2036 4111 speciali,
2059 4053 2112 4098 311.

567 4128 597 4207 pi
626 4141 718 4204 quam
741 4124 773 4186 in
800 4122 958 4184 seminarii
985 4135 1075 4182 usum
1103 4119 1180 4196 aptis
1208 4121 1309 4180 aediti·
1368 4123 2109 4206 111111113111111111111111111111011111111111,111111

567 4223 631 4284 niis·
1368 4221 1559 4284 obstantibus
1580 4219 1839 4296 quibuscumque.

607 4315 675 4391 §h
700 4309 880 4375 Huiusmodi
904 4311 1030 4386 insuper
1055 4309 1138 4370 curis
1161 4308 1311 4370 benevole
1338 4302 1340 4407 Ι
1408 4318 1426 4391 5
1451 4321 1480 4378 p.
1511 4313 1598 4375 Nulli
1627 4327 1701 4388 ergo
1728 4312 1858 4374 omnino
1883 4314 2046 4378 hominum
2077 4318 2111 4379 11.
2164 4326 2270 4390 sancus
2284 4337 2333 4382 pte-

569 4405 803 4472 obsecundaudo
818 4403 938 4465 laudato
953 4401 1126 4464 Alexandro
1141 4402 1310 4464 [iussorum
1338 4418 1341 4451 ⁴»
1368 4418 1431 4472 neat
1451 4411 1530 4471 iisne
1558 4408 1701 4484 paginam
1727 4413 1848 4468 nostrae
1876 4412 2110 4486 suppressionis,
2130 4380 2207 4426 ⁰²¹¹*

570 4505 755 4581 imnesnlffl'ss
775 4515 807 4560 ³ss
830 4496 970 4558 P⁰¹⁰nn¹0
1000 4511 1082 4571 nse,
1106 4512 1162 4556 nnn
1190 4498 1311 4572 pinnini
1338 4454 1341 4559 ι
1368 4502 1605 4572 exctinctionis,
1642 4499 1885 4575 annullationis,
1923 4503 2110 4580 erectionis,

568 4597 799 4676 nnnnl'nssnne,
823 4591 1013 4654 enlinsslinnn
1041 4596 1072 4651 θῑ
1098 4589 1312 4652 annullatione
1370 4595 1589 4668 translationis,
1611 4591 1854 4669 constitutionis,
1875 4587 2111 4672 commissionis,

569 4693 647 4754 sedis
669 4687 845 4768 episcopalis
860 4686 891 4746 in
915 4684 994 4746 dicta
1009 4683 1160 4762 Seynensi
1175 4685 1309 4760 civitate,
1369 4697 1399 4752 er
1421 4689 1570 4751 facultatis
1593 4686 1775 4763 infringere,
1798 4686 1848 4747 vei
1870 4689 1898 4748 111
1920 4705 1996 4752 111111
2019 4696 2113 4752 1111111.

569 4799 681 4847 novam
711 4783 777 4843 eius
801 4782 864 4842 loco
887 4781 919 4841 in
948 4778 1078 4857 praelata
1108 4779 1233 4840 civitate
1255 4777 1311 4840 Su-

569 4878 664 4941 watlxi
685 4875 835 4950 erigimus
850 4872 1052 4952 episcopalem
1067 4873 1171 4932 sedem
1194 4871 1311 4934 Suwat·

570 4973 710 5033 iriensem
740 4985 794 5030 seu
823 4967 1104 5042 hagustaldensem
1129 4979 1311 5040 nuncupan-

569 5063 651 5138 dam,
664 5063 700 5124 ad
715 5077 844 5140 eamque
866 5057 1081 5120 transierimus
1098 5073 1167 5118 ren.
1185 5056 1312 5119 fratrem

569 5159 725 5235 Ignatium
751 5153 937 5216 modernum
966 5151 1147 5230 Episcopum
1173 5148 1312 5230 Seynen·

569 5269 634 5315 sem
655 5268 710 5312 seu
735 5248 1024 5324 hugtrstoviensem,
1050 5263 1083 5306 ac
1102 5261 1312 5321 supramemo-

571 5357 667 5408 ratam
689 5359 727 5405 ex
747 5342 843 5403 solido
869 5355 959 5402 muro
984 5340 1041 5400 iam
1071 5338 1209 5399 construi
1231 5337 1313 5399 ince—
1339 5336 1341 5405 l

570 5449 652 5518 ptam
683 5435 841 5500 ecclesiam
862 5433 919 5496 sub
948 5433 1038 5494 titulo
1060 5433 1096 5492 ab
1120 5430 1312 5507 inb-ascripto
1339 5437 1341 5513 ξ

571 5531 781 5612 praesentium
802 5527 960 5588 literarum
984 5531 1175 5602 exequutore
1189 5526 1226 5584 de
1240 5540 1312 5585 con·
1339 5556 1341 5639 1

569 5643 663 5688 sensu
677 5622 821 5704 praedicti
836 5619 947 5696 ignatii
960 5618 1097 5695 Episcopi
1110 5618 1310 5693 designando,
1339 5644 1341 5660 ι

572 5723 603 5782 in
620 5717 824 5782 cathedralem
840 5715 1001 5790 erigimus,
1018 5729 1050 5773 ac
1065 5713 1096 5773 in
1113 5710 1198 5772 iilam
1214 5718 1312 5774 trans-

572 5813 699 5874 ierimus
728 5808 897 5886 capitulum
921 5808 1014 5885 ipsius
1035 5811 1106 5866 ante
1134 5805 1313 5866 cathedralis
1339 5760 1341 5893 l

572 5913 608 5974 de
620 5907 720 5988 Seyna
736 5918 878 5968 unacum
896 5899 1039 5962 omnihus
1054 5897 1235 5976 respectivis
1250 5898 1313 5962 tru·
1339 5898 1341 5966 l

1370 4784 1450 4844 rario
1472 4781 1642 4855 contraire3
1666 4780 1689 4839 si
1713 4780 1782 4856 orris
1803 4790 1907 4841 autern
1930 4783 1986 4844 hoc
2016 4791 2113 4846 atten-

1370 4887 1434 4938 tare
1455 4872 1711 4952 praesumpserit,
1743 4871 1990 4948 indignationem
2012 4879 2114 4938 omni-

1370 4969 1505 5046 potentis
1533 4967 1584 5027 Ilei
1617 4981 1650 5026 ao
1679 4966 1837 5028 beatorum
1865 4968 1947 5030 Petri
1968 4977 1999 5030 et
2027 4970 2111 5032 Pauli

1370 5061 1588 5140 Apostolorum
1603 5060 1669 5120 eius
1683 5075 1717 5120 se
1732 5061 1855 5121 noverit
1867 5061 2076 5124 incursurum.

1410 5157 1518 5216 ilatum
1536 5153 1660 5226 Romae,
1673 5152 1751 5230 apud
1768 5151 1798 5215 S.
1814 5153 1939 5218 Mariam
1955 5155 2110 5232 hlaiorern,

1369 5265 1451 5310 anno
1478 5246 1696 5308 incarnationis
1720 5247 1896 5308 dominicae
1919 5265 2110 5328 nncocxxx.,

1369 5343 1462 5405 tertio
1477 5341 1595 5404 decimo
1610 5340 1754 5402 kalendas
1766 5341 1901 5417 augusti,
1915 5345 2111 5418 pontificatus

1369 5437 1467 5498 nostri
1488 5449 1570 5496 anno
1591 5435 1888 5510 vigesimasecuudo.

1625 5691 1863 5703 -—-—-..-
