4808 6988
2172 524 2220 582 Ab·
2230 532 2253 586 (l.
2267 540 2316 598 titt

389 529 487 589 tuo.
509 533 578 588 raas
626 507 697 596 uuc'

646 669 758 731 hector
777 675 882 732 antem
904 669 1022 733 curabit
1043 683 1084 732 ne
1104 683 1253 747 umquam
1275 665 1354 730 desit
1409 665 1821 741 bellosmarimcthomam
1837 681 1853 726 a
1867 664 2005 744 Kempis,
2019 663 2148 727 subseci-

607 761 774 826 meditandi
802 763 958 839 materies,
980 776 1073 842 qnam
1100 760 1152 826 rel
1180 759 1353 840 inscriptis
1408 760 1456 822 uis
1477 759 1560 821 horis
1590 765 1708 822 attente
1737 757 1909 838 perlegere,
1938 766 1974 821 nt
1996 759 2031 821 ad
2058 774 2150 822 omne

607 853 659 917 vel
680 855 711 918 iu
733 856 784 933 pio
804 855 908 936 aliquo
930 856 1034 919 libello
1060 855 1223 934 legendam
1244 869 1353 933 propo·
1409 853 1564 915 virtutum
1586 867 1686 929 genus
1705 851 1915 930 eximiamque
1934 851 2092 930 pietatem,
2108 852 2150 914 di·

608 956 674 1025 net,
698 950 747 1012 rel
768 951 900 1030 ipsemet
927 952 998 1013 viva
1022 966 1098 1014 voce
1121 947 1307 1028 explicabit·
1321 947 1354 1010 ln
1409 947 1482 1009 vina
1503 944 1675 1024 opitulante
1697 946 1806 1024 gratia,
1821 955 2096 1023 sesecomponant.

607 1044 769 1106 caenaculo
791 1061 884 1108 nemu
909 1045 1091 1120 discumbat,
1116 1044 1175 1106 nisi
1195 1047 1316 1122 peracta
1338 1057 1353 1100 a
1450 1040 1539 1103 Horis
1553 1039 1784 1119 pomeridianis,
1796 1039 1977 1120 praesertim
1992 1037 2077 1102 lestis
2090 1039 2150 1103 die

607 1145 726 1200 rectore
744 1136 794 1198 vel
818 1139 1024 1201 viee-rectore
1049 1136 1275 1200 benedictione.
1299 1135 1353 1197 Fa·
1410 1134 1477 1210 bns,
1489 1133 1619 1210 collegio
1633 1142 1783 1196 exeuntes
1796 1133 2021 1196 sanctissimam
2036 1133 2151 1196 huchu-

1130 547 1194 593 tilii·
1218 547 1310 594 PONT·
1333 547 1374 593 bn
1395 546 1426 594 P·
1448 546 1478 594 l·
1501 545 1584 592 PARS
1606 545 1627 590 1.

607 1237 656 1292 cto
677 1230 813 1310 denique
833 1231 943 1294 edendi
966 1232 1039 1308 stne,
1060 1231 1213 1310 signoque
1234 1229 1303 1292 dato
1317 1227 1354 1290 ab

608 1323 674 1398 illo,
696 1325 750 1404 qui
772 1333 901 1404 praeest,
914 1325 1008 1389 simul
1030 1341 1138 1388 omnes
1159 1328 1300 1400 surgent,
1323 1327 1354 1383 et

607 1415 642 1478 ad
666 1417 811 1480 breviarii
833 1419 963 1484 Romani
992 1419 1216 1500 praescriptum
1238 1415 1354 1479 debitas

608 1511 670 1574 lleu
699 1513 811 1589 gratias
841 1513 1030 1591 persolvent.
1053 1514 1134 1574 bum
1163 1522 1287 1574 mensae
1308 1523 1355 1569 ac·

607 1605 777 1682 cumbitur,
801 1606 917 1669 interea
938 1622 1062 1686 semper
1080 1603 1194 1684 ailquid
1216 1601 1354 1681 perlege·

569 1729 572 1736 ,
610 1707 671 1774 tur,
695 1699 753 1762 nisi
775 1715 871 1780 aequa
892 1699 992 1779 aliqua
1022 1697 1137 1762 occasio
1158 1711 1189 1758 se
1211 1697 1353 1776 praebeat

609 1793 722 1856 rectori
741 1792 832 1856 aliter
854 1793 1089 1872 praescribendi,
1119 1791 1211 1856 initio
1229 1797 1353 1868 sumpto

608 1887 646 1949 ab
666 1889 787 1965 integro
816 1887 882 1950 lere
911 1901 1012 1950 sacrae
1038 1886 1208 1966 scripturae
1234 1883 1351 1963 capite:

609 1980 767 2060 reliquum
788 1997 864 2046 reru
885 1983 1032 2062 temporis
1049 1982 1249 2063 impendetur
1263 1980 1296 2042 in
1311 1978 1355 2042 le·

609 2076 711 2152 gendo
733 2074 811 2137 libro
828 2093 844 2138 a
859 2083 980 2140 recture
994 2075 1191 2155 praescripto,
1208 2075 1261 2153 qui
1275 2072 1355 2134 liber

549 2189 559 2212 ·
592 2168 802 2232 intellectum
824 2169 916 2233 simul
938 2169 1039 2232 ioruat
1060 2177 1091 2232 et
1112 2168 1223 2246 dirigat
1243 2166 1354 2229 rolnn-

609 2270 716 2339 tatem,
734 2271 779 2338 ut,
801 2280 874 2326 cum
894 2264 962 2327 cibo
983 2279 1094 2342 corpus
1109 2263 1215 2338 alitur,
1231 2262 1352 2340 aliquod

609 2355 703 2420 eliam
725 2357 811 2436 qnasi
832 2357 978 2436 pabulum
1002 2357 1100 2420 menti
1123 2357 1311 2436 praebeatur.

648 2452 705 2527 Qui
727 2454 762 2514 ad
783 2450 926 2516 divinum
947 2451 1084 2515 ulllcium
1101 2453 1296 2515 recitandum
1312 2458 1364 2512 ιε·-

609 2553 738 2622 nentur,
754 2545 784 2610 id
800 2563 861 2609 una
881 2546 974 2609 simnl
990 2547 1128 2627 quotidie
1143 2562 1200 2626 pro
1215 2554 1355 2624 tempore

609 2639 643 2701 in
665 2642 797 2703 oraturio
818 2641 884 2703 sive
905 2641 1032 2704 ecclesia
1053 2642 1090 2704 iis
1112 2640 1206 2715 horis,
1222 2651 1300 2718 quae
1321 2639 1354 2701 in

1410 1228 1528 1289 ristiam
1548 1226 1581 1289 in
1602 1227 1738 1303 ecclesia,
1763 1228 1794 1289 in
1816 1243 1876 1306 qna
1898 1241 1952 1304 per
1974 1226 2085 1288 urbem
2102 1228 2154 1288 dr·

1410 1311 1482 1399 poni
1502 1322 1681 1398 contigerit,
1703 1322 1829 1384 adorare
1844 1337 1906 1386 non
1920 1320 2094 1400 negligant,
2110 1321 2153 1383 in·

1411 1413 1584 1492 dulgentias
1598 1415 1760 1492 lucratum,
1773 1415 1949 1496 populoque
1963 1423 1998 1479 ut
2011 1417 2153 1494 exemplo

1409 1509 1483 1570 sint.
1515 1508 1767 1572 Adulescentibus
1796 1518 1902 1572 autem
1929 1510 2154 1574 advertendum

1410 1605 1466 1677 est,
1490 1609 1525 1665 ut
1546 1601 1578 1664 iu
1602 1602 1753 1680 templum
1775 1603 1905 1680 ingressi
1927 1613 1959 1666 et
1980 1604 2070 1667 humi
2087 1619 2155 1683 pro-

1409 1697 1592 1760 cumbentes
1623 1713 1687 1760 nun
1717 1705 1847 1776 surgant
1868 1698 1928 1760 nisi
1949 1715 1988 1762 cr
2009 1697 2154 1778 praelecti

1408 1789 1508 1867 signo.

1450 1887 1590 1967 Denique
1609 1887 1702 1951 certis
1724 1887 1797 1950 anni
1821 1887 2023 1967 temporibus,
2041 1890 2155 1968 praeci·

1410 1997 1471 2062 pne
1492 1996 1566 2044 vero
1587 1979 1674 2043 feriis
1696 1979 1851 2056 litorariis,
1869 1989 2034 2061 antequam
2054 2001 2155 2048 sacrus

1409 2074 1533 2153 collegii
1553 2073 1673 2136 alumni
1688 2074 1811 2136 ordines
1824 2075 2001 2152 suscipiant,
2014 2087 2046 2140 et
2060 2079 2096 2142 ad
2112 2093 2156 2142 aa·

1410 2185 1475 2232 cras
1496 2169 1652 2232 obeundas
1679 2168 1841 2231 missiones
1869 2173 2070 2248 contendant,
2093 2172 2155 2236 dics

1410 2261 1526 2341 aliquot
1555 2263 1586 2323 in
1616 2261 1793 2326 divinarum
1820 2279 1927 2342 rerum
1954 2266 2156 2330 meditatione

1410 2356 1539 2436 aliisque
1559 2356 1769 2436 spiritualibus
1790 2358 1947 2422 exercitiis
1968 2375 2006 2422 er
2027 2363 2156 2424 rectoris

1411 2451 1597 2531 praescripto
1619 2451 1802 2528 transigunt.

1683 2639 1809 2706 CAPUT
1831 2642 1881 2707 tv.

610 2734 644 2795 in
665 2733 783 2796 horaria
803 2733 912 2798 tabella
932 2735 1088 2812 designata
1105 2739 1264 2814 peragent.
1283 2731 1355 2795 Gae-

610 2828 670 2890 teri
691 2845 766 2892 veru
787 2830 950 2894 dominicis
971 2838 1002 2892 et
1016 2828 1100 2893 iestis
1115 2827 1311 2911 annidiebus
1325 2827 1353 2889 id

610 2921 711 3000 ipsum
732 2937 805 2986 cnm
825 2923 1033 2987 sacerdotibus
1058 2924 1266 3002 praestabunt.

650 3015 763 3080 Omnes
785 3031 861 3079 vero
876 3017 930 3096 qui
945 3019 1087 3082 nondum
1101 3015 1272 3080 sacerdotio
1285 3015 1354 3080 lnn-
1450 3023 1469 3100 ἓ
1491 3022 1518 3085 7.
1542 3023 1621 3086 cum
1636 3021 1669 3096 ii,
1685 3021 1807 3100 quibui
1822 3020 1958 3086 ministri
1972 3030 2003 3086 or
2017 3025 2158 3088 minime.
2188 3031 2219 3094 ιιιΙ
2231 3032 2330 3082 eranum

544 3151 558 3176 ι
611 3119 741 3188 gantur,
750 3116 896 3175 lellesslllr
907 3113 1016 3189 (1115le
1027 3110 1147 3174 decimo
1158 3125 1282 3190 quoquo
1294 3109 1355 3186 die,
1411 3117 1527 3180 riorum
1551 3116 1618 3180 eins
1639 3115 1859 3196 dispensatores
1877 3121 1951 3178 sunt
1966 3115 2078 3192 futuri,
2095 3131 2158 3182 nun
2176 3087 2261 3132 '²⁰⁰⁰‘

609 3207 749 3285 itemque
776 3205 810 3267 in
837 3205 1076 3269 solemnioribus
1099 3206 1172 3268 anni
1196 3205 1292 3281 lestis,
1320 3205 1355 3267 ad
1410 3211 1513 3275 solum
1534 3208 1697 3289 perlucere
1713 3209 1867 3289 exemplu,
1883 3210 1936 3274 sed
1951 3213 2046 3274 etiam
2061 3213 2158 3276 verbu

610 3302 819 3381 poeniteutiae
832 3310 1060 3365 sacramentum
1074 3301 1197 3363 statutis
1211 3299 1293 3363 horis
1306 3299 1356 3362 be·
1409 3303 1484 3366 alios
1498 3303 1656 3367 instruere
1669 3302 1802 3366 debeant
1816 3305 1849 3367 in
1864 3305 1912 3366 ria
1928 3304 2065 3381 lluminl,
2082 3321 2159 3384 opus

611 3409 652 3458 ne
673 3395 769 3475 parati
796 3397 951 3472 accedere,
974 3403 1005 3456 et
1034 3393 1236 3460 eucharistiae
1260 3409 1355 3456 sacra·
1410 3395 1536 3476 quidem
1557 3404 1615 3472 est,
1638 3403 1672 3458 ut
1693 3412 1800 3460 rerum
1832 3397 2010 3461 divinarum
2030 3399 2158 3463 scientia

611 3498 719 3553 mento
740 3505 785 3565 ea,
808 3505 868 3568 qua
890 3504 944 3568 par
965 3498 1011 3554 est
1039 3489 1165 3567 pietate,
1194 3489 1356 3568 animique
1411 3490 1574 3567 implorato
1594 3507 1609 3552 a
1629 3498 1714 3568 patre
1729 3490 1888 3554 luminum
1902 3493 2017 3555 anxilio
2032 3494 2158 3572 penitus

610 3586 718 3646 ardore
739 3600 770 3646 se
797 3585 935 3658 reticere,
957 3585 1016 3647 nisi
1042 3584 1244 3648 conlessarius
1264 3583 1354 3646 alicui
1411 3584 1604 3660 imbuantur,
1628 3586 1713 3648 etad
1737 3582 1820 3646 illins
1840 3584 1970 3662 gloriam
1992 3602 2089 3651 omne
2108 3604 2159 3650 eu·

610 3692 725 3739 sacram
740 3678 880 3756 synaxim
896 3675 1098 3741 dilierendam
1112 3676 1278 3740 censuerit.
1290 3677 1355 3754 Quo
1410 3695 1482 3743 rum
1503 3677 1642 3742 studium
1664 3685 1694 3741 et
1713 3677 1852 3741 laborum
1874 3675 1993 3742 tructus
2008 3679 2155 3744 reiciant.

609 3775 634 3836 si
655 3771 859 3835 contessorius
880 3788 935 3850 pru
955 3772 1097 3835 uberiore
1112 3773 1281 3852 cuiuspiam
1296 3773 1357 3853 spi·
1410 3775 1450 3840 Ul
1471 3783 1578 3840 antem
1600 3774 1631 3836 iu
1653 3772 1841 3836 scholasticis
1855 3773 2159 3839 exercitationibusa

611 3867 714 3931 rituali
734 3867 873 3946 proiectu
892 3874 981 3945 putet
995 3865 1241 3946 frequentiorem
1256 3883 1357 3930 saurae
1410 3885 1502 3932 seusu
1523 3885 1580 3931 suu
1600 3866 1752 3947 quispiam
1774 3881 1837 3928 non
1864 3865 2045 3944 decipiatur,
2069 3883 2158 3946 opor-

611 3976 735 4024 mensae
749 3975 854 4024 ιιειιιιι
883 3975 970 4039 posse
995 3959 1039 4021 illi
1061 3959 1213 4046 conterre,
1237 3961 1266 4023 id
1289 3959 1357 4039 qui·
1411 3969 1466 4039 tet,
1491 3969 1524 4025 ut
1546 3977 1639 4024 nemo
1660 3975 1752 4023 suum
1773 3975 1901 4022 sensum
1915 3960 2157 4026 etvoluntatem

610 4057 693 4130 dem,
709 4063 801 4132 prout
818 4053 963 4116 directuri
980 4053 1011 4114 in
1026 4051 1158 4116 [lumino
1173 4053 1276 4116 risum
1291 4053 1358 4117 iue-
1410 4063 1568 4135 suquatur,
1583 4053 1635 4116 sed
1652 4055 1881 4116 moderaturum
1896 4053 2010 4116 indicio
2027 4071 2060 4117 se
2075 4057 2158 4134 quis-

611 4149 663 4224 ril,
685 4149 777 4228 plane
797 4148 911 4212 licebit.
1203 4203 1210 4220 ,
1410 4167 1472 4231 qne
1492 4149 1676 4212 conformet.
1699 4145 1797 4210 Nemo
1820 4146 1905 4208 libris
1926 4153 2043 4222 utatur,
2066 4151 2157 4228 qnia

652 4245 730 4307 Cum
752 4243 905 4305 iuvenum
928 4243 1165 4305 numernssatis
1180 4243 1250 4319 erit,
1266 4244 1357 4308 debe·
1410 4244 1563 4326 praelecto
1595 4242 1767 4305 studiorum
1802 4241 1958 4319 approbati
1980 4256 2046 4304 uon
2066 4251 2156 4307 sunt:

1575 2833 1622 2894 Ile
1642 2832 1827 2896 studiorum
1851 2835 1988 2899 rationu.

612 4337 691 4400 bunt
711 4336 732 4398 ii
753 4335 884 4414 singulis
906 4336 1067 4400 dominicis
1089 4334 1235 4415 iustisque
1249 4339 1356 4402 diebus
1410 4341 1542 4418 ideoque
1563 4337 1691 4400 rectoris
1712 4335 1771 4398 erit
1790 4334 1990 4398 alumnorum
2019 4335 2158 4398 cubicula

550 4483 552 4490 ,
611 4430 644 4492 in
666 4429 788 4506 collegii
809 4430 933 4492 ecclesia
952 4430 1356 4506 sauramysterinetullicia
1409 4434 1529 4512 saepius
1550 4429 1647 4503 obire,
1669 4434 1704 4492 ut
1724 4428 1750 4489 si
1771 4427 1851 4490 lorte
1869 4427 1963 4491 libros
1978 4429 2158 4494 maleolen-

610 4523 778 4599 celebrare,
800 4531 835 4585 ut
855 4523 1030 4600 collegiales
1051 4524 1196 4587 ecclesiae
1214 4525 1355 4604 quemad
1410 4537 1456 4592 tes
1485 4529 1549 4606 ipse
1578 4526 1740 4604 repererit,
1762 4539 1814 4586 eus
1836 4523 1918 4586 illico
1946 4524 2044 4598 tollet,
2065 4531 2098 4586 et
2126 4525 2158 4586 iu

611 4633 678 4679 rem
700 4617 808 4680 sedulo
830 4616 1035 4680 instituentur
1050 4619 1083 4680 in
1096 4619 1189 4680 sacris
1204 4635 1357 4682 caeremo
1410 4620 1587 4683 detentores
1608 4617 1746 4680 severius
1766 4616 1904 4695 inquirat
1919 4623 1950 4678 et
1965 4617 2159 4680 animadver-

612 4709 672 4774 niis
693 4717 725 4773 et
745 4719 837 4773 cantu
858 4710 1058 4787 Gregoriauo.
1078 4713 1229 4788 Quamdiu
1254 4719 1356 4777 tamen
1410 4721 1463 4778 tat.
1489 4711 1587 4775 Nemo
1609 4713 1682 4774 dnm
1705 4709 1737 4772 in
1753 4710 1884 4786 collegio
1898 4717 2052 4784 versatur,
2068 4726 2158 4789 pecu·

613 4805 641 4867 id
663 4805 824 4866 commode
840 4803 907 4866 deri
922 4819 985 4865 nun
1002 4806 1107 4883 possit,
1123 4807 1226 4868 cuncti
1242 4807 1302 4868 nisi
1317 4808 1357 4868 ie·
1411 4809 1501 4870 liures
1529 4807 1623 4868 libros
1643 4805 1699 4866 sibi
1730 4805 1949 4880 comparandus
1975 4813 2076 4880 curet,
2101 4805 2159 4866 nisi

612 4899 721 4976 gitime
752 4899 892 4978 impediti
923 4899 1053 4976 singulis
1086 4900 1192 4962 diebus
1219 4900 1304 4962 iestis
1325 4917 1357 4962 se
1412 4920 1450 4964 ex
1472 4901 1646 4978 praesidum
1668 4896 1772 4959 venia.
1798 4897 1831 4959 ln
1850 4896 1935 4959 libris
1950 4904 2066 4971 autem,
2083 4914 2159 4976 quos

612 4992 773 5054 coniurent
794 4993 827 5052 in
851 4991 1010 5054 ecclesiam
1032 4993 1062 5056 S.
1087 4989 1284 5071 Apollinaris,
1306 4993 1358 5056 vel
1413 4995 1469 5073 ipsi
1483 4992 1669 5072 acceperint,
1686 5007 1743 5052 nec
1757 4991 1894 5053 scribant
1908 4989 2088 5069 quidquam,
2104 5007 2160 5053 neu

612 5087 864 5166 presbyterorum
886 5080 1089 5148 saccularium
1111 5089 1359 5164 congregationis
1414 5087 1489 5150 ullas
1511 5087 1623 5147 diruant
1644 5085 1752 5158 lineas,
1770 5083 1869 5145 multu
1884 5091 1989 5145 autern
2004 5083 2110 5144 minus
2126 5083 2159 5144 li·

614 5179 768 5240 missiunis
783 5179 814 5240 in
832 5179 945 5256 llampu
956 5179 1075 5255 Martio,
1087 5180 1190 5259 ibique
1205 5197 1277 5242 cum
1293 5181 1359 5244 aliis
1411 5181 1492 5244 uehit
1513 5180 1580 5241 illos
1595 5181 1740 5256 cuiqnam
1756 5177 1962 5250 commodare,
1978 5176 2159 5252 praesertim

613 5273 649 5332 de
672 5271 752 5334 clero
773 5287 895 5333 summa
916 5288 987 5334 cum
1002 5273 1149 5335 modestia
1165 5274 1307 5337 assistent
1326 5276 1358 5336 ln
1412 5282 1499 5336 citra
1527 5272 1705 5348 collegium,
1727 5271 1779 5331 sed
1801 5286 1852 5331 eus
1873 5269 2040 5344 diligenter
2059 5275 2159 5331 custu-

613 5371 705 5428 choro
725 5365 857 5428 solemni
880 5366 990 5427 missae
1011 5366 1169 5440 sacrificiu,
1191 5375 1226 5428 nt
1247 5381 1359 5445 nempe
1413 5371 1511 5443 dient,
1535 5376 1569 5429 nt
1591 5365 1705 5440 integri
1724 5363 1809 5426 reddi
1825 5363 1953 5441 possint,
1970 5369 2000 5424 et
2019 5363 2052 5424 in
2066 5378 2158 5425 suum

615 5462 674 5521 iam
697 5478 781 5523 nnnc
801 5477 900 5523 saurus
920 5460 1128 5522 caeremonias
1147 5461 1359 5536 addiscentes
1413 5462 1516 5524 locum
1539 5459 1659 5522 reterri.
1677 5457 1775 5519 Nemo
1789 5472 1913 5534 quoque
1928 5455 2041 5518 librum
2059 5456 2158 5519 ullum

613 5556 678 5616 dies
698 5555 801 5631 destos,
819 5564 853 5617 ut
868 5554 1086 5618 ecclesiasticus
1101 5555 1187 5617 decet
1203 5555 1296 5630 virus,
1314 5573 1359 5618 sa·

615 5666 666 5710 cru
688 5649 750 5711 ritu
772 5651 972 5712 sanctificent.

654 5741 723 5804 Non
739 5745 988 5820 praetermittant
1003 5743 1087 5806 iestis
1102 5745 1282 5823 praesertim
1298 5745 1361 5806 dle-

614 5834 672 5896 bns
701 5851 815 5897 sacram
843 5837 1038 5915 scripturam,
1061 5838 1280 5899 catechismum
1302 5836 1360 5901 no-

615 5943 755 6004 mannm,
778 5936 861 6006 gesta
882 5937 1073 6006 sanctornm,
1089 5929 1225 6010 aliosque
1246 5931 1311 6010 pios
1326 5931 1362 5994 li·

1414 5571 1451 5616 eu
1474 5553 1632 5617 communi
1654 5551 1776 5628 collegii
1799 5550 1982 5612 bibliotheca
1997 5550 2159 5613 extrahere

1415 5659 1444 5712 ct
1463 5650 1499 5710 ad
1513 5662 1606 5710 sunm
1621 5645 1800 5709 cubiculum
1816 5645 1952 5724 perferre
1966 5646 2085 5717 ancient,
2101 5643 2158 5705 nisi

1414 5742 1500 5821 prins
1530 5740 1674 5818 praesidis
1704 5738 1884 5802 facultatem
1904 5736 2074 5816 acceperim
2101 5752 2158 5815 qna

1414 5834 1525 5908 habita,
1543 5833 1612 5895 libri
1629 5831 1738 5896 titulus
1758 5833 1791 5894 in
1814 5829 1922 5894 tabella
1940 5829 2157 5892 describendus

1414 5929 1485 6004 erit,
1507 5935 1542 5991 ut
1562 5943 1619 5991 suo
1640 5933 1780 6004 tempore
1800 5924 1843 5986 ihi
1860 5931 2037 6002 reponatur.
