4750 6980
899 549 969 610 irus
991 550 1040 610 br.
1064 549 1106 610 vl.

429 679 625 756 venerabiles
646 679 772 754 iratres.

270 879 416 942 Facienda
437 887 512 942 sunt
533 879 621 942 nabis
642 877 736 940 verba
757 879 795 942 de
809 875 970 940 Maronita-

235 987 301 1034 rum
315 972 535 1051 patriarchatu.
549 971 693 1035 Eatincto
707 977 835 1050 repente
850 985 888 1032 61
902 985 971 1047 apo-

234 1066 310 1145 plexi
331 1081 404 1128 ven.
427 1065 523 1128 tratre
539 1065 678 1144 Philippo
693 1063 827 1128 Gemaiel
841 1063 970 1125 Patriar-

234 1156 348 1220 6116616
363 1173 421 1220 1111.
438 1157 542 1237 aprilis
555 1157 628 1221 anui
644 1157 785 1234 proxime
799 1155 969 1234 praeteriti,

232 1259 299 1313 ante
319 1267 412 1329 quam
432 1253 470 1314 ad
490 1267 564 1314 eum
584 1251 777 1330 pervenisset
791 1249 969 1329 apostolicae

233 1343 482 1420 confirmationis,
515 1360 608 1424 qnam
638 1359 722 1408 mors
753 1344 872 1408 duobus
892 1358 970 1422 pene

232 1438 387 1502 mensibus
409 1439 470 1500 iam
491 1445 709 1517 praevenerat,
732 1437 883 1514 nuncius,
906 1437 971 1499 eius

232 1533 592 1612 nationistlrchiepiscopi
604 1541 635 1596 66
647 1533 967 1613 Episcopidiexvvrn.

231 1629 365 1692 eiusdem
393 1629 495 1708 aprilis
521 1627 697 1706 congregati
725 1629 757 1690 16
784 1627 970 1690 manasterio

231 1719 260 1784 S.
281 1721 392 1786 Mariae
417 1721 455 1784 de
482 1721 625 1785 Bekorlae
655 1721 852 1784 Patriarchali
880 1719 968 1794 Sede,

231 1814 371 1878 omnibus
392 1813 554 1892 elegerunt
575 1815 607 1878 in
630 1830 750 1878 novum
764 1813 969 1876 Patriarcham

231 1907 380 1984 suffragiis
404 1925 477 1971 ven.
505 1908 632 1972 16666661
658 1909 822 1987 losephum
842 1907 969 1970 Petrum

232 2002 325 2065 l'hiau
348 2002 533 2081 Episcopum
547 2001 784 2065 patriarchalem
799 2001 966 2064 vicarium.

230 2097 377 2172 Quoniam
398 2112 473 2159 vero
499 2096 595 2160 abluit
621 2097 658 2158 ab
678 2097 712 2158 ei
732 2096 969 2174 sutlragatorum

231 2190 351 2268 Synado
372 2206 444 2252 ven.
467 2191 562 2254 irater
583 2190 705 2254 Gabriel
721 2190 866 2254 Kinaider
879 2190 968 2268 diep-

230 2284 327 2362 peusis
348 2283 612 2363 archiepiscopus,
636 2283 790 2361 legittime
817 2284 969 2345 nimirum

230 2377 403 2456 impeditus,
426 2379 450 2440 is
470 2392 525 2455 per
546 2377 707 2456 epistolam
727 2392 814 2439 suam
834 2378 862 2438 61
877 2393 911 2439 66
924 2393 969 2440 66·

228 2470 337 2532 6661161
355 2471 501 2534 616611661
520 2479 630 2550 666666
651 2469 825 2534 declaravit.
845 2469 969 2533 Electus

228 2563 397 2630 Patriarcha
418 2565 454 2627 ad
474 2563 505 2628 S.
529 2564 608 2628 hanc
629 2563 741 2630 sedem
758 2564 861 2627 statim
874 2579 967 2626 suum

227 2655 404 2735 Delegatum
424 2659 509 2720 misit
530 2658 679 2721 dilectum
701 2657 802 2720 hlium
817 2655 967 2719 hloisium

227 2750 350 2814 Bilaibel
370 2753 585 2816 Antonianum
607 2752 805 2825 monachum,
824 2749 860 2812 ad
881 2766 968 2828 prae-

226 2845 366 2909 standum
388 2846 476 2909 nobis
503 2845 695 2908 Patriarchae
723 2840 969 2907 6661661161-

226 2941 294 3004 tatis
308 2949 340 3003 et
353 2941 546 3004 obedientiae
558 2946 798 3014 sacramentum,
814 2948 845 3000 61
860 2940 895 3002 66
911 2939 967 3000 im·

226 3033 401 3111 plorandam
415 3033 658 3098 confirmationis
672 3041 703 3094 61
714 3035 790 3098 sacri
802 3032 888 3095 Pallii
900 3048 966 3110 gra·

226 3129 308 3190 tiam.
332 3125 446 3191 attulit
474 3128 531 3190 iste
558 3129 594 3191 ad
621 3144 678 3190 nos
704 3135 904 3207 nostramque
928 3127 967 3190 de

226 3221 419 3302 Propagandi
450 3221 524 3285 Fide
555 3221 837 3300 congregationem
864 3222 965 3285 literas

225 3313 334 3379 debitis
354 3315 460 3378 officiis
480 3315 682 3392 plenissimas,
705 3317 737 3378 in
752 3316 864 3395 quibus
879 3331 965 3394 prae·

225 3411 311 3490 cipue
332 3409 448 3474 electus
466 3408 639 3472 Patriarcha
653 3409 759 3472 scribit
774 3409 918 3473 omnibus
932 3426 965 3472 se

224 3504 385 3568 inhaerere
405 3503 577 3582 apostolicis
600 3503 885 3580 constitutionibus,
908 3520 965 3569 666

226 3613 287 3661 666
314 3604 347 3660 61
374 3598 512 3660 61666661
541 3593 804 3674 congregationis
823 3599 963 3674 decretis,

225 3699 387 3770 rogatque,
416 3701 450 3754 ut
477 3691 746 3754 confirmationem
774 3708 807 3755 ac
833 3693 964 3756 Pallium

224 3785 279 3848 sibi
300 3785 527 3862 indulgeamus.
544 3785 625 3848 illias
646 3785 721 3848 item
742 3777 965 3850 reddidit'lite·

224 3895 270 3942 ras
283 3879 427 3942 omnium
441 3879 747 3959 archiepiscoporum
762 3888 792 3942 66
805 3879 965 3960 Episcopo-

225 3989 292 4036 rum
313 3973 543 4048 Maronitarum,
559 3987 617 4036 uec
638 3989 701 4036 non
723 3980 754 4034 et
772 3973 963 4051 regularibus

223 4067 477 4146 praepositorum,
489 4069 618 4146 eiusque
633 4067 766 4130 nationis
781 4069 962 4146 primatum,

224 4175 309 4223 suam
323 4161 550 4238 universaeque
564 4159 665 4236 gentis
676 4160 825 4222 laetitiam
839 4171 869 4224 61
879 4162 963 4242 plan·

223 4271 291 4318 sum
312 4254 351 4317 de
370 4253 405 4317 66
426 4253 577 4316 electione
597 4253 636 4316 ob
657 4253 747 4317 electi
774 4264 963 4334 perspectam

223 4363 346 4412 morum
367 4347 563 4428 probitatem,
586 4347 793 4425 prudentiam,
816 4347 919 4411 zelum
934 4356 964 4411 et

224 4440 393 4505 doctrinam
413 4438 555 4503 concordi
580 4455 673 4502 sensu
694 4443 894 4516 testantium,
917 4443 962 4505 in·

224 4543 401 4613 stanterque
434 4523 617 4596 memoratas
640 4534 763 4611 ,gratias
798 4534 963 4615 imploran-

225 4632 311 4694 tium.
334 4627 404 4691 Non
425 4627 486 4690 iam
506 4630 563 4689 hae
584 4643 682 4690 novae
702 4629 738 4691 ad
761 4627 964 4693 6666116666-

224 4721 390 4788 166616611
418 4721 532 4796 laudes,
559 4736 693 4812 quarum
720 4721 885 4798 egregium
912 4725 964 4786 de·

224 4817 299 4881 disse
319 4814 475 4894 specimen
493 4814 599 4892 ipsum
619 4813 745 4888 scimus,
768 4830 840 4876 cum
858 4815 889 4876 in
905 4816 962 4879 hoc

223 4911 358 4974 nomano
379 4907 602 4971 Maronitarum
624 4907 760 4985 collegio
784 4907 964 4972 instituere-

224 5013 283 5081 tur,
305 5003 358 5067 ubi
380 5001 615 5078 religiosissimi,
629 4999 846 5064 studiosissimi
861 5002 962 5065 omni-

223 5114 281 5177 que
300 5097 391 5161 laude
411 5094 585 5172 dignissimi
605 5093 728 5157 iuvenis
743 5101 825 5156 611161
839 5109 961 5172 praeco-

224 5191 318 5254 nium.
339 5189 385 5252 lbi
404 5187 613 5268 philosophiae
627 5203 660 5250 66
675 5187 847 5265 theologiae
861 5187 963 5251 taurea

223 5284 398 5362 insignitus,
419 5299 452 5344 66
471 5281 599 5346 6661616
625 5298 719 5362 porro
745 5281 781 5345 ad
807 5285 961 5349 Libanum

223 5393 380 5455 reversus,
413 5393 483 5442 cam
515 5378 740 5458 praestantibus
770 5379 962 5445 inclaruisset

259 5630 289 5686 (1)
303 5629 405 5676 Relatis
419 5629 452 5674 eb
472 5627 536 5674 Eme
550 5631 576 5674 61
590 5626 656 5674 111116
669 5631 695 5674 b.
712 5630 844 5676 cardinali
865 5632 959 5688 Borgia

223 5693 303 5742 literis
312 5697 499 5754 episcoporum
509 5697 806 5743 Graeco-Melchitarum
817 5698 891 5743 enixe
901 5709 959 5756 sup

223 5764 374 5820 plicantium
396 5763 474 5810 181116
494 5765 602 5811 Domino
618 5767 720 5818 Nostro,
735 5767 764 5810 ut
778 5765 904 5822 dignetur
918 5777 960 5824 ap

223 5831 329 5886 probare
344 5837 371 5878 et
385 5833 542 5878 confirmare
562 5832 717 5878 electionem
739 5843 786 5878 eeu
807 5833 960 5889 postulatio

223 5909 278 5944 nem
287 5899 457 5946 patriarchae
466 5900 590 5946 catholici
601 5911 648 5956 pro
658 5900 773 5946 Ecclesiat
783 5901 959 5947 Patriarcham

223 5967 379 6014 antiocheni
393 5968 508 6014 nationis
524 5969 776 6016 Graeco-Melchitae
790 5973 899 6016 vacante
912 5980 959 6026 per

1027 683 1157 761 meritis,
1179 696 1373 752 consecratus
1395 685 1428 752 16
1450 682 1636 767 Episcopum
1651 687 1719 764 luit,
1737 706 1770 752 66

1026 779 1059 842 16
1081 777 1238 844 1116611616
1259 781 1496 846 Patriarchalem
1516 782 1661 846 delectus.
1679 781 1770 846 Nunc

1026 872 1078 936 viv
1099 890 1217 938 annum
1238 877 1320 939 vitae
1340 877 1507 955 septimum
1528 884 1560 940 et
1573 875 1769 952 trigesimum

1026 981 1187 1044 egressus,
1224 978 1313 1034 natus
1351 971 1465 1034 scilicet
1499 969 1548 1034 die
1584 987 1635 1032 xv.
1665 970 1769 1032 martii

1026 1078 1178 1138 11666116,
1191 1072 1288 1127 661616
1302 1065 1399 1128 adhuc
1414 1065 1548 1138 iuvenis,
1559 1074 1590 1128 at
1599 1079 1696 1128 666611
1707 1065 1769 1126 616-

1027 1163 1104 1230 6616,
1127 1157 1325 1234 dignissimus
1346 1158 1431 1222 visus
1452 1169 1497 1222 est
1518 1159 1713 1234 electoribus,
1734 1166 1769 1221 61

1026 1248 1057 1309 16
1072 1249 1295 1314 Patriarchatus
1307 1248 1417 1316 Sedcm
1434 1259 1681 1332 promoveretur.
1693 1251 1767 1314 Pau·

1026 1341 1056 1403 lo
1077 1351 1155 1419 post,
1178 1359 1271 1422 quam
1292 1345 1446 1423 praeclare
1461 1353 1541 1409 66661
1553 1360 1628 1424 erga
1641 1346 1769 1424 Aposto-

1026 1431 1115 1496 licam
1136 1435 1246 1498 Sedem
1261 1435 1391 1516 eiusque
1404 1437 1640 1502 constitutiones
1654 1436 1768 1498 anima·

1026 1536 1086 1600 166,
1110 1529 1141 1590 16
1162 1529 1225 1590 6616
1246 1531 1282 1593 66
1309 1531 1469 1611 proprium
1497 1533 1613 1597 Romae
1642 1532 1768 1610 Delega-

1027 1630 1094 1687 tum
1115 1624 1224 1702 literis,
1239 1626 1315 1691 16616
1334 1628 1492 1691 mentione
1506 1627 1635 1692 celebris
1650 1628 1768 1692 llendie

1025 1719 1147 1795 Agemi,
1168 1729 1343 1800 opportune
1362 1729 1454 1800 atque
1470 1730 1575 1800 aperte
1589 1721 1766 1785 declaravit.

1025 1811 1085 1873 Nos
1106 1811 1144 1875 de
1164 1822 1287 1876 nostrae
1307 1817 1344 1878 de
1371 1814 1565 1893 Propagandi
1593 1815 1666 1880 Fide
1688 1817 1767 1880 Gon-

1024 1905 1212 1982 gregationis
1227 1908 1354 1970 consilio
1368 1908 1502 1972 libenter
1512 1909 1704 1972 admittimus
1716 1908 1767 1972 de·

1024 1997 1098 2062 16166
1119 2014 1175 2077 pro
1189 2001 1424 2064 confirmatione
1438 2017 1555 2081 preces,
1571 2018 1690 2082 proque
1702 2003 1766 2065 Pal-

1024 2089 1057 2152 lii
1072 2091 1189 2156 honore
1203 2109 1284 2156 novo
1298 2095 1371 2158 huic
1382 2097 1573 2159 Patriarchae
1587 2096 1763 2160 deferendo.

1022 2183 1127 2263 ltaque
1148 2202 1211 2249 uon
1231 2187 1299 2250 6166
1319 2188 1452 2267 plurimi
1482 2191 1579 2253 animi
1600 2192 1697 2255 nostri
1718 2192 1764 2254 iu·

1023 2276 1178 2340 canditate
1199 2280 1283 2343 11666
1310 2283 1529 2348 1166661666616
1555 2285 1766 2348 Patriarchalis
1904 2305 1908 2312 ·

1025 2369 1176 2434 Ecclesiae
1196 2390 1369 2438 successum
1393 2376 1477 2440 vobis
1499 2379 1693 2442 nunciamus.

1142 2520 1219 2596 Quid
1240 2523 1326 2586 vobis
1349 2525 1495 2589 61661661

1063 2656 1254 2719 auctoritate
1275 2659 1496 2740 omnipotentis
1521 2663 1586 2740 1161,
1608 2664 1661 2730 SS.
1685 2665 1763 2746 166-

1022 2748 1173 2812 666166661
1201 2750 1284 2813 Petri
1305 2760 1335 2814 61
1356 2754 1441 2816 Pauli
1461 2773 1495 2818 ac
1515 2760 1629 2835 nostri,
1652 2762 1763 2823 contir-

1023 2857 1143 2906 mamus
1164 2851 1195 2905 et
1216 2841 1427 2925 approbamus·
1437 2848 1623 2914 electionem
1643 2869 1699 2917 seu
1713 2870 1764 2932 pa-

1021 2937 1220 3002 stulationem
1247 2940 1279 3002 in
1308 2941 1530 3006 Maronitarum
1558 2945 1765 3014 Patriarcham

1022 3031 1253 3096 Antiochenam
1274 3034 1332 3096 6116
1354 3034 1463 3099 1661661
1485 3040 1521 3102 66
1535 3043 1665 3118 persona
1679 3059 1766 3120 prae-

1021 3124 1094 3187 dicti
1123 3126 1264 3205 Episcopi
1296 3128 1414 3206 losephi
1442 3130 1552 3206 Thian,
1574 3149 1618 3210 66,
1641 3138 1764 3212 praevia

1021 3234 1293 3300 quorumcumque
1313 3220 1491 3286 6616616661
1512 3227 1605 3290 661661
1624 3230 1765 3296 substan-

1022 3310 1141 3374 tialium
1167 3314 1338 3390 sanatione,
1366 3317 1559 3393 praeficimus
1579 3319 1612 3382 16
1634 3321 1764 3388 Ρ616161-

1021 3403 1108 3468 cham
1130 3413 1160 3467 et
1182 3414 1335 3485 pastorem
1366 3409 1586 3476 Maronitarum
1618 3417 1761 3495 nationis,

1021 3513 1076 3575 pro
1097 3515 1157 3578 qua
1186 3499 1302 3563 electus
1330 3509 1386 3578 est,
1410 3514 1501 3580 prout
1530 3506 1564 3568 in
1586 3510 1709 3572 decreto
1730 3521 1762 3575 et

1019 3591 1162 3656 schedula
1182 3593 1383 3657 consistoriali
1405 3599 1601 3675 exprimitur.

1059 3685 1093 3747 ln
1115 3687 1243 3750 nomine
1264 3687 1360 3750 Patris
1381 3693 1430 3765 sxa,
1448 3701 1478 3754 61
1500 3693 1761 3776 1111166618ρί-

1019 3778 1098 3842 ritus
1113 3782 1150 3854 lit
1165 3778 1280 3844 Sancti.
1304 3783 1414 3844 Amen.

1339 4165 1443 4230 CXXl.

1280 4349 1499 4419 attooulto
1548 4397 1553 4408 ·

1019 4536 1214 4600 Ν66616161
1244 4543 1412 4621 confirmet
1442 4545 1623 4607 electionem
1645 4548 1761 4628 chbii

1057 4631 1183 4696 Mutina
1204 4635 1440 4715 archiepiscopi
1457 4637 1583 4701 sidereis
1599 4641 1634 4702 ia
1648 4641 1760 4705 Patri-

1057 4725 1189 4790 orcbcm
1210 4729 1445 4792 Antiochenam
1469 4736 1663 4796 Graecorum
1684 4737 1759 4800 Met-

1057 4818 1232 4894 cltitoram,
1249 4823 1337 4901 cique
1357 4823 1494 4901 palliam
1517 4827 1659 4890 66666611
1680 4829 1736 4911 (1).

1215 5003 1411 5077 venerabiles
1433 5011 1558 5080 tratres.

1055 5195 1152 5271 Quem
1180 5197 1281 5277 elapso
1310 5217 1392 5262 anno
1422 5204 1674 5268 confirmavimus
1696 5207 1757 5269 iarn

1016 5289 1150 5353 electum
1184 5291 1217 5354 in
1253 5293 1492 5371 patriarchatum
1527 5298 1757 5362 Antiochenam

1016 5383 1363 5448 Graeco-Melchitarum
1384 5405 1417 5450 ac
1437 5388 1521 5467 pallii
1547 5390 1665 5454 bonore
1685 5394 1758 5456 insi·

1013 5632 1114 5679 obitum
1126 5634 1165 5679 bo.
1174 5644 1251 5679 mem.
1261 5633 1352 5691 cyrilli
1362 5635 1433 5694 Slagi
1443 5638 1612 5685 patriarchae
1621 5643 1755 5697 peractam

1013 5701 1044 5744 de
1058 5701 1168 5757 persona
1185 5704 1214 5745 16.
1230 5704 1256 5746 P.
1271 5704 1297 5746 l).
1314 5702 1407 5758 agabii
1428 5706 1525 5750 1161161·
1547 5706 1665 5763 Episcopi
1686 5708 1756 5754 Sido·

1013 5765 1122 5821 6166616;
1137 5767 1195 5812 116111
1209 5771 1311 5824 Patres,
1320 5769 1475 5825 praehabiti
1485 5770 1560 5816 uberi
1571 5773 1755 5820 6611666666-

1013 5835 1055 5880 616
1070 5835 1128 5889 ilde,
1142 5836 1291 5892 prudentii,
1306 5837 1360 5882 celo
1373 5839 1521 5895 ceterisque
1534 5840 1678 5887 virtutibus
1689 5841 1755 5888 ciue·

1013 5902 1071 5947 dem
1086 5905 1116 5947 11.
1127 5906 1153 5946 P.
1164 5906 1190 5947 1).
1206 5904 1307 5960 Agabii,
1321 5909 1481 5951 censuerunt
1495 5907 1683 5954 consulendum
1698 5921 1754 5954 esse

1013 5971 1154 6016 sanctitati
1175 5973 1242 6017 snae
1256 5982 1304 6027 pro
1318 5972 1477 6018 admissione
1498 5974 1633 6021 electionis
1652 5987 1698 6021 seu
1712 5987 1755 6038 pe·

1691 533 1749 614 1621
1800 547 1854 604 An.
1867 545 1898 604 0.
1919 531 1988 604 atei
2049 553 2051 558 ’
