4734 7004
61 563 105 618 h.
115 563 144 616 (l.
165 561 238 614 175⁸

46 710 134 758 asnar
163 709 250 757 rnor-
269 699 381 764 deinde
401 715 477 764 rero
498 701 547 763 dio
567 717 603 764 ιι.
627 701 750 777 augusti
780 699 919 762 ciusdem
941 699 1014 762 anni

44 770 250 880 ξ”ἆὲἔῖζὲῗιρὲιῖ
270 795 302 856 in
326 793 459 872 praelata
480 794 724 872 congregatione
741 795 926 871 urgentibus
947 811 1015 874 per-

45 870 250 974 lffiffiffi
267 887 383 966 spicuis
412 903 571 951 sacrorum
593 903 762 962 canonum,
783 894 815 948 et
839 887 1015 966 apostolica·

48 979 127 1081 ξω
146 988 250 1036 W·
265 997 341 1046 rum
363 982 623 1044 constitutionum
642 983 853 1046 sanctionibus
873 981 970 1046 semel
983 992 1015 1046 et

270 1075 384 1138 iterum
416 1073 521 1140 lavore
551 1077 697 1156 praedicti
728 1076 913 1140 Eerdinandi
946 1076 1014 1139 lulii

270 1170 440 1234 Cardinalis
459 1179 492 1234 et
509 1171 658 1251 praesulis
681 1172 814 1235 resoluta
836 1172 965 1235 luerunt
979 1181 1014 1236 ut

267 1273 352 1344 patet
373 1280 412 1328 ex
432 1267 569 1342 subiecto
585 1268 769 1330 eorumdem
790 1266 967 1342 dubiorum,
983 1273 1014 1328 et

267 1361 528 1440 consequentium
549 1361 746 1424 decretorum
769 1371 888 1438 tenore,
904 1362 955 1440 qui
972 1369 1015 1424 ta-

267 1453 303 1516 lis
326 1461 372 1517 est
394 1454 549 1517 nimirum
570 1453 752 1519 olomucen.
776 1453 1010 1518 iurisdictionis.

265 1547 371 1627 Usque
387 1548 424 1612 ab
437 1563 519 1610 anno
540 1563 678 1612 uucuxv.
702 1549 868 1628 Episcopus
889 1549 1015 1614 Olomu-

265 1642 367 1704 censis
388 1657 505 1706 sacram
530 1643 609 1705 hanc
634 1643 914 1722 congregationem
941 1659 1015 1707 con-

265 1736 366 1798 suluit
386 1737 527 1816 pluribus
542 1737 705 1817 propositis
730 1737 841 1813 dubiis,
867 1755 945 1818 quae
966 1755 1013 1801 re

265 1831 438 1909 spiciebant
453 1831 698 1895 iurisdictionem
711 1848 801 1895 suam
816 1832 847 1894 in
860 1839 1013 1895 monaste-

264 1923 311 1984 ria
337 1925 619 1987 sanctimonialium
641 1925 835 2003 regularibus
853 1926 1013 1988 ordinibus

264 2016 404 2080 subiecta
424 2017 459 2079 ad
482 2018 675 2082 intellectum
692 2019 922 2098 cognitissimae
941 2035 1014 2083 con·

263 2111 439 2174 stitutionis
460 2111 667 2188 Gregorianae
687 2113 775 2176 cuius
803 2114 929 2176 initium
954 2123 1012 2188 est,

266 2205 494 2270 inscrutabili.
526 2207 694 2286 Respondit
724 2222 846 2270 sacrum
875 2207 931 2268 hoc
960 2207 1013 2268 tri·

266 2299 382 2374 buual,
415 2297 568 2379 dubiaque
599 2302 751 2380 proposita
778 2301 938 2376 delinivit,
959 2303 1011 2364 sed

268 2395 410 2458 nondum
432 2394 542 2474 exequi
565 2401 746 2472 potuerunt.

95 2491 249 2592 lumffir
307 2487 378 2562 §lu
401 2489 571 2566 praecipui,
593 2489 645 2568 qui
668 2491 752 2552 inter
775 2488 900 2552 ordines
921 2505 1011 2567 regu-

67 2561 100 2650 Ε
115 2549 249 2655 Quasi
268 2582 348 2644 lares
362 2599 428 2645 sese
437 2591 595 2662 opponant
607 2583 747 2662 Episcopi
759 2583 965 2646 jurisdictioni
978 2583 1010 2646 in

68 2656 250 2768 &efflat
269 2675 414 2751 lloravia,
437 2676 629 2740 benedictini
650 2683 723 2739 sunt
743 2677 961 2740 cistercienses
982 2686 1013 2739 et

71 2761 248 2864 gffgfflssff
267 2769 582 2833 Premonstratenses.
616 2770 708 2833 blnlta
741 2777 815 2832 sunt
846 2785 924 2847 quae
956 2771 1011 2848 ipsi

99 2846 105 2863 ⁵
267 2863 419 2942 praesidio
433 2863 667 2942 exemptionum
683 2867 834 2926 hactenus
849 2871 1012 2940 gesserunt

265 2959 302 3021 ad
324 2958 539 3022 declinandam
565 2957 776 3021 visitationem
806 2958 1010 3038 episcopalem

264 3053 297 3114 in
321 3052 485 3130 parochiis,
507 3066 587 3131 quae
607 3051 658 3114 rel
681 3051 786 3114 unitae
806 3061 882 3115 sunt
901 3069 1008 3114 eorum

265 3145 462 3210 monasteriis
472 3146 522 3209 rel
533 3161 643 3209 eorum
656 3146 912 3223 iurispatronatus
923 3155 1008 3222 sunt,

262 3249 295 3304 et
316 3241 559 3304 iurisdictionem
582 3240 786 3318 episcopalem
808 3240 841 3302 in
857 3249 1010 3304 monaste·

263 3337 320 3398 riis
340 3335 629 3410 sanctimonalium,
657 3349 792 3413 quorum
820 3335 877 3412 ipsi
903 3351 1008 3396 curam

262 3435 295 3491 et
317 3429 460 3506 regimen
493 3428 617 3492 babent.
651 3427 729 3490 llaec
760 3427 841 3490 terre
869 3443 933 3491 non
957 3445 1009 3490 ra·

263 3523 333 3585 lens
348 3523 615 3586 eminentissimus
630 3523 776 3585 domiuus
790 3523 960 3586 cardinalis
971 3523 1009 3586 de

262 3617 382 3696 Troyer
412 3617 579 3697 Episcopus
609 3616 791 3680 olomucen.
824 3617 934 3679 ductus
959 3633 1008 3693 eo,

260 3727 326 3790 quo
347 3719 492 3790 praestat,
516 3711 583 3773 zelo
610 3711 752 3773 servandi
782 3725 941 3773 sacrorum
962 3727 1009 3773 ca·

261 3819 384 3867 nonum
396 3813 427 3866 et
437 3803 695 3866 constitutionum
707 3805 935 3882 pontificiarum
950 3804 1008 3865 dis·

260 3897 468 3976 positionem,
493 3904 586 3976 atque
612 3897 847 3960 ecclesiasticam
875 3896 1008 3974 discipli·

261 4007 335 4052 nam
358 3993 495 4053 narravit
522 3991 626 4053 omnia
649 3991 681 4051 in
707 3989 885 4052 visitatione
909 4007 1008 4051 sacro-

260 4101 333 4148 rum
356 4086 527 4161 Liminum,
544 4087 584 4146 ita
601 4093 635 4147 ut
657 4099 783 4146 neeesse
803 4083 899 4145 inerit
913 4085 1005 4146 etiarn

259 4181 443 4242 anctoritate
458 4178 649 4242 sanctissimi
665 4178 788 4240 Domini
805 4179 903 4239 nostri
920 4176 1006 4256 plura

259 4275 408 4338 adbibere
428 4275 580 4348 remedia,
603 4273 715 4351 quibus
737 4273 769 4333 in
795 4271 939 4334 ordinem
960 4287 1007 4332 re-

259 4369 421 4446 digeretur
436 4365 630 4444 regularium
642 4365 768 4428 illornm
783 4365 930 4427 adversus
944 4363 1008 4442 epi-

258 4461 413 4540 scopalem
434 4459 682 4523 iurisdictionem
702 4458 835 4522 licentia.
859 4457 918 4520 lies
938 4465 1006 4520 tan·

258 4554 332 4618 dem
353 4553 451 4618 delata
479 4553 538 4617 luit
564 4556 598 4618 ad
620 4553 768 4616 iudicium
797 4552 1006 4615 eminentissi-

259 4663 386 4712 morum
399 4657 536 4728 patrum;
549 4647 678 4724 longum
691 4653 770 4709 esset
780 4645 914 4723 singula,
928 4660 1007 4723 qnae

259 4741 419 4821 regulares
439 4741 497 4804 sibi
519 4740 619 4803 debita
641 4755 708 4802 mse
728 4741 934 4813 contendunt,
958 4754 1007 4800 ca·

258 4835 323 4915 pita
355 4833 490 4911 reterre,
516 4839 663 4912 poterunt
691 4831 933 4893 eminentissimi
954 4845 1006 4933 pa-

258 4935 323 4990 tres
345 4927 425 4990 illico
447 4942 481 4988 ea
502 4927 620 5007 assequi
644 4925 775 4988 lectione
798 4923 878 4990 xvi.
897 4924 1005 4987 dubro-

258 5033 332 5084 rnm
347 5021 459 5099 quibus
473 5035 561 5084 causa
576 5021 678 5083 omnis
699 5017 824 5082 collecta
839 5019 898 5080 luit
913 5033 1005 5098 qnae-

257 5132 320 5195 que
335 5116 385 5178 hic
397 5113 581 5178 subiicimus
596 5114 684 5177 nullo
696 5115 825 5192 negocio
838 5114 1004 5191 expedien-

257 5211 314 5286 da,
342 5225 414 5273 cnm
436 5207 501 5270 iere
529 5208 631 5270 omnia
658 5207 773 5287 pluries
801 5209 862 5269 sint
884 5209 915 5268 iu
937 5207 1004 5269 aliis

257 5302 358 5366 causis
379 5303 517 5374 delinita,
534 5302 584 5363 vel
606 5300 638 5364 in
660 5301 723 5380 ipsa
745 5300 847 5363 littera
861 5300 1004 5379 apostoli·

255 5411 365 5460 caram
376 5396 637 5459 constitutionum
650 5395 1002 5474 reperianturexpedita.

255 5491 347 5553 Facta
369 5491 464 5552 etiam
485 5488 629 5568 plurima,
652 5504 730 5568 quae
753 5487 801 5550 his
821 5487 923 5550 dubiis
944 5487 1002 5549 dis·

255 5583 403 5662 putandis
423 5597 544 5646 causam
565 5579 730 5658 dederunt,
747 5596 888 5660 quaeque
908 5581 933 5642 si
955 5597 1005 5644 re-

254 5675 429 5750 ferrentur,
444 5675 553 5738 lolium
578 5675 778 5738 incolumen
801 5685 1002 5751 excresceret,

59 5761 163 5864 ”lllgp
177 5766 234 5824 ‘ei
253 5769 365 5847 legent
396 5769 429 5830 in
462 5767 566 5830 libello
594 5783 656 5830 em.
687 5767 837 5846 Episcopi.
870 5769 1003 5831 Cautum

46 5823 110 5916 ιῗῗιι
128 5829 233 5920 effi
252 5877 384 5943 quoque
403 5859 461 5923 luit
481 5862 604 5924 decreto
618 5877 652 5922 ea
667 5861 758 5923 dubia
781 5876 843 5922 non
865 5874 931 5923 esse
945 5863 1004 5922 dis·

47 5931 234 6030 mm*
251 5955 402 6035 putanda,
425 5969 503 6034 quae
523 5955 588 6016 sive
610 5955 647 6018 ah
667 5970 743 6030 nno,
759 5955 825 6016 sive
846 5955 884 6018 ab
904 5954 1003 6018 altero

926 581 1068 628 cubueris
1092 579 1160 628 xltt.

1758 563 1795 628 15
1844 562 1899 620 An.
1913 567 1943 620 (l.
1965 565 2034 621 troo

1071 703 1253 766 eorumdem
1268 701 1413 766 ordinum
1428 703 1618 781 regularium
1630 701 1770 781 legitime
1782 704 1813 767 in

1071 796 1145 857 aclis
1165 803 1397 876 acceptarentur
1418 805 1452 860 ut
1475 798 1540 860 lieri
1559 797 1642 860 velle
1663 805 1814 860 assertum

1071 887 1146 968 iuit3
1176 889 1245 967 qnia
1273 907 1348 952 vero
1377 891 1518 954 nondum
1545 891 1573 953 id
1601 891 1715 955 iactum
1747 907 1813 953 esse

1070 985 1196 1060 scimus,
1213 984 1280 1047 ideo
1295 985 1398 1048 omnia
1412 986 1503 1048 dubia
1524 986 1719 1061 subiicimus;
1736 1003 1751 1048 a
1766 1003 1814 1048 re-

1072 1077 1229 1155 gularibus
1251 1078 1329 1141 nihil
1351 1080 1525 1142 habuimus.

1110 1171 1178 1246 Sd.
1207 1171 1365 1248 Primum,
1395 1174 1478 1237 «hh
1508 1173 1629 1252 parochi
1656 1173 1813 1251 regulares
1871 1190 2046 1256 enucleatur

1070 1268 1291 1347 cuiuscumque
1306 1269 1424 1332 ordinis
1435 1269 1480 1330 illi
1495 1271 1568 1344 sint,
1585 1275 1615 1330 et
1630 1270 1812 1348 praesertim
1831 1245 1912 1347 ΨΜ
1933 1244 2045 1304 ⁹¹⁰⁹⁰⁸¹'

1070 1363 1383 1438 premonstratenses,
1407 1363 1625 1428 cistercienses
1639 1371 1670 1426 ιι
1685 1363 1813 1426 Benedi·
1832 1353 1971 1454 bffllffl
1993 1352 2045 1400 ‘¹¹¹‘

1070 1456 1144 1518 ctini
1156 1465 1336 1519 exercentes
1350 1473 1456 1521 curam
1471 1457 1646 1520 animarum
1669 1472 1813 1536 persona-

1071 1565 1141 1614 rum
1156 1551 1372 1627 saecularium,
1384 1559 1417 1612 et
1432 1567 1494 1614 non
1510 1551 1765 1614 commensalium
1780 1550 1812 1613 in

1071 1643 1220 1722 parochiis
1242 1644 1274 1706 in
1297 1644 1426 1708 dioecesi
1448 1644 1629 1708 Olomucen.
1652 1643 1724 1706 licet
1744 1643 1814 1706 illae

1070 1737 1266 1801 monasteriis
1281 1739 1433 1817 exemptis
1453 1738 1517 1801 sint
1539 1738 1644 1800 unitae
1665 1745 1697 1800 et
1718 1753 1813 1800 anne·

1070 1847 1136 1906 ιιι,
1159 1833 1225 1895 sive
1246 1832 1309 1894 sint
1330 1832 1367 1894 de
1389 1833 1458 1895 iure
1482 1839 1670 1912 patronatus,
1694 1832 1813 1894 etiamsi

1069 1941 1141 1988 cura
1163 1927 1336 1990 animarum
1352 1926 1485 1989 residere
1506 1924 1625 1990 dicatur
1646 1927 1679 1986 in
1701 1925 1814 1988 abbati·

1070 2019 1137 2094 bus,
1154 2020 1362 2083 visitationem
1378 2021 1518 2099 Episcopi
1528 2020 1633 2083 subire
1648 2027 1815 2082 teneantur

1070 2112 1102 2175 in
1123 2114 1171 2187 iis,
1187 2129 1266 2193 quae
1287 2116 1445 2193 pertinent
1460 2115 1495 2177 ad
1510 2129 1616 2176 curam
1638 2113 1812 2176 animarum

1068 2207 1135 2268 sire
1146 2209 1311 2287 Episcopus
1323 2208 1428 2270 visitet
1440 2225 1495 2286 per
1506 2225 1550 2285 se,
1561 2208 1627 2270 sire
1638 2223 1693 2286 per
1704 2207 1812 2282 alium,

1070 2301 1348 2364 nonobstantibus
1377 2302 1548 2381 privilegiis
1569 2302 1723 2364 dictorum
1749 2316 1814 2361 mo·

1069 2396 1287 2470 nasteriorum,
1299 2404 1494 2474 etquatenus
1510 2395 1692 2458 allirmatire
1706 2414 1735 2458 ι.
1760 2395 1813 2459 Se·
1845 2405 2045 2470 maducaban-

1068 2489 1219 2564 cundum,
1241 2507 1259 2550 c
1276 2490 1323 2552 hh
1338 2489 1409 2553 dicti
1424 2489 1548 2568 parochi
1561 2490 1810 2567 procurationem
1832 2457 1910 2506 mm

1068 2582 1190 2644 solvere
1212 2591 1397 2659 teneantur3
1421 2583 1518 2646 vocati
1540 2583 1574 2642 ad
1590 2581 1742 2658 synodum
1766 2598 1813 2644 ao·

1067 2677 1178 2739 cedere
1197 2677 1260 2738 sint
1281 2678 1423 2753 cogendi,
1440 2676 1513 2738 icsta
1534 2675 1679 2738 dioecesis
1700 2675 1812 2753 populo

1069 2771 1260 2833 annunciare
1282 2777 1313 2832 et
1327 2769 1482 2832 celebrare
1503 2779 1576 2844 etc,
1594 2771 1709 2848 pariter
1724 2769 1811 2832 Chri-

1068 2880 1131 2925 sma
1153 2872 1186 2926 et
1207 2864 1272 2927 olea
1298 2881 1381 2926 sacra
1402 2864 1440 2926 ab
1461 2865 1608 2942 Episcopo
1632 2863 1812 2926 dioecesano

1068 2960 1204 3038 accipere
1222 2965 1388 3021 teneantur
1402 2975 1431 3019 ι.
1455 2955 1607 3032 Tertium,
1630 2957 1710 3018 ‹thn
1726 2970 1811 3032 paro·
1848 2975 1977 3038 ,roratum
1998 2975 2043 3024 au-

1067 3053 1114 3114 ehi
1137 3052 1295 3128 regulares
1316 3053 1436 3114 etiamsi
1457 3051 1520 3114 sint
1536 3050 1669 3126 abbates,
1692 3051 1811 3129 possint
1830 3026 1908 3076 Μ·

1067 3163 1082 3208 a
1103 3146 1315 3224 superioribus
1342 3146 1535 3224 regularibus
1556 3146 1591 3208 ad
1618 3159 1723 3206 curam
1745 3143 1813 3207 anl-

1067 3253 1190 3302 marum
1202 3239 1361 3315 destinari,
1371 3239 1515 3318 illamque
1530 3254 1674 3301 exercere
1685 3237 1752 3299 sine
1764 3251 1813 3313 ap

1067 3333 1248 3410 probatione
1270 3333 1452 3412 Episcopi».
1476 3334 1637 3410 Quartum,
1661 3333 1741 3393 «ιιι
1764 3347 1811 3394 re·
1856 3349 1978 3402 onasum
1998 3348 2053 3396 ‹aa-¹

1066 3425 1187 3503 gulares
1203 3427 1267 3489 dari
1290 3427 1321 3489 in
1337 3429 1529 3491 coadiutores
1549 3427 1703 3490 dictorum
1725 3442 1812 3506 paro·
1830 3401 1912 3450 ''m''

1065 3525 1194 3586 chorum
1217 3524 1334 3601 possint
1355 3523 1594 3600 asaperioribus
1617 3521 1812 3600 regularibus

1064 3617 1133 3680 sine
1146 3633 1288 3695 expressa
1308 3615 1429 3680 licentia
1453 3617 1605 3695 Episcopi,
1622 3617 1688 3678 sire
1710 3617 1811 3696 potius

1065 3711 1103 3775 sit
1125 3713 1156 3774 in
1186 3719 1336 3791 potestate
1366 3711 1506 3791 Episcopi
1533 3711 1564 3774 in
1591 3711 1810 3790 approbatione

1060 3805 1323 3874 ,confessariorum
1334 3805 1526 3884 regularium
1542 3803 1675 3866 limitare
1687 3818 1811 3865 eorum·

1065 3898 1136 3960 dem
1157 3899 1327 3973 facultates,
1345 3914 1407 3960 non
1429 3897 1529 3958 solum
1552 3899 1650 3975 quoad
1675 3905 1808 3975 tempus,

1064 3994 1114 4054 sed
1138 3994 1230 4054 etiam
1252 3992 1352 4072 quoad
1375 4007 1532 4071 personas,
1555 3999 1586 4053 et
1607 3992 1670 4054 loca
1694 3991 1725 4052 in
1741 3991 1809 4068 qui-

1065 4088 1120 4148 bus
1132 4086 1264 4148 debeant
1274 4086 1481 4148 coniessiones
1492 4089 1634 4150 audire».
1644 4087 1807 4161 Quintum,
1829 4095 1977 4194 berintum
1996 4096 2043 4144 aa·

1065 4198 1082 4239 ι
1098 4180 1144 4241 tlh
1159 4180 1246 4242 liceat
1260 4179 1325 4240 sire
1340 4179 1509 4255 abbatibus,
1525 4181 1590 4241 sive
1606 4179 1745 4258 parochis
1762 4195 1811 4240 re·
1846 4148 1908 4196 ¹⁰¹³·

1064 4273 1222 4350 gularibus
1252 4274 1434 4352 praesertim
1467 4273 1722 4336 Cisterciensibus
1754 4287 1808 4350 pro

1064 4365 1166 4442 libitu,
1189 4374 1220 4428 et
1240 4367 1308 4428 sine
1330 4366 1454 4430 licentia
1477 4367 1629 4446 Episcopi,
1648 4383 1702 4445 pro
1723 4381 1809 4444 paro·

1063 4457 1141 4522 chiis
1155 4457 1247 4522 modo
1263 4475 1369 4536 unam,
1386 4461 1477 4523 modo
1492 4460 1620 4522 alteram
1635 4459 1807 4532 ecclesiam,

1062 4553 1127 4615 sire
1148 4553 1328 4632 cappellam,
1345 4556 1377 4615 in
1395 4571 1453 4632 qua
1474 4561 1663 4618 sacramenta
1686 4569 1702 4614 a
1723 4569 1810 4632 paro-

1062 4647 1127 4709 chis
1148 4647 1559 4710 administranturildelibus
1580 4647 1726 4710 dioecesis
1740 4646 1808 4710 Olo-

1064 4755 1187 4802 mucen.
1205 4741 1394 4804 constituere
1407 4759 1437 4801 ».
1462 4741 1605 4816 Sextum,
1629 4743 1710 4802 chn
1723 4755 1809 4818 prae-
1827 4742 1972 4844 mulgarium
1995 4742 2041 4790 aa·

1063 4833 1114 4894 lati
1137 4835 1307 4910 regulares,
1325 4835 1377 4896 ubi
1398 4836 1513 4898 habent
1528 4849 1640 4912 purum
1657 4835 1807 4911 iuspatro·
1902 4833 1906 4843 '

1063 4932 1153 4989 natus
1174 4927 1387 5004 parochiarum
1410 4927 1605 5006 acquisitum,
1622 4926 1672 4988 rel
1687 4943 1807 4990 cessum

1061 5036 1077 5080 a
1092 5019 1186 5095 laicis,
1203 5020 1316 5097 quibus
1331 5021 1362 5082 in
1378 5021 1435 5084 hoc
1449 5023 1629 5096 suc-cedunt,
1644 5027 1809 5084 teneantur

1063 5115 1212 5193 Episcopo
1234 5125 1430 5195 praesentare
1444 5118 1618 5180 sacerdotes
1638 5118 1808 5180 saeculares

1062 5213 1096 5270 ut
1118 5213 1206 5271 antea
1228 5209 1294 5272 laici
1317 5208 1518 5285 tenebantur,
1531 5227 1571 5274 an
1591 5227 1666 5273 vero
1688 5211 1806 5289 possint

1060 5302 1250 5364 substituere
1278 5303 1462 5380 monachos,
1483 5319 1600 5382 eosque
1621 5319 1676 5382 pro
1704 5303 1805 5378 libitu,

1062 5413 1124 5459 non
1146 5397 1277 5459 salutato
1299 5397 1461 5476 Episcopo,
1477 5411 1638 5460 remouere
1653 5413 1683 5458 ι.
1708 5396 1806 5475 Septi·
1826 5399 1981 5500 fflm
1994 5399 2040 5450 aa·

1061 5505 1166 5566 mum,
1198 5491 1285 5554 «An
1307 5492 1342 5552 ad
1372 5489 1556 5570 Episcopum
1588 5497 1705 5568 spectet
1734 5507 1807 5552 cura
1899 5489 1904 5499 '

1060 5582 1220 5645 clausurae
1250 5585 1512 5646 monasteriorum
1544 5583 1730 5646 monialium
1758 5599 1807 5645 re·

1061 5675 1237 5752 gularibus,
1255 5682 1287 5737 et
1302 5679 1481 5754 praesertim
1504 5675 1762 5740 cisterciensibus
1776 5687 1808 5739 et
1912 5737 1915 5742 .

1061 5768 1270 5831 benedictinis
1290 5768 1510 5845 subiectarum,
1527 5771 1665 5832 eamdem
1688 5769 1809 5833 clausu-

1060 5878 1126 5923 ram
1141 5862 1326 5925 demandare
1339 5864 1523 5926 servandam
1534 5864 1569 5926 ad
1581 5864 1807 5943 praescriptum

1059 5953 1135 6017 sacri
1165 5955 1295 6020 concilii
1322 5955 1508 6030 Tridentini,
1530 5963 1562 6017 et
1588 5965 1743 6034 quatenus
1763 5956 1807 6020 al-
