4754 6966
898 605 1041 658 CLEMENS
1063 607 1133 658 liiii.

399 755 586 827 carneus
610 757 828 830 EPlSGOPUS

425 939 535 990 servus
557 940 712 992 servorum
736 923 800 1002 liei,

241 1107 408 1176 veneranti
430 1111 518 1178 tratri
542 1108 819 1194 Theodosioouper
835 1108 986 1192 archiepi-

280 1220 371 1286 scopo
400 1203 561 1286 Berytensi
588 1207 616 1271 in
645 1204 855 1271 Patriarcham
885 1204 986 1269 tatio·

279 1297 404 1364 ahenum
422 1298 554 1365 nationis
567 1295 984 1366 craecorum-helchanam

279 1391 393 1470 electo,
415 1391 546 1458 salutern
569 1397 600 1459 et
629 1393 830 1477 apostolicam
865 1388 985 1456 henedi-

279 1485 421 1551 ctionem.

278 1675 407 1738 Romani
429 1675 598 1750 Pontificis,
612 1691 707 1755 quem
723 1675 828 1737 Pastor
851 1675 902 1736 ille
920 1690 984 1736 cae·
1012 1730 1014 1745 ,

241 1769 322 1830 lestis
349 1777 380 1830 et
412 1770 581 1848 Episcopus
612 1769 787 1830 animarum
825 1766 1014 1846 potestatis¹

238 1861 434 1938 plenitudine
454 1861 512 1922 sihi
537 1860 644 1923 tradita
680 1859 817 1922 ecclesiis
839 1859 986 1938 praetulit

237 1955 406 2028 universis,
428 1954 593 2016 solicitudo
615 1954 759 2034 requirit,
783 1963 817 2016 ut
839 1955 916 2016 circa
933 1970 985 2015 cu-

238 2046 361 2107 iuslibet
382 2046 528 2108 ecclesiae
549 2055 665 2108 statum
685 2049 727 2109 sir.
749 2047 918 2123 vigilanter
933 2063 984 2108 ex·
1011 2110 1013 2123 ,

237 2141 363 2217 cogitet,
384 2142 491 2219 sicque
513 2142 677 2219 prospiciat
701 2141 880 2216 diligenter,
904 2140 983 2217 quod
1011 2142 1013 2155 '

237 2233 368 2312 pereius
379 2233 608 2312 providentiam
620 2233 886 2311 circumspectam,
900 2249 985 2294 nunc

237 2343 291 2405 per
311 2328 460 2404 simplicis
481 2327 666 2404 provisionis
683 2327 832 2400 officium,
849 2327 985 2404 quando·

236 2436 297 2497 que
316 2436 391 2481 vero
412 2436 467 2498 per
489 2421 699 2482 ministerium
715 2419 924 2480 translationis
938 2435 984 2479 ac-

236 2517 413 2592 commode,
441 2525 533 2594 prout
554 2532 769 2594 personarum,
792 2515 932 2577 locorum
954 2521 985 2574 et

237 2608 555 2688 temporumqualitas
566 2609 675 2684 exigit,
685 2607 984 2685 atqueecclesiarum
1011 2650 1013 2707 ἰ

239 2704 378 2781 ipsarum
405 2700 524 2764 utilitas
553 2701 731 2779 persuadet,
758 2698 901 2762 Ecclesiis
922 2699 1013 2760 sin-1

237 2796 318 2871 gulis
341 2804 444 2873 pastor
465 2794 585 2856 accedat
608 2795 739 2856 idoneus
755 2802 785 2854 et
799 2802 902 2855 rector
917 2809 984 2870 pro·

236 2889 325 2950 vidus
337 2889 516 2966 deputetur,
534 2889 585 2966 qui
601 2888 753 2966 populum
768 2887 826 2948 sihi
841 2887 986 2948 commis-

235 2999 305 3043 sum
326 2981 493 3044 salubriter
507 2981 619 3056 dirigat
629 2989 660 3044 et
675 2981 835 3055 informet,
858 2997 891 3042 ac
906 2981 984 3042 bona

235 3076 383 3137 ecclesiae
405 3075 463 3137 sihi
478 3075 611 3136 creditae
626 3091 690 3135 non
706 3073 808 3134 solum
831 3073 985 3149 gubernet

237 3168 369 3242 utiliter,
385 3170 436 3231 sed
459 3169 551 3230 etiam
568 3167 792 3246 multiplicibus
813 3166 922 3228 efferat
937 3167 984 3228 in·

235 3263 415 3323 crementis.

275 3357 295 3430 ἓ
314 3355 338 3415 f.
354 3354 434 3417 Sane
450 3354 583 3417 Ecclesia
595 3354 807 3417 Patriarchalis
819 3356 983 3417 Antioche-

236 3466 274 3511 na
298 3450 433 3510 nationis
461 3447 903 3524 Graecorum-Melchitarum,
934 3449 982 3510 cui
1011 3512 1013 3523 ,

236 3545 285 3605 bo.
304 3559 365 3604 me.
387 3544 548 3618 blaximus,
571 3545 646 3604 dum
662 3544 794 3617 viveret,
811 3543 984 3604 Patriarcha
1011 3526 1014 3557 '

236 3639 451 3700 antiochenus
466 3643 616 3715 praeerat,
633 3652 688 3714 per
703 3637 824 3698 obitum
845 3635 983 3698 eiusdem

236 3731 373 3806 Maximi,
397 3731 450 3809 qni
472 3739 558 3793 extra
586 3733 756 3793 Romanam
786 3731 912 3794 Curiam
935 3731 986 3791 de·

236 3826 339 3887 bitum
369 3833 497 3886 naturae
524 3825 687 3902 persolvit,
721 3825 849 3902 pastoris
877 3823 985 3884 solatio

236 3918 394 3979 destituta.
420 3917 480 3978 Nos
495 3919 651 3979 vacatione
674 3917 851 3979 huiusmodi
867 3918 926 3978 sade
941 3916 985 3977 di-

237 4013 308 4088 gnis
329 4012 476 4073 relatibus
497 4010 672 4084 intellecta,
697 4027 736 4072 ne
758 4013 837 4072 dicta
859 4010 984 4088 patriar-

236 4107 331 4167 chalis
354 4105 486 4168 Ecclesia
508 4105 701 4168 antiochena
724 4105 833 4181 longae
855 4105 985 4165 vacatio-

237 4200 286 4260 nis
309 4207 484 4277 exponatur
499 4198 715 4273 inoommodis,
731 4197 867 4275 paternis
889 4205 920 4259 et
940 4214 986 4258 so·

236 4291 331 4354 licitis
361 4293 471 4354 studiis
504 4292 719 4368 intendentes,
742 4301 811 4371 post
839 4292 986 4354 delibera·
1013 4250 1016 4393 l

238 4387 373 4458 tionem,
397 4401 490 4463 quam
512 4386 550 4446 de
574 4387 780 4464 praeficiendo
802 4385 903 4447 eidem
932 4385 987 4447 Ec-

236 4479 348 4542 clesiae
368 4477 564 4556 patriarchali
591 4479 801 4540 Antiochanae
822 4495 987 4558 personam

237 4571 349 4634 utilem
370 4589 404 4633 ac
432 4573 525 4633 etiarn
553 4571 762 4646 fructuosam,
786 4587 856 4632 cum
888 4587 984 4632 venn.

238 4664 384 4726 fratribus
405 4666 520 4726 nostris
542 4664 573 4728 S.
588 4664 623 4725 il.
640 4665 675 4726 E.
699 4665 913 4726 Cardinalihus
936 4665 987 4725 ha·

239 4759 365 4821 buimus
386 4759 578 4835 diligentem,
601 4759 730 4820 demum
751 4759 786 4820 ad
811 4766 841 4820 te
862 4759 987 4820 hrchie-

238 4853 397 4930 piscopum
419 4853 634 4930 Berytensem,
658 4869 752 4930 quem
774 4853 988 4915 vennfratrcs

238 5059 402 5116 benignitate
416 5059 552 5117 spondere.
568 5059 630 5104 'ruis
643 5059 750 5104 interim
762 5059 883 5116 precihus
893 5070 941 5116 per
950 5058 987 5104 cti-

239 5126 336 5172 lectum
352 5127 437 5172 tilium
454 5127 616 5172 Demetrium
627 5125 727 5182 coimgi
738 5127 923 5182 presbyterum
935 5137 987 5170 mo·

240 5193 352 5238 nachum
369 5199 392 5238 S.
404 5195 509 5239 loannis
525 5194 552 5238 in
567 5195 659 5238 Soairo
674 5195 793 5248 Alvtegati
809 5205 918 5238 murrere
933 5193 988 5238 fun·

239 5266 344 5317 gentem
360 5273 444 5318 nuper
458 5262 485 5306 in
500 5261 661 5306 consistorio
676 5261 809 5306 renovatis
819 5273 988 5306 aranuerecu-

241 5330 350 5383 pientes,
369 5327 547 5374 libentissime
568 5328 681 5374 Pallium
702 5341 716 5372 e
735 5331 761 5372 D.
785 5329 856 5373 Petri
878 5339 987 5385 corpore

240 5400 375 5453 sumptum
391 5397 441 5442 tibi
454 5395 621 5442 concedimus
635 5401 716 5454 atque
729 5397 948 5452 transmittimus,
960 5397 986 5440 in

241 5473 291 5519 quo
300 5457 436 5520 plenitudo
446 5464 587 5519 pastoralis
602 5463 679 5508 oflicii
693 5463 854 5518 continetur,
864 5463 933 5519 quod
946 5475 988 5507 no

241 5534 296 5574 stro
310 5531 416 5576 nomine
437 5541 512 5574 venn.
527 5531 625 5575 fratres
647 5529 767 5587 episcopi
788 5531 987 5586 patriarchatus

242 5596 395 5643 antiocheni
410 5597 460 5642 tibi
474 5598 588 5652 tradent,
603 5599 746 5644 dummodo
760 5598 835 5661 prius
849 5609 938 5644 coram
949 5597 988 5642 eis

242 5665 385 5710 catholicae
400 5665 461 5708 fidei
476 5665 664 5721 professionem
676 5665 797 5711 emiseris
809 5665 883 5711 iuxta
892 5665 988 5710 formu·

243 5731 292 5774 lam
313 5732 504 5788 praescriptam
519 5741 535 5776 a
550 5730 591 5777 fal.
607 5743 658 5776 rec.
675 5733 779 5777 t'rbano
800 5735 862 5776 t'llt.
883 5732 988 5788 praede

242 5809 343 5843 cessere
357 5805 457 5852 nostro,
472 5809 502 5844 ac
516 5799 628 5843 solemni
643 5799 815 5843 iureiurando
830 5799 987 5844 fidelitatem

244 5865 314 5910 nobis
328 5869 354 5910 et
369 5865 430 5910 sedi
444 5865 608 5922 apostoticae
621 5866 782 5922 promiseris.
795 5868 873 5910 Utere
883 5877 989 5910 venera·

244 5931 289 5976 bili
302 5931 369 5977 dono
383 5933 416 5978 ad
431 5931 588 5977 memoriam
604 5932 664 5976 fidei
679 5932 706 5976 in
725 5935 788 5977 tuae
802 5933 889 5988 gentis
903 5933 987 5977 oculis

244 6000 416 6055 excitandam,
430 6009 510 6057 quam
525 5999 648 6057 Princeps
663 5999 847 6056 Apostolorum
863 5999 937 6044 nohis
947 6011 987 6045 ae-

1042 733 1141 794 nostri
1166 731 1394 814 hrchteptscopt
1417 743 1448 797 et
1471 733 1611 814 Episcopi
1632 743 1663 797 et
1686 735 1789 798 dilecti

1042 825 1097 887 filii
1120 827 1220 889 clerus
1235 837 1265 890 et
1279 829 1410 907 populus
1432 829 1566 890 nationis
1582 829 1788 893 Graecorum-

1043 919 1268 996 lfelchitarum,
1281 921 1366 984 iuxta
1379 939 1488 984 eorum
1504 941 1637 1000 morem,
1655 925 1690 985 ad
1706 942 1790 1004 prae-

1042 1011 1135 1074 fatam
1164 1015 1399 1092 patriarchalem
1428 1016 1595 1079 Ecclesiam
1625 1018 1791 1080 Antioche-

1042 1121 1115 1167 nam
1136 1107 1313 1184 elegerunt,
1330 1110 1531 1170 consideratis
1547 1111 1712 1186 grandium
1727 1111 1792 1171 vir-

1041 1206 1147 1261 tutum
1170 1202 1302 1276 meritis,
1326 1203 1438 1280 quihus
1460 1219 1624 1281 personam
1647 1210 1732 1265 tuam
1754 1203 1791 1264 il·

1042 1292 1142 1355 larum
1166 1292 1292 1370 largitor·
1314 1295 1489 1358 Altissimus
1505 1295 1722 1374 multipliciter
1743 1297 1789 1358 in·

1040 1386 1182 1460 sagnivit,
1196 1394 1226 1446 ct
1241 1389 1322 1464 quod
1338 1396 1383 1462 tu,
1395 1389 1448 1466 qui
1463 1388 1616 1450 Ecclesiae
1628 1389 1790 1466 Berytensi

1042 1477 1190 1539 hactenus
1213 1478 1407 1542 landabiliter
1424 1480 1594 1558 praefuisti,
1612 1483 1725 1544 dictam
1741 1499 1791 1560 pa·

1042 1569 1237 1633 triarchalem
1261 1573 1429 1634 Ecclesiam
1451 1575 1680 1638 Antiochenam
1702 1577 1788 1650 scies,

1041 1661 1136 1738 voles,
1160 1671 1191 1724 et
1212 1667 1337 1744 poteris,
1355 1676 1479 1729 auctore
1499 1669 1644 1744 Domino,
1660 1667 1790 1730 salubri·

1043 1764 1088 1817 ter
1110 1773 1220 1834 regere
1246 1765 1276 1820 et
1299 1759 1431 1822 feliciter
1452 1762 1648 1838 gubernare,
1677 1763 1790 1825 direxi·

1041 1865 1111 1911 mus
1132 1851 1238 1914 oculos
1260 1863 1384 1916 nostrae
1406 1856 1529 1916 mentis.

1079 1944 1148 2020 52.
1172 1946 1374 2009 intendentes
1402 1948 1499 2024 igitur
1529 1955 1591 2011 tam
1621 1951 1719 2014 dictae
1742 1967 1791 2028 pa·

1043 2038 1199 2100 triarehali
1223 2041 1376 2104 Ecclesiae
1397 2043 1621 2118 Antiochense,
1645 2061 1737 2122 quam
1754 2046 1789 2104 il·

1040 2129 1100 2192 lius
1117 2133 1203 2208 gregi
1220 2135 1376 2196 dominico
1391 2136 1565 2213 providere,
1584 2144 1677 2216 teque
1692 2155 1707 2197 a
1723 2141 1790 2216 qui·

1040 2225 1145 2287 husvis
1173 2227 1385 2305 suspensionis
1407 2237 1437 2289 et
1459 2230 1629 2307 interdicti,
1661 2231 1790 2310 aliisque

1039 2319 1251 2382 ecclesiasticis
1271 2323 1446 2397 sententiis,
1470 2324 1609 2385 censuris
1631 2332 1662 2385 et
1683 2326 1790 2403 poenis

1039 2429 1054 2472 a
1071 2413 1139 2473 iure
1154 2413 1204 2474 vel
1219 2413 1257 2474 ab
1271 2414 1411 2490 homine,
1435 2417 1543 2494 quavis
1564 2419 1725 2479 occasione
1739 2418 1790 2478 vel

1039 2521 1126 2565 causa
1163 2506 1242 2581 latis,
1265 2507 1423 2586 siquibus
1445 2511 1678 2586 quomodolibet
1700 2513 1790 2572 inno-

1039 2597 1126 2660 datus
1137 2600 1255 2674 existis,
1271 2601 1308 2662 ad
1322 2601 1467 2663 ellectum
1480 2605 1689 2680 praesentium
1701 2607 1790 2666 dum-

1040 2697 1122 2752 taxat
1133 2695 1400 2770 consequendum,
1417 2696 1526 2756 harum
1537 2697 1618 2756 serie
1629 2696 1790 2758 absolven-

1043 2793 1087 2844 tes
1109 2793 1139 2846 et
1165 2785 1341 2846 ahsolutum
1370 2786 1434 2847 fore
1463 2795 1644 2865 censentes3
1672 2807 1706 2850 ac
1727 2790 1789 2852 ele-

1039 2879 1176 2938 ctionem
1197 2879 1294 2957 ipsam
1316 2880 1353 2941 de
1374 2896 1483 2942 eorum
1505 2881 1638 2942 fratrum
1660 2884 1789 2946 consilio

1040 2972 1201 3050 apostolica
1229 2973 1411 3036 auctoritate
1438 2974 1642 3053 approbantes
1664 2986 1695 3038 et
1715 2994 1788 3039 con-

1041 3065 1217 3139 firmantes,
1242 3073 1271 3126 te
1294 3067 1379 3128 iuxta
1406 3068 1568 3130 decretum
1591 3070 1624 3130 in
1653 3073 1790 3149 Congre-

1029 3159 1164 3233 gattone
1199 3159 1382 3222 eorumdem
1417 3159 1550 3223 fratrum
1585 3171 1786 3239 nostrorum,

1040 3249 1071 3312 S.
1089 3252 1124 3312 ll.
1144 3252 1178 3312 E.
1205 3253 1416 3316 cardinalium
1438 3257 1638 3330 negotiorum
1659 3259 1696 3320 de
1718 3259 1789 3322 Pro-

1039 3346 1177 3422 pagancia
1193 3345 1265 3408 Fide
1280 3347 1538 3425 praepositorum,
1562 3358 1742 3412 emanatum
1758 3360 1788 3414 et

1041 3454 1096 3516 per
1117 3455 1172 3500 nos
1194 3439 1407 3518 approbatum,
1425 3457 1440 3501 a
1463 3441 1588 3503 vinculo
1610 3459 1672 3521 quo
1694 3446 1789 3508 ecclc-

1039 3533 1102 3593 siae
1122 3532 1283 3610 Berytensi
1300 3532 1464 3610 praelatae,
1481 3535 1529 3596 cui
1548 3541 1621 3598 tunc
1636 3553 1786 3616 praeeras,

1041 3626 1206 3701 tenebaris,
1227 3625 1263 3686 de
1285 3626 1379 3686 simili
1402 3627 1530 3688 oonsilio
1552 3647 1585 3690 ac
1606 3631 1789 3708 apostolicae

1042 3718 1200 3796 potestatis
1232 3718 1426 3796 plenitudine
1457 3720 1661 3800 absolvimus,
1691 3730 1722 3787 et
1752 3728 1789 3788 ad

1041 3813 1180 3873 eamdem
1212 3811 1378 3872 Ecclesiam
1407 3813 1643 3889 patriarchalem
1680 3819 1788 3881 Antio-

1041 3905 1173 3966 chenam
1202 3906 1240 3968 cle
1267 3905 1362 3965 simili
1393 3906 1519 3968 consilio
1548 3917 1579 3969 et
1607 3911 1789 3988 apostolicae

1041 3998 1200 4080 potestatis
1216 3999 1410 4077 plenitudine
1421 4001 1543 4076 paribus
1561 4002 1788 4084 transferimus3

1041 4102 1135 4174 teque
1162 4094 1207 4156 illi
1233 4095 1265 4156 in
1295 4096 1503 4162 Patriarcham
1530 4105 1726 4180 praeficimus
1759 4118 1790 4173 et

1041 4199 1209 4269 pastorem,
1232 4208 1353 4266 curam,
1377 4193 1519 4268 regimen
1541 4204 1572 4256 et
1594 4200 1788 4264 administra-

1043 4290 1161 4350 tionem
1184 4291 1281 4352 dictae
1313 4292 1523 4368 patriarchalis
1552 4293 1705 4356 Ecclesiae
1727 4298 1790 4358 An-

1043 4383 1204 4444 tiochenae
1227 4383 1281 4446 tibi
1304 4383 1335 4444 in
1357 4383 1571 4462 spiritualibus
1592 4397 1623 4446 et
1640 4398 1790 4466 tempora·

1042 4473 1123 4536 libus
1155 4475 1291 4554 plenarie
1323 4478 1565 4554 committendo,
1599 4481 1791 4561 liberamque

1044 4570 1098 4630 tibi
1115 4571 1150 4630 ad
1165 4567 1278 4631 dictam
1293 4571 1529 4648 patriarchalem
1546 4575 1712 4638 Ecclesiam
1730 4581 1792 4638 hrr-

1044 4663 1218 4724 tiochenam
1234 4665 1415 4725 transeundi
1438 4665 1596 4729 licentiam
1613 4671 1790 4746 tribuendo,

1044 4759 1131 4821 firma
1142 4777 1195 4838 spe
1208 4761 1379 4838 fiduciaque
1396 4762 1560 4840 conceptis
1577 4763 1670 4840 qnod,
1687 4764 1791 4827 dexte-

1042 4853 1075 4914 ra
1097 4854 1220 4914 Domini
1244 4854 1296 4914 tibi
1320 4855 1492 4927 assistente,
1511 4853 1644 4933 praefata
1665 4857 1792 4935 patriar-

1041 5071 1091 5114 que
1105 5071 1135 5103 ac
1151 5059 1199 5104 tihi
1214 5061 1341 5116 perpetuo
1355 5060 1511 5104 servandam
1527 5060 1649 5117 1·eliqnit;
1667 5060 1735 5104 unde
1751 5071 1793 5104 ve·

1041 5127 1091 5172 luti
1105 5128 1218 5182 quadam
1236 5127 1391 5182 cognatione
1413 5127 1541 5182 adiuncti,
1556 5132 1686 5184 quotquot
1702 5127 1728 5172 in
1746 5133 1791 5172 tuo

1043 5194 1226 5239 patriarchatu
1243 5205 1318 5238 sacro
1333 5193 1494 5250 baptismate
1505 5197 1568 5238 sunt
1580 5195 1738 5249 regenerati,
1752 5196 1792 5238 vel

1042 5263 1178 5307 nobiscum
1193 5261 1308 5305 firnriter
1322 5266 1501 5318 perseverent,
1517 5262 1557 5306 vel
1576 5273 1698 5306 errorum
1715 5261 1793 5307 nebu·

1041 5329 1075 5374 lis
1090 5327 1215 5374 discussis
1229 5329 1262 5373 ad
1278 5339 1324 5373 nos
1339 5333 1518 5373 revertantur.
1532 5333 1559 5372 tn
1572 5329 1726 5374 huiusmodi
1735 5341 1792 5387 ope·

1042 5407 1099 5442 ravn
1115 5399 1144 5443 ut
1160 5408 1250 5441 omnes
1272 5397 1394 5442 intendas
1416 5397 1558 5453 pastoralis
1579 5397 1735 5452 vigilantiae
1750 5410 1793 5442 eu·

1042 5476 1094 5518 ras,
1110 5469 1135 5510 te
1151 5475 1244 5508 rursus
1255 5463 1283 5508 in
1293 5463 1400 5508 hormino
1411 5464 1551 5508 hortamur
1561 5464 1791 5521 obsecramusque,

1041 5543 1072 5576 ac
1086 5531 1149 5576 dum
1168 5542 1216 5588 pro
1230 5530 1334 5586 gratiae
1355 5533 1435 5587 atque
1451 5531 1558 5576 effeetus
1580 5532 1666 5576 nostri
1681 5531 1791 5588 pignore

1042 5598 1230 5644 manusculum
1246 5608 1336 5642 rerum
1354 5597 1593 5643 ecclesiasticarum
1608 5599 1641 5644 ad
1656 5601 1681 5643 te
1695 5597 1793 5644 deferri

1043 5677 1089 5721 per
1104 5664 1224 5720 ablegati
1239 5663 1279 5709 tui
1294 5674 1388 5710 uranus
1403 5664 1604 5718 committimus,
1619 5665 1791 5721 apostolicam

1042 5731 1249 5776 benedictionem
1268 5731 1432 5776 fraternitati
1453 5735 1514 5776 tuae
1529 5737 1699 5787 peramanter
1713 5732 1793 5788 largi·

1043 5807 1111 5842 mur.

1059 5866 1176 5909 -batum
1199 5869 1306 5920 Rornae,
1327 5865 1396 5921 arvad
1416 5871 1441 5910 S.
1461 5865 1570 5910 Mariam
1593 5865 1728 5920 Maiorem,
1744 5867 1793 5910 sub

1042 5931 1141 5976 arinulo
1156 5931 1361 5986 piscatoriam
1376 5944 1451 5977 xxru.
1468 5929 1528 5977 iulii
1543 5943 1694 5988 nnccnxrv,
1710 5931 1792 5989 ponti·

1043 5999 1137 6046 ficatns
1152 5999 1236 6044 nostri
1251 6010 1320 6044 anno
1332 6010 1378 6045 vva.

1713 595 1768 660 lbi
1819 593 1874 652 Aa.
1888 598 1918 652 c.
1940 591 2009 652 laet
