4776 6974
893 625 903 654 ι
927 608 999 672 brus
1020 613 1070 670 ιιι.
1093 607 1136 670 ιιι.

585 739 676 808 xcn.

261 933 458 998 Prouinciuii
480 939 511 995 et
531 936 727 1014 praesidenti
749 931 1004 1012 capitulitrien·

299 1030 385 1092 culis
412 1029 599 1107 prouinciae
631 1027 744 1092 Sancti
768 1025 915 1106 Gregorii
937 1026 1004 1107 (ru-

300 1129 388 1184 trum
413 1122 545 1185 Ordinis
569 1121 683 1186 Suucti
704 1120 875 1183 Francisci
896 1119 931 1180 de
949 1117 1007 1181 Ob-

298 1216 464 1278 sauvuottu
484 1216 521 1278 iu
543 1215 661 1276 ιιιιιιιιι
682 1212 880 1292 Philippicis
902 1211 1006 1292 sucul-

301 1315 400 1374 totcm
415 1309 556 1372 coneedit
573 1307 763 1388 indulgendi
779 1303 954 1388 frutribus,
968 1311 1005 1366 ιιι

300 1405 452 1482 pecunius
483 1407 692 1472 contractare,
716 1407 745 1462 et
774 1400 931 1478 equitare,
953 1413 1005 1459 oo·

301 1497 399 1559 leuat.

511 1666 600 1737 etus
622 1665 682 1733 ΡΡ.
708 1663 753 1732 ιιι.

400 1787 863 1858 mmmmmmm

101 1978 232 2030 armatum·
301 1971 319 2045 5
343 1970 371 2031 l.
394 1970 519 2046 Quoties
539 1985 555 2030 ι
578 1967 667 2030 nobis
687 1965 764 2028 illud
778 1965 908 2042 petitur,
925 1959 1006 2040 quod

263 2065 406 2141 religioni
425 2070 456 2126 et
471 2061 728 2126 christifidelium
744 2058 825 2121 bono
839 2054 1007 2118 convenire

263 2158 467 2236 dignoscitur,
489 2157 593 2218 animo
615 2170 671 2217 nos
692 2154 779 2216 decet
801 2149 912 2213 libenti
936 2164 1007 2211 con·

198 2285 206 2308 ι
263 2254 381 2327 cedere,
404 2258 436 2313 et
457 2249 633 2328 petentium
654 2244 813 2309 desideriis
832 2257 1008 2320 congruum

264 2345 416 2424 impertiri
437 2342 630 2419 suffragium.

54 2409 55 2454 ³
94 2440 185 2500 boib
199 2448 247 2500 lta
301 2441 320 2516 5
340 2439 369 2500 ι.
390 2436 512 2514 Exponi
532 2435 688 2514 siquidem
710 2431 798 2496 nobis
820 2445 921 2508 nuper
936 2425 1009 2490 lecit

88 2495 246 2598 ἶιῗιΙιὲιιθιῐιιῖῗ-ῑό
265 2534 391 2598 dilectus
423 2530 505 2592 salios
535 2529 665 2591 loannes
693 2528 812 2590 Duarez
841 2524 936 2585 frater
957 2537 1008 2581 es-

265 2643 367 2706 presse
388 2625 544 2702 protessus
564 2622 688 2686 Ordinis
703 2620 835 2682 fratrom
851 2615 1008 2679 llinornm

266 2721 365 2788 Sancti
393 2718 549 2784 Francisci
569 2719 607 2779 de
628 2711 827 2779 Observantia
849 2722 1008 2784 noncupa-

266 2829 378 2891 torum,
401 2831 434 2876 ac
456 2817 636 2893 procurator
651 2805 807 2886 generalis
821 2811 853 2866 et
866 2805 1009 2866 commis·

267 2914 359 2976 sarius
390 2907 566 2988 provinciae
594 2903 696 2967 Sancti
725 2899 868 2976 Gregorii
888 2897 1009 2962 Ordinis

266 3004 409 3086 praedicti
430 3003 462 3064 in
485 2998 594 3062 insulis
616 2994 810 3074 Philippinis,
826 2993 919 3072 quod,
936 3008 1007 3055 cum

266 3099 372 3162 iratres
394 3094 513 3158 ordinis
534 3102 565 3155 et
587 3090 763 3171 provinciae
781 3088 1008 3168 praedictorum

267 3197 297 3256 in
317 3189 566 3256 disiunctissimis
588 3185 647 3248 illis
669 3184 862 3262 regionibus,
887 3190 954 3245 tum
973 3182 1010 3242 ad

267 3303 361 3350 sacras
382 3283 536 3348 iaciendas
556 3281 717 3344 missiones
738 3295 772 3341 ac
785 3275 1010 3340 convertendos

269 3380 416 3453 infideles,
441 3385 509 3440 tum
539 3375 574 3436 ad
596 3371 862 3447 cathechizandos,
884 3387 1009 3434 servan·

268 3474 397 3551 demque
418 3469 600 3533 catholicam
623 3467 716 3531 odem
732 3467 814 3528 inter
828 3466 1010 3528 innumeros

268 3566 427 3644 neophitos
454 3563 543 3624 indos
571 3561 771 3624 continenter
792 3575 825 3620 se
846 3565 1009 3637 occupent,

268 3661 324 3722 nisi
336 3657 518 3723 difficillime
529 3655 655 3730 babent,
668 3655 717 3716 cui
733 3663 890 3731 tamquam
905 3650 1011 3730 syndi-

268 3769 302 3816 co
319 3753 589 3830 eleemosynarum
605 3747 807 3826 pecuniarum
822 3745 1012 3824 synodorum

270 3853 528 3926 nuncupatorum,
550 3858 625 3920 quas
656 3841 831 3904 carissimus
862 3841 895 3901 ιιι
925 3840 1013 3902 Chri-

268 3947 313 4002 sto
329 3940 411 4002 lilius
426 3943 531 4000 noster
546 3935 761 4013 Hispaniarum
776 3950 829 3996 res
846 3933 1012 3995 catholicos

268 4051 320 4114 pro
340 4033 592 4111 evangelicorum
614 4030 825 4109 operariorum
843 4030 1012 4091 substenta-

268 4135 350 4194 tione
371 4127 565 4202 transmittit,
581 4124 751 4188 custodiam
772 4129 802 4184 et
819 4123 1012 4185 administra-

267 4225 383 4286 tionem
404 4223 607 4298 concredent3
624 4224 810 4299 quapropter
825 4225 1012 4280 memoratus

267 4334 318 4379 rex
333 4316 502 4379 catholicus
516 4317 551 4376 ad
562 4313 705 4375 evitanda
717 4311 922 4386 incommoda,
934 4327 1012 4389 quae

267 4430 302 4476 es
325 4414 398 4476 inde
424 4409 704 4490 proficiscebantur,
735 4407 883 4482 decrevit,
907 4415 941 4470 ut
961 4408 1012 4471 de·

266 4507 368 4586 inceps
391 4506 450 4567 nisi
472 4504 596 4567 cuilibet
623 4502 750 4564 illorum
775 4506 857 4563 certa
879 4501 1013 4565 eleemo-

266 4617 413 4679 synarum
434 4597 613 4660 huiusmodi
632 4596 732 4676 portio
747 4595 848 4658 detur.
866 4596 945 4658 Cum
960 4613 1013 4658 au·

268 4702 340 4770 tem,
352 4693 432 4756 sicut
446 4693 553 4754 eadem
567 4691 718 4768 expositio
732 4689 947 4765 subiungebat,
960 4689 1014 4751 ali·

267 4790 319 4867 qui
339 4804 380 4850 ex
401 4786 545 4849 tratribus
567 4783 727 4863 praedictis
748 4782 900 4859 religione
916 4782 1011 4859 ducti,

268 4882 406 4959 neglecta
426 4877 679 4955 evangelicorum
701 4878 913 4953 operariorum
929 4877 959 4938 in
976 4877 1013 4937 il-

268 4975 302 5036 lis
322 4975 504 5052 regionibus
526 4973 640 5051 inopia,
663 4977 714 5032 ant
744 4970 1012 5033 missionariornm

268 5075 297 5131 et
315 5069 571 5132 cathecblstarum
592 5081 671 5127 onus
687 5081 750 5126 non
765 5067 833 5128 sine
848 5067 934 5143 gravi
948 5067 1012 5127 ani-

268 5179 386 5225 marum
417 5160 673 5227 Christitidelium
703 5159 892 5222 detrimento
913 5161 1013 5221 detre-

270 5263 360 5332 ctant,
381 5263 434 5319 aut
454 5256 566 5318 saltem
585 5253 670 5316 anxii
685 5259 759 5316 sunt
773 5257 810 5316 de
825 5256 951 5316 instanti
966 5271 1012 5316 se-

270 5351 404 5428 rapbieae
425 5350 552 5426 regulae
576 5353 747 5427 praecepto,
769 5363 831 5426 qno
845 5351 947 5411 omnis
964 5365 1013 5428 pe·

271 5447 432 5506 cuniarum
462 5443 689 5506 administratio
719 5442 779 5504 illis
810 5444 1011 5521 prohibetur,

271 5544 372 5600 contra
394 5553 469 5599 rero
500 5538 680 5599 necessitate
710 5538 840 5615 quadam
862 5537 1012 5616 compulsi

269 5629 353 5693 hasce
374 5630 585 5708 eleemosynas
599 5631 722 5706 babere,
739 5646 850 5708 easque
864 5633 1012 5705 retinere,

270 5739 300 5785 ac
319 5739 375 5803 per
394 5739 428 5786 se
450 5725 530 5802 ipsos
552 5724 602 5786 vel
625 5725 655 5785 in
678 5724 840 5802 proprium
861 5739 954 5786 usum
983 5730 1013 5786 ιι

269 5817 428 5880 utilitatem
450 5825 644 5908 convertere,
669 5816 718 5880 vel
739 5819 775 5880 ad
790 5817 931 5880 ecclesias
946 5833 1014 5897 per-

270 5910 402 5973 tinentes
423 5912 456 5972 ιιι
477 5911 576 5973 divini
598 5913 700 5974 cultus
721 5919 925 5988 augmentum
946 5928 1012 5974 ero-

271 6019 349 6084 gare,
372 6005 423 6068 vel
445 6007 536 6069 etiarn
568 6015 726 6086 tamquam
758 6007 830 6071 boni
853 6013 952 6087 patres
972 6007 1014 6069 la-

1060 741 1161 806 milias
1176 741 1362 823 patrimonia
1377 739 1605 834 neophytarum
1620 742 1806 807 familiarum

1058 838 1101 900 sio
1131 837 1357 912 administrare,
1380 843 1415 899 ut
1435 839 1461 899 si
1487 837 1544 917 ipsi
1576 840 1805 917 neophytorum

1058 931 1176 1010 syndici
1207 937 1319 1007 essent,
1342 937 1506 1008 cogantur:
1538 933 1625 994 nobis
1646 939 1807 1011 propterea

1060 1025 1221 1088 humiliter
1244 1026 1408 1104 supplicari
1433 1025 1515 1100 lecit,
1538 1032 1583 1102 ut,
1606 1029 1807 1105 quemadmo

1060 1117 1135 1178 dum
1153 1109 1253 1180 ‘ielicis
1274 1118 1493 1182 recordationis
1516 1119 1669 1182 Honorius
1684 1120 1739 1182 ΡΡ.
1755 1121 1804 1183 ιιι.

1060 1219 1091 1272 et
1112 1210 1254 1273 Urbanus
1277 1212 1331 1274 ΡΡ.
1350 1212 1427 1276 vlit.
1445 1214 1692 1291 praedecessores
1708 1215 1807 1276 nostri

1061 1317 1116 1380 pro
1136 1304 1202 1366 aliis
1223 1305 1378 1380 lecerunt,
1392 1306 1435 1368 sic
1448 1322 1503 1368 nos
1519 1306 1550 1368 in
1565 1307 1740 1385 praemissis
1754 1323 1808 1385 op-

1061 1403 1194 1476 portune
1210 1400 1385 1475 providere,
1401 1405 1431 1461 et
1447 1409 1481 1462 ut
1496 1398 1575 1461 inira
1590 1399 1754 1476 indulgere
1768 1401 1806 1463 de

1061 1491 1250 1568 benignitate
1272 1493 1433 1572 apostolica
1454 1493 1666 1569 dignaremur.

1101 1587 1120 1661 5
1142 1586 1170 1647 3.
1195 1587 1256 1649 Nos
1279 1589 1374 1664 igitur
1395 1595 1640 1649 memoratorum
1655 1591 1808 1653 llomano-
1827 1601 1923 1699 81ιοιῐιιιιςιι
1941 1605 2041 1644 conces

1062 1682 1808 1761 rumPontisrcumpraedecessorumnostrorum

1062 1775 1190 1852 vestigia
1217 1782 1382 1849 sectantes,
1411 1793 1444 1838 ac
1471 1775 1602 1838 fratrum
1631 1777 1809 1840 huiusmodi

1062 1869 1207 1945 religioni
1234 1869 1408 1945 consulere,
1431 1887 1464 1932 ιι
1486 1869 1543 1950 piis
1572 1866 1666 1947 ipsius
1688 1873 1809 1936 loannis

1062 1965 1267 2043 procuratoris
1289 1965 1441 2040 generalis
1456 1971 1485 2026 et
1500 1965 1703 2028 commissarii
1718 1970 1809 2046 votis,

1062 2065 1215 2138 quantum
1232 2073 1305 2120 cum
1319 2059 1449 2120 Domino
1464 2075 1640 2139 possumus,
1657 2077 1809 2140 annuere,

1063 2152 1218 2231 illumque
1246 2151 1428 2230 specialibus
1459 2153 1566 2230 gratiis
1595 2161 1625 2216 et
1655 2155 1810 2219 favoribus

1063 2249 1206 2326 prosequi
1228 2248 1367 2310 volentes
1382 2255 1442 2310 ιιι
1458 2249 1617 2328 quibusvis
1632 2267 1813 2314 excommu-

1063 2340 1237 2416 nicationis,
1259 2342 1471 2418 suspensionis
1493 2350 1523 2404 et
1545 2343 1714 2419 interdicti,
1731 2345 1811 2407 aliis-

1062 2434 1344 2512 qoeecclesiasticis
1359 2437 1509 2511 censuris,
1521 2439 1683 2500 sententiis
1698 2446 1729 2500 ιι
1740 2455 1813 2517 poe-

1064 2527 1112 2590 nis
1133 2529 1243 2606 quovis
1271 2530 1413 2591 modoet
1441 2545 1637 2609 quacumque
1665 2533 1702 2594 do
1724 2548 1811 2594 causa

1064 2620 1142 2696 latis,
1159 2621 1274 2699 siquas
1290 2621 1369 2686 forte
1385 2622 1564 2699 incurrerit,
1581 2624 1673 2688 buius
1689 2634 1812 2688 tantum

1064 2715 1110 2776 rel
1121 2716 1216 2791 gratia
1229 2715 1422 2778 absolventes
1434 2725 1464 2778 et
1475 2717 1650 2781 absolutum
1662 2718 1728 2780 lore
1742 2737 1812 2782 cen-

1063 2819 1177 2885 sentes,
1200 2811 1473 2890 supplicationibus
1491 2811 1669 2875 buiusmodi
1686 2814 1813 2876 inclina-

1066 2905 1100 2981 ti,
1129 2905 1273 2968 ministro
1302 2904 1481 2983 provinciali
1509 2905 1607 2969 dictae
1635 2909 1812 2985 provinciae

1065 3000 1168 3064 Sancti
1199 2998 1340 3076 Gregorii
1369 2999 1402 3059 in
1423 2999 1532 3061 insulis
1562 2999 1755 3079 Pbilippinis,
1779 3019 1812 3064 ac

1065 3095 1249 3172 praesidenti
1270 3092 1432 3155 triennalis
1454 3092 1578 3170 capituli
1599 3109 1655 3171 pro
1674 3102 1813 3174 tempore

1064 3188 1279 3263 existentibus,
1295 3188 1368 3266 ipsis
1382 3187 1526 3250 omnibus
1547 3193 1579 3249 et
1602 3189 1733 3265 singolis
1754 3189 1813 3252 lra-

1064 3284 1163 3346 tribus
1184 3283 1395 3358 missionariis,
1418 3282 1615 3344 cathechistis
1633 3299 1687 3345 seu
1702 3286 1814 3347 iloctri-

1066 3380 1159 3441 nariis
1181 3385 1211 3440 et
1233 3378 1482 3454 procuratoribus
1503 3379 1674 3456 praedictis,
1691 3383 1813 3458 praevia

1066 3475 1157 3534 etiam
1180 3472 1211 3532 in
1233 3471 1352 3532 casibus
1379 3469 1480 3532 dubiis
1509 3471 1756 3549 dispensatione,
1780 3480 1813 3534 ut
1861 3465 1864 3471 ’
1904 3473 1909 3485 “

1066 3566 1277 3644 eleemosynas
1309 3563 1474 3644 praedictas
1502 3566 1622 3643 aliaque
1650 3568 1685 3628 ad
1717 3569 1812 3629 dictos

1066 3665 1238 3740 neopbytos
1269 3660 1457 3738 pertinentia
1486 3660 1719 3738 quomodolibet
1741 3677 1813 3723 ιοιι-

1068 3763 1210 3831 ιιιιιιιι,
1222 3773 1256 3818 ιι
1269 3756 1391 3818 easdem
1406 3755 1618 3833 eleemosynas
1634 3757 1664 3817 in
1680 3773 1751 3820 suos
1766 3773 1813 3819 re-

1069 3852 1192 3928 ligiosos
1224 3867 1297 3912 osus
1325 3855 1355 3909 ιι
1382 3848 1579 3911 necessitates
1609 3865 1663 3928 pro
1685 3850 1814 3913 illorum

1068 3945 1192 4006 arbitrio
1206 3949 1235 4005 et
1253 3944 1442 4006 conscientia
1462 3951 1660 4020 convertere;
1677 3948 1813 4024 neopby·

1068 4045 1172 4100 torum
1202 4053 1277 4099 vero
1308 4037 1483 4098 huiusmodi
1512 4038 1656 4115 pecunias
1678 4045 1708 4100 et
1737 4039 1814 4100 bona

1069 4133 1101 4194 in
1123 4132 1250 4193 illorum
1282 4131 1444 4192 utilitatem
1475 4131 1589 4209 pariter
1619 4141 1814 4209 convertere,

1069 4244 1125 4289 nec
1148 4242 1210 4286 non
1233 4225 1271 4286 ob
1292 4223 1431 4285 difficiles
1453 4241 1485 4284 ac
1507 4225 1655 4304 olpestres
1677 4243 1709 4288 ιι
1732 4226 1814 4304 palu-

1068 4323 1152 4385 dosas
1174 4320 1299 4380 illarum
1323 4318 1487 4396 regionum
1508 4318 1584 4395 vias,
1607 4320 1683 4399 quin
1706 4320 1762 4399 ipsi
1783 4321 1814 4382 in

1069 4432 1179 4495 poenas
1201 4432 1217 4474 a
1238 4412 1511 4480 constitutionibus
1532 4414 1579 4474 sui
1602 4413 1719 4476 ordinis
1733 4415 1816 4476 inlli-

1068 4517 1131 4570 ctas
1145 4509 1320 4581 incurrant,
1336 4507 1474 4584 equitare
1489 4505 1586 4568 libere
1601 4523 1635 4568 ac
1650 4507 1734 4569 licite
1750 4524 1817 4586 pos-

1068 4603 1130 4664 sint
1151 4608 1183 4662 et
1204 4601 1337 4674 valeant,
1369 4600 1547 4662 auctoritate
1574 4608 1678 4662 nostra
1698 4609 1816 4680 aposto·

1070 4699 1124 4760 lica
1145 4704 1236 4774 prout
1263 4697 1336 4773 ipsis
1360 4694 1441 4756 iusta
1469 4711 1576 4757 rerum
1599 4696 1680 4756 vices
1703 4696 1733 4755 in
1757 4697 1814 4756 bo·

1069 4792 1155 4853 mino
1182 4795 1355 4869 opportune
1383 4788 1552 4864 videbitur,
1574 4789 1763 4850 concedendi
1785 4797 1816 4849 et

1069 4883 1251 4959 indulgendi
1281 4882 1405 4961 plenam
1425 4892 1458 4944 et
1478 4883 1612 4960 amplam
1642 4882 1815 4944 ιιιιιιιιιιιιι

1069 4977 1175 5040 eedem
1196 4977 1375 5037 auctoritate
1398 4983 1505 5037 tenore
1531 4977 1741 5054 praesentium
1762 4975 1816 5035 tri·

1069 5071 1194 5133 buimus
1215 5075 1245 5132 et
1267 5069 1476 5146 impertimur.

1108 5165 1127 5240 5
1147 5164 1176 5224 l.
1200 5161 1270 5224 Non
1291 5163 1483 5224 obstantibus
1497 5163 1770 5225 constitutionibus
1785 5173 1816 5266 et
1834 5177 2048 5280 tngqqqtqqeon-

1068 5256 1315 5320 ordinationibus
1336 5256 1521 5333 apostolicis,
1544 5272 1600 5318 nec
1616 5272 1678 5317 non
1694 5255 1816 5319 Ordinis

1070 5349 1215 5430 praedicti
1241 5351 1336 5412 etiarn
1368 5350 1554 5422 iuramento,
1578 5349 1815 5412 confirmatione

1068 5443 1240 5523 apostolica,
1264 5443 1314 5504 vel
1335 5443 1443 5521 quavis
1463 5443 1607 5504 firrnitate
1623 5443 1679 5504 alie
1695 5443 1815 5503 robora·

1069 5539 1107 5600 tis
1127 5537 1247 5598 statutis
1269 5545 1300 5597 et
1328 5537 1621 5612 consuetudinibus3
1644 5537 1816 5614 privilegiis

1069 5647 1204 5709 quoqne,
1229 5630 1354 5692 indultis
1375 5640 1405 5690 ιι
1428 5630 1525 5692 literis
1540 5631 1712 5708 apostolicis
1726 5646 1816 5709 supe·

1068 5724 1203 5785 rioribus
1223 5730 1254 5786 et
1277 5725 1416 5801 personis
1437 5724 1494 5786 snb
1509 5724 1757 5803 quibuscumque
1773 5734 1817 5786 te-

1070 5819 1197 5880 noribus
1218 5827 1250 5880 et
1270 5818 1390 5893 lormis,
1406 5835 1438 5880 ac
1458 5833 1530 5880 cum
1546 5819 1706 5897 quibusvis
1722 5819 1813 5879 etiarn

1070 5913 1335 5988 derogatoriarum
1363 5911 1575 5989 derogatoriis,
1603 5913 1732 5991 aliisque
1753 5913 1816 5973 effi·

1069 6007 1236 6069 cacieribus
1258 6005 1475 6068 efficacissimis
1497 6023 1530 6067 ac
1553 6005 1684 6068 insolitis
1698 6006 1817 6074 clausu·

1729 587 1787 672 §aa
1836 603 1935 660 ιιι.
1956 579 2025 658 ιιιι
