4776 6974
45 2091 47 2134 l

40 3667 42 3756 ¹

75 585 109 636 ιι.
120 579 143 630 0.
160 569 217 625 latr

920 583 992 627 clus
1014 583 1063 627 PP.
1087 583 1129 627 vl.

246 701 351 764 aedem
374 719 429 780 pro
457 701 579 764 decenti
608 710 638 764 et
666 702 827 764 commoda
854 697 994 778 Episcopi

246 793 330 855 iuxta
351 795 531 873 praemissas
554 806 672 858 nostras
694 795 796 856 ιιιιιιι
812 794 928 856 assidua
944 791 995 854 ha·

245 886 421 950 bitatione
413 889 550 951 inveniri
571 905 668 966 posse.

1718 561 1778 628 ιιι
1827 560 1926 614 ιιι.
1947 563 2013 614 1791
2082 552 2086 562 ‘

1050 705 1173 762 nostrae
1194 700 1353 778 potestatis
1374 699 1567 778 plenitudine
1585 697 1795 776 praesentium

1050 801 1226 857 nostrarum
1249 794 1411 856 literarum
1432 795 1539 870 vigore
1560 793 1794 871 inperpetuum

1051 886 1277 962 transierimus
1300 893 1330 950 et
1352 887 1418 949 loco
1441 887 1550 964 prioris
1571 886 1714 948 ecclesiae
1728 901 1796 946 sah·

85 1001 228 1045 assarones
283 980 352 1055 53.
377 982 530 1059 dumque,
552 982 631 1044 sicut
653 983 759 1044 eadem
778 979 928 1058 expositio
943 981 994 1040 ad
1048 987 1169 1044 ctorum
1199 981 1281 1043 Petri
1304 989 1334 1042 et
1355 981 1440 1044 Pauli
1467 980 1628 1044 Gradiscae
1658 977 1795 1056 plenarie

72 1053 122 1101 sioni.

78 3510 172 3556 caelantia
184 3511 225 3557 cir·

71 3576 86 3608 id
102 3575 141 3608 llll'a
165 3567 203 3610 §Sd
205 3566 224 3611 ιδ

73 3617 193 3664 ιιιιιιιιι.

82 5653 184 5705 telesiaS.
193 5663 228 5708 ιιι-

76 5703 110 5752 larll
126 5710 178 5760 civit
180 5716 227 5762 ιιιι

75 5725 192 5855 desilientisa
194 5780 227 5815 re-

76 5813 152 5862 uiuitur
163 5821 189 5865 ad
202 5825 227 5869 h

75 5865 111 5964 ξὲω
121 5874 228 5924 parochia-

245 1075 344 1148 debat,
368 1083 489 1153 praeter
510 1075 566 1137 alia
587 1075 716 1138 dioecesi
735 1073 933 1137 Gradiscanae
949 1091 993 1134 as-

244 1167 361 1242 signata
391 1168 454 1230 loca
476 1168 666 1247 illorumque
688 1167 875 1246 parochiales
898 1167 993 1228 eccle

244 1262 312 1334 sias,
334 1259 385 1322 illa
415 1262 447 1322 in
470 1271 555 1340 parte
586 1261 743 1322 districtus
773 1260 848 1322 olim
880 1267 992 1320 metro·

244 1352 397 1431 politanae
425 1364 456 1416 et
476 1352 739 1431 archiepiscopalis
761 1352 823 1414 iam
851 1367 994 1430 suppres-

243 1461 293 1508 sae
313 1446 459 1508 ecclesiae
486 1445 667 1509 Goritiensis
689 1446 746 1508 sub
775 1445 866 1506 titulo
889 1444 992 1508 Sancti

244 1538 351 1600 llilarii
367 1539 399 1602 in
415 1541 520 1602 eadem
532 1539 654 1602 civitate
667 1537 799 1600 Goritiae
812 1545 993 1598 enumerata

244 1631 349 1702 luerit,
366 1641 458 1710 atque
480 1633 511 1694 in
528 1632 610 1693 illius
627 1631 757 1693 dioecesi
772 1629 992 1707 comprehensa

244 1733 275 1786 et
294 1725 457 1802 assignata,
481 1741 559 1804 quae
581 1741 597 1786 e
618 1741 768 1786 converso
787 1723 886 1801 ampla
901 1731 947 1784 est
962 1731 992 1784 ιι

244 1819 393 1894 elegantis
420 1827 595 1881 structurae
621 1833 841 1896 sacrarumque
861 1815 992 1892 supelle-

244 1913 363 1973 ctilium
387 1913 470 1990 copia
493 1913 643 1973 instructa
665 1927 698 1972 ac
720 1913 914 1988 primaevum
929 1925 994 1970 ser·

243 2015 294 2067 vat
315 2007 478 2079 decorem3
501 2005 681 2067 Goritiensis
697 2019 770 2063 vero
785 2003 892 2064 civitas
908 2001 992 2063 illius

243 2101 407 2160 comitatus
438 2105 528 2175 caput
560 2097 678 2160 nobitas
705 2105 736 2158 et
765 2096 910 2158 decentes
936 2111 991 2173 pro

233 2193 410 2292 Episcopo,
443 2193 641 2269 singulasque
672 2191 710 2252 de
740 2189 874 2292 capitulo
903 2191 992 2251 aedes

233 2270 476 2365 complectitur:
508 2284 575 2346 ideo
596 2301 651 2364 pro
682 2291 768 2363 parte
799 2283 893 2387 ipsius
914 2283 990 2344 Leo-

243 2379 354 2458 poldi
346 2397 379 2441 ιι
402 2379 622 2456 imperatorem
645 2377 734 2439 electi
750 2384 779 2438 ιι
796 2377 877 2452 regis
891 2378 928 2438 ab
942 2393 991 2438 eo-

243 2475 313 2536 dem
334 2473 496 2536 Franclsco
518 2471 670 2535 cardinali
697 2470 785 2532 nobis
809 2469 866 2532 luit
889 2469 990 2533 humi·

244 2568 315 2631 liter
328 2567 547 2644 supplicatum,
560 2577 596 2628 ut
609 2563 884 2638 rationalitatem,
897 2580 990 2642 quam

242 2669 366 2738 vocant,
388 2660 531 2724 ecclesiae
552 2672 729 2722 sanctorum
751 2659 834 2722 Petri
856 2668 887 2722 et
905 2660 989 2721 Pauli

241 2756 373 2818 civitatis
393 2754 527 2818 Goritiae
545 2753 712 2815 transferre
726 2753 938 2830 dignaremur,
953 2754 990 2816 ad

242 2851 322 2928 quod
346 2859 407 2911 tam
430 2847 616 2910 venerabilis
637 2847 739 2908 fratris
755 2847 853 2908 nostri
869 2848 990 2910 Franci-

240 2945 283 3005 sci
306 2941 438 3020 Philippi
458 2941 496 3002 ah
510 2941 631 3018 lnsaghi
648 2941 786 3018 Episcopi
801 2939 988 3017 Gradiscani,

241 3053 334 3117 quam
365 3036 552 3105 dilectorum
583 3035 720 3096 filiorum
750 3034 937 3111 dignitatum
960 3043 990 3096 ot

242 3131 368 3210 capituli
398 3147 431 3191 ac
461 3129 679 3191 canonicorum
714 3128 988 3203 Grauiscanorum,

242 3239 384 3286 necnon
406 3222 509 3284 dilecti
532 3222 587 3282 dlii
610 3222 736 3284 rectoris
758 3221 899 3284 ecclesiae
915 3217 989 3285 San·

242 3319 282 3382 cti
305 3317 411 3379 llilarii
433 3315 564 3378 civitatis
585 3315 721 3378 Goritiae
742 3330 903 3392 expressus
928 3317 988 3377 iam

241 3413 405 3491 praestitus
427 3418 473 3474 est
492 3425 644 3472 assensus

281 3507 350 3582 511
382 3504 572 3582 Nosigitur,
595 3504 769 3582 praemissis
792 3504 921 3583 aliisque
943 3522 988 3566 ra·

241 3598 438 3663 tiohahilibus
468 3599 565 3660 causis
596 3598 736 3659 animum
758 3606 901 3659 nostrum
924 3613 987 3660 mo·

241 3693 386 3754 ventibus
420 3698 542 3752 mature
573 3689 770 3751 consideratis
798 3699 891 3766 atque
920 3704 987 3767 per·

240 3787 354 3864 pensis,
377 3791 408 3846 et
431 3784 524 3863 ipsius
545 3781 690 3860 Leopoldi
714 3783 745 3842 in
766 3783 986 3860 imperatorem

241 3881 329 3943 electi
356 3887 388 3940 et
416 3879 498 3955 regis
529 3878 586 3956 piis
614 3875 812 3954 providisque
842 3877 922 3938 votis
953 3895 986 3939 ac

241 3973 382 4053 precibus
410 3985 504 4060 quam
529 3969 664 4030 libenter
692 3969 902 4032 obsecundare
933 3985 986 4032 vo·

242 4066 358 4140 lentes,
386 4064 492 4126 sedem
523 4061 725 4140 episcopalem
754 4063 985 4139 Gradiscanam,

242 4159 488 4235 universumque
509 4155 592 4236 illius
616 4155 797 4232 capitulum,
819 4155 986 4231 dignitates

242 4254 392 4315 nimirum
414 4259 444 4312 et
465 4250 637 4322 canonicos,
659 4265 693 4310 ac
713 4247 833 4310 clerum
858 4251 986 4311 servitio

240 4345 421 4410 cathedralis
449 4343 593 4406 ecclesiae
621 4340 821 4419 adscriptum,
844 4357 985 4404 necnon

240 4441 357 4503 curiam
387 4436 622 4500 ecclesiasticam
651 4433 849 4508 ordinariam,
872 4451 904 4496 ac
927 4437 985 4510 ius,

241 4534 424 4596 exercitium
456 4527 647 4592 ecclesiastici
678 4527 735 4589 lori
764 4542 820 4604 pro
845 4535 986 4606 ‘tempore

241 4625 386 4689 existenti
407 4623 556 4703 Episcopo
583 4619 767 4683 Gradiscano
795 4628 984 4699 competens,

241 4721 416 4800 pariterque
431 4715 535 4779 omnia
550 4713 702 4777 iudicialia
715 4718 796 4790 acta3
813 4730 846 4775 ac
859 4715 986 4794 insuper

242 4828 397 4877 unacum
427 4807 572 4872 omnihus
602 4823 780 4869 mensarum
810 4808 986 4888 episcopalis

243 4907 440 4971 Gradiscanus
467 4920 501 4966 ac
528 4901 697 4980 respective
722 4901 897 4978 capitularis
918 4904 985 4964 red-

243 5001 364 5075 ditibus,
387 4996 536 5061 lructibus
557 5011 590 5057 ac
613 4994 825 5073 proventibus,
855 4994 986 5071 insigni-

243 5093 309 5168 bus,
331 5093 462 5165 iuribus,
481 5088 755 5164 iurisdictionibus,
771 5089 985 5166 praeeminen-

243 5188 301 5262 tiis,
332 5184 564 5265 praerogativis,
594 5181 774 5260 privilegiis,
805 5181 984 5257 honoribus,

244 5281 358 5362 gratiis,
379 5277 534 5340 favoribus
556 5283 586 5338 et
608 5273 736 5337 indultis
757 5275 902 5351 realibus,
919 5291 986 5353 per·

243 5371 395 5435 conalibus
416 5381 447 5432 et
468 5369 585 5444 mixtis,
607 5369 718 5446 quibus
739 5368 824 5430 iuxta
840 5369 985 5433 enuncia·

243 5474 284 5528 tas
305 5473 423 5527 nostras
445 5461 548 5524 literas
569 5462 759 5540 episcopatus
786 5461 986 5526 Gradiscanus

243 5559 385 5638 illiusque
397 5555 567 5634 capitulum
579 5555 684 5617 lruvet
695 5553 984 5633 gauderedebeant

281 5653 299 5728 5
319 5653 349 5713 ὅ.
373 5653 418 5714 ,ιιι
437 5649 644 5712 Goritiensem
666 5649 823 5709 civitatem
843 5656 936 5728 atque
950 5649 985 5711 ad

245 5745 399 5809 ecclesiam
431 5743 534 5808 Sancti
566 5741 683 5816 Hilarii,
711 5742 797 5803 cuius
825 5743 986 5806 collativus

246 5839 351 5901 titulus
372 5853 426 5917 per
448 5838 522 5898 haec
543 5836 697 5897 extinctus
723 5845 839 5911 manet,
861 5837 912 5897 sed
936 5854 986 5914 pa-

244 5932 381 5995 rochialis
403 5937 437 5994 ut
452 5939 540 5992 antea
555 5945 620 5990 esse
635 5929 736 6004 dehet,
752 5929 790 5991 de
806 5930 986 6008 apostolicae

348 6080 398 6127 lor,
416 6078 484 6124 Forat.
500 6076 531 6124 de
546 6079 621 6139 Ριορ,
637 6077 698 6124 Fide
712 6078 794 6125 Partis
809 6079 825 6122 l.
842 6077 895 6123 vol.
912 6079 950 6123 lv.

1047 1073 1250 1150 subrogamus
1271 1083 1302 1136 ιι
1322 1083 1558 1137 commutamus

1088 1169 1106 1241 5
1128 1171 1156 1229 b
1183 1168 1341 1230 Praeterea
1365 1169 1548 1246 Episcopum
1563 1169 1793 1243 Gradiscanum,
1826 1181 1956 1237 axomodo
1972 1182 2027 1246 rpr-

1047 1260 1132 1322 illius
1152 1261 1333 1337 capitulum,
1360 1260 1525 1337 dignitates
1546 1270 1577 1324 et
1598 1261 1793 1324 canonicatus
1784 1216 1898 1335 ἓξῗιί
1911 1235 2027 1334 ῗζιξὲξῐξζ

1047 1372 1062 1414 ι
1081 1354 1189 1431 quavis
1204 1354 1235 1414 in
1251 1354 1374 1415 civitate
1389 1354 1547 1418 Gradiscae
1562 1354 1728 1416 residentia
1744 1369 1794 1431 pe·
1813 1344 1850 1388 ¹¹¹¹
1862 1341 2025 1389 0¹¹¹¹¹¹¹¹¹¹¹r

1047 1447 1132 1510 nitus
1146 1447 1330 1520 eximentes,
1346 1447 1553 1510 Goritiensem
1569 1447 1724 1510 civitatem
1740 1464 1794 1526 pro

1047 1540 1164 1604 assidua
1186 1541 1345 1618 episcopali
1369 1541 1533 1603 residentia
1555 1541 1792 1617 constituimus;

1047 1635 1268 1712 ecclesiamque
1289 1633 1391 1696 Sancti
1421 1633 1527 1698 Hilarii
1555 1635 1698 1698 omnibus
1721 1635 1796 1696 iuri·

1047 1729 1114 1802 bns,
1139 1727 1319 1802 honoribus,
1344 1729 1485 1806 insigniis
1507 1739 1538 1792 et
1559 1729 1792 1808 praerogativis,

1046 1821 1159 1899 quibus
1175 1837 1272 1899 usque
1287 1823 1378 1882 modo
1393 1822 1571 1885 cathedralis
1585 1823 1711 1886 ecclesia
1726 1839 1794 1884 san·

1046 1923 1165 1975 ctorum
1197 1914 1277 1974 Petri
1308 1923 1338 1975 et
1365 1915 1449 1977 Pauli
1480 1916 1639 1978 Gradiscae
1666 1916 1704 1977 de
1725 1915 1794 1978 iure

1045 2016 1098 2067 aut
1113 2022 1150 2068 ex
1167 2008 1288 2069 indulto
1304 2009 1354 2070 vel
1368 2008 1531 2086 privilegio
1547 2009 1659 2085 gaudet
1674 2017 1704 2072 et
1720 2024 1794 2085 gau-

1046 2101 1118 2160 dere
1141 2102 1262 2178 poterit,
1287 2101 1495 2179 paritorrniter
1524 2102 1581 2176 uti,
1605 2101 1677 2180 lini,
1700 2103 1793 2181 potiri

1046 2202 1076 2254 et
1103 2195 1236 2268 gaudere
1264 2194 1376 2256 debere
1404 2194 1546 2260 iubemus
1573 2204 1604 2256 et
1633 2196 1790 2258 volumus.
1822 2202 1826 2208 ’

1046 2288 1106 2350 Ηιι
1126 2296 1238 2350 statuta
1273 2289 1482 2364 translatione,
1506 2306 1584 2368 quae
1616 2290 1794 2368 episcopalis

1045 2386 1076 2442 et
1098 2381 1290 2443 ecclesiastici
1316 2381 1433 2444 ordinis
1454 2382 1622 2458 praesefert
1651 2386 1794 2446 decorem

1045 2482 1075 2533 et
1091 2474 1187 2535 divini
1205 2473 1306 2536 cultus
1326 2485 1566 2552 augumentum,
1583 2491 1726 2556 expresse
1742 2476 1793 2539 de·

1045 2565 1223 2628 clarandum
1238 2566 1384 2630 duximus
1400 2569 1561 2645 integrum
1572 2570 1718 2633 dioecesis
1730 2585 1793 2630 arn·

1047 2661 1145 2723 bitum
1179 2661 1327 2739 Episcopo
1357 2661 1540 2725 Gradiscano
1570 2679 1625 2740 pro
1653 2671 1792 2740 tempore

1044 2754 1189 2816 existenti
1211 2771 1249 2816 ex
1269 2755 1341 2831 ipsis
1356 2756 1470 2817 uostris
1486 2755 1581 2818 literis
1596 2757 1792 2833 designatum
1860 2831 1862 2838 Α

1044 2847 1088 2908 illi
1113 2855 1146 2910 ut
1168 2855 1257 2909 antea
1277 2849 1432 2911 ordinario
1447 2850 1515 2912 iure
1528 2850 1653 2913 subesse
1667 2850 1788 2914 debere.

1084 2944 1103 3017 5
1124 2941 1152 3003 7.
1173 2941 1290 3006 Verum
1305 2941 1465 3004 ecclesiam
1480 2945 1698 3020 cathedralem,
1714 2959 1803 3024 quae*
1823 2971 2024 3018 mmmmm„

1044 3052 1142 3114 usque
1158 3037 1248 3096 modo
1259 3036 1439 3099 Gradiscana
1456 3042 1578 3100 tantum
1593 3037 1792 3102 denominata
1810 3024 2024 3126 ffafflssfflffffl

1043 3129 1055 3190 l
1058 3129 1113 3203 uit,
1126 3127 1269 3208 deinceps
1287 3130 1492 3192 Goritiensem
1508 3147 1563 3194 seu
1577 3132 1791 3196 Gradiscanam

1042 3220 1108 3282 lore
1131 3223 1383 3301 nuncupandam,
1409 3233 1501 3303 atque
1523 3225 1790 3302 nuncupationem

1043 3314 1220 3377 huiusmodi
1243 3317 1280 3378 ab
1302 3317 1448 3395 Episcopo
1479 3333 1534 3395 pro
1567 3324 1706 3397 tempore
1726 3320 1792 3382 exi·

1040 3416 1144 3472 stante
1173 3409 1205 3471 in
1227 3410 1373 3472 omnibus
1403 3410 1477 3472 actis
1504 3410 1696 3490 publicisque
1725 3427 1790 3474 mo·

1042 3503 1201 3565 numeratis
1231 3502 1434 3566 adhibendam
1463 3513 1494 3566 et
1518 3507 1702 3568 servandam
1722 3521 1789 3569 esse

1041 3594 1251 3658 decernimus

1056 3689 1100 3764 5
1120 3689 1149 3750 8.
1173 3690 1336 3752 Caeterum
1351 3690 1381 3752 iu
1398 3690 1524 3752 ecclesia
1540 3691 1705 3754 cathedrali
1720 3709 1788 3755 san·
1815 3713 1972 3762 ιιιιιιιιιι.
1980 3719 2022 3762 ιι

1042 3790 1163 3845 ciorum
1182 3781 1264 3843 Petri
1279 3790 1311 3844 ιι
1325 3783 1408 3844 Pauli
1424 3782 1582 3848 Gradiscae
1597 3800 1650 3862 per
1665 3787 1789 3865 presbv·
1808 3768 2022 3882 ξῗΰᾶξῃξῇξιιπῖξ

1042 3881 1146 3937 terum
1168 3884 1312 3938 curatum
1333 3877 1507 3940 animarum
1528 3893 1613 3954 cura,
1636 3886 1671 3941 ιι
1693 3879 1788 3956 prius,
1807 3875 1917 3922 ¹¹¹¹¹¹¹¹

1042 3976 1239 4042 exerceatur,
1270 3969 1424 4048 sacrisque
1450 3971 1641 4034 sufficienter
1668 3975 1790 4050 provisa

1044 4059 1093 4121 illa
1113 4060 1153 4123 sit
1182 4059 1342 4136 ministris
1365 4062 1419 4140 qui
1441 4063 1574 4126 verbnm
1602 4065 1656 4126 Dei
1677 4067 1790 4144 populo

1041 4154 1231 4216 annuntient
1250 4161 1282 4216 ιι
1296 4163 1487 4218 sacramenta
1503 4157 1699 4235 ministrent,
1715 4159 1790 4222 adeo

1042 4256 1077 4308 ut
1098 4263 1136 4308 ex
1158 4245 1358 4309 translatione
1375 4249 1551 4312 huiusmodi
1567 4250 1687 4312 nullam
1703 4253 1790 4314 Chri·

1041 4340 1187 4402 stifideles
1216 4339 1373 4402 civitatem
1400 4340 1486 4403 illam
1508 4342 1680 4406 incolentes
1700 4345 1789 4424 spiri-

1043 4433 1125 4494 tuale
1146 4433 1370 4496 detrimentum
1390 4435 1526 4496 sentiant
1547 4443 1577 4498 ιι
1599 4437 1766 4514 patiantur.

1082 4527 1100 4601 5
1120 4525 1150 4588 9.
1174 4526 1286 4588 Itidem
1308 4524 1427 4602 adhoc,
1444 4527 1789 4592 utextinctoecclesiae
1842 4550 1956 4614 reipsum
1977 4552 2020 4598 aa

1042 4620 1145 4684 Sancti
1167 4619 1272 4682 Hilarii
1295 4618 1389 4681 titulo
1408 4620 1563 4698 collativo,
1584 4631 1614 4684 ιι
1635 4631 1737 4686 amoto
1753 4624 1790 4686 il·
1807 4605 2020 4706 ξῗζζιξῑιξιιῗιῗξῗ

1041 4714 1101 4776 lius
1112 4721 1243 4787 rectore,
1256 4711 1431 4776 animarum
1444 4731 1516 4776 cura
1528 4715 1628 4778 eidem
1644 4717 1790 4782 ecclesiae
1807 4709 1847 4756 ¹¹¹·

1041 4808 1114 4869 alias
1134 4807 1284 4884 assignata
1300 4807 1430 4869 minime
1445 4809 1644 4886 destituatur,
1658 4811 1712 4873 sed
1728 4811 1788 4872 illis

1041 4900 1361 4979 ampliusconsultum
1372 4903 1422 4976 sit,
1434 4901 1536 4964 eidem
1547 4902 1695 4982 Episcopo
1707 4919 1789 4968 corn·

1041 4995 1195 5058 mittimus
1217 5011 1251 5056 nt
1272 4993 1337 5072 ipse
1359 5011 1414 5073 pro
1435 4995 1483 5057 sui
1499 4996 1565 5059 zelo
1579 5006 1610 5059 et
1625 4995 1789 5076 prudentia

1042 5088 1167 5150 idoneos
1187 5086 1361 5166 probosque
1381 5086 1489 5165 seligat
1515 5089 1718 5168 presbyteros,
1735 5091 1805 5170 qui·

1042 5189 1126 5245 tanto
1148 5181 1271 5245 muneri
1293 5182 1413 5245 assidue
1430 5182 1623 5246 incumbant.
1642 5183 1788 5248 Econtra

1040 5293 1128 5351 vero,
1140 5276 1211 5354 quia
1224 5282 1324 5338 rector
1335 5275 1438 5338 Sancti
1454 5276 1560 5338 Hilarii
1576 5278 1615 5339 ob
1630 5277 1713 5340 tituli
1727 5278 1789 5340 col·

1040 5369 1128 5431 lativi
1150 5368 1233 5430 illius
1254 5368 1400 5431 ecclesiae
1422 5369 1656 5445 extinctionem,
1679 5371 1729 5434 cui
1743 5390 1788 5433 as-

1040 5478 1180 5537 sensum,
1198 5470 1231 5522 ut
1253 5461 1435 5541 praefertur,
1459 5462 1612 5541 praebuit,
1633 5465 1696 5526 suis
1718 5482 1788 5545 pro·

1041 5555 1187 5618 ventibus
1208 5561 1239 5617 et
1259 5555 1480 5618 emolumentis
1511 5556 1547 5618 ab
1577 5573 1611 5618 ea
1639 5557 1788 5622 hactenns

1041 5649 1194 5726 perceptis
1205 5650 1370 5712 destitutus
1382 5658 1473 5725 esset,
1485 5651 1520 5711 ad
1536 5649 1619 5714 illius
1635 5651 1790 5714 indemni-

1043 5745 1095 5805 tati
1106 5743 1335 5805 occurrendum
1345 5743 1501 5819 volumus,
1513 5746 1594 5822 quod
1607 5745 1709 5808 eidem
1723 5762 1787 5808 mo-

1041 5838 1138 5898 darno
1160 5836 1274 5898 rectori
1295 5851 1398 5898 annua
1419 5837 1537 5915 pensio,
1554 5854 1633 5916 quae
1654 5855 1788 5918 proven·

1041 5929 1123 5992 tibus
1150 5938 1183 5992 et
1212 5929 1434 5992 emolumentis
1461 5930 1623 6008 praedictis
1645 5934 1788 6010 aequiva-

1655 6081 1681 6122 ιι
