4808 6988
89 589 189 654 nto
210 580 281 652 root
979 576 1037 641 teo
1057 590 1107 642 ss.
1132 575 1194 678 nn¹
1781 550 1841 634 ott
1890 551 1989 622 nto.
2010 547 2079 618 isat

397 715 568 795 Venerabili
589 715 677 793 ltalri
699 712 825 805 losepho
847 716 972 786 Octavio
1114 713 1189 778 nulo
1210 707 1370 777 Piscatorls
1391 703 1442 774 dia
1460 717 1491 772 tt.
1514 707 1637 787 augusti
1660 719 1860 780 uncccxxv„

497 817 648 904 Episcopo
668 813 871 904 pestanensi,
1114 809 1310 887 pontificatus
1330 807 1427 870 nostri
1448 819 1530 868 anno
1552 819 1587 865 n.

1367 963 1607 981 m

563 1004 641 1072 1.Εο
664 1002 725 1071 ΡΡ.
749 999 807 1070 ΧΙΙ.
1469 1091 1497 1154 x

527 1191 714 1262 venerabilis
735 1190 846 1267 trater,

347 1287 475 1358 sulutem
498 1293 530 1356 el
551 1286 750 1371 apostoticam
775 1278 1026 1351 benedictionem.
1118 1277 1246 1341 Statum
1260 1277 1523 1358 Mississipeosern
1538 1275 1573 1338 in
1586 1272 1761 1338 Foederata
1775 1271 1864 1335 Amo-

1156 1371 1228 1432 riro
1248 1365 1378 1449 separet
1398 1369 1438 1434 eb
1460 1368 1739 1446 orcbteptscopato
1764 1362 1864 1427 Batti-

355 1478 440 1542 Nibil
462 1477 595 1558 optatius
626 1477 765 1540 accidere
793 1471 882 1538 nobis
908 1473 1007 1550 potest
1028 1465 1060 1528 in
1157 1463 1295 1526 encrensi
1316 1469 1347 1525 et
1369 1464 1404 1525 in
1427 1461 1531 1526 Vicor.
1556 1461 1614 1540 Ap.
1638 1458 1736 1540 eripit
1756 1456 1813 1538 (l).

316 1573 420 1637 nostra
442 1574 497 1635 boc
516 1571 726 1635 sollicitudine
755 1567 899 1630 omnium
924 1558 1063 1625 ecclesia·

315 1683 399 1743 rum,
420 1681 513 1746 quam
536 1665 630 1728 laetos
651 1663 690 1726 de
709 1668 792 1725 statu
813 1674 921 1722 aarum
936 1652 1063 1718 nuntios
1179 1648 1350 1717 venorabili
1371 1647 1459 1717 tratri
1487 1647 1637 1716 [odorico
1659 1643 1804 1713 Gulielmo

316 1760 433 1822 andire.
456 1759 523 1834 Quo
537 1775 613 1822 vero
626 1756 697 1820 illae
712 1755 882 1832 longiores
899 1749 987 1813 nobis
1003 1753 1064 1809 ter·
1253 1741 1549 1811 ileo-turellanensi
1573 1740 1732 1826 Episcopo,
1845 1747 1849 1754 ·

318 1867 422 1915 rarum
444 1868 478 1914 ac
499 1853 591 1914 maris
612 1849 783 1914 disiunctae
796 1853 870 1909 sont
884 1839 1062 1915 intervallo,

318 1961 354 2008 eo
383 1945 502 2008 maiore
531 1943 723 2023 perfruimur
751 1939 867 2005 laetitia
896 1933 1064 2013 voluptatis
1370 1929 1448 1999 1.Εο
1470 1929 1531 1998 ΡΡ.
1556 1927 1613 1998 xli.

318 2044 519 2118 agnoscentes
540 2038 626 2101 exitu
647 2035 868 2100 confirmatum
888 2029 970 2111 quod
991 2025 1066 2090 scri-

319 2139 408 2212 ptum
429 2139 476 2196 est
497 2131 535 2194 de
549 2129 689 2194 cbristo:
707 2123 931 2192 dominabitur
944 2140 965 2186 a
979 2118 1064 2183 mori
1332 2120 1522 2190 laborabitis
1543 2120 1655 2199 trater,

318 2241 417 2305 osque
446 2225 488 2289 od
517 2241 615 2298 nore,
640 2230 669 2286 et
699 2220 874 2300 adaniae
903 2231 1003 2295 osque
1024 2211 1066 2275 od
1157 2213 1283 2283 salutem
1307 2221 1339 2283 et
1360 2215 1557 2300 apostolicam
1585 2211 1833 2282 benedictionem.

321 2320 474 2382 terminos
495 2317 580 2382 orbis
596 2325 772 2380 terrorum.
792 2317 892 2390 Quare
906 2308 986 2388 grati
1002 2323 1066 2370 ma-

320 2413 418 2476 iorem
439 2413 471 2475 in
492 2409 621 2474 modum
642 2425 750 2474 sumus
776 2403 961 2471 fraternitati
984 2409 1066 2476 tuae,
1162 2405 1263 2482 Quum
1284 2406 1470 2470 venerabilis
1490 2408 1586 2470 frater
1607 2403 1788 2468 Ambrosius
1809 2401 1870 2463 Ma-

320 2508 408 2569 cuins
436 2505 597 2583 diligentia
626 2502 841 2582 cognovimns,
872 2504 1006 2579 quantae
1035 2493 1067 2556 in
1124 2498 1226 2562 raonat
1249 2499 1503 2580 archiepiscopus
1524 2496 1870 2573 Baltimorensis,cuius

321 2599 442 2665 ultimis
463 2601 529 2663 istis
558 2597 740 2675 regionibus
767 2592 954 2658 accessiones
975 2589 1068 2652 tactae
1125 2591 1539 2656 iurisdictionidioecesanae
1554 2593 1657 2657 Status
1672 2591 1872 2669 blississipen·

320 2694 383 2758 sint
404 2703 435 2756 et
457 2693 489 2756 in
511 2692 576 2756 dies
598 2693 672 2754 bant
693 2704 791 2767 regno
812 2685 937 2751 Christi.
961 2685 1069 2748 aratu-
1123 2685 1164 2747 sis
1185 2686 1219 2748 in
1239 2686 1405 2759 Foederata
1417 2687 1556 2750 Amerina
1570 2687 1727 2749 subiectus
1741 2690 1818 2757 erat,
1833 2681 1872 2744 ob

323 2789 425 2851 tamur
445 2802 521 2850 vero
544 2785 599 2848 tibi
620 2801 659 2847 ex
679 2783 784 2846 animo
804 2789 866 2845 tam
882 2780 992 2842 uberes
1006 2775 1070 2838 tra·
1126 2779 1254 2842 nimiam
1276 2795 1291 2840 a
1312 2780 1443 2843 dioecesi
1457 2795 1511 2842 sua
1525 2780 1700 2863 distantiam
1715 2784 1826 2857 sponte
1838 2791 1872 2839 se

323 2890 390 2945 ctus
410 2895 558 2944 curarum
589 2888 715 2941 tuarum
744 2874 955 2956 pastoralium,
978 2881 1071 2950 teque
1126 2890 1141 2934 a
1158 2873 1370 2938 iurisdictione
1381 2875 1415 2938 in
1429 2874 1576 2938 eumdem
1590 2875 1790 2950 abdicaverit,
1803 2888 1871 2946 nos,

323 2982 355 3038 et
375 2975 530 3039 adiutores
551 2979 620 3035 tuos
640 2971 733 3034 etiarn
754 2967 955 3048 atqueetiam
969 2967 1072 3028 borta-
1126 2967 1305 3031 dimissione
1330 2969 1468 3032 eiusdem
1494 2967 1727 3032 Baltimorensis
1748 2967 1873 3032 brebie-

324 3068 430 3132 turin
452 3067 596 3142 Domino,
619 3071 738 3128 utnon
760 3059 973 3140 delatigemini
988 3058 1071 3121 labo·
1128 3063 1241 3144 piscopi
1261 3071 1424 3141 acceptata,
1441 3063 1612 3126 necessitati
1635 3062 1773 3126 bdelium
1795 3062 1874 3124 eius-

325 3168 428 3227 rantes
449 3161 482 3224 in
504 3160 675 3238 cvangelio.
698 3158 783 3235 Quod
798 3172 874 3220 vero
890 3172 954 3220 non
971 3155 1073 3218 desint
1128 3159 1199 3222 dem
1219 3165 1317 3220 status
1336 3156 1498 3220 consulere
1513 3157 1655 3220 volentes
1669 3158 1778 3234 donec,
1798 3155 1874 3219 lacta

325 3257 379 3338 qui
408 3256 622 3329 ailrersentur,
645 3251 676 3313 id
703 3251 830 3332 quidem
861 3251 978 3313 mirum
1008 3263 1071 3310 oon
1128 3253 1281 3316 divnione
1302 3251 1464 3315 Luisianae
1483 3253 1516 3314 in
1531 3251 1607 3315 daos
1621 3253 1823 3332 episcopatus,
1840 3251 1875 3314 il-

326 3359 387 3414 est:
411 3364 516 3413 omnes
537 3345 621 3408 enim
642 3346 698 3426 poi
718 3346 770 3424 pie
789 3342 903 3407 ootnnt
918 3343 1023 3404 otnero
1037 3342 1073 3404 in
1129 3345 1182 3408 lud
1203 3346 1346 3424 regimen
1362 3347 1489 3408 uniatur
1504 3345 1651 3425 Episcopo
1670 3346 1825 3421 viciniori,
1841 3361 1875 3408 ae

328 3443 458 3508 Gbrtsto
481 3444 552 3506 lesu
568 3439 819 3518 persecutionem
838 3437 1019 3519 potientur.
1036 3434 1074 3497 ll·
1130 3441 1166 3502 de
1181 3447 1233 3503 tua
1248 3437 1412 3517 probitate,
1424 3439 1616 3516 integritate,
1629 3439 1768 3503 doctrina
1782 3448 1876 3519 atque

328 3537 380 3600 lud
403 3535 505 3617 potius
526 3541 572 3597 est
602 3532 818 3598 admirandum
837 3534 918 3612 quod
940 3547 1019 3611 qnae
1040 3530 1073 3594 in
1130 3536 1294 3618 prudentia
1312 3537 1486 3614 plurimum
1499 3538 1532 3598 in
1548 3537 1680 3600 ltomino
1695 3536 1816 3610 conlisi,
1832 3541 1876 3597 te·

328 3629 481 3694 Ecclesiae
500 3628 666 3708 perniciem
686 3626 816 3690 molitor
836 3635 969 3706 potestas
989 3632 1075 3688 tenc-
1130 3647 1192 3710 que
1212 3648 1228 3693 a
1254 3629 1415 3710 quibusvis
1442 3631 1781 3704 excommonicationis,
1810 3644 1876 3690 sus-

328 3724 468 3798 brarnm,
490 3737 525 3784 ea
546 3722 609 3800 ipsa
629 3722 665 3784 ad
686 3737 754 3784 eam
775 3720 874 3782 serios
900 3719 985 3782 ocius
1008 3733 1075 3798 pro
1131 3723 1288 3804 pensionis
1308 3732 1339 3785 et
1361 3723 1530 3798 interdicti,
1549 3722 1678 3801 aliisque
1696 3723 1877 3786 ecclesiasti·

327 3815 503 3880 venandam
523 3823 555 3878 ot
575 3813 790 3878 illustrandam
815 3811 986 3877 conferant·
1130 3818 1173 3882 cis
1192 3817 1367 3892 sententiis,
1389 3817 1529 3879 censuris
1550 3824 1580 3879 et
1595 3818 1701 3896 poenis
1715 3833 1730 3878 a
1746 3816 1812 3879 inre
1827 3815 1877 3878 vel

368 3911 411 3973 ne
425 3911 558 3990 reliquo,
574 3925 645 3972 veo·
661 3907 767 3981 trater,
779 3906 1007 3970 admoneantur
1021 3922 1074 3968 no·
1131 3911 1168 3975 ab
1190 3912 1317 3974 nomine
1337 3911 1445 3990 quavis
1458 3911 1617 3975 occasione
1631 3911 1681 3973 ret
1695 3927 1783 3974 causa
1799 3910 1877 3985 tatis,

329 4013 394 4066 stro
416 4003 545 4066 nomina
565 4001 674 4065 crediti
697 4000 751 4063 tibi
773 3998 878 4080 populi
901 4009 935 4064 ut
951 4016 1076 4062 conver·
1131 4008 1155 4068 si
1168 4007 1280 4086 quibus
1291 4004 1523 4085 quomodolibet
1537 4006 1701 4068 innodatus
1712 4006 1830 4080 existis,
1842 4007 1878 4068 ad

327 4096 486 4160 sotionem
508 4095 596 4157 inter
615 4099 722 4174 gentes
744 4090 883 4156 bobeont
898 4092 1021 4167 bonnm,
1039 4099 1078 4155 ot
1132 4101 1278 4164 enectum
1306 4099 1516 4177 praesentium
1541 4107 1663 4163 tantum
1686 4113 1879 4177 consequen·

331 4207 371 4253 en
392 4189 482 4254 bonis
512 4185 658 4269 operibns
678 4203 729 4248 eos
757 4188 992 4251 considerantes
1012 4187 1077 4268 glo·
1132 4195 1343 4270 domnorum
1356 4195 1437 4256 serie
1451 4193 1645 4256 absolventes
1659 4202 1690 4256 et
1704 4191 1880 4256 absolutum

332 4283 458 4364 rificent
490 4280 609 4345 Datim:
632 4282 665 4345 in
694 4297 730 4343 00
760 4289 864 4344 aulem
896 4282 1077 4360 praesertim
1133 4289 1199 4352 lore
1227 4296 1400 4362 censentes,
1422 4287 1461 4349 de
1488 4286 1714 4350 venerabilium
1746 4286 1880 4349 fratrum

332 4377 411 4439 bona
431 4391 542 4438 eorum
558 4377 674 4438 eniteat
688 4376 892 4451 conversatio,
908 4381 942 4437 ut
955 4372 1078 4438 soliciti
1133 4392 1312 4447 nostrorum
1334 4381 1366 4446 s,
1390 4381 1424 4444 p,
1450 4382 1485 4443 Ε,
1510 4382 1721 4446 Carpinatium
1746 4381 1881 4461 negociis

332 4470 399 4534 sint
416 4485 544 4533 servare
566 4469 727 4533 unitatem
745 4469 885 4550 spiritus
900 4467 935 4530 in
949 4467 1078 4531 vinculo
1133 4477 1172 4541 da
1193 4476 1387 4556 Propaganda
1414 4477 1489 4541 rina
1516 4477 1762 4557 praepositorum
1784 4477 1883 4540 consi.

332 4566 431 4645 parts.
454 4563 649 4627 Praeclarum
669 4563 821 4626 eiusmodi
846 4563 972 4642 spiritus
993 4578 1079 4643 prae·
1134 4572 1176 4634 no
1196 4569 1381 4634 trater-nisan
1407 4576 1477 4633 tuae
1497 4571 1639 4648 regimen
1662 4571 1798 4633 eiusdem
1821 4579 1881 4633 sta-

334 4662 387 4722 bes
418 4660 645 4734 tesliffiffllillm,
667 4658 744 4721 dum
775 4666 826 4719 tna
848 4667 879 4720 et
910 4657 1079 4722 immensae
1136 4673 1185 4728 tos
1198 4663 1257 4726 sub
1272 4661 1363 4724 titulo
1378 4659 1492 4725 Vicarii
1506 4662 1673 4741 apostolici
1687 4665 1722 4725 ari
1738 4671 1882 4727 nostrum

333 4753 422 4816 istius
451 4751 663 4816 multitudinis
692 4749 889 4813 credentium
916 4751 950 4813 in
972 4749 1080 4814 Cathe-
1135 4767 1166 4821 at
1188 4757 1274 4821 sedis
1288 4755 1480 4837 Apostolicae
1498 4756 1727 4836 beneplacitum
1741 4756 1883 4819 commit·

335 4849 423 4910 diam
453 4844 549 4921 Pelii,
570 4845 628 4907 ¹¹⁰⁰
648 4851 692 4907 0⁸²
711 4844 746 4908 in
767 4853 911 4907 centlum
940 4845 1079 4920 unitatis,
1138 4853 1233 4915 timus
1253 4865 1325 4913 cum
1346 4850 1443 4913 solitis
1459 4849 1666 4927 facultatibus,
1682 4849 1764 4912 salva
1781 4858 1882 4913 tamen

334 4940 479 5021 obsequia
500 4940 533 5002 in
553 4937 660 5002 sinum
681 4944 711 5000 te
733 4949 875 5002 nmirum
901 4937 1011 5002 scribis
1030 4937 1081 5000 de·
1136 4960 1259 5023 semper
1276 4943 1309 5006 in
1325 4945 1497 5025 praemissis
1512 4945 1694 5008 anctoritate
1710 4945 1885 5021 congrego·

334 5051 461 5114 ornere·
485 5033 615 5111 iginus
637 5032 717 5095 rain
740 5033 896 5096 ruminum
921 5033 1043 5108 gratias,
1066 5049 1082 5094 a
1139 5039 1232 5102 tionis
1253 5039 1436 5100 aerumnam
1458 5037 1681 5101 caronnacum.
1704 5037 1885 5100 narrantes

335 5146 398 5211 quo
425 5143 517 5192 rarae
545 5128 615 5191 fidei
642 5127 760 5189 donum
788 5127 821 5190 io
844 5133 889 5189 tot
916 5126 1082 5190 bominum
1140 5140 1300 5212 propterea
1321 5131 1466 5194 omnibns
1481 5139 1512 5194 et
1527 5131 1658 5209 singolis
1673 5129 1709 5192 ad
1724 5147 1801 5210 quos
1815 5146 1883 5210 per·

336 5224 433 5287 millia
455 5221 622 5299 descendit,
645 5229 738 5300 atque
759 5220 830 5283 inde
845 5221 911 5282 iore
925 5227 1083 5298 sperantes
1140 5227 1229 5302 tinet,
1247 5232 1281 5288 ot
1302 5231 1333 5286 te
1354 5225 1390 5286 ad
1412 5224 1631 5289 demandatum
1655 5227 1707 5288 tibi
1728 5242 1784 5304 per
1798 5241 1885 5304 prae·

338 5326 373 5382 ut
393 5321 537 5378 crescent
560 5315 595 5376 in
616 5314 673 5378 itio
693 5330 749 5393 per
762 5317 881 5386 omnio,
898 5315 953 5395 qni
971 5322 1017 5378 est
1033 5332 1083 5379 ce·
1138 5327 1242 5382 sentes
1263 5317 1373 5382 Vicarii
1394 5318 1561 5396 apostolici
1582 5319 1719 5382 cilicium
1740 5319 1887 5399 illiusque

338 5418 410 5491 put,
437 5409 598 5482 doristus,
622 5409 691 5486 tibi,
713 5423 786 5473 ven.
805 5407 912 5485 trater,
934 5409 1085 5490 gregique
1140 5413 1275 5476 liberum
1305 5412 1487 5475 exercitium
1519 5413 1605 5475 iuxta
1637 5421 1780 5476 tenorem
1801 5428 1887 5491 prae·

340 5516 404 5582 tuo,
428 5505 500 5567 licet
521 5503 613 5581 longe
635 5502 732 5565 dissiti
752 5517 892 5581 corpore,
908 5513 1085 5584 praesentes
1140 5507 1278 5571 sentium
1296 5506 1445 5585 recipiant
1465 5513 1496 5567 et
1517 5507 1693 5583 admittant,
1716 5506 1834 5586 tibique
1855 5507 1886 5569 in

337 5607 442 5663 tamen
463 5599 587 5677 spiritu,
616 5595 809 5676 apostolicam
837 5597 1086 5662 benedictionem
1141 5601 1286 5664 omnibus
1302 5601 1337 5663 ao
1354 5599 1437 5662 idem
1451 5598 1587 5662 officium
1603 5599 1832 5679 pertinentibus
1846 5599 1888 5661 la·

339 5702 535 5776 peramanter
554 5693 765 5772 impertimur.
1142 5701 1247 5769 veant,
1269 5699 1396 5773 pareant
1413 5700 1444 5756 et
1458 5692 1610 5768 assistant,
1628 5701 1742 5774 tuaque
1755 5693 1889 5756 salubria

380 5791 491 5854 Datum
512 5789 627 5856 nonae
647 5789 726 5870 apud
748 5787 780 5853 S.
797 5788 936 5867 Petrum,
955 5787 1013 5853 sub
1034 5803 1086 5850 an·
1142 5787 1259 5851 monita
1286 5793 1318 5850 et
1346 5786 1489 5850 mandata
1517 5786 1680 5850 humiliter
1707 5787 1888 5867 suscipiant,

382 6010 413 6070 (l)
427 6013 465 6058 Ex
478 6013 542 6070 ch.
556 6011 630 6056 Beer.
645 6009 677 6056 ds
690 6011 765 6067 Prop.
780 6005 850 6066 stoa
865 6008 914 6054 vol.
929 6008 981 6064 111..
995 6017 1054 6066 pag.
1068 6007 1115 6052 mit.
