4856 7010
375 489 430 544 An.
444 493 474 544 0.
497 494 564 545 1830
616 493 673 554 728

594 627 691 689 bonae
712 627 810 690 famae
824 629 899 690 odor
913 636 971 692 etc.
996 626 1186 690 diffundatur
1201 633 1274 700 etc,
1290 630 1338 684 tu·

592 735 654 798 que
684 727 807 798 praeter
837 727 979 784 aeternae
1009 720 1222 783 retributionis
1252 735 1337 798 prae·

592 813 692 874 mium
714 821 851 876 nostrarn
874 821 905 877 et
927 813 1024 878 diotae
1046 813 1133 878 Sedis
1146 813 1338 876 benevolen-

593 905 665 966 tiam
687 911 718 967 et
739 905 869 982 gratiam
896 909 1008 970 exinde
1037 906 1163 969 uberius
1189 907 1337 984 consequi

592 998 752 1061 merearis:
778 1015 835 1062 nec
856 1017 919 1064 non
934 1015 1029 1062 venn.
1050 1000 1195 1062 fratribus
1211 999 1335 1073 nostrie,

591 1091 746 1154 universis
757 1091 998 1172 archiepiscopis
1013 1102 1043 1158 et
1056 1093 1211 1172 Episcopis
1222 1092 1336 1158 Suffra-

590 1187 695 1263 ganeis
720 1189 910 1264 orthodoxis,
933 1206 965 1250 ac
985 1188 1104 1252 dilectis
1132 1188 1203 1250 filiis
1225 1189 1334 1251 vassal-

591 1279 627 1341 lis
648 1287 707 1343 elc.
731 1283 913 1344 mandamus
934 1289 990 1345 etc.

629 1376 648 1450 5
671 1375 699 1436 d.
710 1373 863 1438 Volumus
878 1382 994 1453 autern,
1010 1378 1091 1456 quod
1109 1384 1153 1451 lu,
1169 1386 1335 1458 antequam

590 1469 736 1545 regimini
755 1475 786 1531 et
808 1469 1068 1532 administrationi
1090 1471 1188 1533 diotae
1209 1472 1335 1548 patriar·

589 1563 683 1624 chalis
704 1563 896 1626 ecclesiaste
915 1564 948 1626 in
970 1564 1073 1644 aliquo
1095 1564 1278 1643 immisceas
1301 1565 1334 1627 in

589 1658 730 1720 manibus
744 1657 877 1718 dirorum
893 1673 989 1720 venn.
1004 1658 1119 1735 pariter
1134 1656 1264 1720 fratrum
1281 1674 1335 1721 no·

587 1758 722 1812 strorum
736 1749 1026 1830 archiepicoporum
1038 1751 1087 1812 vel
1098 1751 1332 1831 Episcoporum,

588 1843 717 1918 gratiam
732 1853 762 1906 et
777 1845 1029 1908 communionem
1046 1843 1130 1908 Sedis
1141 1845 1334 1924 apostolicae

588 1936 759 2013 praedictae
786 1937 967 2000 habentium
989 1944 1021 1998 et
1047 1937 1168 2000 inistis
1196 1937 1334 2014 partibus

587 2029 777 2106 degentium,
800 2046 854 2092 seu
877 2030 1004 2092 alterius
1026 2045 1155 2109 eorum,
1178 2029 1333 2093 fidelitatis

586 2124 704 2185 debitae
724 2123 848 2185 solitum
864 2131 1001 2201 praestes
1020 2125 1234 2187 iuramentum
1248 2125 1333 2187 iuxta

587 2232 692 2290 unam,
715 2231 748 2277 eo
770 2215 840 2278 fidei
872 2217 1094 2295 professionem
1125 2217 1332 2282 Orientalibus

586 2327 602 2372 a
625 2311 701 2374 Sede
722 2310 892 2390 hpostolicai
908 2310 1131 2389 praescriptum
1154 2312 1237 2372 iuxta
1258 2311 1332 2372 alte-

586 2419 662 2478 ram,
686 2402 799 2466 formas
828 2404 1040 2482 praesentibus
1064 2406 1221 2466 adnotatas
1243 2403 1332 2466 eruit·

586 2503 641 2572 tas,
665 2504 695 2558 et
715 2497 758 2560 sic
780 2513 796 2558 a
819 2505 849 2558 te
870 2497 1007 2574 praestiti
1029 2497 1195 2559 iuramenti
1217 2506 1247 2559 ot
1262 2513 1331 2575 pro·

585 2589 724 2653 fessionis
747 2589 829 2652 fidei
853 2590 965 2654 formas
980 2590 1015 2653 ad
1031 2592 1172 2653 eamdem
1195 2592 1330 2668 Congre-

585 2685 742 2761 gallonem
763 2685 801 2745 de
822 2683 1016 2761 Propagandi
1032 2685 1105 2747 Fide
1126 2685 1164 2746 de
1185 2684 1280 2746 verbo
1295 2684 1331 2747 ad

585 2777 716 2840 verbum
738 2793 793 2857 per
807 2783 875 2840 tuas
890 2787 1027 2857 patentes
1043 2778 1145 2840 literas
1161 2783 1213 2838 tuo
1228 2777 1331 2853 sigillo

584 2871 719 2932 munitas
741 2886 796 2949 per
816 2872 976 2951 proprium
999 2873 1151 2934 nuncium
1172 2871 1331 2949 quantoci-

586 2965 645 3046 tius
668 2966 880 3028 transmittere
901 2967 1030 3028 omnino
1052 2966 1194 3040 tenearis,
1217 2965 1330 3044 quibus

584 3066 744 3121 eteorum
775 3057 900 3121 cuilibet
924 3075 978 3137 per
1006 3061 1128 3122 easdem
1155 3067 1330 3136 praesentes

585 3153 777 3227 mandamus,
800 3158 835 3214 ut
857 3152 912 3230 ipsi
929 3152 980 3214 uel
997 3160 1054 3214 etc.
1072 3153 1283 3213 iuramentum
1299 3158 1330 3212 et

584 3245 803 3323 professionem
827 3247 1004 3308 huiusmodi
1026 3246 1110 3308 iuxta
1133 3241 1254 3308 easdem
1269 3245 1331 3306 for-

582 3354 646 3400 mas
668 3338 816 3416 recipiant
836 3355 892 3401 seu
919 3339 1057 3417 recipiat.
1089 3339 1198 3400 dorma
1224 3345 1327 3400 autem

583 3433 748 3495 iuramenti
769 3431 850 3511 quod
873 3433 1037 3510 praestabis
1059 3432 1127 3493 talis
1149 3437 1209 3494 est:
1225 3431 1327 3509 -Ego

583 3525 708 3588 loannes
740 3523 873 3587 Hormez
901 3524 1072 3587 Patriarcba
1105 3524 1326 3602 Babylonensis

582 3618 803 3682 Chaldaeorum
824 3619 862 3680 ab
883 3618 937 3680 hac
957 3619 1031 3680 hora
1052 3623 1110 3681 etc.

619 3713 730 3774 [tatum
750 3710 865 3774 Romae
887 3713 965 3790 apud
990 3709 1020 3774 S.
1038 3709 1163 3773 Mariam
1181 3709 1326 3774 Maiorem

580 3820 661 3866 anno
685 3804 907 3866 incarnationis
929 3801 1101 3866 dominicae
1123 3819 1324 3879 succursu,

581 3899 671 3960 tertio
690 3913 786 3961 nonas
801 3896 881 3972 iulii,
897 3896 1093 3974 pontificatus
1108 3898 1205 3960 nostri
1221 3914 1270 3959 an.
1288 3914 1322 3959 ιι.

831 4055 1068 4068 -n——n—

618 4355 648 4411 (ll
663 4352 793 4402 allocutio
800 4353 892 4402 habita
902 4354 929 4401 in
940 4355 1095 4402 consistorio
1106 4356 1207 4402 secreto
1215 4355 1264 4402 hac
1272 4353 1321 4400 die.

728 4467 891 4510 Veneradttes
904 4467 1012 4516 fratres,

616 4563 687 4609 Quae
699 4558 727 4604 in
741 4558 918 4604 venerabilem
929 4559 1040 4604 fratrem
1051 4562 1174 4604 Ioannem
1184 4557 1322 4604 d'liormez

576 4626 751 4672 bdosulensom
765 4625 995 4682 archiepiscopum
1009 4625 1139 4672 conflatae
1154 4625 1284 4671 invidioso
1297 4637 1322 4671 a·

576 4693 648 4739 nimo
667 4692 848 4738 accusationes
869 4691 987 4746 fuerant,
1010 4703 1071 4738 cum
1092 4692 1185 4738 sedulo
1205 4692 1321 4738 exanimi

575 4760 718 4815 subiectae,
732 4763 778 4806 aut
792 4758 898 4815 penitus
913 4758 1002 4815 falsae,
1017 4763 1065 4805 aut
1078 4760 1136 4818 plus
1152 4759 1233 4812 nituio
1247 4771 1322 4816 exag-

574 4832 683 4882 geratas
696 4829 846 4884 compertae
859 4825 983 4881 luissent;
998 4829 1048 4872 Leo
1062 4829 1114 4872 xli.
1130 4827 1172 4871 fef.
1183 4837 1234 4872 rec.
1249 4838 1321 4884 prae·

575 4897 695 4942 decessor·
710 4899 807 4948 noster,
822 4900 882 4941 voto
900 4895 1116 4952 congregationis
1135 4895 1321 4951 propagandae

575 4961 648 5007 bidei
669 4961 782 5018 negotiis
804 4962 969 5018 praepositae
990 4971 1121 5017 annuens,
1144 4963 1321 5006 memoratum

575 5029 804 5087 arehiepiscopum
819 5029 879 5074 sedi
894 5028 1057 5086 apostoticae
1073 5027 1262 5082 reconciliavit,
1276 5031 1321 5073 Ba-

575 5096 743 5153 bylonensem
766 5095 981 5141 Patriarcbatum
1004 5095 1055 5152 ipsi
1079 5093 1320 5141 administrandum

574 5163 654 5218 dedit,
668 5164 694 5207 et
708 5161 890 5208 Patriarcham
905 5165 977 5207 certe
987 5162 1177 5215 renunciasset,
1188 5160 1238 5208 nisi
1249 5171 1321 5218 prae·

574 5240 685 5287 propera
700 5239 770 5274 mors
785 5229 911 5274 humanis
925 5229 1055 5286 optimum
1074 5229 1227 5275 Pontificem
1241 5229 1320 5273 rebus

573 5295 721 5343 exemisset,
736 5300 769 5342 nt
790 5297 966 5353 irrequietum
981 5299 1007 5342 et
1021 5296 1107 5342 audax
1128 5295 1236 5342 illorum
1251 5296 1321 5352 iuge

573 5365 657 5419 nium,
671 5373 736 5421 quoa
751 5363 911 5408 Musulensis
924 5363 1141 5421 archiepiscopus
1155 5364 1320 5410 aduersarios

574 5432 683 5488 patitur,
697 5431 878 5477 accusationes
893 5431 989 5477 merito
1004 5430 1123 5488 explosas
1133 5431 1257 5476 refricare
1268 5441 1319 5476 non

573 5498 685 5554 destitit,
694 5509 746 5555 quo
760 5497 858 5544 factum
868 5500 917 5553 est,
927 5503 959 5544 ut
968 5507 1048 5544 novas
1058 5497 1195 5553 indagines
1206 5497 1318 5543 instrue·

573 5577 610 5621 re,
625 5576 742 5622 nouaque
756 5565 861 5611 decreta
876 5564 978 5610 sancire
992 5575 1057 5619 opus
1072 5563 1161 5618 fuerit,
1171 5564 1267 5620 quibus
1283 5567 1319 5609 ta-

574 5643 633 5678 men
647 5636 674 5678 et
688 5631 882 5690 archiepiscopi
897 5631 1047 5678 innocentia
1061 5631 1219 5677 confirmata
1233 5632 1282 5686 est,
1292 5634 1319 5676 et

575 5700 659 5744 uirtus
674 5699 878 5756 splendidiorem
893 5699 920 5744 in
936 5699 1042 5745 modum
1057 5699 1149 5744 eluxit,

612 5766 749 5822 Perpensie
765 5767 854 5823 itaque
869 5766 1031 5813 testimoniis
1040 5767 1158 5812 uirorum
1171 5765 1220 5811 fide
1230 5765 1319 5822 digne

574 5843 643 5888 rum,
658 5833 814 5888 praesertim
828 5845 891 5880 vero
905 5833 1064 5880 venerabilis
1077 5833 1169 5886 fratris
1184 5832 1254 5879 Petri
1264 5834 1318 5877 ale-

574 5899 697 5946 xandrini
707 5901 849 5956 coupporle
859 5901 947 5947 Latini
958 5901 1179 5958 babylonensium
1190 5899 1317 5957 Episcopi,

1115 507 1177 552 lblt.
1203 505 1294 550 ephr.
1318 505 1358 549 bu
1380 504 1408 550 P·
1433 505 1463 552 F.
1488 507 1570 554 PARS
1592 509 1612 554 Ι.

1724 627 1806 692 xlv.

1395 812 1547 877 Concedit
1567 815 1705 893 pallium
1728 817 1842 878 looaui
1860 817 1994 880 Hermes
2011 815 2141 882 Archio-

1431 905 1557 983 piscopo
1586 907 1771 979 Mosuleast,
1805 906 1901 970 electo
1931 910 1967 970 iu
1992 909 2140 973 Patriar-

1432 998 1523 1060 cbom
1542 999 1789 1078 astulonensem
1806 1000 2038 1066 Chaldaeorum
2059 1001 2115 1082 (l).

1392 1182 1562 1253 Venerabili
1584 1185 1671 1253 fratri
1695 1185 1795 1252 loannl
1818 1184 1945 1255 ilornez
1969 1202 2063 1268 nuper
2084 1185 2140 1252 hr-

1432 1279 1627 1366 ohiepiscopo
1661 1279 1846 1360 lfoeulensi,
1876 1280 1904 1347 in
1928 1279 2137 1348 Patriarcban

1432 1371 1671 1457 Babylonensen
1693 1373 1910 1442 chaldaeorum
1929 1374 2039 1454 electo,
2056 1375 2138 1442 salu-

1428 1471 1487 1534 iero
1511 1473 1542 1535 et
1563 1468 1761 1553 apostolicam
1784 1468 2034 1549 benedictionem,

1599 1654 1686 1724 eltis
1709 1653 1926 1722 ΕΡΙὸῦθΡϋὸ

1574 1831 1683 1884 sertus
1705 1833 1859 1886 servorun
1883 1817 1950 1897 liei,

1507 1935 1544 2003 ed
1568 1943 1738 2021 perpetuant
1761 1939 1804 2006 rei
1826 1923 2009 2006 nemoriani.

1427 2127 1446 2202 ἓ
1470 2125 1506 2188 l:
1522 2127 1600 2190 Cum
1622 2141 1679 2189 nos
1700 2128 1791 2190 hodie
1819 2128 2011 2207 patriarchali
2038 2127 2133 2190 eccle·
2153 2137 2355 2237 eggggqqffintsenu
2405 2187 2406 2220 ,

1387 2219 1449 2282 siae
1471 2219 1676 2298 babylonensi
1697 2220 1921 2285 chaldaeorum
1951 2228 2034 2283 certo
2060 2230 2132 2283 tuno

1386 2327 1530 2392 expresso
1561 2315 1653 2376 modo
1681 2315 1809 2392 pastoris
1835 2313 1942 2375 solatio
1966 2313 2131 2376 destitutae

1386 2407 1424 2467 de
1445 2421 1575 2482 persona
1598 2414 1648 2468 tua
1672 2407 1758 2469 nobis
1781 2417 1812 2469 et
1827 2406 2059 2470 uenerabilibus
2074 2405 2131 2468 fra-

1387 2498 1486 2561 tribus
1501 2499 1614 2560 nostris
1637 2499 1667 2562 S.
1681 2501 1716 2562 R.
1732 2499 1766 2562 b.
1783 2500 1996 2563 cardinalibus
2012 2499 2049 2561 ob
2064 2505 2132 2561 tuo-

1385 2607 1457 2653 rum
1478 2593 1668 2669 exigentiam
1691 2593 1872 2656 meritorum
1906 2602 2025 2671 accepta
2048 2593 2129 2654 iuxta

1386 2685 1546 2748 decretum
1563 2686 1595 2747 in
1611 2686 1860 2764 congregatione
1876 2687 2058 2749 eorumdem
2073 2685 2132 2746 fra-

1386 2785 1469 2841 trum
1498 2786 1678 2841 nostrorum
1708 2780 1846 2856 negociis
1869 2779 1905 2840 de
1935 2780 2128 2856 Propaganda

1386 2871 1459 2935 Fide
1479 2873 1726 2952 praepositorum
1748 2874 1880 2951 desuper
1895 2881 2085 2949 emanalum,
2099 2879 2130 2933 et

1384 2981 1439 3044 per
1462 2982 1517 3028 nos
1532 2965 1733 3045 approbatum
1748 2967 1785 3030 de
1800 2966 1931 3029 fratrum
1947 2967 2129 3028 eorumdem

1383 3057 2128 3138 consilioapostoficaauctoritateproviderimus,

1384 3161 1477 3230 teque
1498 3152 1598 3214 eidem
1627 3153 1822 3230 patriarchali
1850 3153 1996 3216 ecclesiae
2021 3153 2055 3214 in
2077 3151 2129 3214 Pa-

1384 3244 1549 3306 triarcham
1571 3245 1810 3323 praefecerimus
1831 3254 1862 3307 et
1889 3253 2056 3323 pastorem,
2078 3263 2129 3308 cu·

1383 3353 1461 3414 ram,
1488 3339 1629 3414 regimen
1652 3346 1683 3401 et
1704 3338 2005 3401 administrationem
2034 3339 2128 3416 ipsius

1382 3431 1590 3508 patriarchalis
1600 3432 1745 3494 ecclesiae
1757 3433 1812 3494 tibi
1827 3433 1860 3495 in
1874 3432 2086 3510 spiritualibus
2098 3441 2127 3494 et

1381 3525 1603 3604 temporalibus
1624 3525 1762 3602 plenarie
1783 3525 2019 3600 committendo,
2035 3533 2129 3602 prout

1381 3619 1413 3681 in
1431 3619 1543 3682 nostris
1558 3619 1630 3681 inde
1644 3618 1791 3682 coniectis
1806 3618 1904 3682 literis
1920 3618 2041 3697 plenius
2055 3635 2127 3681 con-

1381 3713 1515 3788 tinetur3
1539 3729 1571 3773 ac
1585 3712 1781 3790 postmodnm
1797 3713 1927 3791 pallium
1943 3713 2065 3788 insigne
2081 3712 2126 3772 vi-

1379 3805 1492 3867 delicet
1522 3805 1727 3883 plenitudinis
1759 3806 1919 3885 pastoralis
1951 3806 2041 3867 officii
2070 3819 2126 3882 pro

1380 3903 1466 3976 parte
1489 3903 1538 3959 tua
1560 3895 1656 3960 fuerit
1678 3897 1767 3959 nobis
1789 3897 1880 3960 hodie
1901 3913 1956 3976 per
1977 3898 2125 3960 dilectum

1381 3990 1481 4052 tilium
1497 3991 1656 4054 Caesarem
1671 3989 1759 4070 Lippi
1775 3997 1897 4052 nostrae
1908 3989 2125 4054 consistorialis

1378 4083 1466 4146 aulae
1486 4083 1670 4147 advocatum
1693 4101 1727 4146 ea
1749 4101 1807 4164 qua
1829 4085 1933 4148 decuit
1947 4084 2125 4146 reuerentia

1378 4353 1423 4411 qui
1436 4353 1525 4399 litoris
1542 4353 1597 4398 suis
1619 4352 1783 4408 inculpatum
1799 4350 1869 4398 uitae
1890 4361 1982 4406 genus,
1997 4349 2124 4406 exempla-

1376 4433 1433 4466 rem
1452 4421 1587 4478 pietatem,
1603 4419 1736 4466 sincerum
1751 4417 1946 4475 archiepiscopi
1964 4416 2122 4461 Musulensis

1376 4489 1404 4535 in
1418 4488 1596 4546 apostolicam
1618 4487 1710 4532 sedem
1729 4485 1885 4542 obsequium
1904 4487 2030 4542 perpetuo
2045 4487 2122 4529 testa·

1377 4561 1420 4603 tus
1435 4561 1475 4602 est
1488 4569 1519 4602 ac
1540 4559 1668 4610 testatum
1688 4554 1824 4600 decretum
1838 4563 1854 4598 a
1870 4552 2077 4608 congregatione
2090 4551 2121 4594 de

1377 4623 1546 4682 propaganda
1560 4623 1622 4668 Fide
1636 4621 1678 4666 die
1693 4621 1821 4678 vigesima
1842 4631 1911 4665 nona
1932 4619 2025 4664 martii
2038 4628 2122 4674 nuper

1376 4691 1459 4748 elapsi
1479 4691 1579 4736 editum
1601 4689 1789 4746 approbamus,
1812 4685 1990 4732 venerabilem
2010 4686 2121 4730 tratrem

1375 4763 1498 4806 ioannem
1520 4759 1670 4812 d'liormez,
1684 4755 1732 4814 qui
1752 4754 1930 4800 Musulensem
1951 4752 2122 4809 archiepisco

1376 4828 1468 4882 patum
1489 4825 1678 4871 administrare
1699 4825 1799 4880 perget,
1817 4821 1962 4867 catholicae
1984 4819 2122 4865 Chaldaeo

1375 4904 1436 4938 rum
1456 4891 1572 4938 nationis
1593 4890 1775 4936 patriarchani
1794 4888 1991 4943 constituimus,
2006 4889 2033 4932 et
2048 4897 2122 4931 sacro

1375 4961 1484 5016 insuper
1505 4959 1586 5016 pallio
1602 4970 1616 5002 e
1630 4969 1739 5014 corpore
1756 4956 1809 5002 divi
1830 4955 1910 5010 Petri,
1925 4958 1956 5000 ut
1977 4953 2059 4999 moris
2073 4959 2122 5009 est,

1375 5029 1482 5084 sumpto
1491 5025 1658 5083 insignimus.
1671 5006 1748 5070 vellis
1758 5027 1848 5070 autem
1859 5033 1907 5078 pro
1916 5033 1945 5067 re
1956 5025 2020 5067 nata
2029 5023 2121 5066 notum

1375 5106 1478 5152 quoque
1492 5093 1611 5148 facimus,
1626 5091 1789 5138 venerabiles
1804 5092 1909 5146 fratrea,
1919 5101 1966 5135 nos
1976 5088 2121 5135 honorifico

1376 5163 1489 5207 duorum
1504 5161 1684 5218 episcoporum
1699 5158 1815 5205 nationis
1830 5159 1976 5204 chaldaeae
1990 5156 2083 5210 statui,
2093 5167 2123 5201 ac

1376 5230 1454 5274 robus
1475 5228 1508 5274 ad
1529 5227 1720 5274 monasterium
1743 5229 1767 5270 s.
1789 5225 1943 5271 Hormisdae
1964 5225 1991 5270 in
2010 5224 2122 5282 patriar·

1375 5297 1455 5342 chatu
1479 5295 1562 5341 situm
1583 5293 1779 5352 pertinentibus
1800 5296 1930 5350 quantum
1954 5291 2011 5336 fleri
2033 5290 2120 5348 potuit

1374 5363 1528 5418 consulisse,
1542 5365 1573 5407 ut
1588 5361 1696 5406 turbata
1708 5359 1844 5406 intestinis
1862 5357 2070 5404 dissentionibus
2083 5367 2122 5401 ca·

1376 5429 1535 5474 tholicorum
1550 5428 1742 5474 Chaldaeorum
1757 5425 1941 5483 tranquillitas
1956 5425 2070 5480 taudem,
2085 5427 2122 5471 iu·

1375 5497 1453 5542 rante
1468 5497 1526 5551 beo,
1540 5495 1634 5541 iisdem
1649 5495 1818 5540 restituatur.

1415 5563 1443 5608 td
1457 5573 1519 5607 vero
1533 5561 1680 5620 promptius
1695 5561 1852 5618 pleniusque
1866 5573 1913 5606 nos
1929 5563 2121 5618 assequuturos

1374 5629 1539 5685 corrfldimus,
1554 5629 1577 5676 si
1591 5640 1674 5676 novus
1689 5628 1844 5675 Patriarcba
1858 5628 2033 5684 expectationi
2047 5629 2079 5672 de
2093 5640 2121 5673 se

1374 5701 1482 5743 nostrae
1497 5696 1656 5753 respondeus
1670 5696 1864 5742 discordiarum
1874 5695 1977 5740 semina
1986 5696 2014 5739 in
2023 5705 2119 5751 agrum

1375 5765 1450 5810 illum
1465 5763 1629 5809 bominicum
1643 5764 1675 5809 ab
1690 5763 1798 5810 inimico
1820 5762 1926 5808 bomine
1949 5762 2026 5816 iacta,
2040 5763 2121 5807 revel-

1373 5833 1428 5878 lere
1442 5832 1524 5887 omni,
1538 5833 1569 5876 ut
1583 5831 1715 5877 instanter
1728 5829 1762 5876 ab
1776 5841 1807 5876 eo
1818 5830 1943 5886 petimus,
1953 5829 2121 5876 contentione

1374 5899 1487 5944 studeat.
