4776 6974
965 575 1036 620 PIUS
1057 575 1105 618 ΡΡ.
1132 571 1172 617 Vl.

296 711 385 773 quam
401 712 479 774 quae
489 695 636 757 hactenus
651 695 718 756 sino
733 695 797 757 ullo
811 693 1039 756 ordinariorum

297 787 414 849 iurium
443 789 631 851 detrimento
662 787 699 851 ab
729 787 796 849 aliis
826 785 954 850 Nunciis
982 785 1040 847 luit

295 881 439 954 exercita,
454 881 593 960 itemque
607 880 707 943 eidem
722 880 843 944 Nuucio
857 899 873 942 a
888 879 975 942 nobis
990 894 1041 941 eu·

209 1007 210 1010 =
297 989 399 1050 presse
426 973 606 1036 mandatum
636 973 772 1050 luit,'ut
799 974 856 1036 sibi
884 980 988 1035 tecum
1011 978 1041 1033 et

296 1082 365 1128 cum
387 1066 453 1128 aliis
476 1067 630 1146 Episcopis
650 1068 844 1141 conveniret,
861 1073 957 1145 utque
975 1079 1040 1125 om·

297 1160 384 1222 nium
405 1168 545 1224 vestrum
568 1177 635 1223 eam
656 1161 720 1239 ipse
740 1161 878 1235 baberet,
894 1175 972 1238 quae
986 1174 1040 1237 par

296 1263 384 1328 esset,
406 1255 570 1317 rationem.
595 1255 683 1316 llunc
705 1253 736 1314 in
760 1253 886 1316 modum
917 1259 1040 1313 nostrae

296 1348 449 1410 voluntati
478 1348 685 1426 ecclesiaeque
711 1355 743 1409 et
770 1346 893 1425 imperii
921 1343 1040 1421 legibus

295 1441 479 1519 obsequens,
503 1441 557 1504 tibi
583 1440 805 1519 proximiorem
827 1438 962 1510 babebis,
986 1438 1038 1516 qui

297 1545 401 1598 nostro
432 1535 562 1596 nominc
591 1534 734 1596 delendat
761 1541 793 1594 et
821 1538 944 1594 tueatur
972 1531 1039 1592 iura

296 1636 357 1704 tua,
379 1636 410 1691 et
432 1630 512 1690 bene
533 1629 570 1690 de
590 1627 653 1707 ipsa
679 1627 831 1704 religione
858 1624 1038 1696 mereberis,

295 1729 324 1784 et
335 1723 455 1802 populis
466 1737 534 1784 eam
549 1721 743 1785 conservabis
755 1720 933 1795 utilitatem,
945 1731 1038 1796 quam

235 1833 238 1841 ·
297 1817 327 1880 S.
350 1816 442 1881 Sedes
464 1817 572 1879 iisdem
586 1832 658 1878 cum
673 1817 797 1895 proprio
812 1812 904 1876 etiam
918 1812 1038 1890 impen-

296 1912 343 1974 dio
365 1911 512 1991 praestari
533 1926 588 1988 per
607 1927 679 1972 suos
700 1908 836 1971 Nuncios
851 1915 949 1982 curat,
965 1921 1040 1983 quo·

298 2021 365 2067 rum
384 2005 501 2066 utilitas
522 2005 559 2067 ab
580 2003 645 2082 ipso
666 2002 835 2064 Hontheim
853 2000 1037 2074 admittitur,

298 2108 329 2161 ut
342 2098 456 2159 latetur
470 2097 502 2159 in
520 2096 644 2158 bistoria
660 2095 848 2168 l'revirensi,
868 2101 941 2156 tom.
959 2096 982 2156 2
998 2091 1038 2154 od

296 2193 420 2254 dissert.
437 2189 538 2252 accoli
555 2190 646 2264 XVI,
662 2192 681 2268 ἓ
700 2193 754 2263 10,
768 2206 839 2270 pop.
854 2190 935 2251 540.
952 2188 1036 2262 Quod

294 2289 318 2350 si
337 2287 413 2365 ipse,
437 2285 492 2363 qui
519 2285 731 2360 suffraganeus
758 2300 790 2346 es
811 2280 1036 2360 brebiepiscopi

292 2379 537 2457 salisburgensis,
559 2377 594 2439 ad
617 2376 849 2439 adversantium
864 2375 952 2437 nobis
966 2389 1038 2434 con-

292 2476 357 2538 silia
387 2476 564 2548 accederes,
590 2471 815 2550 praeterquod
844 2471 976 2532 iuratam
1004 2469 1039 2528 ir-

291 2571 360 2632 dem
383 2585 449 2631 non
470 2581 621 2640 servares,
644 2581 746 2644 neque
769 2571 865 2626 stares
887 2561 1038 2624 Ecclesiae

290 2663 479 2740 imperiique
509 2659 646 2737 legibus,
679 2659 880 2738 publicaeque
911 2655 1037 2719 utilitati

286 2762 394 2835 aperte
418 2764 448 2818 te
474 2769 655 2832 opponeres,
679 2769 712 2815 ea
741 2752 834 2814 etiam
863 2752 1038 2814 incurreres

285 2850 438 2928 pericula,
455 2865 471 2908 a
492 2848 604 2927 quibus
621 2863 731 2909 cavere
745 2845 873 2908 omnino
888 2851 939 2907 tua
953 2861 1038 2906 caus-

283 2962 315 3005 sa
331 2943 439 3019 debes,
456 2959 519 3005 non
536 2941 565 3004 S.
584 2940 670 3005 Sedis
691 2941 821 3018 eiusque
843 2937 1036 3001 Nunciorum

282 3037 465 3101 auctoritati
487 3044 517 3098 te
544 3035 740 3108 subtrabens,
763 3049 842 3112 quae
863 3041 947 3096 certe
968 3047 1038 3109 ger-

282 3131 443 3194 manicam
464 3131 638 3192 libertatem
660 3145 722 3190 non
745 3127 848 3202 laedit,
865 3127 916 3189 sed
938 3134 991 3188 tuo
1006 3133 1047 3198 te

280 3225 456 3288 subiiciens
477 3223 712 3300 Metropolitano
733 3221 813 3283 ultra
836 3219 985 3280 terminos
1000 3219 1037 3282 ab

282 3318 460 3382 universali
489 3317 620 3380 Ecclesia
651 3315 867 3395 praescriptos:
898 3311 932 3374 ad
955 3314 1035 3391 quod

281 3423 372 3478 certe
394 3411 621 3491 assequendum
650 3407 881 3472 adversantium
910 3415 1036 3469 conatus

280 3515 438 3585 spectare,
461 3521 554 3568 nemo
576 3512 621 3566 est
643 3505 696 3583 qui
714 3519 777 3566 non
795 3502 958 3578 intelligat.
977 3498 1035 3563 Sed

281 3617 342 3662 nos
365 3599 407 3662 ita
430 3599 567 3678 persuasi
595 3613 704 3660 sumus
731 3596 769 3658 de
797 3597 905 3659 intima
936 3595 1036 3658 nobis·

281 3711 360 3758 cum
390 3702 520 3757 etcum
552 3692 722 3770 Apostolica
755 3689 834 3754 Sede
865 3691 960 3754 animi
989 3691 1035 3753 tui

283 3787 521 3860 coniunctione,
535 3787 633 3864 deque
649 3794 718 3847 tuae
732 3785 846 3846 mentis
857 3784 1035 3860 intelligen-

284 3882 339 3957 tia,
364 3889 399 3944 ut
421 3879 552 3942 minime
573 3879 762 3952 dubitemus,
785 3878 862 3956 quin
884 3879 1036 3941 ausculta·

286 3987 378 4040 turus
399 3974 440 4036 sis
462 3973 575 4035 nostris
598 3972 679 4034 bisce
692 3972 967 4046 adhortationibus,
985 3988 1035 4034 eo·

285 4085 348 4147 que
370 4067 467 4146 magis
488 4067 569 4145 quod
590 4073 694 4128 certus
715 4081 781 4126 esse
802 4067 909 4144 possis,
924 4065 949 4126 si
965 4067 1035 4144 quis

286 4161 366 4224 iorte
388 4161 499 4224 abusus
521 4160 667 4234 oriretur,
690 4167 721 4220 et
742 4158 767 4220 si
788 4176 866 4236 quae
892 4159 1034 4236 proveni·

288 4261 334 4316 ret
361 4254 478 4316 iurium
509 4252 544 4314 ad
570 4253 831 4332 Arcbiepiscopos,
858 4255 1033 4333 Episcopos,

289 4352 319 4406 et
338 4345 496 4423 Principes
518 4345 641 4425 imperii
669 4347 873 4424 spectantium
896 4347 1033 4422 violatio,

289 4448 446 4517 promptos
469 4455 524 4500 nos
544 4446 728 4518 paratosque
753 4437 819 4500 lore
847 4437 881 4501 ad
911 4455 962 4501 eos
982 4456 1034 4501 au·

290 4531 428 4594 ctoritate
449 4541 554 4594 nostra
576 4532 743 4610 tollendos3
760 4541 984 4613 proptereaque
999 4535 1034 4597 il·

291 4626 347 4688 lam
367 4643 423 4688 nos
438 4625 675 4688 declarationem
690 4628 923 4702 confirmamus,
940 4646 1033 4708 quam

290 4721 499 4799 praedecessor
520 4727 625 4781 noster
646 4720 821 4784 Alexander
836 4721 897 4784 vll.
915 4735 970 4801 per
984 4739 1034 4784 su-

290 4813 389 4892 perius
418 4819 627 4879 memoratum
658 4813 814 4876 Nuncium
844 4815 874 4878 S.
899 4815 1033 4879 Felicem

289 4908 388 4970 emisit
409 4908 443 4970 in
464 4908 597 4970 comitiis
613 4908 686 4969 anni
701 4925 856 4971 nncuvnr.
875 4911 935 4974 llac
949 4910 987 4973 de
1002 4920 1032 4974 te

289 5001 394 5064 lrducia
410 5002 492 5076 ireti,
507 5001 658 5078 singulari
680 5003 800 5080 paterni
823 5004 918 5065 animi
939 5004 1032 5068 bene·

288 5095 431 5168 volentia,
454 5111 512 5174 qua
534 5095 761 5157 fraternitatem
781 5104 864 5158 tuam
879 5099 1033 5176 compleri

287 5203 407 5266 semper
426 5203 546 5263 sumus,
566 5190 760 5266 apostolicam
783 5189 1031 5255 benedictionem

288 5281 339 5343 tibi
362 5289 495 5360 tuaeque
520 5281 590 5342 lidei
612 5283 796 5346 concreditis
823 5285 943 5362 populis
965 5302 1031 5365 per·

285 5383 424 5438 amanter
445 5375 655 5454 impertimur.

324 5469 435 5530 [latum
450 5468 577 5544 Romae,
590 5469 669 5548 apud
685 5468 715 5531 S.
730 5470 856 5533 Mariam
872 5472 1029 5550 Maiorem,

285 5563 340 5624 sub
361 5561 480 5624 annulo
506 5561 677 5637 Piscatoris,
706 5564 756 5625 die
784 5579 874 5628 xvur.
899 5569 1030 5631 octobris

286 5671 516 5731 paucerum,
539 5656 736 5734 pontificatus
752 5660 851 5721 nostri
865 5678 947 5724 anno
969 5680 1026 5725 xiv.

536 5829 775 5845 ——1—.

391 6086 441 6132 lor.
459 6087 527 6133 Pont.
544 6087 574 6134 de
588 6089 664 6150 Prop.
678 6091 741 6138 Fida
755 6094 836 6140 Partis
851 6097 867 6140 l.
885 6096 938 6142 vol.
956 6099 992 6143 lv.

1436 685 1500 748 LX.

1600 775 1626 842 ἱ

1170 875 1338 940 lmrrtinuit
1368 874 1433 936 dics
1457 876 1553 954 [catos
1576 869 1767 931 incivitate

1208 978 1238 1031 ct
1261 969 1393 1032 dioecesi
1416 968 1526 1031 Gocvaa
1555 965 1590 1026 ia
1611 962 1725 1028 [radiis.

1136 1153 1307 1223 Venerabili
1329 1105 1417 1262 butri
1440 1153 1674 1314 †''g.*.¹i⁰¹³³⁸⁰⁰⁹⁰
1696 1149 1800 1216 Goano

1395 1266 1423 1315 ut
1458 1264 1541 1326 nne,

1349 1436 1436 1504 vrbs
1457 1435 1517 1503 PP.
1541 1433 1588 1500 vt.

1307 1624 1496 1693 Venerabilis
1518 1625 1626 1702 trater,
1689 1617 1692 1623 ’

1125 1722 1308 1790 salutemet
1332 1719 1529 1804 apostolicam
1557 1715 1806 1784 benedictionem.

1135 1914 1154 1989 g
1177 1914 1203 1974 l.
1220 1913 1311 1988 Cum,
1327 1912 1406 1974 sicut
1421 1909 1570 1990 quaedam
1585 1915 1672 1983 sunt,
1689 1915 1724 1970 ut
1738 1904 1842 1983 inquit
1887 1911 2055 1960 vrooammm.

1093 2015 1215 2069 sanctus
1239 2007 1300 2069 Leo
1329 2007 1457 2082 Magnus
1480 2002 1691 2081 praedecessor
1720 2007 1837 2073 noster,

1094 2117 1172 2178 quae
1203 2101 1289 2163 ntalla
1322 2105 1449 2178 possunt
1479 2097 1598 2160 ratione
1630 2092 1775 2166 convelli,
1799 2091 1839 2152 ita

1094 2193 1191 2257 multa
1222 2194 1296 2268 sint,
1318 2209 1396 2272 quae
1427 2199 1480 2253 aut
1509 2207 1565 2269 pro
1595 2185 1839 2252 consideratione

1093 2293 1239 2360 aetatum,
1262 2294 1316 2348 aut
1336 2301 1392 2365 pro
1413 2285 1594 2347 necessitate
1622 2295 1727 2344 rerum
1751 2279 1838 2355 opol-

1094 2388 1155 2443 teat
1176 2380 1356 2458 temperari,
1379 2379 1430 2440 illa
1449 2392 1572 2455 semper
1586 2373 1762 2438 conditione
1777 2387 1839 2435 ser-

1095 2483 1174 2548 vata,
1195 2483 1231 2535 ut
1253 2474 1285 2534 in
1308 2473 1356 2546 iis,
1378 2487 1456 2551 quae
1470 2469 1521 2531 vel
1536 2467 1627 2532 dubia
1641 2467 1771 2542 luerint,
1787 2474 1839 2528 aut

1094 2567 1232 2642 obscura,
1257 2566 1284 2628 id
1317 2565 1499 2628 noverimus
1529 2563 1733 2642 sequendum,
1757 2562 1839 2638 quod

1094 2677 1152 2723 nec
1173 2660 1340 2740 praeceptis
1361 2657 1545 2734 evangelicis
1560 2656 1764 2730 contrarium,
1781 2671 1839 2716 nec

1093 2757 1223 2820 decretis
1244 2763 1421 2818 sanctorum
1443 2759 1567 2831 patrum
1588 2750 1767 2812 inveniatur
1788 2750 1837 2810 ad-

1093 2866 1235 2926 versum3
1257 2854 1420 2926 eapropter
1441 2843 1613 2925 Apostolica
1633 2845 1708 2904 baec
1729 2842 1839 2905 Sancta

1094 2945 1186 3008 Sedes
1208 2960 1264 3023 pro
1285 2948 1411 3020 paterna
1433 2956 1505 3016 erga
1528 2938 1690 3000 universos
1711 2936 1841 2999 Gbristi·

1093 3037 1199 3100 fideles
1231 3035 1433 3112 benignitate,
1466 3033 1565 3112 quoad
1593 3031 1754 3108 integrum
1781 3031 1839 3092 sibi

1092 3134 1162 3209 luit,
1185 3135 1348 3198 consuevit
1367 3146 1546 3209 supremam
1566 3145 1653 3191 suam
1675 3129 1707 3189 in
1729 3128 1765 3189 iis
1786 3144 1839 3190 au·

1091 3229 1267 3290 ctoritatem
1296 3228 1508 3304 interponere,
1531 3239 1609 3302 quae
1640 3221 1837 3300 caeteroquin

1091 3324 1126 3385 ad
1148 3322 1248 3384 maius
1268 3319 1366 3384 divini
1388 3319 1491 3381 cultus
1506 3317 1736 3379 incrementum
1752 3331 1838 3394 prae-

1090 3416 1212 3494 scripta,
1235 3424 1288 3477 aut
1309 3430 1362 3492 per
1384 3412 1601 3489 frigescentem
1622 3409 1653 3472 in
1670 3410 1838 3472 nonnullo·

1092 3525 1162 3572 rum
1195 3507 1335 3571 cordibus
1366 3507 1524 3569 caritatem
1555 3506 1590 3566 ad
1619 3503 1718 3566 otium
1747 3504 1837 3566 luxu-

1091 3604 1232 3682 riamque
1262 3607 1501 3674 convertuntur,
1529 3608 1582 3661 aut
1603 3598 1642 3660 ob
1673 3614 1778 3660 rerum
1800 3596 1837 3659 ad

1092 3698 1187 3760 vitam
1209 3695 1427 3758 traducendam
1445 3693 1686 3756 necessariarum
1701 3692 1836 3770 inopiam

1092 3808 1155 3854 non
1177 3791 1244 3852 sine
1264 3788 1469 3852 conscientiae
1490 3803 1606 3866 angore
1631 3794 1838 3850 contemnun-

1090 3894 1154 3949 itlr.

1131 3981 1150 4055 δ
1170 3979 1199 4041 2.
1222 3979 1374 4053 Quoniam
1388 3984 1504 4051 autem,
1519 3976 1599 4038 sicut
1613 3992 1668 4055 pro
1683 3983 1770 4052 parte
1786 3983 1836 4037 tua
1869 3985 1956 4048 ¹trano
1969 3995 2067 4034 comes

1090 4075 1176 4136 nobis
1208 4074 1382 4151 expositum
1413 4071 1488 4144 luit,
1521 4070 1622 4132 eidem
1650 4069 1835 4132 lraternitati
1855 4048 1941 4084 ⁵¹⁰¹¹¹⁵'

1091 4177 1162 4230 tuae
1183 4167 1332 4242 innotuit,
1355 4167 1435 4244 quod
1459 4165 1490 4226 in
1513 4164 1638 4227 civitate
1660 4171 1691 4225 et
1705 4162 1836 4225 dioecesi

1090 4261 1191 4324 Goana
1207 4261 1280 4322 adeo
1300 4265 1508 4322 excreverunt
1522 4257 1708 4320 calamitates
1729 4264 1760 4319 et
1780 4272 1835 4318 an-

1090 4355 1209 4432 gustiae
1229 4361 1355 4434 propter
1369 4352 1579 4431 praesentium
1596 4359 1772 4427 temporum
1788 4351 1833 4412 in-

1091 4447 1239 4523 lortunia,
1256 4455 1291 4508 ut
1314 4445 1418 4508 miseri
1436 4445 1559 4506 illarum
1580 4443 1767 4506 habitatores
1789 4445 1834 4505 in-

1091 4541 1247 4619 colaeque,
1269 4547 1299 4601 et
1330 4537 1511 4618 praesertim
1532 4537 1554 4599 ii
1575 4537 1628 4616 qui
1657 4537 1689 4599 in
1721 4537 1834 4599 sudore

1090 4635 1196 4696 vultus
1216 4634 1264 4696 sui
1288 4647 1398 4712 panem
1413 4631 1591 4706 comedunt,
1603 4632 1834 4710 persaepissime

1089 4735 1240 4804 cogantur
1266 4726 1421 4807 (quamvis
1442 4727 1547 4788 animo
1572 4723 1685 4804 invito)
1706 4727 1769 4790 dies
1791 4727 1833 4788 le-

1089 4827 1150 4882 stos
1172 4821 1332 4898 negligere
1350 4821 1556 4899 operibusque
1569 4821 1754 4882 mechanicis
1767 4836 1833 4882 sese

1089 4915 1227 4976 addicere
1250 4930 1304 4992 pro
1325 4929 1403 4992 pune
1425 4913 1582 4989 lucrando,
1602 4920 1634 4975 et
1655 4914 1685 4976 id
1705 4929 1742 4974 eo
1764 4913 1833 4975 iaci-

1090 5008 1149 5072 lius
1171 5009 1329 5085 contingat
1351 5009 1390 5069 ob
1410 5016 1572 5070 excretum
1598 5006 1720 5069 dierum
1742 5006 1832 5068 lesto-

1089 5117 1160 5164 rum
1181 5118 1362 5177 numerum,
1385 5119 1417 5163 ac
1440 5108 1599 5180 propterea
1621 5101 1709 5161 nobis
1731 5101 1832 5162 bumi-

1089 5195 1160 5257 liter
1179 5197 1385 5275 supplicatum
1407 5195 1478 5270 init,
1495 5202 1529 5256 ut
1543 5195 1577 5255 in
1592 5194 1766 5274 praemissis
1781 5211 1833 5274 op

1088 5297 1222 5367 portune
1236 5289 1409 5369 providere,
1426 5295 1456 5350 et
1472 5297 1507 5352 ut
1521 5288 1600 5350 inira
1615 5287 1778 5366 indulgere
1793 5289 1831 5350 de

1088 5383 1278 5460 benignitate
1299 5383 1462 5462 apostolica
1483 5383 1694 5458 dignaremur.

1126 5479 1145 5554 ἓ
1160 5479 1188 5540 3.
1199 5477 1261 5540 Nos
1271 5479 1383 5556 itaque,
1393 5478 1447 5558 qui
1458 5477 1725 5550 christifidelibus,
1736 5495 1832 5556 quan·

1088 5583 1155 5638 tum
1175 5592 1248 5638 cum
1274 5575 1406 5638 Domino
1433 5591 1607 5653 possumus,
1629 5575 1764 5637 salutare
1784 5593 1831 5639 re-

1088 5674 1226 5735 medium
1247 5672 1350 5752 potius
1371 5670 1406 5732 ad
1428 5679 1584 5732 aeternam
1603 5675 1735 5739 salutem
1750 5693 1831 5738 com-

1087 5768 1262 5844 parandam,
1276 5774 1306 5831 et
1321 5768 1491 5830 humanam
1506 5769 1601 5830 vitam
1617 5770 1747 5834 honeste
1761 5773 1831 5834 sub-

1086 5860 1261 5923 stinendam
1283 5861 1438 5937 adbibere,
1460 5878 1554 5939 quam
1572 5879 1628 5942 per
1640 5867 1830 5927 severiorem

1086 5953 1303 6018 ecclesiasticae
1325 5955 1503 6034 disciplinae
1524 5957 1659 6034 rigorem
1675 5955 1709 6018 ad
1725 5957 1830 6041 despe-

1696 6107 1722 6152 39

1764 539 1824 604 305
1873 539 1927 592 An.
1942 541 1972 594 0.
1993 541 2062 592 1786
