4734 7004
311 451 374 555 dn.
389 502 419 554 0.
441 501 509 555 tata
558 502 597 568 32

539 655 730 715 mensuram,
743 642 929 721 pauperibus
942 642 1180 718 consanguineis
1191 655 1282 717 opem

539 739 693 809 praestare
714 734 822 796 valeat.
846 734 927 810 Quae
945 734 1048 795 omnia
1068 733 1213 796 similiter
1227 732 1282 795 Or-

538 827 661 901 dinarii,
677 827 711 888 ad
728 845 805 907 quos
826 829 972 906 pertinet,
996 828 1027 890 in
1049 826 1208 890 huiusmdi
1224 827 1282 888 dis·

538 922 768 999 pensationibus
796 929 826 984 et
855 922 1049 985 facultatibus
1079 919 1282 983 concedendis

537 1014 700 1076 ohservare
711 1016 882 1080 debebunt:
906 1017 964 1077 hoc
979 1017 1105 1095 insuper
1119 1016 1282 1078 adverten-

538 1116 594 1184 tes,
618 1125 658 1171 ne
679 1125 712 1170 ea
734 1125 811 1188 qliae
833 1110 883 1171 vel
905 1109 942 1171 ab
966 1110 1050 1188 ipsis,
1073 1111 1123 1172 vel
1145 1108 1182 1171 ab
1203 1107 1282 1186 llpo·

535 1203 640 1265 stolica
671 1202 761 1279 Sede,
784 1203 989 1282 peculiaribus
1018 1204 1201 1282 quibusdam
1222 1202 1282 1264 cle·

536 1296 607 1358 ricis
630 1297 685 1359 hoc
707 1297 739 1359 in
755 1313 869 1374 genere
892 1296 1057 1375 aliquando
1079 1297 1238 1376 permissa,
1251 1305 1282 1360 et

536 1389 624 1452 iustis
656 1391 914 1454 concurrentibus
943 1391 1053 1466 causis,
1086 1390 1281 1472 irequentius

535 1483 637 1544 lorsan
659 1484 779 1547 indulta
804 1485 1030 1561 dignoscuntur
1051 1483 1199 1563 (exempli
1216 1499 1283 1559 gra-

535 1575 592 1650 tia,
623 1585 657 1637 ut
691 1576 887 1638 ecclesiarum
924 1575 1034 1640 fundos
1065 1583 1146 1638 certa
1176 1592 1280 1638 annua

534 1669 684 1746 pensione
702 1676 852 1732 conventa
874 1668 1018 1732 colendos
1032 1668 1282 1748 exercendosque

534 1761 774 1842 conducerent);
797 1765 931 1825 eadema
953 1763 1080 1842 reliquis
1101 1763 1281 1826 ecclesiasti-

534 1856 588 1929 cis,
603 1863 748 1934 tanquam
764 1857 952 1934 generaliter
967 1857 1112 1919 omnibus
1127 1871 1280 1932 concessa,

533 1949 648 2028 absque
669 1951 746 2012 iusta
768 1967 867 2025 causa,
890 1959 920 2014 et
934 1951 1003 2012 sine
1022 1949 1144 2030 speciali
1160 1950 1281 2012 indulto

534 2053 738 2123 usurpentur.

329 2149 461 2246 lrrevooata
479 2151 516 2196 ιιι-
574 2143 592 2216 5
616 2141 662 2203 ιι.
681 2140 844 2203 Caeterum
857 2141 1014 2204 facultates
1032 2140 1120 2219 ipsas,
1136 2139 1230 2202 etiam
1246 2147 1281 2200 ut

302 2201 516 2304 ffifflfcaurffiss
533 2252 624 2314 supra
648 2236 765 2299 dictum
787 2244 834 2297 est
856 2235 1013 2310 obtentas,
1035 2249 1158 2312 semper
1180 2234 1279 2311 quoad

302 2306 516 2418 plpdpgecgglsgvcrn
533 2339 657 2407 tempus
668 2329 857 2391 revocationi
873 2329 1021 2390 obnoxias
1035 2330 1154 2392 censeri
1176 2327 1282 2390 decer·

533 2425 649 2498 nimus,
673 2426 713 2487 ita
736 2433 770 2485 ut
792 2439 847 2502 pro
870 2423 965 2485 irritis
989 2430 1020 2484 et
1043 2423 1193 2485 revocatis
1215 2424 1280 2502 ipso

534 2519 602 2580 iure
623 2517 810 2591 habeantur,
833 2517 955 2594 quoties
976 2515 1123 2593 allegatae
1152 2519 1281 2588 coniun-

532 2619 656 2675 ctorum
689 2611 880 2687 indigentiae
911 2611 1112 2686 cessaverint,
1142 2611 1189 2672 vel
1222 2612 1279 2673 alia

531 2706 672 2782 legitima
692 2721 725 2766 se
746 2706 853 2767 oderat
875 2704 952 2766 ratio
974 2704 1083 2766 iisdem
1105 2715 1279 2783 opportune

531 2799 747 2878 prospiciendi.
773 2798 873 2876 Super
895 2811 1030 2875 ortorum
1053 2800 1194 2859 omnium
1212 2806 1278 2860 tum

530 2897 761 2972 exequutione,
784 2903 852 2958 tum
874 2891 1081 2968 observantia,
1104 2893 1279 2958 Ordinario·

532 3004 604 3049 rum
627 2988 770 3050 localium
792 2987 984 3064 vigilantiam
1007 2995 1100 3066 atque
1121 2989 1279 3051 conscien-

531 3081 606 3142 tiam
627 3082 750 3143 onerari
772 3080 928 3153 volumus,
945 3086 977 3140 et
991 3095 1026 3140 re
1040 3081 1104 3159 ipsa
1119 3092 1278 3145 oneratam

531 3175 597 3238 iore
618 3173 854 3236 denunciamus.

312 3270 513 3370 ¹⁰⁵¹¹0f¹3mibv
572 3269 590 3342 §
615 3266 660 3328 tt.
685 3266 800 3329 ilerum
816 3282 878 3329 non
895 3268 950 3330 uni
966 3268 1125 3331 dumtaxat
1140 3271 1278 3346 negocia-

299 3334 514 3442 ἓῗῖἓιᾞοῗιιωιῖιζ
532 3363 611 3425 ιιοιιι
644 3364 805 3425 tribuenda
828 3371 890 3437 est,
918 3379 996 3442 quae
1017 3380 1102 3426 nunc
1129 3365 1277 3443 temporis

298 3431 512 3540 ὴὲἒιζῃξηῇὲὲ]
531 3456 672 3519 cernitur
693 3456 912 3519 ecclesiasticae
930 3457 1087 3532 dignitatis
1109 3457 1273 3535 depressio.

297 3495 512 3640 ἒζᾞέιὴῇῗῃξξξζ
531 3551 611 3614 Sunt
633 3550 684 3612 alii
706 3550 831 3630 quidam
854 3550 977 3626 abusus,
1001 3552 1112 3629 utribus
1138 3554 1278 3616 ecclesia-

296 3628 347 3697 ‘l'll
367 3657 512 3714 withm-
529 3645 595 3707 stici
611 3646 671 3707 viri
686 3647 848 3724 proprium
864 3645 1018 3720 decorem,
1037 3645 1193 3724 totiusque
1209 3663 1274 3709 coe-

296 3703 455 3812 {x'a'a'ssgcgffm
468 3715 510 3760 αρ’
529 3748 579 3801 tus
601 3747 632 3800 et
653 3740 771 3802 ordinis
792 3738 1055 3800 existimationem
1072 3757 1107 3802 eo
1129 3740 1274 3819 trequen-

529 3834 589 3894 tius
611 3841 703 3910 atquc
724 3833 860 3894 securius
882 3831 1014 3894 abiicere
1035 3833 1273 3911 dignoscuntur,

527 3927 672 4005 quodeos
695 3933 812 3988 norunt
835 3931 977 3987 nontam
1000 3934 1104 4005 aperte
1119 3925 1274 3989 adversari

528 4020 649 4081 litterae
670 4035 828 4080 sacrorum
850 4035 1005 4080 canonum
1027 4026 1057 4081 et
1079 4022 1273 4083 constitutio-

494 4175 495 4178 ,
527 4129 605 4176 num
628 4113 664 4173 ab
686 4112 858 4189 Apostolica
875 4112 952 4175 Sede
974 4113 1147 4192 editarnm;
1169 4117 1273 4192 proin·

527 4208 627 4286 deque
641 4223 673 4268 se
688 4207 826 4268 censnris
848 4215 878 4266 et
894 4206 1000 4282 poenis
1022 4207 1135 4269 ibidem
1150 4210 1273 4270 statutis

527 4298 1273 4378 nequaquamsubiiciendoslorecontidonl.Plu·

527 4396 597 4456 rimi
622 4393 723 4469 enim,
747 4401 781 4452 ut
803 4409 840 4452 ex
866 4393 1094 4470 praedictorum
1123 4394 1273 4457 relatione

526 4488 741 4564 cognovimus,
756 4485 787 4548 in
810 4491 872 4563 ipsa
896 4486 1049 4546 honorum
1070 4501 1200 4549 suorum
1222 4491 1272 4550 ad-

526 4582 753 4645 ministratione
772 4595 945 4657 eorumque
965 4579 1098 4654 cultura,
1118 4580 1148 4642 in
1165 4581 1273 4643 distra-

525 4677 626 4738 ctione
639 4673 811 4747 lructuum,
824 4672 1005 4734 animalium
1019 4679 1050 4734 et
1062 4682 1270 4750 coeterorum,

525 4767 646 4848 quaein
659 4767 789 4846 propriis
802 4765 992 4828 Ecclesiaeve
1005 4765 1108 4828 lundis
1120 4782 1272 4830 enascun-

526 4870 577 4923 tur
600 4877 655 4922 seu
678 4860 816 4933 aluntur,
840 4873 982 4921 necnon
1006 4861 1037 4921 in
1059 4862 1271 4938 comparandis

524 4954 627 5028 rebus,
654 4969 732 5032 quae
753 4952 804 5013 vel
826 4955 860 5014 ad
884 4953 1026 5030 proprios
1055 4971 1138 5028 usus,
1163 4955 1212 5015 vel
1234 4955 1269 5016 ad

523 5047 636 5109 luridos
659 5047 828 5125 praedictos
851 5046 1049 5108 instruendos
1071 5056 1144 5109 sunt
1167 5064 1271 5110 neces·

522 5142 610 5215 saria,
627 5140 701 5201 adeo
724 5140 875 5201 indecoris
890 5140 1006 5202 actibus
1027 5157 1060 5202 se
1082 5144 1162 5218 ipsos
1182 5159 1269 5206 exer-

523 5249 592 5295 cere
614 5233 861 5312 conspiciuntur,
884 5233 958 5294 adeo
979 5248 1012 5294 se
1035 5239 1114 5295 totos
1136 5236 1217 5297 curis
1238 5244 1270 5297 et

521 5326 781 5388 sollicitudinibus
812 5326 905 5388 huius
935 5326 1046 5388 saeculi
1079 5328 1213 5406 deditos,
1236 5348 1270 5394 ac

522 5419 742 5499 temporalibus
778 5420 870 5482 lucris
901 5421 1057 5484 inhiantes
1088 5425 1267 5501 ostendunt,

522 5523 557 5577 ut
578 5513 632 5592 qui
658 5529 759 5575 sacrae
784 5515 941 5591 dignitatis
968 5517 1156 5594 praestantia
1177 5535 1269 5597 supra

521 5608 674 5669 humanae
695 5609 881 5670 conditionis
902 5618 1020 5671 sortem
1042 5613 1139 5674 evecti
1157 5613 1269 5673 merito

521 5709 716 5778 reputantur,
741 5701 820 5763 inira
842 5703 922 5780 ipsos
954 5704 1150 5766 abiectissimi
1170 5713 1268 5769 status

520 5794 663 5854 homines
689 5811 722 5870 se
752 5794 936 5871 demittant,
966 5804 997 5857 et
1025 5799 1078 5876 qui
1107 5798 1161 5859 lilii
1192 5799 1268 5862 lucis

521 5901 586 5948 esse
608 5894 639 5949 et
660 5903 805 5969 apparere
838 5889 1005 5965 deberent,
1033 5891 1145 5954 saeculi
1176 5892 1266 5968 filios,

1061 517 1126 567 tuh.
1151 521 1241 566 PONT·
1267 519 1306 564 DE
1328 521 1356 564 P.
1380 511 1409 565 F.
1433 521 1516 568 PARS
1537 523 1559 567 l.

2114 499 2217 559 Aac.
2240 503 2312 556 xasa

1340 644 1482 702 terrenae
1503 641 1657 705 aviditatis
1678 645 1850 719 anxietate,
1872 658 2020 723 superare
2040 642 2085 705 vi·

1339 734 1480 795 deantur.
1512 735 1583 808 HoS,
1612 737 1745 814 aiebant,
1768 738 1913 801 omnibus
1933 736 2085 798 nundinis

1339 834 1430 904 atque
1451 830 1650 906 mercatibus,
1669 831 1764 894 laicali
1788 831 2012 910 propemodum
2034 844 2085 906 ap·

1339 925 1445 996 paratu
1467 938 1501 984 ac
1520 924 1635 1001 specie,
1650 925 1815 1002 sesistere,
1839 941 1896 989 nec
1917 921 2085 1002 quidquam

1338 1013 1454 1090 minus,
1471 1032 1564 1094 quam
1585 1017 1732 1081 clericalis
1754 1019 1971 1082 moderationis
1993 1025 2086 1096 atque

1339 1107 1517 1184 modestiae,
1540 1111 1590 1173 vel
1614 1112 1808 1177 ecclesiastici
1830 1114 1947 1176 decoris
1965 1122 1996 1176 ct
2017 1128 2084 1189 gra·

1339 1201 1454 1278 vitatis,
1476 1205 1633 1281 specimen
1654 1207 1821 1285 praeferre.
2344 1249 2345 1280 l

1379 1295 1468 1368 §th
1490 1297 1607 1373 Quibus
1629 1316 1685 1362 nos
1714 1301 1840 1377 quidem
1866 1301 1964 1379 palam
1994 1301 2084 1364 edici·
2129 1307 2270 1354 ordinarii
2290 1317 2345 1360 ex„

1471 1391 1511 1401 ..
1702 1393 1707 1404 .
1807 1395 1812 1406 .
1927 1395 1961 1407 ..
2103 1360 2270 1416 hortantur,
2301 1365 2332 1407 ut

1339 1403 1420 1462 mus,
1445 1390 1523 1451 nibil
1547 1407 1601 1468 per
1622 1409 1679 1454 nos
1701 1394 1902 1457 interdictum
1926 1410 1980 1468 ιιι,
2002 1395 2082 1474 quod
2102 1414 2218 1460 crearem.
2246 1415 2345 1470 turpe

1338 1481 1420 1560 ipsis,
1444 1499 1499 1560 pro
1521 1493 1602 1548 recta
1626 1492 1658 1548 et
1679 1489 1805 1565 provida
1826 1489 2019 1552 ecclesiastici
2033 1505 2085 1567 pa·
2102 1467 2329 1579 fflfflssffifssgj

1338 1575 1478 1637 trimonii
1491 1578 1880 1660 administratione,quoad
1894 1583 1989 1661 ipsam
2001 1593 2084 1648 actus
2102 1573 2329 1682 lr‘ssnflfflssrffiff]
2344 1615 2345 1676 ι

1339 1675 1495 1745 naturam,
1508 1672 1694 1748 permissum
1705 1673 1909 1752 dignoscitur,
1925 1677 1975 1740 vel
1991 1678 2083 1740 etiam
2103 1685 2128 1728 et
2156 1681 2345 1782 ⁸i²r¹⁰n¹ffi¹sb⁰⁸3

1338 1777 1354 1820 a
1383 1761 1503 1826 Sanctis
1525 1765 1664 1827 Patribus
1692 1775 1722 1828 et
1747 1770 2020 1834 ecclesiasticarum
2043 1774 2084 1835 le·
2103 1746 2168 1794 ”⁰⁰¹¹
2193 1747 2207 1782 ⁰
2282 1769 2288 1780 '
2344 1771 2345 1790 ³

1338 1871 1413 1930 gum
1435 1860 1646 1922 conditoribus
1668 1877 1777 1924 eorum
1801 1863 1981 1941 diligentiae
2002 1883 2085 1928 com·

1338 1949 1531 2014 mendatum.
1574 1953 1692 2016 Verum
1724 1955 1803 2019 sicut
1834 1959 1891 2020 alia
1924 1960 2084 2040 complura

1337 2052 1422 2119 sunt,
1445 2062 1524 2122 quae
1544 2046 1663 2110 clericis
1692 2050 1791 2127 quoad
1814 2052 1858 2113 rei
1880 2054 2083 2117 substantiam

1338 2152 1401 2198 non
1433 2140 1649 2217 prohibentur,
1673 2153 1704 2205 et
1732 2151 1838 2210 tamen
1869 2165 1980 2211 eorum
2011 2167 2085 2213 usus

1336 2232 1394 2294 sub
1424 2234 1516 2295 certis
1547 2234 1706 2299 dumtaxat
1732 2241 1823 2302 modo
1851 2251 1882 2304 et
1909 2241 2007 2306 lorma
2035 2244 2083 2318 iis·

1338 2326 1407 2387 dem
1440 2329 1650 2414 permittitur,
1674 2331 1708 2392 iis
1730 2340 1834 2395 autem
1857 2335 1910 2413 qui
1937 2339 2085 2413 praescri·

1337 2428 1425 2498 ptum
1449 2424 1576 2484 mollum
1599 2427 1799 2501 excesserint,
1812 2435 2022 2508 statutamque
2037 2446 2084 2493 ec·

1337 2515 1522 2578 clesiasticae
1543 2517 1721 2596 disciplinae
1736 2519 1869 2582 iormam
1885 2523 2080 2599 violaverint,

1336 2614 1405 2670 tum
1430 2609 1614 2688 temporales
1636 2627 1762 2689 poenae,
1788 2623 1854 2676 tum
1877 2617 1974 2677 etiam
1994 2617 2083 2696 spiri-

1338 2701 1435 2762 tuales
1457 2717 1622 2779 censurae,
1645 2722 1660 2766 ιι
1685 2707 1776 2768 sacris
1803 2707 1973 2771 canonibus
2001 2711 2083 2772 inlli-

1337 2802 1475 2870 guntur,
1499 2797 1585 2858 cuius
1601 2799 1645 2858 rei
1669 2798 1832 2861 innumera
1849 2807 1956 2864 extant
1977 2819 2081 2866 exem·

1337 2885 1437 2965 plain
1461 2891 1659 2966 generalibus
1681 2893 1819 2956 canonici
1850 2895 1928 2959 iuris
1949 2896 2080 2975 legibue,
2159 2965 2160 2968 ,

1335 2999 1369 3044 ac
1390 2983 1483 3046 etiam
1506 2984 1537 3045 in
1559 2985 1765 3062 peculiaribus
1789 2988 1966 3052 dioecesum
1987 3001 2082 3056 statu·

1336 3076 1385 3151 tis,
1399 3092 1475 3155 quiae
1497 3077 1585 3156 plura
1607 3080 1645 3140 de
1660 3080 1722 3141 vita
1736 3087 1768 3143 et
1783 3081 1954 3159 honestate,
1977 3085 2016 3148 de
2030 3088 2082 3149 ba·
2175 3115 2179 3124 =

1337 3169 1402 3230 bitu
1424 3178 1455 3232 et
1470 3178 1595 3233 tonsura
1616 3173 1814 3249 clericorum,
1828 3177 1896 3238 sive
1916 3179 2082 3244 observan-

1335 3264 1386 3336 da,
1412 3263 1479 3324 sive
1507 3264 1647 3342 vitanda,
1685 3270 1915 3345 praescribunt:
1947 3273 1987 3335 ita
2010 3291 2078 3352 vos,

1335 3357 1528 3419 venerabiles
1559 3359 1680 3434 iratres,
1703 3369 1835 3440 oportet,
1863 3365 2080 3430 eeclesiastico-

1334 3467 1405 3512 rum
1436 3453 1594 3527 omnium,
1619 3453 1670 3530 qui
1694 3454 1726 3516 in
1752 3456 1942 3522 dioecesibus
1970 3463 2080 3525 vestris

1333 3553 1510 3620 versantur,
1527 3548 1636 3622 agendi
1652 3547 1805 3611 rationem
1821 3552 1898 3614 circa
1916 3556 2079 3632 praemissa

1333 3638 1636 3716 circumspectantes,
1653 3641 1677 3702 si
1700 3643 1773 3720 quid
1796 3644 1882 3706 vobis
1903 3647 2078 3710 constiterit

1333 3729 1528 3810 frequentius
1548 3733 1636 3794 abiis
1658 3735 1790 3811 admitti,
1807 3737 1887 3814 quod
1903 3738 2077 3802 clericalem

1331 3833 1446 3886 statum
1463 3827 1618 3902 dedeceat,
1635 3845 1698 3890 non
1715 3830 1817 3892 solum
1831 3847 1883 3893 eos
1899 3833 2016 3895 idoneis
2031 3835 2078 3896 in-

1330 3920 1555 3982 structionibus
1576 3924 1697 3996 docere,
1715 3930 1748 3984 ut
1767 3923 1891 3988 collatae
1905 3927 1962 3988 sibi
1977 3928 2079 4003 digni-

1332 4011 1401 4072 tatis
1414 4012 1627 4074 celsitudinem
1640 4015 1822 4092 cogitantes,
1839 4019 1971 4080 nonsibi
1985 4021 2078 4082 licere

1333 4112 1441 4186 putent
1472 4103 1623 4166 indecoris
1653 4108 1772 4169 actibus
1802 4126 1868 4171 eam
1895 4112 2075 4192 deturpare,

1330 4197 1526 4275 debitamque
1542 4197 1745 4262 ecclesiastico
1761 4204 1862 4264 ordini
1876 4205 2078 4268 existimatio-

1331 4306 1404 4351 nem
1419 4300 1450 4352 et
1465 4293 1685 4367 reverentiam,
1701 4310 1779 4372 quae
1800 4295 1892 4357 etiam
1910 4298 2076 4376 spirituali-

1330 4385 1386 4446 bus
1402 4383 1586 4464 populorum
1602 4386 1975 4467 utilitatibusplurimum
1987 4396 2076 4471 prod·

1329 4485 1385 4553 est,
1418 4493 1455 4538 ex
1488 4479 1634 4540 laicorum
1665 4481 1777 4542 animis
1803 4483 1944 4562 abolere;
1978 4495 2076 4566 utque

1330 4589 1483 4634 memores
1495 4589 1528 4634 se
1543 4573 1574 4634 in
1590 4581 1707 4635 sortem
1722 4576 1847 4638 bomini
1860 4589 1982 4641 vocatos
1997 4597 2073 4657 esse,

1329 4677 1393 4728 non
1417 4675 1478 4727 tam
1500 4681 1579 4745 quae
1600 4683 1655 4728 sua
1675 4676 1767 4743 sunt,
1792 4686 1886 4748 quam
1907 4689 1985 4750 quae
2006 4675 2075 4736 lesu

1329 4760 1456 4836 Christi,
1470 4768 1663 4838 quaerantet
1675 4772 1804 4824 curent:
1828 4763 1879 4826 sed
1903 4775 2073 4844 praeterea,

1328 4863 1481 4930 quatenus
1512 4869 1587 4932 opus
1609 4871 1674 4916 esse
1701 4858 1867 4933 noveritis,
1892 4861 2074 4937 opportunis

1328 4951 1458 5010 decretis
1490 4949 1638 5025 conditiS,
1669 4966 1701 5012 ac
1730 4952 1937 5014 severioribus
1968 4954 2074 5015 edictis

1327 5042 1502 5120 propositis,
1519 5043 1670 5106 eiusmodi
1686 5043 1867 5107 clericorum
1883 5047 2074 5124 turpitudini

1327 5146 1357 5199 et
1379 5137 1538 5215 cupiditati
1553 5137 1676 5198 obviam
1693 5139 1753 5215 ire,
1774 5155 1807 5200 ac
1821 5139 2072 5219 delinquentium

1327 5232 1442 5310 culpas,
1455 5231 1557 5295 habita
1579 5233 1710 5294 minoris
1732 5234 1919 5312 maiorisque
1939 5235 2072 5298 scandali

1327 5327 1458 5400 ratione,
1476 5341 1561 5387 nunc
1583 5327 1711 5405 quidem
1726 5329 1913 5405 increpando
1928 5345 2071 5406 arguere,

1327 5435 1411 5481 nunc
1432 5429 1535 5482 autem
1551 5421 1734 5484 salutaribus
1749 5425 1950 5502 poenitentiis
1965 5440 2072 5488 emen·

1326 5518 1408 5590 dare,
1433 5533 1517 5580 nunc
1539 5519 1666 5580 demum
1687 5520 1826 5582 districto
1848 5534 2020 5599 poenarum
2038 5539 2072 5584 ac
2096 5597 2098 5602 λ

1326 5612 1419 5673 etiam
1441 5628 1643 5675 censurarum
1671 5614 1788 5690 gladio,
1812 5618 1848 5680 ad
1877 5628 2069 5684 caeterorum

1325 5705 1517 5783 exemplum,
1540 5722 1681 5770 coercere
1704 5718 1734 5771 et
1755 5713 1878 5787 punire.

1364 5801 1383 5876 ἓ
1406 5800 1453 5862 lb.
1478 5801 1516 5862 St
1538 5819 1640 5880 parem
1664 5804 1802 5882 quidem,
1819 5807 1868 5869 vel
1891 5810 1983 5871 etiam
2006 5823 2069 5868 ma·
2100 5810 2209 5870 pannas
2225 5807 2301 5858 scete-

1325 5893 1421 5956 iorem
1445 5894 1605 5957 Pastoralis
1627 5896 1687 5958 zeli
1708 5899 1803 5961 vestri
1825 5899 2068 5964 sollicitudinem
2087 5860 2303 5964 ssffissssihlrffgss?
