4740 6962
323 524 420 584 11110.
443 530 509 584 1781
561 521 620 592 262

542 683 604 730 non
626 666 809 730 vacabilium
823 681 926 746 neque
941 663 1123 727 extractioni
1139 662 1288 726 subiecto-

542 779 612 824 rum
634 777 756 838 semper
778 761 809 823 in
829 769 1033 838 augmentum
1049 759 1128 821 dotis
1149 759 1288 821 eiusdem

543 856 696 919 Ecclesiae
719 855 942 929 investiantur,
973 853 1040 929 vel,
1070 853 1190 933 quoties
1212 867 1288 929 opus

541 949 648 1024 luerit,
671 951 703 1011 13
726 950 835 1011 (lomus
857 947 1034 1026 episcopalis
1062 947 1288 1023 reparationem

541 1044 590 1105 vel
613 1042 841 1122 ampliationem
871 1048 1050 1117 erogentur.
1080 1039 1192 1102 Electis
1214 1054 1288 1099 vero

542 1139 698 1216 Episcopis
720 1137 839 1201 tructus
860 1137 1015 1199 dictorum
1032 1134 1182 1198 Locorum
1204 1133 1288 1195 llon·

543 1233 622 1293 tium
645 1231 806 1294 tradantur
827 1231 905 1292 adie
924 1245 1033 1291 eorum
1049 1229 1207 1291 electionis
1227 1227 1288 1308 (in-

542 1323 683 1402 cipiendo
710 1340 725 1383 a
749 1330 920 1386 memorato
942 1321 1090 1400 Episcopo
1110 1317 1287 1397 llirodout),

542 1419 709 1482 dummodo
731 1415 970 1495 inculpabiliter,
985 1429 1049 1476 non
1065 1413 1181 1475 diutius
1196 1426 1288 1490 quam

542 1510 765 1573 rationabiliter
786 1510 943 1587 patiantur
964 1523 1069 1569 rerum
1091 1507 1291 1568 circumstan-

544 1605 618 1678 tiae,
641 1603 785 1665 diberent
805 1619 837 1663 se
858 1603 895 1666 ad
916 1602 1139 1678 Bagdatensem
1160 1615 1214 1660 seu
1236 1597 1291 1658 Ba-

543 1698 746 1777 bylonensem
768 1696 935 1758 Ecclesiam
951 1692 1152 1774 personaliter
1171 1708 1204 1753 se
1219 1705 1290 1753 cou-

544 1791 634 1854 terre.

582 1887 601 1962 5
616 1887 644 1946 5.
662 1885 839 1948 blandantes
853 1884 965 1946 dilecto
980 1883 1043 1944 tilio
1058 1879 1291 1943 3133131031-

544 1979 731 2056 gregationis
747 1973 1290 2047 8331313113,113113313113311311

545 2073 580 2135 ad
601 2075 786 2154 praedictam
801 2071 968 2134 Ecclesiam
990 2072 1093 2144 modo,
1110 2083 1289 2148 13331113,

545 2166 783 2246 pertinentibus,
803 2182 893 2242 quae,
909 2165 955 2225 uti
970 2163 1152 2242 accepimus,
1168 2167 1242 2223 sunt
1258 2160 1289 2221 in

545 2275 689 2339 praeseus
717 2259 794 2321 Loca
821 2259 987 2334 nonaginta
1016 2265 1149 2334 quatuor
1179 2253 1291 2316 Montis

545 2353 576 2416 S.
590 2354 672 2416 Petri
687 2361 791 2414 sextae
805 2353 980 2426 erectionis,
993 2351 1069 2412 Loca
1084 2366 1161 2411 xvu.
1175 2357 1205 2410 31
1219 2364 1290 2410 cen·

547 2459 616 2511 1313
637 2463 726 2510 xxut.
749 2447 861 2508 Montis
884 2446 912 2510 S.
929 2445 1009 2507 Petri
1024 2453 1147 2507 octavae
1162 2444 1292 2506 erectio·

547 2543 606 2617 nis,
630 2541 707 2604 Loca
729 2555 839 2602 xxvvn.
865 2549 895 2602 et
916 2547 1047 2602 centena
1062 2539 1097 2600 L.
1116 2539 1227 2600 Montis
1243 2537 1291 2597 iti·

546 2637 618 2698 dem
633 2637 664 2700 S.
679 2636 762 2697 Petri
778 2649 877 2696 nonae
892 2633 1069 2707 erectionis,
1082 2641 1113 2694 et
1128 2632 1205 2692 Loca
1217 2647 1286 2692 xnr.

546 2727 656 2792 llon'tis
677 2725 1226 2798 113313113ιί333111333133113113,
1255 2740 1290 2785 33

546 2825 661 2900 31313,
684 2839 761 2902 1133
780 2820 962 2883 extractioni
985 2821 1115 2882 obnoxia
1137 2826 1223 2894 sunt,
1246 2818 1289 2878 di-

547 2921 682 2982 vendere
712 2917 845 2990 studeat,
869 2925 899 2977 et
927 2915 983 2975 3113
1014 2914 1185 2992 acquirere,
1213 2927 1291 2991 quae

547 3014 626 3076 nulli
642 3013 692 3075 vel
713 3011 929 3076 diminutionis
951 3009 1002 3071 vel
1024 3009 1220 3070 extractionis
1241 3025 1290 3088 pe-

547 3109 644 3172 riculo
671 3106 892 3180 subiiciantur3
922 3121 954 3165 33
982 3109 1141 3181 113313133
1168 3111 1203 3164 11
1225 3101 1291 3163 1113-

547 3221 595 3265 ras
617 3208 754 3280 patentes
775 3214 883 3260 eorum
906 3195 1056 3258 Locorum
1079 3196 1229 3258 llontium
1248 3202 1291 3256 at-

547 3314 608 3376 que
629 3296 761 3357 aliorum
789 3294 1002 3369 inposterum
1031 3291 1290 3369 acquirendorum

548 3393 589 3453 ita
620 3388 790 3450 relormare
820 3386 924 3460 iaciat,
958 3391 1010 3458 ut,
1042 3383 1125 3445 salvi
1155 3385 1293 3464 proprie·

550 3494 610 3546 tate
637 3479 772 3559 capitalis
793 3495 848 3556 pro
872 3477 1004 3539 Ecclesia
1033 3477 1213 3554 Bagdatensi
1235 3477 1292 3538 sub

547 3575 746 3656 dispositione
780 3571 931 3651 praelatae
967 3572 1224 3648 congregationis
1256 3574 1293 3635 de

548 3667 743 3748 Propagandi
775 3667 864 3741 vioe,
894 3666 1012 3728 tructus
1040 3668 1292 3729 3311113113-

549 3771 717 3824 serveutur
740 3759 894 3839 Episcopis
909 3759 1149 3836 Bagdatensibus
1163 3776 1218 3822 seu
1240 3759 1295 3820 Ba-

548 3856 769 3937 bylonensibus
791 3869 846 3932 pro
870 3863 1009 3933 tempore
1023 3853 1236 3929 existentibus,
1253 3854 1294 3915 ita

548 3963 583 4016 ut
598 3953 666 4014 illos
679 3949 795 4028 possint
810 3962 987 4025 percorum
1002 3956 1215 4026 procuratores
1230 3948 1294 4009 exi-

549 4063 633 4124 gere,
646 4043 813 4108 dummodo
826 4049 929 4103 tamen
942 4040 1042 4102 eidem
1054 4040 1294 4117 congregationi

548 4140 679 4216 singulis
700 4137 789 4200 annis
804 4151 858 4213 per
874 4135 1009 4212 legitima
1025 4137 1208 4198 documenta
1223 4152 1294 4198 cun·

548 4244 629 4298 stare
650 4231 760 4294 iaciant
785 4232 823 4292 de
845 4229 984 4309 Episcopi
1006 4245 1062 4307 pro
1085 4239 1223 4307 tempore
1243 4247 1295 4293 su·

549 4327 743 4409 pervirentii
770 4342 803 4388 ac
828 4325 994 4387 residentia
1016 4325 1049 4386 iu
1071 4326 1192 4403 proprii
1213 4326 1294 4387 dioe-

549 4425 621 4498 cesi,
644 4421 755 4501 quibus
777 4419 970 4482 documentis
990 4418 1100 4479 habitis
1114 4437 1146 4481 ac
1160 4419 1294 4496 probatis

549 4519 586 4578 ab
599 4517 707 4578 eidem
722 4512 981 4588 congregatione,
998 4512 1059 4590 ipsa
1077 4517 1218 4574 teneatur
1231 4513 1293 4574 sin-

550 4611 631 4687 gulis
645 4609 764 4672 vicibus
779 4606 961 4685 depositorio
974 4604 1127 4667 Locorum
1141 4607 1294 4670 Montium

550 4705 663 4781 scripto
693 4699 850 4775 mandare,
880 4707 914 4760 ut
939 4699 1034 4760 libere
1059 4699 1205 4778 praedicti
1230 4700 1295 4762 iru-

550 4808 618 4862 ctus
645 4796 746 4858 eidem
778 4793 969 4870 procuratori
999 4791 1233 4871 persolvantur,
1264 4803 1294 4856 et

549 4907 612 4953 non
637 4889 727 4952 aliter
759 4905 816 4950 nec
840 4886 899 4948 alio
925 4888 1026 4948 modu.
1060 4885 1128 4950 Non
1153 4887 1294 4949 obstante

548 4985 723 5065 supradicto
754 4981 958 5059 chirographo
989 4989 1041 5041 aut
1068 4980 1192 5042 decreto
1220 4983 1294 5044 3111

550 5099 702 5150 xocxxvr.
727 5076 764 5137 ab
785 5075 958 5137 Alexandro
974 5074 1029 5134 PP.
1048 5073 1110 5136 vlt.
1135 5075 1227 5150 edito,
1243 5077 1292 5138 cui

550 5184 604 5243 bac
627 5181 658 5242 in
681 5183 842 5254 parte-por
863 5173 916 5233 bas
937 5180 1056 5233 nostras
1075 5173 1192 5233 litteras
1207 5173 1295 5234 dero-

550 5289 658 5351 gamus
679 5289 711 5334 33
733 5270 917 5344 derogatum
938 5283 1002 5328 esse
1024 5267 1170 5330 volumus
1192 5273 1222 5326 et
1244 5269 1294 5328 de·

549 5371 710 5434 claramus.

590 5611 620 5668 ll)
636 5609 696 5657 vita
710 5609 799 5656 suttcto
814 5609 938 5657 Michaele
951 5616 1125 5656 armenorum
1138 5611 1243 5658 Ciliciae
1254 5615 1297 5658 13-

1065 537 1130 590 llltt.
1154 540 1244 590 PONT-
1269 535 1309 588 DE
1331 543 1359 588 Ρ.
1383 537 1412 589 1².
1436 541 1519 589 PARS
1541 535 1561 588 l.

1383 664 1495 741 Atque,
1518 669 1552 723 ut
1574 663 1675 724 omnis
1697 662 1729 724 in
1752 669 1911 740 posterum
1939 661 2090 726 dubitatio

1342 773 1375 819 33
1406 757 1616 818 controversia
1649 767 1847 820 removeatur
1876 757 1907 819 in
1937 755 2091 820 lructibus

1343 849 1496 912 Locorum
1517 849 1669 912 Montium
1697 852 1732 913 ad
1755 851 1895 912 eamdem
1921 851 2090 914 Ecclesiam

1344 944 1564 1018 Bagdateusem
1584 944 1802 1022 spectantium,
1833 959 1909 1024 quos
1931 943 2091 1007 transactis

1343 1036 1535 1115 temporibus
1557 1038 1662 1099 eadem
1690 1037 1895 1114 congregatio
1919 1039 1957 1100 de
1981 1038 2092 1114 Propa-

1344 1133 1441 1206 gandi
1452 1131 1525 1194 Eide
1536 1131 1568 1192 in
1579 1131 1654 1192 alios
1665 1133 1729 1210 pios
1742 1149 1828 1207 usus,
1839 1132 2038 1195 missionibus
2050 1141 2092 1193 ta-

1344 1239 1416 1286 men
1428 1225 1579 1286 Ecclesiae
1589 1225 1809 1304 babylonensis
1825 1227 1912 1289 valde
1927 1229 2090 1305 11313133,

1343 1319 1508 1393 331131111,
1530 1327 1622 1396 atque
1643 1319 1747 1398 etiam,
1770 1329 1804 1383 ut
1820 1322 1950 1398 gratiam
1966 1328 1996 1383 et
2017 1322 2093 1384 libe·

1343 1411 1494 1473 ralitatem
1518 1419 1655 1474 nostram
1670 1429 1743 1490 erga
1761 1417 1947 1478 modernum
1969 1416 2092 1494 Episco-

1344 1521 1417 1582 pum
1449 1505 1691 1584 Babylonensem
1724 1526 1739 1568 3
1766 1509 1922 1572 carissimo
1949 1511 2038 1573 nobis
2059 1511 2091 1572 in

1345 1598 1467 1662 Christo
1483 1598 1546 1660 idio
1561 1600 1717 1663 Ludovico
1727 1601 1895 1665 Galliarum
1906 1603 1989 1680 llege
2004 1604 2093 1667 Cbri·

1343 1691 1529 1755 stianissimo
1551 1697 1799 1758 commendatum
1830 1697 2091 1772 demonstremus,

1344 1787 1550 1866 praecipimus
1571 1807 1604 1850 ac
1625 1790 1816 1866 mandamus,
1840 1797 1875 1852 31
1896 1807 1933 1852 ex
1956 1792 2093 1868 pecuniis

1345 1879 1484 1943 eiusdem
1514 1883 1545 1944 S.
1570 1883 1826 1960 congregationis
1850 1886 1983 1962 singulis
2004 1887 2094 1948 annis

1344 1976 1563 2052 persolvantur
1583 1986 1667 2040 scuta
1689 1979 1864 2056 octuaginta
1881 1990 2026 2042 11313133
2046 1997 2094 2042 13-

1345 2084 1453 2130 manae
1475 2069 1622 2148 Episcopo
1645 2070 1847 2149 babylonensi
1876 2089 1932 2152 pro
1954 2082 2094 2152 tempore

1345 2163 1492 2224 existenti
1519 2171 1611 2243 atque
1638 2166 1670 2226 in
1692 2167 1747 2227 311
1768 2166 1897 2229 dioecesi
1929 2167 2093 2242 residenti,

1345 2258 1545 2335 quoadusque
1571 2267 1673 2320 tamen
1702 2275 1740 2320 ex
1761 2260 1913 2324 fructibus
1942 2262 2095 2325 Locorum

1347 2351 1499 2414 llontium
1527 2353 1778 2429 praedictorum,
1806 2356 1860 2432 qui
1888 2355 1938 2416 vel
1970 2365 2096 2434 propter

1346 2445 1497 2508 Ecclesiae
1519 2447 1710 2509 vacationem
1731 2446 1782 2508 vel
1796 2456 1921 2527 propter
1942 2449 2032 2510 aliam
2053 2449 2096 2511 le·

1346 2539 1488 2614 gitimam
1510 2557 1643 2616 3313313,
1666 2547 1701 2604 11
1721 2557 1825 2620 31113,
1842 2543 1987 2606 iussimus
2008 2546 2095 2606 inve-

1345 2632 1412 2692 stiri
1436 2634 1467 2693 in
1488 2641 1691 2709 augmentum
1708 2637 1787 2697 dotis
1801 2637 1972 2714 praedictae
1992 2638 2094 2700 Eccle

1345 2725 1418 2802 3133,
1432 2727 1565 2804 Capitale
1576 2728 1760 2792 eliormetur
1772 2731 1848 2792 tanti
1864 2731 1987 2806 velocia,
1999 2748 2097 2810 quan-

1346 2821 1370 2879 ti
1392 2821 1534 2882 sullicere
1555 2819 1648 2898 possit
1669 2821 1704 2882 ad
1720 2825 1936 2902 praestandum
1958 2823 2096 2887 fructum

1345 2919 1506 2975 scutorum
1525 2916 1710 2992 octuaginta,
1727 2933 1763 2978 eo
1778 2917 1863 2979 enim
1879 2919 1911 2978 in
1926 2935 1996 2980 3331
2011 2934 2096 2996 prae

1346 3005 1438 3068 latam
1450 3007 1588 3071 eiusdem
1605 3025 1744 3072 summae
1754 3011 1942 3074 solutionem
1955 3028 2008 3075 seu
2021 3027 2097 3090 pen·

1346 3102 1477 3176 sionem,
1490 3119 1584 3177 nunc,
1598 3112 1689 3181 prout
1703 3112 1840 3180 extunc,
1853 3107 1981 3169 omnino
1995 3107 2095 3168 extin-

1348 3199 1472 3274 guimus
1493 3206 1524 3257 et
1546 3196 1718 3274 abolemus;
1742 3201 1945 3279 eamdemque
1960 3203 2096 3277 Congre-

1348 3293 1503 3368 gationem
1525 3307 1580 3370 per
1601 3290 1678 3354 banc
1692 3309 1828 3354 annuam
1850 3293 2044 3370 pensionem,
2062 3305 2096 3358 ut

1347 3385 1531 3464 praelertur,
1555 3385 1710 3464 Episcopis
1731 3387 1990 3467 Babylonensibus
2012 3405 2096 3469 prae-

1346 3482 1487 3542 standam
1508 3480 1545 3541 ab
1565 3479 1650 3541 oanni
1671 3480 1729 3542 alio
1750 3497 1844 3544 onere
1872 3501 1905 3545 33
1923 3483 2027 3544 debito
2046 3483 2096 3545 ab

1347 3574 1496 3636 solvimus
1518 3591 1551 3636 ac
1571 3574 1756 3650 liberamus,
1786 3591 2096 3656 omnemque.super

1348 3667 1490 3746 praelatis
1512 3666 1662 3730 lructibus
1675 3669 1712 3730 ab
1726 3670 1833 3732 eadem
1849 3671 2096 3746 congregatione

1349 3765 1500 3845 perceptis
1522 3775 1660 3829 exortam
1688 3767 1911 3828 dubitationem
1940 3767 2096 3842 extingui-

1349 3876 1429 3935 mus,
1452 3869 1483 3922 et
1504 3869 1655 3938 perpetuo
1675 3861 1800 3923 silentio
1815 3861 1964 3938 tollimus,
1981 3871 2096 3944 31331-

1348 3958 1523 4038 primimus.
1547 3957 1616 4020 Non
1639 3957 1830 4020 obstantibus
1845 3960 2024 4022 memoratis
2038 3963 2094 4025 Ur·

1348 4053 1418 4115 bani
1440 4063 1471 4115 31
1493 4052 1659 4114 Alexandri
1682 4052 1950 4117 Praedecessorum
1972 4054 2098 4118 Nostro·

1349 4163 1420 4210 rum
1442 4147 1552 4220 literis,
1574 4145 1702 4226 aliisque
1717 4149 1989 4210 constitutionibus
2003 4158 2033 4212 et
2048 4167 2096 4211 or-

1348 4241 1557 4304 dinationibus
1579 4240 1762 4318 apostolicis,
1784 4243 1955 4322 ceterisque
1977 4251 2098 4307 contra-

1348 4335 1403 4397 riis
1424 4335 1681 4414 quibuscumque.

1389 4430 1501 4491 Datum
1523 4428 1649 4503 Romae,
1665 4427 1744 4506 apud
1765 4429 1794 4491 S.
1810 4428 1949 4504 Petrum,
1965 4431 2023 4493 sub
2043 4448 2097 4493 an·

1349 4522 1425 4585 nulo
1451 4521 1622 4595 Piscatoris,
1645 4519 1694 4582 die
1715 4536 1759 4582 xr.
1785 4521 1862 4584 iunii
1884 4538 2095 4600 xocccxxxr.,

1349 4619 1546 4700 pontificatus
1567 4617 1665 4679 nostri
1686 4633 1768 4678 anno
1789 4633 1845 4679 vu.

1652 4899 1792 4964 xxxvt.

1350 5087 1510 5150 Basiliam
1536 5087 1680 5166 Arcltiep.
1712 5089 1924 5151 Armcaorunt
1947 5090 2097 5153 Potriur·

1390 5179 1479 5241 31313
1490 5180 1624 5245 Ciliciae
1636 5183 1813 5260 coufirmat,
1825 5181 1985 5246 3113313333
1997 5201 2016 5244 3
2027 5184 2097 5246 313-

1388 5273 1459 5335 3313
1481 5274 1628 5338 ecclcsiae
1651 5279 1837 5345 Autosoaoe,
1850 5277 1939 5354 eiqatc
1958 5276 2096 5355 potitum

1389 5367 1533 5429 concedit
1552 5367 1608 5448 (1).

1323 5624 1325 5661 t
1351 5612 1424 5658 cibus
1439 5612 1508 5657 datis
1529 5611 1617 5656 literis
1639 5613 1693 5656 tarn
1710 5607 1789 5656 ssriao
1803 5613 1829 5656 D.
1847 5614 1873 5656 N.
1890 5611 1934 5658 Pio
1950 5615 2034 5670 Papae
2048 5615 2097 5668 vl,
2186 5632 2188 5636 ·

551 5680 678 5733 triarcbai,
692 5678 738 5736 qui
754 5679 824 5722 Petri
834 5681 875 5722 lll.
888 5689 981 5724 nornen
992 5683 1182 5736 assumpserat,
1194 5681 1298 5725 brebie·
1323 5687 1325 5741 !
1351 5689 1430 5738 quam
1447 5677 1518 5725 Eritis
1533 5679 1716 5725 ttardinalibus
1732 5683 1754 5723 S.
1768 5681 1986 5736 congregationis
1998 5681 2030 5726 de
2040 5684 2098 5726 Pro·

550 5748 649 5804 piscopi
672 5746 796 5792 catholici
817 5747 924 5790 Armeni
947 5745 1015 5792 ritus
1039 5747 1120 5792 simul
1143 5748 1297 5804 congregati
1323 5750 1325 5783 :
1352 5748 1470 5805 pagaudai
1492 5747 1554 5791 Fide
1569 5747 1608 5802 eti,
1623 5757 1675 5802 qua
1689 5757 1738 5803 par
1758 5749 1807 5800 est,
1828 5747 1982 5792 bumilitate
2001 5748 2099 5794 Sancti·

550 5815 676 5860 Basilium
691 5813 1057 5872 amasiaearcuieptscopuua
1072 5815 1098 5858 in
1114 5815 1296 5860 Patriarcbam
1323 5790 1325 5843 l
1351 5815 1400 5860 1311
1417 5819 1484 5861 Suae
1500 5814 1691 5871 supplicarunt,
1707 5817 1737 5858 ut
1752 5813 1906 5858 electionem
1923 5825 1969 5859 seu
1985 5816 2099 5872 postuta-

551 5883 655 5928 ciliclae
670 5886 845 5926 ilrrneuorum
868 5881 987 5926 11311111
1002 5892 1129 5926 33133131
1151 5882 1296 5938 elegerunt.

551 5951 616 6000 Tum
632 5951 758 5998 electores
773 5959 832 5996 cum
849 5947 904 6006 ipse
918 5949 1018 5996 electus
1032 5949 1188 5997 Patriarcba
1202 5949 1298 6008 suppti-

1323 5876 1325 5885 '
1352 5883 1450 5926 tionem
1466 5882 1583 5926 eiusdem
1598 5881 1676 5926 electi
1690 5893 1736 5926 seu
1752 5881 1881 5938 postulati
1894 5881 1985 5928 Basilii
1996 5882 2099 5927 brebie-

1351 5949 1449 6008 piscopl
1464 5949 1629 6006 admitteret,
1640 5951 1666 5994 et
1676 5949 1800 6006 supremi
1812 5949 1861 5996 sui
1870 5949 2033 5998 auctoritate
2042 5961 2100 5996 con·
