4776 6974
340 539 393 590 An.
408 541 437 592 (t.
460 540 528 594 1787
577 542 636 605 312

556 677 644 756 sique
667 679 716 739 tui
742 680 851 757 simus,
875 681 927 760 qui
952 673 1119 742 memorato
1148 679 1216 740 iure
1238 678 1302 739 Pri·

558 776 658 831 matus
678 789 693 830 a
715 772 837 835 Christo
858 789 913 850 per
934 774 968 834 B.
992 773 1118 835 Petrum
1141 772 1228 833 nobis
1244 778 1303 833 tra·

496 907 499 916 .
556 863 612 924 diti
627 863 773 926 eumdem
790 866 856 928 istic
869 865 1098 942 constituimus,
1115 865 1169 944 qui
1184 871 1303 926 nostras

559 955 639 1018 vices
650 967 773 1034 gereret
784 977 817 1021 ac
829 959 1034 1037 apostolicam,
1047 967 1138 1037 prout
1150 959 1207 1035 ipsi
1222 975 1304 1020 oom-

558 1050 712 1126 misimns,
735 1062 894 1115 exerceret
916 1054 1132 1116 anctoritatem
1153 1051 1209 1133 (l).

597 1145 616 1218 ἓ
637 1144 665 1204 7.
690 1143 765 1205 Eam
786 1151 870 1206 certe
893 1145 1037 1208 mittendi
1051 1161 1123 1207 snos
1138 1147 1303 1223 ipocrysa-

558 1237 631 1312 rios,
652 1237 793 1313 Legatos,
815 1237 951 1300 Nuncics
974 1240 1009 1301 ad
1031 1238 1164 1300 aliorum
1183 1239 1305 1316 Episco-

557 1347 667 1408 porum
689 1332 839 1394 dioeceses
857 1338 1040 1410 potestatem
1055 1347 1178 1409 semper
1191 1333 1252 1393 iam
1267 1332 1305 1393 ab

557 1423 777 1502 antiquissimis
793 1425 983 1503 temporibus
997 1433 1206 1488 exercuerunt
1218 1441 1303 1503 prae-

556 1518 729 1579 decessores
759 1518 867 1594 nostri,
891 1533 986 1597 quam
1014 1533 1127 1596 nempe
1154 1535 1227 1581 cum
1248 1533 1304 1580 suo

557 1613 708 1676 Primatus
731 1613 798 1675 iure
820 1629 931 1675 nexam
954 1630 1019 1675 esse
1039 1612 1108 1674 sine
1130 1612 1192 1675 ulli
1214 1611 1303 1674 dnbi-

557 1706 673 1769 tatione
696 1709 898 1783 agnoverant.
923 1706 968 1768 Er
990 1707 1055 1783 ipso
1075 1695 1147 1768 sitis
1169 1705 1302 1782 intelligi

597 1975 627 2030 (tt
643 1972 705 2018 vide
725 1975 767 2018 ss.
783 1977 808 2018 b.
826 1975 853 2019 N.
868 1974 906 2018 Pii
922 1977 1006 2030 Papae
1028 1975 1099 2020 Sexti
1114 1979 1252 2028 responsio
1267 1979 1303 2021 ad

558 2045 773 2094 atteia-apotactitas
794 2045 993 2094 ,vespasianum
1018 2045 1207 2090 1100110010ηο
1234 2045 1303 2086 t'olo·

558 2113 674 2152 ntevtsem
685 2112 951 2161 etsctnonrpensem,
961 2121 1045 2161 scepei·
1055 2113 1229 2154 attenciatuvis
1240 2119 1302 2162 apo·

555 2180 660 2220 stolicis.
671 2179 756 2219 fictitio
767 2179 859 2223 attera.
872 2179 970 2220 aciditas
981 2180 1050 2220 binis
1061 2180 1144 2221 tiievva
1154 2179 1189 2220 art
1201 2178 1303 2220 archie-

554 2247 696 2296 piscanum
716 2247 740 2285 et
753 2247 904 2294 capitatam
921 2246 1049 2287 Coloniae.
1066 2245 1164 2288 Romae
1180 2253 1302 2296 11000110,

556 2321 620 2366 opus
639 2309 707 2366 quod
722 2307 802 2353 Elisus
817 2310 891 2354 card.
908 2309 1044 2366 Philippus
1061 2307 1222 2366 camparelli
1239 2309 1302 2353 scri-

556 2377 609 2434 psit
629 2377 703 2420 iussu
725 2376 856 2421 pontilicis
877 2379 970 2422 contra
990 2377 1144 2422 anonimum
1165 2379 1300 2422 auctorem

557 2447 593 2488 De
607 2447 715 2496 repetis.
732 2447 783 2488 Suo
797 2444 853 2489 loco
867 2444 951 2488 lector
965 2443 1013 2489 has
1028 2443 1103 2488 binas
1116 2443 1208 2488 literas
1219 2443 1300 2498 legat;

556 2510 599 2554 liic
613 2509 815 2555 transcribimus
829 2509 901 2555 illam
916 2508 943 2554 in
958 2511 1042 2556 forma
1054 2510 1142 2556 brevis
1151 2521 1167 2556 a
1177 2509 1302 2556 Pontifice

556 2578 721 2636 responsioni
734 2577 915 2636 praemissam.

822 2717 890 2760 PIUS
905 2717 984 2764 Pers
999 2717 1038 2759 Vl.

797 2853 955 2896 Venerabilis
969 2855 1066 2902 mater,

644 2923 758 2964 saltitem
772 2924 795 2962 et
809 2923 981 2972 apostoticam
1001 2921 1212 2962 benedictionem.

596 3051 776 3096 potuissemus
786 3051 906 3108 equidem
917 3050 991 3096 nulla
1001 3049 1157 3106 interposita
1165 3059 1239 3094 mora
1248 3048 1302 3094 tuis

558 3118 702 3162 rescribere
717 3117 824 3173 litteris,
838 3116 871 3162 ad
886 3129 933 3163 nos
947 3117 1017 3163 datis
1032 3116 1083 3174 1)...
1094 3117 1145 3162 1ιο1.
1157 3115 1302 3161 decembris

557 3185 702 3242 superioris
716 3183 787 3240 anni,
801 3184 832 3240 si,
846 3184 940 3230 relicto
954 3195 1045 3230 rerum
1061 3187 1086 3228 et
1099 3183 1233 3228 rationum
1244 3193 1301 3227 exa-

557 3253 637 3307 mine,
651 3251 793 3309 placuisset
807 3251 881 3296 nobis
893 3262 950 3296 eam
963 3251 1011 3296 tibi
1024 3249 1219 3307 responsionem
1229 3249 1301 3305 dare,

557 3331 636 3376 quam
651 3319 758 3365 litterae
772 3323 834 3364 tuae
849 3319 1025 3374 postulabant.
1036 3321 1100 3364 Cum
1111 3319 1181 3363 enim
1193 3321 1231 3372 tu,
1240 3317 1301 3362 aliis

558 3387 644 3434 tribus
658 3386 868 3443 Metropolitanis
882 3385 1032 3440 adiunctus,
1046 3389 1149 3442 peteres
1163 3384 1301 3430 cuiusdam

557 3455 633 3511 00001
642 3453 796 3500 concordiae
805 3455 870 3508 loco,
879 3457 908 3498 ut
916 3457 1038 3498 nostrum
1048 3463 1186 3498 assensum
1197 3452 1301 3508 praebe

557 3533 646 3566 remus
665 3521 888 3566 nunciaturarmm
904 3519 1038 3576 apostolic.
1053 3519 1201 3575 abolitioni,
1217 3531 1301 3576 prom·

557 3590 602 3645 pta
615 3599 678 3634 sane
696 3592 723 3633 et
737 3587 858 3644 expedita
878 3587 1033 3632 occurrebat
1054 3587 1198 3643 responsis,
1220 3587 1301 3632 tremi·

557 3667 616 3701 nem
631 3665 748 3712 unquam
763 3655 870 3710 petiisse
883 3655 917 3700 ab
930 3655 1016 3700 altero
1035 3653 1200 3710 transigendi
1213 3655 1301 3710 gratia

557 3725 643 3768 totum
656 3721 691 3778 id,
706 3722 737 3767 de
751 3733 803 3778 quo
821 3721 991 3778 disceptatur.
1012 3721 1061 3764 Sed
1076 3720 1194 3766 studium
1210 3725 1235 3766 et
1251 3721 1302 3766 sin·

556 3791 657 3848 gulosis
671 3788 777 3834 dilectio
790 3787 816 3832 in
833 3793 858 3833 te
872 3791 1034 3845 nostraque
1049 3789 1074 3832 10
1088 3787 1204 3833 acriores
1218 3788 1300 3833 etiam

555 3858 627 3903 inter
635 3855 855 3902 contradictiones
865 3855 998 3918 prosecuti
1008 3865 1110 3908 sumus,
1118 3853 1144 3899 in
1154 3865 1234 3900 causa
1242 3855 1300 3910 fuit,

555 3935 604 3968 cur
617 3924 698 3969 aliam
713 3923 807 3979 agendi
823 3927 909 3968 tecum
931 3920 1062 3966 rationem
1078 3920 1214 3966 iniremus.
1231 3922 1301 3968 Satis

555 4001 669 4047 namque
690 3989 871 4034 intelleximus
892 3988 955 4041 fore,
970 3991 1001 4034 ut
1021 3988 1086 4032 haec
1108 3988 1243 4044 responsio
1259 3999 1301 4033 no·

556 4060 620 4111 stra,
635 4056 755 4102 iustitiae
770 4054 891 4112 inprimis
905 4063 1025 4108 consona,
1042 4053 1115 4099 facile
1130 4054 1179 4099 tibi
1193 4054 1299 4111 quidem

555 4123 715 4179 ostenderet,
728 4133 807 4179 qnam
828 4122 926 4166 absona
940 4125 967 4166 et
980 4132 1130 4178 repugnans
1145 4127 1172 4165 et
1185 4121 1300 4168 absurda

556 4195 626 4236 osset
639 4189 733 4247 petitio
751 4189 804 4234 ista
819 4193 873 4242 tua,
888 4187 932 4233 sed
951 4199 1117 4244 nequaquam
1132 4189 1300 4244 obtinuisset,

556 4257 624 4314 quod
639 4255 753 4302 maxime
767 4255 887 4309 interest,
898 4260 929 4299 ut
939 4253 996 4308 tibi,
1007 4253 1112 4310 tuisque
1122 4255 1300 4300 confratribus

556 4323 667 4369 insidias
687 4321 856 4378 patefaceret,
871 4331 938 4376 quae
959 4324 1063 4366 vestrae
1080 4320 1174 4366 virtuti
1192 4331 1222 4366 ac
1242 4323 1301 4368 reli·

556 4390 629 4446 gleni
643 4389 789 4434 instructae
800 4391 827 4432 et
837 4390 945 4442 paratae
955 4393 1026 4441 sunt,
1037 4390 1118 4442 utque
1128 4388 1250 4433 omuibus
1260 4400 1302 4434 ae·

556 4469 607 4514 que
621 4456 793 4513 persuaderet
807 4467 820 4499 0
835 4453 966 4500 sententia
976 4455 1107 4499 decedere.
1119 4459 1189 4501 lianc
1200 4457 1301 4512 provin·

556 4523 623 4568 ciam
642 4522 769 4578 aggressi,
790 4519 903 4565 vidimus
924 4521 1063 4577 extemplo,
1085 4532 1163 4577 qutun
1185 4523 1299 4568 arduum

556 4590 645 4636 moliri
660 4601 725 4645 opus
746 4590 888 4644 oporteret,
904 4597 955 4632 uon
976 4591 1084 4644 propter
1097 4588 1299 4644 ambiguitatem

556 4655 728 4714 quaestionis,
743 4665 795 4711 que
811 4653 879 4698 nibil
894 4658 942 4708 est,
957 4665 1004 4698 nec
1019 4657 1183 4710 potestesse,
1199 4657 1300 4712 expedi-

557 4724 619 4776 tius,
638 4723 683 4768 sed
704 4725 812 4778 propter
833 4721 1006 4778 multiplicem
1028 4732 1118 4766 rerum
1141 4723 1300 4778 congeriem,

556 4801 632 4848 quae,
653 4789 774 4846 quamvis
794 4799 810 4833 a
833 4787 987 4845 quaestione
1008 4788 1156 4844 plurimum
1177 4790 1301 4836 abborre-

556 4862 625 4913 rent,
639 4857 762 4902 licentius
783 4859 871 4900 tamen
892 4856 1043 4902 cumulatae
1057 4859 1084 4900 et
1099 4857 1222 4911 vulgatae
1238 4863 1301 4905 sunt

556 4926 589 4972 ad
604 4925 692 4970 odium
713 4927 739 4970 et
759 4923 885 4968 invidiam
906 4923 1070 4968 coriliandam
1091 4924 1117 4968 in
1137 4929 1301 4984 00001100-

557 4993 678 5038 stolicam
699 4991 799 5036 sedem.
815 4990 909 5035 Nullus
923 4989 1003 5044 enim,
1018 4993 1047 5034 nt
1063 4991 1100 5036 ita
1114 4991 1242 5048 dicamus,
1257 4998 1302 5040 'ra-

556 5059 686 5105 bellariun
700 5070 714 5103 e
724 5057 864 5102 Germania
873 5060 984 5104 11010010
995 5059 1168 5114 commeabat,
1179 5061 1224 5116 qui
1235 5073 1301 5108 com·

558 5126 698 5179 mentaria,
719 5125 924 5178 lucubrationes,
939 5124 1092 5180 encyclicas,
1107 5129 1134 5170 et
1152 5127 1206 5172 alia
1220 5127 1246 5172 id
1261 5140 1302 5184 ge·

557 5205 607 5238 nus
626 5193 725 5249 scripta
745 5203 795 5236 non
818 5191 925 5236 aberret
945 5192 978 5236 ad
993 5191 1087 5236 t'rbem
1108 5191 1147 5237 ita
1163 5195 1302 5250 multant

557 5259 646 5307 omitia
659 5259 847 5316 propemodum
862 5258 1024 5303 Germanicis
1038 5259 1117 5304 rebus
1131 5263 1158 5304 et
1172 5261 1248 5306 libris
1264 5273 1302 5306 re-

556 5327 712 5372 dundarent.
724 5326 866 5371 Accedebat
879 5326 911 5370 ad
922 5326 985 5371 baec
995 5325 1142 5372 multarum
1153 5329 1300 5374 0011101001

557 5407 658 5449 100101,
672 5406 739 5450 0000
753 5393 833 5438 istbic
847 5393 990 5438 identidem
1006 5395 1088 5439 factae
1103 5399 1172 5440 sunt.
1190 5397 1252 5441 ilinc
1266 5395 1302 5440 iu-

558 5461 655 5518 telligit
670 5462 782 5518 quisque
796 5472 843 5516 per
857 5471 892 5514 00,
909 5463 1013 5506 tantum
1028 5461 1168 5518 librorum,
1184 5464 1302 5520 querela·

556 5541 626 5584 rum,
641 5529 798 5583 novitatum,
816 5527 905 5572 00ιοἰο
925 5531 954 5572 01
972 5528 1164 5582 refellerentur,
1180 5531 1301 5576 volumen

557 5605 707 5654 exposcere:
723 5594 905 5652 quodquidam
916 5595 937 5638 si
949 5595 1098 5648 tenuissimi
1109 5597 1235 5653 temporis
1246 5609 1300 5654 spa·

597 5813 623 5868 Γ)
640 5815 706 5856 XIV.
722 5815 754 5855 ab
768 5815 875 5856 electore
892 5815 1033 5861 Tracheia,
1051 5817 1118 5859 VIII.
1130 5817 1161 5859 ab
1173 5819 1246 5860 Arcti.
1257 5821 1300 5860 Sit·

557 5883 710 5931 tisbiopen„
731 5883 769 5924 VI.
784 5891 801 5923 u
822 5883 988 5932 1100001100,
1011 5884 1053 5926 tv.
1069 5893 1086 5926 0
1108 5885 1240 5928 t'oionieit.
1255 5888 1301 5928 ete·

555 5951 678 5992 etot-ibus.

1075 561 1138 606 lllll·
1164 561 1254 606 PON'l'.
1279 563 1318 605 ba
1341 564 1368 606 t).
1393 561 1422 606 F.
1448 563 1529 606 PARS
1551 563 1572 606 l.

1358 686 1458 756 potest
1485 680 1665 742 innocentio
1696 681 1854 786 111,ουιο
1880 681 2028 743 scriberet
2053 683 2107 744 de-

1357 789 1433 834 cano
1454 773 1484 836 S.
1516 774 1622 836 Hilarii
1649 781 1680 836 et
1709 773 1740 836 S.
1765 776 1859 848 Petri,
1890 782 1921 836 et
1942 774 1974 837 S.
1998 773 2106 836 Hilarii

1357 865 1536 928 subdecanis
1567 866 1808 929 pictaviensibus
1836 867 1998 945 epistolam
2027 883 2107 945 quae

1358 958 1567 1021 0011210101
1594 958 1664 1020 coll.
1689 959 1850 1022 οΒ010110
1877 969 1898 1022 t.
1921 961 1952 1032 2,
1976 959 2029 1021 lib.
2055 959 2104 1034 lb,

1359 1053 1441 1115 unde
1456 1051 1574 1122 oriatur
1589 1052 1636 1113 ius
1651 1052 1788 1116 Romano
1803 1054 1945 1116 Pontifici
1960 1054 2104 1116 mittendi

1359 1144 1488 1222 Legatos
1509 1145 1540 1207 in
1563 1146 1661 1207 varias
1678 1147 1759 1208 orbis
1773 1147 1934 1210 christiani
1950 1149 2105 1224 regiones,

1358 1238 1470 1316 quibus
1491 1239 1555 1315 ipse
1586 1255 1728 1315 praesens
1750 1257 1815 1302 esse
1846 1255 1910 1303 non
1932 1249 2046 1319 posset,
2068 1243 2105 1303 ad

1357 1347 1426 1392 suas
1437 1331 1550 1394 ibidem
1565 1332 1648 1394 vices
1663 1332 1830 1395 obeundas.
1844 1335 1948 1412 lpsum
1963 1334 2044 1396 idem
2057 1335 2107 1396 ius

1356 1423 1420 1484 iam
1440 1423 1547 1486 multis
1569 1431 1641 1486 ante
1662 1426 1773 1488 seculis
1796 1434 1978 1489 exercuerat
1994 1428 2024 1490 S.
2042 1427 2106 1490 Leo

1358 1515 1412 1592 ll.,
1427 1525 1460 1577 ut
1472 1517 1538 1580 eius
1549 1519 1727 1595 comprobat
1738 1519 1865 1596 epistola
1879 1521 2033 1599 Episcopis
2044 1521 2106 1582 llle-

1357 1609 1550 1688 tropclitanis
1571 1627 1626 1688 per
1647 1612 1803 1690 illyricum
1825 1615 2002 1676 constitutis
2027 1631 2105 1693 quae

1358 1710 1403 1766 est
1424 1704 1452 1764 5·
1474 1711 1548 1766 tom.
1571 1705 1595 1764 2
1616 1721 1683 1784 opp.
1709 1709 1754 1770 ed.
1785 1705 1881 1785 Tyra.
1902 1725 2102 1784 unceuxvn,

1357 1973 1423 2020 tium
1439 1975 1471 2020 ab
1485 1975 1539 2020 alio
1553 1987 1685 2034 quoquam
1696 1978 1864 2034 postulasset,
1875 1980 1960 2024 multo
1968 1983 2040 2025 certo
2052 1991 2105 2026 ma-

1356 2043 1396 2098 gis
1416 2042 1560 2098 postulavit
1574 2055 1591 2089 a
1605 2044 1688 2096 00010,
1703 2055 1768 2102 0000
1783 2045 1810 2090 10
1830 2045 1879 2092 hac
1900 2057 1991 2092 rerum
2006 2049 2104 2105 tempo-

1356 2119 1468 2165 rumque
1483 2109 1657 2165 perversitate
1677 2111 1822 2158 immensae
1837 2112 1889 2156 1010
1904 2117 2030 2170 premunt
2044 2115 2103 2160 seti-

1355 2175 1486 2220 citudiues
1501 2177 1650 2232 apostotici,
1671 2190 1723 2235 000
1745 2179 1888 2236 fungimur,
1905 2180 2054 2226 ministerii.
2071 2185 2104 2227 nt

1356 2243 1424 2288 nulli
1445 2243 1613 2300 parcentibus
1634 2245 1719 2291 labori
1739 2246 1816 2292 licuit
1837 2247 1912 2292 nobis
1934 2248 2049 2303 taudem,
2069 2249 2106 2294 fa-

1356 2313 1431 2356 vente
1447 2313 1505 2365 Deo,
1520 2311 1588 2356 banc
1598 2313 1795 2368 responsionem
1805 2313 1951 2368 absolvere,
1962 2315 2003 2360 lris
2012 2315 2105 2361 00100-

1355 2377 1425 2422 ctam
1440 2376 1629 2434 litte1·is,quae
1651 2379 1799 2425 communis
1813 2391 1873 2425 cum
1891 2379 1951 2426 aliis
1965 2383 2103 2428 confratri-

1355 2443 1447 2489 busin
1461 2455 1550 2499 causa,
1565 2455 1644 2501 quam
1664 2455 1830 2491 communem
1850 2448 1998 2504 appellatis,
2014 2461 2104 2506 quam·

1356 2521 1406 2567 que
1420 2511 1554 2556 communi
1569 2512 1674 2556 nomine
1691 2511 1780 2569 agitis,
1795 2513 2008 2560 luculentissime
2023 2515 2103 2561 vindi·

1355 2582 1397 2622 cat
1411 2578 1505 2634 agendi
1521 2579 1652 2624 rationem
1664 2590 1724 2624 cum
1736 2584 1863 2638 nostram,
1874 2586 1932 2626 tum
1944 2583 2101 2628 nunciorum

1357 2649 1521 2691 nostrorum:
1537 2649 1628 2704 utpote
1642 2657 1717 2704 0000,
1727 2647 1844 2694 disiectis
1856 2649 1947 2706 procul
1958 2649 2101 2706 erroribus,

1356 2712 1565 2769 locupletissima
1586 2713 1811 2760 demonstratione
1833 2715 1874 2761 ins
1896 2719 1922 2762 01
1944 2721 2101 2774 potestatem

1356 2779 1481 2834 ostendit,
1495 2791 1562 2838 quae
1576 2785 1616 2827 est
1631 2782 1794 2838 apostoticae
1810 2783 1868 2828 sedi
1883 2795 1899 2829 a
1912 2785 2006 2840 primis
2021 2787 2103 2832 ttccle

1358 2847 1412 2892 siae
1427 2848 1539 2893 saeculis
1553 2849 1585 2894 ad
1601 2848 1665 2894 haec
1680 2859 1763 2906 usque
1778 2854 1898 2907 tempora
1912 2851 2026 2897 habendi
2036 2857 2102 2899 Nun·

1356 2915 1410 2960 cios
1425 2915 1515 2960 stabili
1530 2914 1714 2961 iurisdictione
1723 2917 1859 2972 pollentes.
1872 2919 2020 2966 Plurimum
2031 2923 2102 2978 equi·

1357 2983 1415 3027 dem
1430 2983 1457 3027 in
1473 2986 1506 3038 10,
1521 2994 1578 3028 ven.
1593 2983 1684 3038 frater,
1699 2985 1766 3028 etin
1781 2985 1835 3030 1010
1854 2986 2032 3033 confratribus
2045 3001 2103 3034 con-

1358 3049 1473 3104 fidimus,
1488 3050 1607 3107 certique
1621 3061 1714 3096 sumus
1729 3051 1791 3106 fore,
1806 3057 1845 3107 ut,
1856 3053 1878 3097 si
1893 3055 2046 3112 vosmetipsi
2060 3067 2102 3102 nc·

1357 3121 1474 3162 strarum
1490 3117 1624 3162 rationum
1635 3121 1769 3164 momenta
1778 3121 1953 3176 perpendatis,
1965 3133 2015 3167 uon
2026 3125 2102 3170 modo

1357 3183 1424 3228 nitm
1437 3184 1548 3228 allaturi
1563 3183 1622 3229 sitis
1642 3185 1773 3230 obstaculi
1787 3187 1943 3242 apostolicis
1963 3191 2103 3236 110001010-

1357 3251 1402 3302 110,
1418 3249 1471 3305 sed,
1485 3261 1538 3307 qua
1558 3251 1700 3308 praestatis
1723 3251 1772 3296 fide
1787 3257 1813 3297 et
1835 3253 1948 3308 iustitia,
1968 3267 2012 3302 aas
2032 3259 2104 3303 obse·

1356 3317 1427 3374 quic,
1442 3318 1482 3362 011
1503 3329 1548 3362 vos
1562 3318 1645 3367 decet.
1659 3319 1752 3365 colatis
1766 3323 1794 3363 01
1807 3319 1840 3364 ab
1860 3321 1977 3368 aliorum
1998 3335 2104 3380 aggres-

1356 3384 1473 3430 sionibus
1489 3385 1625 3430 tueamini.
1642 3386 1752 3431 interim
1768 3390 1802 3440 te,
1817 3388 2016 3448 contr-acresque
2033 3393 2102 3447 tuos,

1356 3452 1485 3506 quantum
1502 3451 1527 3494 in
1543 3449 1651 3495 Domino
1666 3461 1813 3507 possumus,
1829 3452 2007 3511 obsecramus,
2018 3469 2049 3503 ne
2059 3462 2103 3504 Ec-

1355 3515 1472 3572 clesiam,
1488 3517 1570 3562 tantis
1584 3517 1708 3562 afflictam
1723 3521 1868 3574 aerumnis,
1884 3529 1948 3568 novo
1960 3524 2103 3571 110101000-

1358 3584 1474 3638 mutetis,
1487 3584 1530 3628 cui
1545 3583 1612 3630 nihii
1626 3585 1744 3630 accidere
1758 3585 1894 3631 exitialius
1913 3593 2008 3646 potest,
2022 3602 2102 3648 quam

1356 3655 1386 3696 ut
1399 3651 1518 3696 membra
1533 3651 1660 3696 adversus
1675 3655 1753 3708 caput
1763 3653 1935 3709 praelientur.
1947 3657 2103 3704 101100100-

1356 3718 1399 3764 din
1418 3718 1557 3774 claritates,
1571 3718 1604 3762 ad
1618 3728 1684 3774 quas
1700 3719 1739 3762 vel
1759 3719 1891 3765 nolentem
1907 3725 1933 3766 te
1947 3724 2035 3770 aliena
2050 3737 2102 3772 ma-

1355 3785 1415 3830 litia
1430 3784 1546 3838 deduxit,
1561 3785 1707 3830 restituens
1721 3796 1764 3830 100
1778 3786 1810 3832 ad
1825 3798 1895 3841 enm,
1910 3787 1936 3833 in
1951 3801 2002 3847 000
2017 3797 2101 3847 01001,

1356 3854 1502 3904 acclamet
1513 3851 1588 3897 factis
1603 3852 1716 3908 probans
1730 3853 1813 3908 illam,
1823 3865 1902 3910 quam
1913 3868 1977 3913 erga
1989 3861 2101 3905 matrem

1356 3918 1441 3964 fovere
1455 3917 1651 3964 observantiam
1668 3919 1798 3972 affirmas:
1813 3931 1924 3978 agnosce
1940 3925 2044 3970 tandem
2058 3926 2102 3972 ius

1356 3986 1431 4038 illud,
1445 3986 1514 4042 quod
1535 3986 1624 4031 divina
1646 3987 1815 4032 institutione
1835 3999 1895 4033 cum
1914 3991 2032 4046 primatu
2046 3993 2102 4050 ipso

1355 4055 1525 4098 coniunctum
1540 4055 1579 4098 est
1594 4063 1624 4098 ac
1645 4053 1809 4110 colligatum,
1830 4057 1929 4112 quoda
1944 4059 2018 4103 nobis
2032 4061 2103 4106 abdi·

1355 4132 1415 4166 care
1438 4131 1489 4164 non
1508 4129 1657 4177 possumus,
1679 4121 1804 4177 quodque.
1820 4123 1910 4168 subire
1931 4126 2022 4182 nequit
2037 4127 2102 4173 iudi·

1355 4188 1425 4233 cium
1447 4187 1630 4242 comitiorum,
1655 4187 1695 4232 nti
1717 4187 1860 4234 tribunalis
1885 4189 2101 4250 incompetentis3

1356 4254 1576 4312 quemadmodum
1596 4254 1702 4310 saepias
1721 4255 1754 4299 ab
1768 4255 1833 4312 ipsis
1849 4257 1965 4303 comitiis
1979 4261 2102 4316 agnitum

1355 4325 1403 4366 est.
1418 4321 1507 4365 Firmo
1522 4319 1744 4366 nunciaturarum
1760 4321 1818 4366 iure
1828 4327 1960 4378 manente,
1971 4325 1993 4370 si
2004 4327 2063 4383 0010
2074 4328 2102 4372 10

1356 4387 1529 4434 nunciaturas
1548 4387 1658 4444 irrepsit
1677 4387 1784 4442 abusus,
1804 4390 1879 4434 nobis
1899 4391 2014 4448 ignotus,
2030 4400 2060 4438 ut
2074 4395 2101 4440 in

1356 4455 1407 4500 fine
1422 4459 1528 4500 nostrae
1544 4453 1719 4510 responsionis
1734 4453 1787 4500 iam
1798 4455 1921 4511 diximus,
1932 4469 1979 4504 000
1990 4459 2102 4506 fidenter

1355 4523 1406 4578 adi,
1421 4533 1477 4566 ven.
1494 4521 1584 4576 frater,
1599 4521 1654 4566 siva
1668 4533 1715 4577 per
1728 4521 1843 4577 litteras,
1858 4523 1912 4568 sive
1927 4529 2103 4584 0010000110-

1355 4601 1415 4634 rum
1434 4591 1576 4644 gestorem,
1592 4588 1674 4634 veluti
1694 4589 1773 4634 toties
1793 4590 1865 4635 natio
1885 4591 1937 4636 iam
1958 4595 2102 4650 praestitit,

1355 4660 1381 4701 01
1395 4657 1427 4702 ad
1442 4667 1489 4701 uos
1503 4656 1602 4700 1010110
1617 4667 1649 4701 ne
1663 4657 1791 4712 graveris,
1805 4658 1893 4713 000110
1913 4661 2052 4716 praecipue
2066 4663 2102 4707 sit

1355 4725 1454 4770 abusus
1469 4723 1496 4769 in
1510 4723 1635 4768 exercitio
1650 4722 1791 4768 solitarum
1806 4724 1964 4771 facultatum
1975 4727 2101 4782 invectus,

1355 4791 1456 4836 relictis
1470 4790 1588 4846 antiquis
1603 4790 1727 4846 querelis,
1736 4791 1832 4846 quibus
1843 4795 1989 4848 opportune
1999 4795 2101 4840 consul·

1355 4861 1413 4902 tum
1428 4857 1481 4902 iam
1503 4859 1552 4909 est,
1566 4866 1685 4912 0000000
1701 4856 1740 4900 vel
1755 4855 1788 4901 ab
1809 4857 1963 4903 auctoribus
1982 4859 2047 4916 ipsis
2060 4861 2102 4905 de-

1356 4930 1455 4978 sertae,
1478 4924 1519 4968 vel
1536 4923 1569 4968 ab
1591 4923 1797 4979 imperatoribus
1816 4928 1842 4969 et
1863 4925 1897 4969 ab
1918 4925 2029 4982 imperio
2051 4927 2102 4972 100

1356 4995 1419 5037 1001
1433 4990 1540 5036 ornnino
1554 4991 1703 5046 despectae:
1719 5001 1765 5035 nos
1780 4991 1850 5036 enim
1873 4995 2030 5048 potestatem
2046 4995 2102 5038 tue-

1356 5071 1425 5114 mur,
1440 5069 1490 5103 non
1507 5057 1645 5114 potestatis
1655 5057 1777 5112 abusum,
1788 5057 1909 5116 nihilque
1919 5059 2048 5106 habemus
2058 5072 2102 5106 au·

1356 5125 1466 5182 tiquius,
1483 5135 1562 5181 quam
1581 5127 1610 5168 ut
1627 5123 1675 5168 tibi
1694 5124 1902 5170 obsecundemus
1922 5125 2001 5171 iniis
2020 5128 2103 5173 omni-

1356 5194 1413 5247 bus,
1428 5203 1494 5250 0000
1508 5190 1614 5236 10011110
1628 5193 1675 5236 001
1685 5191 1820 5247 aequitate
1831 5191 1961 5238 nitantur.
1972 5195 2103 5250 ingenuos

1356 5262 1433 5307 hosce
1455 5261 1631 5304 1010000000
1653 5269 1716 5314 0100
1734 5258 1824 5304 animo
1843 5257 2104 5317 1010010000001011-

1355 5339 1413 5373 cam
1435 5327 1484 5372 tibi
1503 5325 1630 5382 gregique
1652 5327 1713 5370 tuae
1732 5335 1811 5370 curae
1832 5326 1982 5372 concredito
2000 5327 2103 5372 benedi-

1356 5397 1469 5442 ctionem
1486 5393 1549 5450 11...
1566 5392 1744 5450 impertimur.

1395 5465 1490 5510 Datum
1512 5466 1611 5508 Romae
1626 5461 1695 5517 apud
1711 5463 1734 5505 S.
1754 5464 1872 5517 Petrum,
1889 5462 1938 5506 sub
1951 5463 2050 5508 010010
2064 5463 2103 5508 Pi·

1356 5531 1476 5584 scitioris,
1491 5531 1533 5574 die
1554 5541 1607 5574 xvv.
1624 5529 1774 5574 novembris
1795 5540 1986 5586 nvncctxxxrx,
2000 5530 2103 5588 perititi-

1356 5603 1431 5644 eatus
1445 5597 1531 5642 nostri
1545 5606 1615 5641 anno
1630 5607 1673 5640 xv.

1396 5815 1433 5872 (Ἴ
1449 5819 1637 5860 amantissime
1651 5813 1737 5858 tribus
1752 5811 1918 5865 electoribus,
1925 5818 2104 5866 pei-amenter

1355 5883 1556 5939 archiepiscopo
1571 5877 1773 5936 salisburgensi.

2138 543 2210 594 An.
2229 537 2268 588 0.
2296 532 2372 583 1787
