4734 7004
303 505 402 574 lau.
424 508 492 572 iaso
540 503 579 580 bd

522 669 583 742 que
596 652 759 716 sacerdotis
774 649 884 732 ignatii
903 653 1098 730 electionem,
1115 669 1264 731 magnum

520 762 594 808 sane
621 747 780 810 hausimus
801 763 839 810 ex
868 749 924 810 isti
949 747 1031 810 inter
1056 746 1265 810 Graeco-hiel-

521 839 616 900 chitas
629 838 793 917 Episcopus
804 839 955 901 divisione
967 855 1153 914 moerorem,
1164 856 1267 918 neque

521 932 680 1010 potuimus
694 931 810 993 lactum
826 940 996 1011 utrumque
1009 932 1073 994 ullo
1090 940 1176 1012 pacto
1196 948 1282 1012 pro-¹

522 1024 606 1099 bare,
629 1025 706 1085 datis
727 1025 759 1086 in
782 1025 865 1087 hanc
890 1025 986 1087 duem
1008 1025 1075 1086 aliis
1097 1025 1210 1087 nostris
1232 1025 1265 1086 in

522 1117 586 1196 pari
609 1117 706 1179 lurmai
717 1118 824 1180 Brevis
848 1118 943 1180 literis
958 1119 1074 1180 tenuris
1088 1119 1264 1196 sequentis:

712 1293 852 1354 Clemens
873 1291 963 1370 Papa
986 1293 1070 1356 xlll.
1178 1373 1179 1376 Ἴ

640 1412 681 1476 ud
702 1413 854 1494 [uturum
876 1413 923 1474 rei
947 1413 1143 1475 memoriam.

561 1588 657 1662 Quam
679 1603 751 1647 cum
772 1602 896 1664 semper
916 1586 1008 1648 luerit
1023 1584 1215 1672 etc.⁴(prout
1232 1587 1267 1648 ia

521 1679 683 1757 superiori
705 1695 836 1741 humero
859 1696 958 1758 usquc
980 1681 1015 1742 ia
1036 1679 1155 1761 ficem).

291 1873 504 1975 ssffidvffl‘soeade'd]
562 1866 629 1942 §a
654 1865 771 1929 Deinde
792 1868 895 1929 animo
916 1867 1157 1946 perpendentes
1174 1883 1266 1946 quam

291 1981 417 2028 cattarum
450 1993 504 2046 ρο.
522 1960 731 2039 periculosum
750 1961 791 2022 sit
804 1962 1028 2023 Antiochenam
1050 1961 1141 2022 istam
1161 1962 1265 2022 sedem

290 2045 363 2133 ,iffi
382 2037 638 2146 1ξ’,ῗζῆῗξζιιιιιιιιιι
661 2063 780 2132 pastore
800 2070 856 2116 suu
871 2071 904 2116 ao
927 2055 1076 2130 magistro
1098 2053 1265 2128 carerem

291 2141 504 2252 gffigiffigggg:
523 2147 654 2210 celerem
667 2148 875 2226 provisionem
900 2147 1040 2209 eiusdem
1058 2145 1267 2224 patriarchalis

291 2246 373 2347 {3333
394 2251 504 2296 transis·
524 2240 675 2302 Ecclesiae
699 2240 926 2314 antiochenae,
950 2255 989 2301 ne
1012 2239 1179 2300 maioribus
1201 2239 1267 2302 diu-

373 2337 378 2347 '
522 2341 633 2397 turnae
656 2333 820 2396 vacationis
842 2334 1043 2396 incommodis
1058 2333 1267 2409 gravioribus-

522 2445 582 2506 que
597 2427 725 2490 dissidiis
741 2435 925 2506 exponatur,
942 2425 1080 2505 paternis
1095 2433 1126 2488 et
1140 2426 1266 2488 solicitis

521 2522 629 2584 studiis
656 2522 796 2584 animum
818 2521 1032 2596 intendentes,
1059 2529 1266 2600 perspectam-

521 2631 580 2693 que
603 2615 750 2677 hahentes
772 2618 808 2677 de
830 2615 952 2676 eximiis
968 2614 1136 2676 virtutibus
1158 2614 1266 2675 frater·

522 2708 625 2770 nitatis
648 2715 716 2770 tuae
732 2707 762 2770 in
778 2708 829 2770 tud
844 2705 878 2768 ad
895 2708 1110 2787 Episcopatum
1121 2706 1266 2784 Hierapo-

522 2802 651 2863 litanum
674 2801 870 2881 promotione
882 2801 1009 2879 plurimi
1030 2800 1141 2862 habitis
1162 2799 1266 2876 cugni-

522 2895 656 2969 tiunem,
679 2910 736 2956 nec
762 2910 826 2957 non
854 2893 935 2972 quud
966 2894 1047 2955 inter
1076 2894 1265 2971 antiquiores

522 2987 686 3066 Episcopus
712 2989 847 3049 nationis
873 2987 1170 3049 Graeco-Melchitae
1196 3001 1266 3047 cen·

520 3081 624 3155 scaris,
642 3089 673 3142 et
688 3081 764 3158 apud
782 3097 836 3142 nos
857 3080 1065 3159 plurimorum
1078 3081 1137 3142 lide
1158 3079 1266 3156 digno·

521 3189 593 3236 rum
623 3173 799 3236 testimonio
830 3173 1076 3248 commenderis,
1104 3181 1265 3254 postquam

522 3265 560 3329 de
583 3269 788 3346 praeficiendo
810 3267 912 3330 eidem
939 3267 1134 3346 patriarchali
1164 3265 1265 3327 Eccle-

521 3363 583 3422 siae
605 3361 815 3423 antiochenae
844 3363 1017 3440 praedictae
1043 3359 1176 3422 natiunis
1198 3375 1265 3438 per-

521 3469 631 3516 sonam
663 3453 773 3516 utilem
795 3471 827 3516 ac
854 3455 948 3516 etiam
977 3453 1162 3516 fructuosam
1195 3469 1264 3515 cum

523 3548 632 3609 iisdem
654 3546 868 3610 cardinalibus
890 3547 986 3609 dictae
1008 3545 1265 3624 congregationis

523 3640 715 3719 particularis
737 3642 821 3704 Eidei
844 3643 1058 3720 Propagandae
1072 3641 1268 3703 deliberatio·

523 3752 596 3800 nem
618 3733 783 3800 habuimus
804 3733 1000 3812 diligentem,
1019 3741 1048 3796 te
1069 3753 1085 3796 a
1106 3735 1266 3813 quibusvis

293 3992 388 4040 mnae
410 3992 505 4040 electio,
522 3971 555 4018 ad
569 3982 630 4018 eum
644 3971 866 4026 patriarchatum,
881 3982 1000 4028 eamque,
1012 3983 1072 4017 cum
1087 3971 1266 4017 invenerimus

292 4057 364 4099 nan,
390 4049 413 4093 et
434 4047 505 4106 Apo.
523 4039 644 4096 pluribus
664 4037 736 4083 vitiis
756 4039 887 4092 laborare,
901 4037 1007 4083 irritam
1023 4048 1054 4084 ac
1067 4038 1168 4084 nnllam
1184 4038 1266 4082 decla·

292 4100 377 4164 delifl'
393 4099 505 4146 commit·
523 4106 649 4160 ravimus,
662 4105 888 4161 cogitavimusque
908 4105 1019 4151 subinde
1039 4115 1135 4150 novum
1151 4105 1267 4150 Patrius-

291 4165 359 4254 {lml
396 4154 505 4214 deputa·
523 4175 599 4220 cham
621 4173 865 4218 Graeco-hlelchitis
887 4173 1041 4228 praeficere,
1065 4173 1110 4229 qui
1132 4175 1187 4217 tam
1208 4173 1266 4218 illu·

293 4219 422 4319 ἰεῖζξέρῗς
433 4218 506 4319 {w
523 4245 606 4288 stram
620 4240 773 4286 cathedram
788 4240 885 4286 merito
898 4241 1045 4297 occuparet,
1060 4251 1102 4296 ne,
1114 4239 1137 4286 si
1151 4240 1266 4286 ulterius

292 4315 396 4360 samsom·
436 4324 505 4360 eops-
523 4309 719 4352 distraheretur
739 4306 842 4361 electio,
861 4318 927 4352 nova
948 4317 978 4364 ac
992 4307 1124 4352 deteriora
1144 4307 1266 4352 scandala

292 4368 403 4418 mendac.
524 4379 704 4422 nascerentur.
719 4377 803 4430 thue
819 4374 908 4419 omnia
922 4374 974 4419 rite
990 4373 1190 4430 perficerentur,
1204 4373 1266 4418 dile-

522 4446 594 4489 ctum
610 4442 695 4487 illium
714 4441 878 4487 Dominicum
893 4452 909 4486 a
924 4441 1031 4487 Lanceis
1046 4441 1150 4486 ordinis
1165 4440 1266 4486 Praedi-

522 4514 651 4564 catorum,
665 4509 753 4554 virum
775 4509 849 4554 uobis
864 4509 949 4554 inulta
968 4507 1098 4554 virtutum
1118 4509 1196 4553 laude
1210 4519 1266 4564 pru-

523 4578 624 4633 batum,
644 4577 714 4622 istuc
728 4577 903 4632 ablegandum
924 4587 982 4621 esse
1002 4576 1162 4630 censuimus,
1177 4586 1266 4632 oppur-

523 4645 594 4690 tunis
615 4655 676 4690 eum
697 4642 886 4700 diplomatibus
905 4642 1089 4700 ntaudatisque
1108 4642 1266 4697 munientes,

522 4724 600 4770 quem
619 4714 759 4768 propterea
779 4709 864 4766 regali
884 4709 1031 4766 patrocinio
1046 4714 1092 4754 tuo
1110 4707 1185 4754 enixe
1199 4720 1266 4754 com·

523 4779 685 4831 mandamus,
708 4787 893 4834 eugeniusque,
909 4779 938 4822 ut
952 4776 1070 4822 canadam
1093 4775 1133 4822 illi
1147 4787 1177 4820 ac
1192 4775 1266 4820 nobis

523 4847 600 4892 iidem
614 4845 747 4892 adhibeas.

300 4935 505 4992 Pompam,
563 4919 575 4964 5
589 4915 608 4957 3.
624 4916 691 4959 llaec
706 4913 737 4957 dc
752 4910 1003 4957 Graeco-Melcltitis.
1020 4911 1057 4955 ad
1067 4911 1268 4956 nxonachosMa·

291 4991 382 5050 premes
405 4989 505 5037 destas.
523 4980 625 5027 ronitas
639 4979 707 5036 quod
721 4978 827 5033 attinet,
842 4979 910 5024 nihil
924 4977 1026 5036 pariter
1039 4989 1122 5034 aeque
1136 4978 1266 5034 cupimus,

291 5044 361 5106 rium
381 5053 428 5108 pru
449 5054 505 5107 eoaq-
523 5059 602 5106 quam
618 5049 647 5093 ut
661 5047 835 5102 extinguatur
855 5045 997 5102 aliquando
1011 5056 1043 5091 ea
1056 5043 1149 5090 divisio
1168 5044 1267 5090 animo·

293 5097 506 5197 ffdiandfftdssi'·
524 5127 636 5173 rumque
657 5113 793 5166 dissensio,
808 5125 875 5170 quae
895 5112 1084 5158 coenobiticam
1104 5111 1180 5156 illnm
1196 5111 1267 5156 Ordi-

292 5163 344 5251 ηιξ
358 5162 505 5252 fflffiom,
523 5194 584 5229 nem
598 5183 631 5228 ad
645 5181 783 5227 interitum
799 5191 907 5236 vergere
920 5179 991 5234 facit,
1001 5181 1028 5224 et
1042 5179 1197 5225 Monlicolae
1206 5189 1265 5224 curn

293 5261 315 5303 m
336 5257 505 5318 prierapolma-
524 5248 728 5307 Hierapolitanis
741 5248 768 5292 in
783 5247 948 5293 concordiam
959 5247 1077 5300 redeant,
1087 5249 1166 5302 atque
1176 5246 1222 5290 uui
1233 5245 1267 5291 ei-

292 5322 347 5366 dos,
367 5324 424 5376 qua,
436 5312 465 5357 ib
477 5322 506 5356 re
523 5319 633 5374 demque
648 5315 777 5374 praelecto
797 5315 990 5372 obtemperent:
1007 5323 1058 5358 non
1079 5312 1181 5369 patitur
1195 5312 1266 5356 enim

293 5365 505 5466 {fisshd‘dw'l‘m
522 5397 606 5443 neque
622 5383 766 5429 naonastica
780 5380 926 5437 disciplina,
941 5391 1025 5438 neque
1041 5385 1113 5426 recta
1127 5379 1266 5436 regiminis

232 5458 237 5465 ’
317 5429 505 5520 qgffffiwaffl]
522 5455 601 5508 ratio,
615 5456 645 5498 nt
659 5462 741 5498 unum
757 5450 878 5506 idemque
891 5460 985 5505 corpus
1000 5449 1051 5493 duo
1065 5447 1162 5494 habeat
1171 5448 1265 5505 capita.

292 5483 364 5576 ddum.
523 5519 675 5566 Monticulas
696 5518 833 5563 haedere
848 5516 953 5572 saepius
967 5515 1109 5561 audierunt
1127 5526 1200 5560 vena.
1218 5515 1268 5559 sra-

523 5593 577 5633 tres
587 5585 672 5632 austri
681 5583 897 5641 congregationis
905 5583 977 5627 Eidei
988 5581 1182 5639 propagandae,
1190 5593 1267 5638 agno·

523 5656 677 5710 veruntque,
692 5651 752 5697 illos
771 5660 925 5708 supremum
944 5648 995 5694 sibi
1010 5649 1158 5706 praesulem
1173 5649 1267 5694 consti-

523 5723 606 5767 tuisse
619 5723 711 5766 cuntra
726 5719 760 5772 id,
774 5717 842 5775 quud
857 5717 963 5762 eaedem
977 5717 1050 5773 ipsae
1066 5717 1183 5774 regulae,
1201 5729 1266 5774 quas

523 5787 633 5845 professi
647 5791 717 5841 sunt,
731 5784 898 5832 statuebant:
914 5785 1086 5841 quamobrem
1102 5784 1268 5840 perduranti·

523 5857 571 5900 bus
586 5855 619 5899 iis
633 5853 660 5899 ia
675 5854 723 5899 suai
737 5851 912 5906 cuvatnmaciai,
922 5851 1010 5897 iuvari
1019 5863 1049 5898 ac
1059 5851 1140 5896 lovari
1151 5853 1266 5898 nondum

506 5923 675 5992 ¹potueruut,
690 5932 722 5965 ne
740 5919 801 5965 inde
821 5918 1015 5966 moliendorum
1036 5919 1210 5965 schismatum
1226 5931 1267 5966 su-

1044 523 1109 581 lua.
1132 521 1223 580 Pudi.
1246 520 1287 578 ola
1308 519 1338 578 p,
1361 520 1391 580 li.
1415 523 1497 580 Palis
1518 521 1539 578 l.

1320 655 1659 736 excommunicationis,
1681 651 1894 732 suspensionis
1915 660 1946 716 et
1968 652 2082 715 inter·

1320 750 1403 824 dicti,
1418 750 1547 830 aliisque
1570 750 1778 814 ecclesiasticis
1799 749 1977 822 sententiis,
1998 760 2081 808 ceu-

1319 845 1399 906 suris
1431 853 1462 906 et
1493 845 1616 924 poenis,
1644 844 1803 922 siquibus
1833 839 2080 922 quomodolibet

1320 937 1485 1002 innodatus
1497 937 1614 1012 existis,
1626 939 1660 999 ad
1672 937 1729 997 huc
1744 935 1903 998 dumtaxat
1920 945 1953 998 ut
1965 943 2079 996 trans-

1322 1031 1393 1092 latio
1408 1039 1438 1093 et
1450 1031 1614 1109 praelectio
1626 1045 1680 1108 per
1692 1046 1757 1105 nus,
1775 1038 1809 1092 ut
1824 1029 1902 1091 inira
1914 1025 2077 1099 iacienda,

1322 1140 1377 1186 nec
1399 1141 1461 1186 nun
1485 1133 1661 1202 praesentes
1681 1141 1773 1186 suum
1799 1124 1971 1185 sortiantur
1995 1119 2079 1182 elie-

1320 1225 1417 1292 ctum,
1440 1217 1551 1278 harum
1573 1218 1653 1279 serie
1674 1217 1869 1280 absolventes
1893 1225 1924 1280 et
1945 1213 2081 1278 ahsolu-

1320 1319 1388 1372 tum
1410 1309 1476 1371 lore
1497 1316 1675 1384 censentes,
1698 1327 1731 1372 ac
1753 1327 1769 1370 a
1790 1309 1915 1371 viuculo
1937 1324 2002 1387 quo
2027 1305 2080 1368 di-

1320 1411 1386 1466 ctae
1407 1403 1551 1465 ecclesiae
1581 1403 1839 1482 hierapolitanae,
1868 1403 1918 1466 cui
1946 1415 2076 1481 praece,

1321 1498 1447 1572 teneris,
1464 1498 1500 1558 de
1515 1497 1609 1562 simili
1631 1496 1759 1559 consiliu
1772 1504 1804 1558 et
1819 1495 2002 1575 apostolicae
2019 1507 2079 1572 po·

1323 1591 1439 1652 testatis
1467 1590 1665 1668 plenitudine
1692 1589 1901 1663 absolventes,
1925 1589 1959 1648 ad
1983 1600 2076 1648 eam-

1321 1684 1392 1745 dem
1408 1683 1574 1746 Ecclesiam
1590 1682 1815 1744 antiochenam
1831 1681 1964 1744 nationis
1980 1695 2078 1759 prae·

1320 1777 1409 1853 latae,
1433 1779 1470 1842 de
1491 1777 1620 1840 consilio
1642 1782 1672 1838 et
1695 1777 1853 1856 potestatis
1871 1775 2078 1854 plenitudine

1321 1871 1455 1950 paribus,
1473 1869 1700 1946 transierimus,
1713 1878 1805 1950 teque
1828 1869 1873 1956 illi
1888 1869 1921 1930 in
1936 1868 2077 1930 Patriar·

1321 1963 1409 2026 cham
1431 1964 1571 2026 eiusdem
1592 1965 1726 2025 nationis
1749 1963 1942 2041 praeficimus
1964 1967 1994 2023 et
2020 1975 2076 2038 pa-

1320 2065 1447 2132 storem,
1463 2073 1582 2131 curam,
1600 2058 1753 2134 regimen,
1776 2065 1807 2118 et
1828 2054 2078 2118 administratio-

1322 2165 1395 2212 nem
1417 2150 1515 2212 dictae
1537 2150 1689 2212 Ecclesiae
1706 2149 1916 2210 antiochenae
1932 2147 2076 2208 nationis

1321 2243 1492 2322 praedictae
1514 2241 1568 2304 tibi
1589 2243 1622 2305 in
1641 2241 1853 2321 spiritualibus
1868 2248 1898 2302 et
1915 2249 2078 2318 tempora·

1321 2338 1400 2400 libus
1420 2337 1559 2416 plenarie
1589 2336 1826 2411 committendo,
1848 2345 1941 2414 atque
1970 2335 2076 2396 etiam

1321 2447 1384 2493 non
1404 2431 1506 2493 solum
1527 2431 1657 2493 liberam
1679 2431 1734 2492 tihi
1756 2428 1991 2508 patriarchalem
2013 2427 2075 2494 Ec-

1319 2524 1444 2588 clesiam
1465 2523 1633 2602 praelatam
1648 2523 1827 2587 transeundi
1842 2522 1999 2584 licentiam
2015 2521 2075 2581 tri-

1320 2617 1454 2691 buimus,
1477 2619 1527 2680 sed
1550 2618 1643 2678 etiam
1666 2618 1699 2679 in
1722 2619 1839 2678 virtute
1853 2627 1976 2678 sanctae
1996 2615 2076 2676 ube-

1320 2712 1454 2774 dientiae
1476 2718 1506 2772 et
1526 2711 1584 2772 sub
1607 2711 1825 2788 indignationis
1840 2718 1963 2771 nostrae
1985 2707 2075 2769 aliis-

1320 2821 1381 2882 que
1411 2805 1538 2866 arbitrio
1570 2813 1676 2866 nostro
1708 2800 1904 2882 imponendis
1937 2801 2072 2880 poenis,

1320 2898 1523 2976 praecipimus
1537 2907 1568 2959 et
1589 2899 1783 2971 mandamus,
1800 2905 1835 2960 ut
1857 2896 2074 2975 patriarchalis

1320 2992 1474 3054 Ecclesiae
1495 2991 1674 3054 huiusmodi
1700 2991 1936 3070 pussessionem,
1961 2990 2073 3052 statim

1319 3103 1352 3148 ac
1373 3091 1549 3164 praesentes
1571 3093 1694 3146 nostrae
1716 3085 1825 3146 literae
1848 3083 1884 3144 ad
1907 3089 1938 3144 te
1957 3098 2073 3161 perve-

1321 3179 1438 3253 nerint,
1462 3178 1549 3240 nulla
1572 3177 1752 3255 interposita
1774 3178 1860 3238 mora
1873 3176 1959 3238 adeas
1974 3181 2005 3236 et
2021 3191 2074 3236 ca-

1320 3272 1394 3350 pias,
1417 3278 1510 3349 atque
1537 3271 1642 3331 umnia
1665 3277 1695 3331 et
1718 3268 1839 3346 singula
1862 3271 1940 3344 iura,
1963 3276 2072 3331 auctu·

1320 3365 1457 3438 ritatem,
1470 3371 1666 3442 potestatem,
1679 3363 1968 3442 praeeminentiam,
1980 3376 2072 3440 prae-

1321 3459 1484 3534 rogativas,
1495 3455 1934 3534 iurisdictionem,privilegia,
1947 3454 2071 3533 aliaque

1319 3550 1496 3612 huiusmodi
1517 3550 1552 3612 ad
1581 3549 1789 3612 Patriarcham
1815 3548 1911 3612 dictae
1939 3547 2071 3627 patriar-

1319 3643 1412 3704 chalis
1444 3641 1596 3706 Ecclesiae
1623 3659 1678 3722 pru
1710 3651 1850 3722 tempure
1879 3643 2071 3704 existentem

1320 3735 1550 3814 quomodolibet
1570 3736 1750 3816 spectantia,
1763 3744 1795 3799 et
1816 3737 1927 3816 quibus
1947 3735 1999 3798 alii
2013 3735 2071 3797 Pa-

1322 3973 1424 4016 merent
1437 3969 1485 4016 alii
1499 3969 1677 4027 periculosum
1693 3970 1854 4026 exentplum:
1873 3966 2031 4026 prudentiae
2046 3979 2071 4013 e·

1321 4038 1376 4082 nim
1392 4041 1454 4084 tuae
1473 4037 1594 4094 ignotum
1615 4048 1738 4082 essenon
1753 4039 1848 4094 potest,
1862 4047 1941 4094 quam
1961 4045 2070 4080 necesse

1321 4105 1357 4150 sit
1370 4105 1490 4150 subditos
1505 4105 1532 4150 in
1545 4103 1634 4150 debito
1648 4102 1813 4150 obedientiae
1828 4103 1911 4148 officio
1923 4101 2068 4148 continere.

1321 4172 1494 4222 Quamobrem
1512 4171 1666 4217 patriarcha
1681 4170 1774 4216 Tobias
1789 4171 1984 4224 mandatorum,
1999 4179 2069 4226 qnae

1321 4240 1382 4285 hinc
1392 4242 1536 4296 acceperat,
1546 4240 1610 4286 lines
1620 4250 1673 4285 non
1681 4240 1752 4284 credi
1757 4243 1801 4285 tur
1809 4238 1963 4284 excessisse:
1974 4236 2070 4284 nihilo·

1321 4307 1406 4352 secius
1427 4309 1515 4352 tamen
1534 4310 1565 4352 ut
1579 4317 1683 4362 semper
1704 4305 1789 4362 magis
1811 4305 1953 4362 intelligas,
1973 4303 2069 4361 quanti

1321 4374 1391 4430 apud
1400 4385 1447 4419 nos
1458 4373 1570 4419 valuerit
1580 4373 1773 4418 commendatio
1784 4375 1839 4427 tua,
1849 4373 2000 4417 Monticolas
2010 4382 2071 4416 rur-

1321 4451 1380 4486 sum
1394 4440 1482 4486 audiri
1500 4441 1692 4494 mandavimus,
1707 4439 1896 4497 quodquidam
1911 4451 1981 4485 anno
1995 4449 2069 4496 prae·

1322 4508 1402 4554 terito
1423 4509 1481 4553 lteri
1501 4507 1630 4565 nequivit,
1648 4508 1774 4565 quoniam
1796 4508 1940 4552 monachus
1954 4507 2006 4562 ille,
2021 4509 2069 4564 qui

1322 4578 1432 4620 Ruinam
1447 4577 1563 4630 venerat,
1577 4575 1680 4620 nullum
1700 4573 1813 4631 protulit
1827 4573 1963 4629 legitimae
1978 4585 2071 4632 procu-

1322 4643 1434 4688 rationis
1453 4643 1614 4688 mandatum.
1631 4641 1740 4692 Quodsi
1756 4641 1918 4698 apostolicae
1940 4641 2013 4687 Sedis
2027 4641 2070 4686 be·

1321 4709 1496 4754 nevolentiam
1511 4719 1662 4766 promerere
1676 4707 1795 4766 cupiunt,
1805 4712 1917 4764 pareant
1926 4720 2006 4766 quam
2016 4710 2070 4766 pri·

1321 4787 1395 4822 mum
1409 4779 1520 4833 oportet,
1534 4787 1670 4833 quousque
1685 4776 1756 4821 enirn
1771 4775 1928 4832 restiterint,
1943 4775 1994 4833 ipsi
2008 4775 2070 4821 sibi-

1323 4847 1376 4889 met
1389 4843 1454 4900 ipsis
1468 4843 1656 4900 impedimento
1669 4847 1757 4898 erunt,
1767 4855 1799 4888 ne
1810 4847 1936 4900 paternae
1946 4842 2069 4890 caritatis

1322 4915 1428 4957 nostrae
1441 4909 1631 4968 benignitatem
1646 4911 1827 4968 experiantur.
1843 4911 1914 4956 Facit
1929 4914 2018 4956 antem
2029 4922 2070 4956 cu-

1321 4979 1401 5025 mitas
1415 4983 1493 5035 atque
1508 4977 1611 5024 iustitia
1626 4981 1673 5024 tua
1687 4982 1717 5024 ut
1727 4989 1873 5034 speremus,
1884 4979 1911 5023 in
1923 4979 1971 5024 hoc
1981 4979 2068 5036 ipsum

1321 5057 1428 5103 operam
1443 5049 1516 5091 tuam
1531 5045 1646 5090 libenter
1664 5045 1799 5098 datiarum,
1814 5046 1884 5102 quud
1898 5048 1925 5091 et
1940 5046 2069 5103 tranquil-

1321 5113 1394 5159 litati
1404 5116 1430 5159 ct
1441 5113 1507 5158 bono
1519 5112 1636 5170 ipsorum
1647 5111 1846 5158 coevaubitarum
1855 5112 2002 5171 plurimum
2011 5124 2069 5158 con·

1321 5181 1394 5226 seret.
1411 5183 1460 5226 Nos
1475 5179 1600 5234 vicissim,
1610 5179 1633 5225 si
1647 5179 1771 5236 quapiam
1784 5179 1811 5225 in
1822 5191 1850 5226 rs
1861 5180 2008 5236 gratificari
2019 5181 2069 5226 tibi

1322 5259 1437 5304 uuquam
1453 5247 1606 5304 poterimus,
1620 5247 1805 5292 lubentissime
1820 5247 1997 5304 praestituros
2011 5259 2068 5292 esse

1321 5315 1472 5372 recipimus,
1487 5319 1517 5360 ut
1531 5315 1625 5371 quanti
1638 5314 1750 5360 eximias
1764 5315 1847 5360 animi
1858 5315 1899 5359 tui
1908 5315 1981 5362 dotes
1992 5315 2069 5361 sacia·

1322 5393 1381 5427 anus
1397 5394 1443 5439 pru
1457 5381 1510 5427 tuis
1524 5380 1552 5426 in
1569 5380 1760 5428 christifideles
1781 5381 1894 5438 meritis,
1910 5382 2068 5440 ubicumque

1322 5449 1360 5494 fas
1374 5449 1435 5504 erit,
1449 5449 1626 5502 declaremuss
1645 5451 1725 5505 atque
1740 5451 1820 5494 Deum
1836 5452 1887 5505 opt,
1904 5460 1971 5494 max.
1987 5448 2068 5494 iaces·

1322 5517 1412 5561 santer
1425 5514 1570 5571 orabimus,
1584 5517 1615 5559 ut
1629 5515 1784 5560 diuturnam
1798 5515 2017 5571 incolumitatem,
2028 5527 2068 5560 ve-

1322 5593 1367 5627 rae
1385 5581 1520 5628 felicitatis
1540 5581 1704 5638 agnitionem
1726 5583 1944 5640 adeptionemque
1963 5583 2067 5629 celsitu·
2099 5604 2101 5608 .

1321 5649 1378 5695 dini
1392 5651 1454 5694 tuae
1469 5648 1609 5704 largiatur.

1361 5719 1456 5761 batum
1470 5719 1569 5761 Romae
1583 5715 1652 5772 apud
1667 5719 1691 5760 S.
1709 5714 1819 5761 arariam
1831 5717 1955 5762 Maiorem
1966 5718 2014 5762 sub
2024 5728 2068 5763 an-

1321 5784 1384 5828 nulo
1399 5782 1548 5838 piscatoris,
1562 5783 1604 5828 die
1624 5795 1666 5828 xv.
1683 5783 1832 5829 novembris
1847 5795 1968 5840 unccax,
1983 5786 2066 5842 ponti·

1322 5851 1416 5897 doetus
1430 5851 1515 5896 nostri
1528 5861 1598 5896 anno
1612 5863 1650 5896 111.

2114 502 2173 564 An.
2188 509 2220 562 C.
2242 506 2308 563 tacu
2348 513 2349 516 ’
