4808 6988
315 551 369 606 An.
383 552 413 606 G.
435 553 505 607 1824
553 541 612 607 Gli

534 681 715 760 gravissime
731 696 786 743 nos
800 678 903 758 angit,
919 677 1062 739 videmus
1077 674 1162 736 enim
1178 689 1193 733 a
1209 687 1276 751 per-

434 839 436 842 .
533 775 629 838 versis
650 771 827 836 huiusmodi
842 770 986 834 ecclesiae
1007 767 1078 830 filiis
1092 767 1145 845 qui
1160 767 1195 829 ad
1211 765 1277 828 eius

325 3417 494 3465 Prooemium.

532 869 615 946 leges
637 864 850 944 infringendas
876 868 1016 943 paratum
1038 860 1179 922 animum
1205 858 1276 920 aile-

532 969 619 1038 runt,
642 976 751 1040 parum
771 965 824 1021 aut
851 956 930 1019 nihil
952 955 1094 1018 utilitatis
1121 952 1276 1031 expectari

531 1070 630 1135 posse.
653 1053 826 1137 ludioamqs
843 1047 1276 1126 tamemindulgentiduostrd

532 1152 664 1215 ulterius
685 1148 856 1230 protracti,
878 1146 1022 1208 meliores
1043 1143 1163 1206 fructus
1184 1151 1215 1204 et
1235 1141 1277 1204 ia·

532 1247 686 1332 miliarum
698 1241 919 1307 catholicarum
934 1237 1201 1302 conservationem
1213 1234 1281 1314 pol-¹

532 1340 617 1405 liceri
638 1339 726 1401 nobis
747 1352 809 1400 uon
825 1350 930 1413 posse;
953 1329 1275 1411 quandoquidemqui

531 1447 682 1512 magnum
695 1427 883 1492 matrimonii
896 1435 1122 1489 sacramentum
1136 1433 1197 1486 tam
1207 1439 1274 1502 pra-

531 1546 570 1591 vo
591 1529 695 1592 animo
716 1542 749 1588 ao
771 1523 930 1588 voluntate
951 1519 1136 1598 suscipiunt,
1159 1516 1275 1580 buetus

531 1620 754 1686 benedictionis
775 1615 898 1682 dillicile
923 1611 1087 1676 admodum
1109 1611 1275 1689 productu-

532 1731 592 1779 ros.
621 1715 700 1778 ilaec
722 1711 757 1774 ad
782 1719 850 1773 tuas
880 1708 983 1770 literas
1011 1705 1221 1778 rescribimus,
1243 1711 1275 1765 et

531 1821 603 1872 eum
618 1806 744 1888 paterna
766 1800 926 1882 praecipua
937 1800 1061 1862 caritate
1076 1796 1272 1875 apostolicam

532 1901 587 1964 tibi
608 1917 641 1963 ac
662 1898 803 1962 fidelibus
823 1909 914 1958 curae
931 1901 1001 1954 tuae
1022 1890 1207 1954 concreditis
1222 1890 1273 1952 be-

532 1993 739 2057 nedictionem
761 1987 961 2068 impertimur
981 2000 1020 2047 er
1040 1985 1142 2048 corde.

570 2087 682 2148 batum
706 2084 836 2156 Romae,
862 2079 942 2159 apud
970 2078 1000 2142 S.
1029 2077 1163 2158 blaciam
1184 2077 1274 2140 llaio-

530 2197 610 2256 rem,
633 2180 690 2241 sub
717 2175 834 2239 annulo
858 2173 1028 2247 piscatoris,
1044 2170 1095 2232 die
1122 2185 1167 2233 xi.
1194 2169 1271 2233 iebr.

529 2288 740 2345 unccexxrv,
763 2267 957 2350 pontificatus
978 2264 1075 2328 nostri
1098 2279 1180 2327 anno
1201 2281 1223 2326 r.

782 2466 1022 2484 w

884 2647 920 2712 il.

549 2840 719 2907 Ordinatio
740 2833 910 2900 seminarii
932 2832 1079 2902 Romani,
1101 2831 1253 2909 illiusque

628 2933 708 2998 ocio
731 2946 802 2994 com
824 2927 952 3006 colleqic
976 2926 1175 2989 Germanico.

780 3099 856 3170 ιΕῠ
879 3096 1022 3165 ΡΡ.ΧΗ.

667 3219 1131 3296 mmmmmwm

566 3407 586 3484 ἓ
608 3406 636 3469 l.
652 3405 832 3468 llecolentes
847 3399 950 3463 animo
965 3395 1108 3460 divinum
1123 3395 1214 3463 illum
1228 3392 1271 3457 ei-

529 3500 626 3564 iatum
641 3497 854 3561 «Adolescens
869 3495 952 3556 iuxta
967 3492 1050 3553 viam
1065 3506 1164 3565 suam,
1177 3491 1271 3552 etiam

529 3608 600 3658 cum
623 3591 773 3664 senuerit,
783 3602 853 3650 non
877 3585 999 3648 recedet
1019 3582 1057 3646 ab
1077 3599 1111 3645 ea
1123 3601 1153 3660 s,
1171 3584 1270 3661 deque

527 3703 651 3751 morum
679 3683 894 3747 emendatione
925 3677 1062 3753 solliciti,
1091 3673 1269 3752 nihil,'lleo

526 3784 704 3853 adiurante,
733 3771 1026 3855 praetermittimus,
1054 3770 1137 3850 quod
1165 3771 1200 3832 ad
1223 3785 1270 3832 re·

526 3885 607 3940 ctam
638 3869 881 3935 adolescentium
912 3865 1141 3928 institutionem
1175 3864 1269 3942 perti-

526 3975 609 4041 neat,
631 3963 801 4040 seduloque
829 3976 984 4032 curamus,
1007 3965 1041 4020 ut
1064 3957 1202 4020 honestis
1222 3975 1269 4020 ar·

526 4064 609 4126 tibus
641 4065 692 4120 aut
722 4056 820 4120 literis
854 4054 1050 4127 imbuantur,
1086 4055 1268 4131 praesertim

525 4163 642 4230 autem,
665 4160 700 4215 ut
720 4149 752 4212 in
767 4163 876 4211 eorum
898 4155 1018 4209 mentes
1039 4158 1161 4210 mature
1175 4144 1268 4226 pietas

525 4250 645 4312 iniluat.
669 4248 711 4308 Ac
732 4243 907 4305 Romanum
923 4239 1049 4318 quidem
1065 4240 1218 4318 lycoeum,
1235 4239 1269 4300 d·

526 4345 732 4417 ultimamque
751 4334 970 4415 amplissimam
995 4336 1136 4409 domum,
1158 4333 1231 4395 olim
1252 4350 1269 4394 a

525 4437 621 4501 felicis
643 4429 863 4496 recordationis
877 4427 1025 4504 Gregorio
1046 4426 1123 4490 lllll.
1144 4429 1268 4505 praede-

525 4545 645 4594 cessore
666 4534 772 4589 nostro
792 4521 962 4597 fundatam,
976 4521 1156 4600 clericisque
1178 4537 1268 4598 regu·

525 4626 638 4689 laribus
660 4620 821 4686 Societatis
843 4621 909 4681 lesu
934 4619 1126 4695 attributam,
1149 4619 1269 4682 clericis

525 4720 634 4783 iisdem
655 4714 880 4781 restituendam
901 4711 1174 4776 decrevimusque
1195 4730 1268 4776 oum

525 4814 644 4877 adnexo
666 4807 782 4885 templo
802 4813 833 4868 et
854 4805 993 4884 proxima
1014 4822 1097 4868 sacra
1118 4806 1192 4868 aede
1215 4809 1269 4871 Ga·

526 4905 720 4979 1·avitica,ut
747 4901 860 4964 imitati
887 4906 1033 4961 veterum
1057 4915 1074 4960 e
1095 4915 1151 4964 suo
1178 4908 1268 4966 coetu

525 4999 674 5064 sodalium
695 4993 835 5074 exeinpla
851 5001 981 5073 pergant
1003 4993 1100 5058 literis
1122 4997 1268 5060 iuventu-

525 5102 587 5156 tem
608 5092 782 5165 instituere,
798 5089 919 5167 pietatis
933 5097 1038 5151 autem
1051 5090 1188 5152 stimulis
1202 5107 1267 5154 om-

526 5204 598 5251 nem
620 5191 762 5259 aetatem,
778 5190 809 5246 et
823 5198 916 5245 omne
931 5199 1028 5261 genus
1042 5184 1209 5248 bominum
1220 5187 1267 5248 in-

525 5284 627 5346 citare.
653 5281 712 5345 Sed
733 5279 804 5358 quia
829 5279 958 5342 Romani
984 5280 1082 5341 nostri
1109 5281 1268 5344 seminarii

525 5377 644 5442 alumni
667 5373 848 5452 iampridem
869 5374 901 5436 iu
917 5372 1005 5434 aedes
1020 5373 1209 5450 Gregoriano
1223 5376 1267 5454 ly·

524 5489 578 5540 ceo
600 5474 719 5536 iunctas
740 5470 928 5546 migrarunt,
942 5513 944 5518 .
959 5475 1050 5530 vetus
1070 5477 1175 5530 autem
1201 5471 1268 5533 illo

525 5586 596 5634 rum
617 5572 727 5634 domus
748 5570 853 5646 alium,
870 5587 926 5633 neo
941 5569 1027 5633 facile
1049 5587 1134 5633 nunc
1154 5571 1267 5634 immu-

525 5664 666 5741 tandum,
688 5679 835 5726 conversa
859 5666 892 5726 in
913 5680 1005 5726 usum
1034 5663 1107 5741 luit,
1130 5681 1193 5727 non
1216 5681 1268 5744 po-

525 5761 642 5823 luimus
671 5776 734 5823 non
756 5767 896 5840 paternas
924 5768 1043 5821 nostras
1063 5775 1151 5822 ouras
1182 5759 1214 5822 in
1236 5759 1267 5821 id

524 5855 699 5928 intendere,
722 5861 757 5915 ut
778 5853 913 5920 alumnis
934 5852 1006 5925 illis,
1030 5853 1216 5934 praeclaram
1233 5854 1265 5914 in

523 5963 610 6034 spem
639 5946 915 6024 succrescentibus,
945 5953 975 6008 et
996 5947 1146 6026 equibus
1175 5946 1265 6012 mini-

1052 553 1117 602 itiit-
1141 551 1232 600 bona.
1255 549 1296 598 bit
1317 554 1346 598 Ρ.
1370 552 1399 600 F·
1424 555 1506 602 PARS
1528 559 1548 604 1.

2106 548 2163 605 An.
2176 551 2210 605 G.
2231 550 2308 604 1824

1333 678 1413 734 stros
1442 676 1580 754 apprime
1601 680 1676 758 pios,
1702 697 1872 762 rerumque
1899 684 2076 750 divinarum

1333 767 1459 848 peritos,
1473 769 1604 833 Ecclesia
1619 773 1675 836 sibi
1692 775 1867 853 pollicetur,
1882 786 1990 856 aptum
2005 779 2075 842 alibi

1333 857 1523 924 domicilium
1537 878 1693 941 paremus.
1709 867 1809 930 Simul
1825 877 1859 931 ut
1869 878 2076 950 opportunam

1333 952 1366 1013 in
1388 953 1580 1034 disciplinam
1601 959 1773 1036 tradantur,
1790 980 1824 1025 ac
1840 979 1881 1025 ne
1895 965 2076 1028 reddituum

1332 1047 1461 1123 penuria
1482 1049 1631 1113 utilitates
1654 1051 1837 1132 intercipiat,
1849 1073 1924 1134 quas
1938 1074 1954 1119 a
1969 1057 2077 1122 iuven·

1334 1145 1400 1201 tute
1411 1150 1620 1220 expectamus,
1632 1145 1800 1210 iuramenti
1816 1149 1876 1210 side
1890 1151 2004 1212 divinis
2018 1153 2075 1214 mi-

1332 1233 1434 1296 steriis
1447 1237 1575 1313 addicta,
1591 1239 1647 1302 alia
1663 1240 1810 1303 nonnulla
1826 1249 1963 1306 statuere
1977 1261 2010 1307 ac
2024 1248 2077 1310 de·

1332 1341 1461 1391 cernere
1481 1331 1585 1394 risum
1606 1341 1662 1396 est.

1371 1421 1390 1495 ἓ
1411 1421 1440 1483 2.
1463 1423 1548 1486 llotu
1568 1424 1667 1502 igitur
1687 1428 1821 1505 proprio,
1837 1437 1920 1492 certa
1934 1433 2074 1508 scientia,
2102 1457 2319 1557 neffrmensemr-

1332 1513 1484 1594 plenaque
1505 1517 1666 1594 apostolica
1687 1528 1837 1598 potestate
1857 1525 2012 1588 sancimus
2032 1535 2075 1588 at·
2093 1510 2317 1612 ssfffairrde‘o'ffeffiif

1332 1624 1392 1687 que
1414 1611 1611 1673 mandamus:
1635 1630 1657 1674 r.
1675 1613 1715 1677 Ut
1728 1617 1887 1679 seminarii
1905 1620 2001 1681 nostri
2016 1619 2074 1682 Ro·
2092 1622 2143 1666 *Πτ-

1331 1702 1416 1763 mani
1438 1703 1578 1779 regimen
1600 1720 1694 1783 penes
1707 1708 1896 1773 saecularem
1910 1727 2074 1775 romanum

1331 1794 1449 1866 elerum
1471 1807 1603 1860 maneat.

1372 1907 1406 1952 u.
1429 1891 1470 1953 Ut
1490 1893 1556 1954 eius
1577 1894 1696 1957 alumni
1717 1897 1821 1960 sedem
1843 1907 1979 1978 mutent,
1994 1910 2025 1966 et
2041 1905 2072 1965 in
2111 1919 2266 1986 praeempto
2281 1932 2318 1966 se

1331 1985 1436 2046 aedem
1459 1985 1581 2063 collegii
1602 1987 1677 2050 olim
1692 1989 1866 2055 Germanici
1888 1996 2074 2060 transieran-
2092 1984 2318 2084 fflffiffiffi',

1331 2082 1395 2152 tur,
1419 2078 1458 2139 ita
1481 2087 1596 2155 tamen,
1621 2084 1654 2142 ut
1675 2083 1712 2142 iis
1733 2091 1857 2162 pateant
1877 2085 1969 2152 etiam
1990 2090 2075 2153 eubi-
2092 2083 2253 2128 “mm

1331 2171 1410 2246 cula,
1431 2189 1510 2251 quae
1531 2174 1638 2236 rustici
1659 2179 1760 2254 operis
1787 2181 1904 2242 atrium
1924 2190 2073 2261 spectant,

1331 2274 1431 2346 pateat
1461 2267 1627 2344 solarium,
1653 2280 1839 2351 pateantque
1868 2275 1983 2353 integri
2013 2279 2106 2342 duo.

1330 2361 1504 2438 superiores
1526 2362 1650 2426 ordines
1672 2364 1900 2443 cubiculorum,
1926 2371 2076 2448 quisunt

1332 2453 1362 2514 in
1386 2454 1517 2516 finitima
1539 2455 1610 2518 aede
1639 2457 1894 2535 congregationis
1915 2464 2075 2527 venerabi-

1331 2545 1409 2609 lium
1430 2546 1562 2610 iratrum
1583 2557 1763 2612 nostrorum
1786 2551 1816 2618 S.
1827 2552 1863 2614 ll.
1875 2553 1910 2615 b.
1930 2555 2074 2620 Gardina·

1331 2641 1408 2703 lium
1437 2640 1518 2703 bono
1544 2643 1693 2720 regimini
1720 2646 1975 2725 praepositorum,
1998 2668 2074 2731 quo·

1330 2749 1462 2813 rumque
1483 2735 1631 2798 ordinum
1646 2737 1725 2798 alter
1744 2739 1777 2800 in
1800 2739 1862 2819 ipsa
1883 2743 2011 2806 aedilicii
2026 2761 2075 2807 oo·

1329 2843 1403 2892 runa
1425 2828 1573 2892 fenestras
1595 2829 1697 2907 habet,
1719 2830 1797 2894 alter
1817 2849 1908 2913 supra
1929 2852 2075 2902 coronam

1329 2924 1491 2987 attollitur.

1369 3035 1417 3081 111.
1441 3019 1481 3082 Ut
1503 3017 1576 3084 haec
1596 3021 1697 3083 omnis
1719 3023 1888 3088 aedilitatis
1908 3026 2007 3104 pleni,
2035 3029 2073 3092 li·
2117 3038 2233 3102 cadauera
2254 3051 2315 3104 pu»

1329 3112 1406 3189 beri,
1428 3114 1634 3194 perpetuique
1654 3115 1731 3178 iuris
1760 3118 1919 3180 seminarii
1940 3121 2070 3185 Romani
2090 3096 2315 3196 fflffiffi's'a'rsss

1330 3210 1487 3284 habeatur,
1510 3215 1607 3287 utque
1626 3210 1726 3271 aditus
1748 3210 1925 3275 obstruatur
1945 3215 1982 3277 ad
2002 3215 2073 3278 reli·

1328 3319 1403 3381 quas
1424 3301 1504 3364 aedis
1520 3310 1631 3381 partes,
1645 3303 1756 3381 quibus
1777 3304 1921 3384 deinceps
1935 3307 2072 3386 Gougre-

1328 3397 1409 3472 gatio
1431 3394 1561 3458 iruetur.

1368 3505 1408 3552 rr.
1432 3489 1473 3552 Ut
1493 3491 1548 3568 qui
1568 3496 1707 3568 tempure
1729 3495 1839 3571 quovis
1860 3496 1919 3558 erit
1939 3497 1973 3560 in
1995 3498 2071 3561 urbe
2102 3511 2310 3576 emarcuisse

1327 3586 1455 3664 eiusque
1476 3583 1618 3647 districtu
1646 3584 1859 3674 Rornanorum¹
1885 3590 2071 3656 Pontificum
2089 3562 2310 3666 fflisssseffifflssss

1326 3679 1458 3741 vicarius
1472 3677 1506 3741 in
1517 3677 1727 3756 spiritualibus
1742 3681 1905 3757 generalis,
1918 3684 1943 3745 is
1958 3685 1991 3745 in
2007 3685 2070 3764 ipso
2088 3673 2311 3782 flssssaiiff‘s'pfri'-

1324 3771 1489 3834 seminario
1509 3773 1611 3834 sedem
1634 3789 1668 3836 ac
1689 3774 1880 3838 domicilium
1902 3777 2020 3841 habeat.
2087 3778 2309 3880 ffigffiqqsgff·

1364 3882 1394 3926 r.
1420 3865 1471 3940 Ut,
1486 3865 1635 3944 quamdiu
1650 3881 1736 3928 secus
1751 3883 1814 3929 non
1830 3872 2066 3951 praescribetur,
2121 3900 2157 3944 ue
2178 3898 2307 3946 asurim.

1325 3960 1443 4023 alumni
1457 3957 1579 4034 collegii
1594 3957 1769 4022 Germanici
1784 3961 1815 4022 in
1830 3963 1997 4026 seminario
2010 3967 2068 4030 llo-
2087 3951 2308 4053 ffssssgfflmfflj

1325 4069 1416 4116 mano
1445 4055 1574 4129 degant3
1609 4052 1777 4116 Gardinalis
1803 4064 1908 4120 autem
1936 4059 2067 4124 vicarius
2086 4057 2184 4105 rumen
2225 4071 2307 4106 ⁰³¹³-

1325 4147 1446 4226 patroni
1476 4145 1674 4208 Germanicae
1701 4147 1876 4211 iuventutis
1902 4152 1984 4214 vices
2011 4154 2067 4216 im·
2086 4113 2174 4213 gignit
2192 4115 2307 4174 ΕΜ

1324 4241 1415 4320 pleat.
1441 4239 1480 4303 Et
1500 4239 1648 4302 iuventus
1670 4239 1841 4318 excipietur
1857 4246 2068 4308 contuberniis

1324 4333 1439 4414 (italice
1450 4329 1648 4411 camerate)a
1662 4333 1825 4396 iuventute
1838 4337 1995 4400 seminarii
2010 4337 2068 4400 llo-

1325 4427 1407 4488 mani
1428 4425 1595 4502 seiunctim
1617 4425 1670 4487 sed
1691 4427 1854 4505 utriusque
1869 4431 2001 4492 nationis
2022 4432 2069 4494 iu-

1325 4535 1421 4583 venes
1434 4519 1542 4582 eadem
1557 4519 1691 4581 literaria
1703 4519 1900 4585 institutione
1915 4539 1948 4586 ac
1963 4540 2067 4588 mensa

1324 4615 1595 4676 mmmmm

1364 4725 1407 4770 vr.
1431 4707 1482 4781 Ut,
1510 4707 1568 4768 nisi
1598 4706 1761 4784 aliquando
1789 4713 1944 4772 statuetur
1967 4729 2066 4791 secus,
2126 4728 2194 4775 duro
2213 4729 2303 4794 redur-

1324 4801 1447 4878 collegii
1468 4801 1642 4864 Germanici
1664 4801 1801 4863 redditus
1821 4805 1989 4868 seminario
2010 4809 2068 4872 llo-
2085 4785 2169 4882 {3⁰¹3
2185 4793 2302 4896 Ἥῖἓζῑῐ

1325 4913 1417 4962 mano
1438 4900 1592 4975 accedant,
1610 4913 1770 4976 unumque
1790 4898 1823 4958 in
1845 4901 2067 4978 patrimonium
2085 4890 2238 4937 cemanni.

1323 4995 1502 5072 coalescant.

1364 5106 1422 5151 vu.
1447 5088 1486 5150 Ut
1507 5089 1665 5151 seminarii
1693 5091 1824 5153 Romani
1852 5107 1975 5154 annuus
1996 5111 2066 5156 een·
2110 5113 2304 5176 beatissemi-

1323 5202 1374 5248 sus
1385 5192 1576 5248 scutatorum
1587 5201 1790 5248 nummorum
1805 5189 1983 5267 quindecim
1998 5191 2066 5252 mil·
2084 5167 2161 5211 ''³¹¹''

1324 5280 1405 5342 libus
1425 5284 1555 5343 constet.
1580 5279 1621 5340 Ea
1642 5295 1764 5366 summa
1785 5282 1997 5346 conflabiture
2012 5286 2066 5347 tri·

1323 5378 1379 5440 bus
1401 5383 1591 5440 scutatorum
1620 5374 1777 5452 millibus,
1799 5392 1878 5455 quae
1905 5379 2066 5458 proprium

1323 5485 1526 5550 annuumque
1541 5470 1699 5532 seminarii
1715 5470 1845 5547 vectigal
1860 5479 1949 5548 sunm
1968 5488 2066 5541 escu-

1323 5573 1460 5628 tatorum
1481 5581 1535 5626 sex
1556 5563 1705 5636 millibus,
1728 5567 1840 5646 quibus
1861 5567 1897 5630 ad
1925 5567 2065 5631 serendas

1324 5663 1476 5741 impensas
1506 5663 1670 5725 adiuvatur
1696 5660 1862 5740 quotannis
1886 5662 1923 5724 ab
1949 5663 2065 5724 aerario

1323 5763 1429 5819 nostro
1450 5754 1626 5834 apostolico,
1648 5755 1778 5834 aliisque
1800 5770 1854 5816 sex
1874 5763 2065 5818 scutatorum

1323 5849 1473 5925 millibus
1499 5864 1577 5927 quae
1603 5849 1734 5926 singulis
1762 5849 1852 5912 annis
1878 5849 2064 5927 percipiete

1321 5943 1495 6010 Germanici
1510 5942 1632 6020 collegii
1644 5944 1830 6021 redditibus3
1846 5944 1899 6023 qui
1914 5943 2063 6022 redditus,
