4740 6962
336 559 390 616 An.
404 565 434 616 0.
456 563 524 616 1773
577 563 633 624 192

555 696 662 768 lectae,
676 705 706 758 et
721 698 905 776 pastoralem
927 715 1046 773 curam,
1056 696 1299 760 sollicitudinem

556 805 588 850 ac
610 787 802 865 vigilantiam
819 801 903 854 tuam
918 791 1053 852 maxime
1068 789 1297 869 praecelerant:

556 882 588 942 in
609 881 646 943 iis
667 884 752 944 enim
774 883 942 962 diiigenter
960 885 1089 963 exponis
1105 899 1168 946 non
1186 882 1301 944 medio-

556 975 628 1050 cria,
651 993 730 1054 quae
751 996 766 1038 a
789 979 910 1042 dieram
934 980 1088 1042 festorum
1111 991 1245 1041 numero
1268 975 1299 1037 in

556 1069 757 1132 commissum
770 1071 825 1134 tibi
838 1087 892 1148 per
903 1072 1110 1150 Apostolicam
1123 1071 1233 1135 Sedem
1247 1084 1302 1148 po·

557 1162 666 1238 pulum
688 1173 833 1227 emanant
849 1164 1051 1227 incommoda.
1076 1165 1192 1242 Capere
1213 1163 1300 1224 exin·

478 1312 479 1316 ,
557 1258 594 1318 de
616 1271 708 1334 grave
730 1257 889 1320 dammum
912 1257 1016 1320 lldeles
1036 1273 1106 1320 curn
1129 1255 1302 1318 acatholicis

558 1350 743 1412 commixtos
768 1351 828 1426 ais,
856 1359 948 1430 atque
975 1351 1008 1412 in
1032 1351 1060 1412 id
1083 1351 1180 1426 magis
1207 1347 1300 1410 etiam

559 1460 610 1504 eos
632 1443 767 1506 incidere
782 1446 862 1523 quod
879 1445 935 1524 ipsi
952 1461 1100 1522 pauperes
1114 1448 1198 1517 sant,
1210 1451 1301 1520 atque

559 1553 650 1615 opera
665 1555 697 1600 ac
710 1538 811 1600 labore
826 1537 858 1600 in
873 1538 1009 1603 colendis
1023 1537 1206 1617 praesertim
1221 1536 1302 1613 agris

559 1631 656 1692 vitam
688 1647 780 1709 aegre
811 1640 1006 1710 sustentant3
1040 1632 1185 1695 distantia
1215 1632 1301 1694 enim

559 1725 747 1805 pierumque
769 1726 831 1788 lora
853 1736 939 1804 sunt,
955 1729 989 1790 ad
1012 1745 1092 1806 qnae
1106 1735 1141 1790 ut
1156 1726 1303 1788 intersint

557 1836 641 1882 sacro
663 1821 805 1883 accedere
820 1837 883 1882 non
898 1822 965 1883 sine
980 1821 1162 1898 gravissimo
1185 1821 1302 1882 incoru-

558 1914 648 1974 modo
670 1929 794 1975 necesse
815 1921 871 1975 est.
883 1915 965 1989 Quae
980 1915 1095 1993 pariter
1116 1930 1223 1976 rernm
1246 1911 1302 1975 dii-

558 2005 709 2068 bcnltates
732 2007 762 2067 in
777 2006 850 2068 aiios
866 2024 962 2086 aeque
978 2016 1098 2087 praeter
1113 2007 1204 2069 istam
1220 2005 1303 2068 dioe-

557 2099 651 2160 cesim
673 2100 837 2170 catholicos
852 2101 980 2180 populos
996 2101 1221 2174 extenduntur,
1235 2100 1303 2177 qui-

558 2192 613 2252 bus
633 2208 798 2271 supremus
821 2192 980 2255 Borussiae
993 2192 1169 2254 dominator
1186 2197 1302 2268 tempo·

557 2286 664 2348 raliter
685 2294 814 2365 praeest,
831 2287 919 2349 cuius
940 2287 1033 2348 etiarn
1055 2287 1091 2348 dc
1114 2285 1167 2347 hac
1190 2301 1223 2347 re
1243 2284 1303 2345 sol·

558 2380 685 2443 licitudo
695 2382 730 2442 ad
743 2397 798 2441 nos
812 2388 858 2440 est
875 2380 1000 2457 perlata.
1014 2381 1113 2454 Quare
1124 2378 1300 2440 huiusmodi

559 2482 717 2552 permotus
739 2474 827 2536 istius
848 2475 951 2552 gregis
967 2473 1181 2556 incommodis,
1198 2479 1300 2549 postu·

558 2568 600 2628 las
621 2585 637 2629 a
659 2567 757 2642 nobis,
782 2575 816 2630 ut
843 2567 1007 2630 commisso
1030 2566 1085 2628 tibi
1116 2565 1229 2645 populo
1251 2580 1304 2642 op-

558 2670 689 2742 portuna
712 2663 835 2725 clierum
857 2661 1006 2723 iestornm
1029 2660 1249 2722 imminutione
1264 2676 1302 2720 ex

557 2757 720 2835 apostolica
747 2757 942 2834 benignitate
971 2755 1214 2818 consuleremus.
1241 2753 1302 2815 Nos

558 2854 672 2932 itaque,
695 2859 726 2913 et
758 2851 840 2913 illius
871 2849 1030 2926 dignitatis
1056 2858 1088 2911 et
1117 2847 1299 2922 voluntatis,

557 2963 616 3024 qua
638 2945 824 3024 populorum
845 2959 975 3006 suornm
996 2942 1165 3005 commodis
1185 2941 1300 3015 studet,

558 3037 724 3100 maximam
735 3037 889 3099 rationem
904 3036 1063 3110 habentes,
1077 3042 1108 3098 et
1123 3033 1303 3114 postulatio-

558 3148 637 3193 num
667 3138 792 3193 tuarum
820 3131 974 3210 aequitate
999 3127 1149 3207 permoti,
1173 3133 1208 3189 ut
1229 3127 1303 3190 lide-

558 3225 636 3287 linm
661 3223 846 3287 utilitatibus
877 3223 991 3302 absque
1022 3230 1166 3284 aeternae
1196 3220 1301 3282 salutis

557 3318 717 3397 dispendio
747 3316 957 3392 consulamus,
985 3332 1040 3395 per
1071 3322 1246 3394 praesentes
1268 3313 1302 3376 in

558 3413 655 3474 lorma
667 3414 774 3477 brevis
790 3415 918 3490 litteras,
935 3413 1121 3476 fraternitati
1138 3419 1206 3474 tuae
1222 3427 1304 3473 com·

559 3513 713 3574 mittimus
728 3529 761 3574 ac
781 3513 974 3584 mandamus,
990 3516 1025 3573 ut
1046 3510 1077 3571 in
1100 3509 1156 3570 ista
1178 3508 1302 3570 civitate

558 3624 591 3668 ac
612 3605 742 3670 dioecesi
758 3602 1013 3678 Wratislaviensi,
1029 3619 1063 3664 ac
1077 3604 1110 3665 in
1126 3601 1192 3664 aliis
1207 3603 1301 3664 etiam

557 3700 735 3762 Borussicae
755 3698 866 3760 ditioni
887 3698 1043 3773 subiectis,
1065 3699 1100 3758 ad
1116 3713 1192 3774 quos
1213 3696 1303 3758 aliter

558 3793 615 3855 hoc
647 3801 770 3854 nostrae
791 3791 996 3853 concessionis
1029 3790 1214 3852 beneficium
1237 3807 1303 3868 per·

559 3885 667 3947 venire
689 3901 752 3947 non
775 3884 881 3963 possit,
897 3885 976 3946 hanc
990 3885 1027 3945 de
1041 3874 1126 3944 lestis
1142 3883 1248 3946 diebus
1263 3882 1305 3944 le·

559 3994 642 4055 gem,
667 3979 699 4039 iu
721 3994 779 4056 qua
807 3986 930 4039 maturo
952 3977 1081 4039 consilio
1108 3992 1142 4036 ac
1163 3976 1304 4053 expensis

559 4069 1305 4148 omnihusdescendimus,anctoritatcapostolica

560 4177 716 4247 tamquam
748 4175 853 4229 noster
884 4164 1034 4243 specialis,
1064 4165 1099 4226 ad
1126 4164 1211 4226 hunc
1233 4165 1306 4226 elle·

559 4271 645 4324 ctum
669 4262 882 4323 tantummodo
911 4261 1046 4320 laxativo
1074 4259 1304 4337 praestandum,

559 4355 719 4430 delegatus
741 4353 888 4415 enunties
910 4370 943 4414 ac
965 4351 1074 4414 edicas.
1101 4352 1305 4414 detineantur

561 4463 673 4527 nempe
700 4465 733 4509 ac
753 4447 951 4508 celebrentur
973 4447 1075 4508 lestivi
1103 4446 1167 4508 dies
1194 4446 1305 4508 Resur-

561 4543 705 4604 rectionis
725 4557 795 4604 cum
818 4541 962 4620 sequenti
976 4549 1007 4602 et
1022 4541 1218 4602 Pentecostes
1230 4541 1304 4602 item

559 4653 630 4699 curn
652 4635 808 4713 sequenti,
824 4634 938 4712 aliique
960 4649 1149 4712 perannum
1170 4633 1234 4694 dies
1250 4633 1306 4694 llo-

561 4730 679 4805 minici,
704 4746 761 4792 nec
783 4745 845 4791 non
866 4727 1041 4789 Natiuitatis
1057 4727 1180 4789 bomini
1203 4727 1305 4789 Nostri

560 4827 627 4887 lesu
649 4823 776 4897 Christi,
800 4821 1061 4897 circumcisionis,
1084 4821 1305 4900 Ephiphaniae,

561 4919 755 4981 Ascensionis
770 4927 801 4979 et
816 4917 959 4996 Corporis
976 4915 1101 4990 Christi,
1124 4922 1191 4977 tum
1215 4917 1305 4994 qnin-

561 5030 621 5092 qne
642 5012 733 5074 dicati
755 5011 787 5072 B.
812 5011 923 5073 Mariae
952 5009 1085 5087 Virgini,
1111 5009 1227 5071 scilicet
1250 5011 1307 5072 Pu-

561 5107 752 5180 rificationis,
774 5105 1041 5180 Annuntiationis,
1065 5105 1305 5182 deminutionis,

561 5201 736 5262 Natiuitatis
765 5208 796 5260 et
827 5200 1053 5277 Contentionis,
1087 5205 1244 5277 praeterea
1273 5209 1307 5260 nt

562 5296 731 5358 SSrhorurn
747 5295 967 5372 Apostolorum
984 5293 1065 5354 Petri
1081 5302 1112 5355 et
1128 5293 1225 5368 Pauli,
1243 5309 1306 5353 oru-

562 5391 650 5451 nium
674 5389 869 5462 Sanctorum,
893 5388 923 5450 S.
949 5387 1097 5466 Stephani
1119 5387 1307 5448 Proto-mar-

563 5483 651 5560 tyris,
675 5493 706 5544 et
731 5481 824 5543 arrius
850 5489 973 5542 tanturn
1001 5480 1226 5559 principalioris
1256 5480 1306 5540 Pa-

564 5578 656 5640 troni.
682 5573 740 5638 Sed
763 5576 786 5637 si
820 5575 930 5638 alicubi
964 5575 1067 5654 piures
1095 5583 1239 5653 patronos
1260 5593 1309 5637 ae-

507 5695 512 5705 ,
562 5687 623 5748 que
644 5668 826 5748 principales
847 5669 953 5731 haberi
975 5670 1154 5744 contigerit,
1178 5669 1308 5745 diligen·

563 5770 611 5822 ter
632 5762 770 5840 inquiras
792 5778 916 5822 necesse
937 5769 995 5836 est,
1016 5777 1087 5822 ven.
1106 5761 1158 5836 ir„
1181 5762 1308 5839 «quinam

564 5872 601 5915 ex
617 5855 704 5916 clictis
724 5855 991 5933 principalioribus
1009 5855 1145 5931 patronis
1157 5854 1307 5932 potiorem

563 5948 684 6009 cultum
706 5967 739 6010 ac
762 5948 991 6009 venerationem
1009 5949 1041 6009 in
1063 5965 1097 6010 ea
1113 5949 1163 6009 vei
1184 5948 1309 6009 civitate

1071 581 1136 624 iun.
1161 579 1251 626 PONT·
1275 579 1315 622 DE
1337 579 1365 623 P·
1390 579 1419 624 F·
1444 579 1525 623 PARS
1548 577 1569 622 l.

1358 695 1405 758 vel
1435 695 1545 775 oppido
1574 697 1623 760 vel
1655 713 1732 776 pago
1760 696 1885 770 habent,
1914 704 1947 759 et
1975 696 2007 759 in
2035 696 2101 759 eins

1357 796 1477 852 tantum
1499 791 1621 870 propria
1644 791 1692 853 die
1713 790 1888 854 festivitatis
1902 798 2100 870 praeceptum

1355 881 1509 960 designes.
1535 884 1568 946 ln
1590 883 1638 946 his
1660 885 1756 961 igitur
1777 886 1923 948 omnibus
1938 885 2023 948 iestis
2037 885 2101 948 dic-

1357 977 1412 1038 bus
1423 992 1478 1054 pro
1492 969 1591 1038 veteri
1605 976 1755 1040 Ecclesiae
1771 978 1943 1041 Catholicae
1954 979 2101 1042 instituto

1356 1069 1569 1132 christifideles
1583 1070 1675 1134 sacris
1697 1072 1811 1147 adesse,
1824 1088 1841 1134 a
1852 1073 2018 1134 servilibus
2030 1088 2100 1152 ope·

1357 1161 1441 1224 ribus
1463 1162 1629 1238 abstinere,
1646 1173 1676 1225 et
1693 1163 1848 1226 ieiunium
1871 1165 1903 1226 in
1918 1165 2100 1226 eorumdem

1358 1255 1483 1332 vigiliis,
1505 1256 1617 1335 quibas
1639 1256 1797 1320 adnexum
1810 1259 1861 1332 sit,
1874 1257 2035 1320 observare
2051 1259 2102 1320 de·

1357 1349 1450 1411 beant
1472 1367 1505 1412 ac
1527 1357 1705 1413 teneantur.
1729 1351 1763 1414 ln
1785 1351 1912 1429 reliquis
1928 1368 2002 1414 vero
2017 1351 2102 1412 lestis

1358 1459 1420 1506 non
1442 1444 1543 1507 solum
1572 1445 1736 1507 laboriosas
1764 1445 1877 1508 artium
1905 1444 2099 1508 exercitatio·

1357 1553 1412 1599 nes
1434 1544 1463 1599 et
1491 1537 1615 1600 servilia
1644 1554 1735 1616 opera
1761 1538 1973 1617 permittimus
2001 1547 2031 1601 et
2053 1539 2101 1602 iu·

1356 1629 1534 1708 dulgemus,
1556 1631 1608 1694 sed
1631 1631 1757 1710 insuper
1778 1633 1902 1695 eosdem
1917 1632 2103 1696 christifide-

1358 1725 1437 1786 lesa
1459 1741 1655 1804 quocumque
1677 1727 1803 1804 vigiliae
1829 1744 1884 1790 seu
1906 1727 2015 1791 ieiunii
2038 1728 2103 1792 die-

1358 1819 1413 1880 bus
1436 1821 1700 1898 praecedentibus,
1718 1821 1886 1884 dummodo
1900 1824 2035 1898 abunde,
2051 1824 2102 1886 vei

1357 1913 1476 1976 ratione
1490 1915 1753 1992 quadragesimae,
1766 1916 1816 1979 vel
1831 1917 1951 1980 ratione
1965 1918 2102 1994 Quatnor

1357 2007 1557 2084 Temporum,
1581 2024 1643 2070 non
1667 2010 1882 2089 praecipiatur,
1905 2018 1935 2074 et
1959 2011 2103 2074 audiendi

1358 2100 1490 2175 Nissam,
1514 2101 1545 2162 in
1567 2103 1730 2179 praedietis
1745 2103 1829 2167 lestis
1851 2105 2038 2182 obligatione
2053 2105 2101 2167 ab

1356 2193 1505 2257 solvimus
1526 2201 1557 2256 et
1578 2194 1756 2272 liberamus.
1781 2198 1840 2261 Sed
1856 2198 2005 2276 quoniam
2026 2199 2101 2262 dnm

1357 2286 1542 2366 populorum
1563 2289 1767 2352 conscientiae
1786 2292 1978 2354 consulimus
1999 2299 2030 2356 et
2051 2309 2100 2355 eo·

1358 2397 1439 2457 rum,
1457 2383 1510 2461 qui
1527 2381 1686 2446 insudare
1703 2385 1808 2447 vuitus
1829 2385 1876 2447 sui
1892 2401 2003 2463 panem
2019 2402 2102 2448 com-

1356 2476 1464 2550 edunt,
1479 2475 1670 2552 indigentiae
1691 2479 1901 2555 providemus
1918 2479 2100 2542 Sanctorum

1357 2569 1590 2632 venerationem
1625 2578 1656 2632 et
1686 2570 1820 2634 salutare
1851 2572 2099 2635 christifidelium

1357 2661 1579 2740 poenitentiam
1591 2663 1734 2728 minuere
1745 2681 1808 2726 non
1822 2665 2023 2741 intendimus,
2035 2668 2102 2728 ideo

1357 2754 1542 2817 Sanctorum
1563 2772 1597 2817 ac
1616 2755 1850 2821 solemnitatum
1872 2759 1975 2823 tlllrcia
1988 2768 2020 2823 et
2035 2760 2102 2822 llis·

1355 2865 1402 2910 sas
1425 2856 1487 2909 tam
1510 2848 1542 2910 in
1569 2849 1677 2912 iisdem
1705 2851 1858 2928 abrogatis
1883 2852 1985 2928 lestis,
2009 2871 2101 2932 qnam

1357 2941 1390 3003 in
1411 2955 1523 3004 eorum
1546 2941 1671 3019 vigiliis,
1688 2959 1703 3004 a
1718 2943 1800 3006 clero
1822 2945 1951 3008 retineri
1972 2955 2004 3010 et
2024 2947 2103 3011 sicut

1357 3035 1443 3113 prius
1457 3035 1491 3097 in
1505 3051 1700 3116 quacumque
1714 3036 1840 3100 ecclesia
1855 3038 2006 3101 celebrari
2017 3056 2103 3103 man-

1358 3129 1476 3191 damus.
1509 3130 1638 3191 Sacrum
1665 3146 1738 3194 vero
1765 3130 1937 3208 ieiunium,
1966 3135 2048 3211 quod
2072 3135 2103 3197 in

1358 3221 1519 3300 praedictis
1541 3222 1656 3300 vigiliis
1678 3223 1856 3300 habebatur,
1872 3225 1908 3287 ad
1930 3233 2053 3304 quartas
2068 3236 2100 3290 et

1357 3322 1457 3376 sextas
1479 3315 1567 3378 lorias
1582 3315 1744 3380 Adventus
1767 3318 2028 3395 transferendum,
2045 3321 2100 3382 ibi·

1358 3408 1492 3487 demqne
1511 3413 1702 3474 servandum
1724 3413 1873 3475 edicimus
1887 3423 1919 3477 et
1939 3417 2105 3478 constitui-

1359 3523 1439 3570 mus.
1464 3507 1503 3569 Ut
1525 3516 1629 3570 autem
1651 3524 1715 3570 non
1737 3508 1953 3571 solumclerici
1975 3517 2005 3571 et
2027 3511 2105 3572 divi-

1361 3613 1404 3666 tes
1427 3603 1571 3665 homines
1592 3603 1780 3679 saeculares,
1803 3604 1856 3682 qui
1879 3604 1971 3665 etiarn
1995 3604 2101 3666 diebus

1360 3712 1423 3758 non
1445 3696 1562 3758 festivis
1588 3704 1777 3758 sacrosancto
1805 3696 1912 3759 Missae
1938 3695 2103 3773 Sacrillcio,

1359 3807 1393 3851 ac
1414 3789 1527 3850 divinis
1548 3787 1671 3864 otholia,
1694 3791 1774 3867 qood
1797 3790 2001 3853 vehementer
2022 3792 2105 3870 cupi·

1361 3899 1440 3956 inus,
1463 3884 1566 3945 adesse
1587 3890 1727 3960 possunt,
1743 3883 1907 3946 sedetiam
1927 3884 1961 3959 ii,
1984 3885 2037 3963 qui
2054 3902 2104 3946 ru-

1360 3975 1442 4037 sticis
1457 3975 1574 4037 detenti
1591 3975 1746 4038 laboribus
1760 3977 1902 4039 ecclesias
1916 3977 2023 4041 diebus
2041 3987 2104 4040 tan-

1362 4076 1429 4130 tum
1450 4068 1535 4130 iestis
1550 4069 1677 4143 adeunt,
1692 4079 1869 4132 sanctorum
1885 4072 2104 4148 Apostolorum

1360 4179 1392 4224 ac
1413 4170 1600 4240 martyrum,
1623 4178 1759 4240 quorum
1780 4164 1993 4227 solemnitates
2014 4181 2105 4243 supe-

1360 4257 1425 4318 rius
1445 4257 1678 4332 abrogavimus‚
1709 4257 1890 4319 memoriam
1920 4269 2046 4322 servent
2073 4275 2106 4320 ac

1360 4360 1571 4425 venerentnr;
1600 4350 1745 4414 volumus
1772 4368 1806 4415 ac
1832 4353 2047 4430 praecipimus,
2071 4362 2106 4415 nt

1361 4446 1410 4508 dic
1433 4459 1521 4505 xxxx.
1547 4443 1636 4518 iunii,
1662 4443 1741 4506 ultra
1759 4446 1954 4524 praecipuam
1980 4445 2107 4509 Sancto-

1361 4555 1432 4601 rum
1464 4539 1547 4600 Petri
1569 4546 1599 4599 et
1621 4537 1706 4599 Pauli
1735 4537 1984 4614 solemnitatem,
2010 4539 2106 4601 etiarn

1361 4632 1493 4695 aliorum
1508 4629 1736 4708 Apostolorum,
1759 4641 1791 4694 et
1812 4632 1859 4693 die
1883 4635 2105 4696 xxv1.decem·

1362 4729 1434 4802 bris,
1452 4727 1531 4789 ultra
1547 4727 1742 4804 praecipuam
1765 4725 1796 4788 S.
1815 4726 1975 4805 Stephani,
1992 4727 2104 4789 lestum

1361 4823 1454 4883 etiam
1476 4821 1608 4881 aliorum
1634 4818 1820 4881 Sanctorum
1848 4821 2020 4898 Martyrum
2044 4837 2105 4882 me-

1362 4915 1457 4976 moria
1480 4913 1663 4976 celebretur.
1687 4914 1786 4987 Quare
1801 4913 1851 4975 die
1873 4929 1962 4975 xxm.
1980 4915 2058 4977 ionii
2074 4915 2106 4977 in

1362 5007 1541 5070 calendariis
1563 5005 1773 5068 ecclesiasticis
1800 5007 1839 5068 ila
1862 5007 1977 5069 lestans
2000 5009 2107 5070 inscri-

1362 5102 1500 5163 bendum
1529 5096 1817 5161 erit-Sanctorum
1848 5100 1928 5162 Petri
1950 5109 1982 5163 et
2010 5102 2105 5176 Pauli,

1362 5201 1393 5256 ct
1415 5193 1676 5257 commemoratio
1697 5193 1840 5256 omnium
1855 5194 2072 5272 Apostolorum
2086 5227 2106 5238 -

1361 5305 1394 5348 ac
1417 5289 1533 5348 tamin
1556 5287 1672 5361 Olliuio,
1694 5304 1787 5364 qnam
1809 5290 1841 5351 in
1864 5289 1951 5379 Nisqa
1976 5291 2104 5352 addetur

1361 5380 1658 5444 -Cornmemoratio
1686 5383 1723 5442 de
1754 5383 1921 5445 Communi
1946 5385 2106 5462 Apostolo-

1364 5489 1435 5537 rum
1447 5496 1479 5548 -;
1503 5473 1552 5534 die
1574 5487 1648 5534 vero
1665 5489 1750 5535 xxva.
1768 5475 1939 5538 decembris
1960 5479 1999 5538 ita
2023 5486 2107 5539 note-

1364 5583 1414 5635 tur
1435 5605 1455 5618 -
1471 5573 1597 5634 Nestum
1625 5570 1656 5635 S.
1682 5571 1828 5650 Stephani
1856 5571 2107 5648 Protomartgris,

1364 5663 2109 5728 ctCommernoratioOruninmSanctorumNar·
2162 5657 2165 5662 “

1365 5769 1468 5836 tyrum
1484 5791 1504 5803 -
1525 5776 1558 5819 ac
1581 5767 1641 5818 tanc
1666 5757 1696 5818 in
1714 5757 1830 5831 Cilicio,
1853 5773 1945 5834 quam
1968 5758 2000 5819 in
2021 5759 2108 5820 Missa

1364 5854 1498 5916 addenda
1516 5853 1575 5914 erit
1589 5885 1609 5896 -
1623 5852 1884 5914 commemoratio
1896 5853 1934 5914 de
1947 5855 2107 5915 communi

1364 5947 1574 6026 plurimorum
1586 5946 1756 6024 llartyrum
1767 5980 1787 5990 -
1798 5947 1875 6009 Naec
1892 5962 1959 6021 nos,
1972 5963 2044 6010 ven.
2055 5947 2107 6022 ir.,
