4808 6988
371 535 426 596 An.
440 540 471 596 0.
491 539 560 594 tete

360 871 573 973 recreas

307 1016 310 1024 .
360 985 416 1028 tum
431 980 544 1027 lrritans.

609 535 668 600 oet
1110 548 1174 593 run.
1198 545 1288 592 ronr.
1313 541 1353 590 ns
1374 542 1403 588 n.
1428 543 1457 590 r.
1482 541 1564 588 enus
1586 537 1607 584 t.

591 689 746 754 quoquam
772 673 879 752 quavis
910 673 1090 736 anctoritate
1120 666 1256 730 scienter
1288 662 1336 726 vel
1390 660 1523 725 octobris
1544 661 1638 742 elapsi
1653 659 1727 723 anni
1742 659 1967 733 intelleximus,
1990 671 2062 718 ven.
2078 655 2134 717 lra-

591 767 771 844 ignoranter
791 767 958 844 contigerlt
978 761 1134 827 attentari.
1391 761 1463 830 tres,
1488 755 1691 819 vehementer
1706 771 1760 816 vos
1782 760 1953 817 commotos
1967 769 2001 813 ac
2016 758 2133 828 pertur-

630 865 649 939 ἓ
670 861 699 922 ii.
717 859 786 923 Non
802 861 1005 934 obstantibus,
1027 865 1179 934 quatenus
1194 869 1270 932 opus
1284 851 1335 925 sit,
1391 848 1476 911 batos
1497 865 1562 912 esse
1583 848 1622 912 ob
1643 849 1803 912 decretum
1818 849 1899 926 quod
1922 846 2032 924 incipit
2055 844 2132 906 Gom

591 954 643 1018 lel.
668 971 729 1016 rec.
752 953 912 1017 Benedicti
935 952 991 1014 PP.
1015 947 1257 1027 tulpiacum.
1282 960 1336 1008 uo·
1391 948 1584 1020 compertum
1606 942 1720 1022 suerit,
1744 941 1830 1004 robis
1853 940 2049 1015 inconsultis,
2072 939 2134 1000 imo

590 1048 645 1111 stri
664 1063 761 1124 super
781 1047 932 1110 divisione
956 1044 1170 1117 materiarum,
1194 1055 1251 1102 nec
1273 1053 1335 1102 non
1391 1051 1448 1099 uec
1462 1037 1523 1099 tale
1538 1037 1694 1115 quidpiam
1711 1035 1951 1114 suspicantibus,
1966 1051 1982 1094 a
2000 1034 2134 1110 Congre-

591 1149 695 1204 nostra
724 1149 755 1204 et
784 1139 990 1204 cancellariae
1012 1136 1202 1214 apostolicae
1229 1131 1336 1208 regula
1392 1130 1517 1206 gattone
1538 1129 1753 1208 propagandae
1773 1128 1859 1192 Fidei
1881 1127 1986 1190 lavore
2008 1128 2134 1205 Collegli

591 1233 628 1296 de
644 1235 712 1296 iure
727 1234 865 1312 quaesito
880 1249 943 1294 non
961 1231 1109 1305 tollendo,
1121 1227 1250 1306 aliisque
1265 1241 1338 1288 con·
1391 1223 1470 1298 apud
1493 1220 1680 1300 Stenyburst
1700 1221 1798 1284 latum
1813 1221 1863 1283 dle
1877 1236 1942 1281 xlv.
1966 1221 2134 1283 decembris

2160 514 2209 574 Ab.
2220 523 2246 576 b.
2263 527 2322 582 1820

591 1327 803 1390 stitutionibus
828 1331 858 1387 et
879 1323 1127 1388 ordinationibus
1149 1318 1336 1400 apostolicis,
1391 1315 1465 1376 anni
1481 1330 1742 1390 noccoxv111.,ac
1765 1315 1852 1376 vobis
1873 1314 1997 1377 nonnisi
2020 1313 2134 1393 aliquot
2193 1379 2198 1388 ,

590 1439 624 1484 ac
646 1421 743 1494 dictae
764 1417 1026 1498 arcnieptscopalts
1047 1415 1175 1478 arment
1197 1410 1336 1475 catholici
1391 1415 1459 1487 post
1480 1424 1603 1470 menses
1617 1409 1893 1471 communicatum.
1906 1405 2066 1486 Siquidem
2082 1425 2136 1470 no-

590 1515 670 1578 ritus
684 1513 894 1593 Leopoliensis
905 1510 1057 1574 Ecclesiae
1067 1508 1197 1586 eiusque
1211 1501 1337 1583 capituli
1393 1499 1437 1561 bis
1458 1499 1653 1577 significastis
1668 1507 1699 1563 et
1714 1505 1849 1562 vestram
1869 1501 1928 1562 boc
1942 1503 2065 1564 decreto
2080 1500 2135 1564 mi·
2202 1519 2208 1532 ·

591 1618 622 1671 et
636 1608 710 1672 cleri
725 1623 784 1670 nec
799 1621 862 1668 non
878 1595 1337 1682 supradictaeCongregationis
1392 1595 1448 1657 nui
1479 1595 1694 1658 auctoritatem
1716 1595 2025 1674 iurisdictionemque
2051 1609 2134 1671 prae·

591 1700 627 1762 de
640 1701 833 1780 Propaganda
845 1699 1020 1761 Fidentiam
1031 1695 1218 1764 iuramento,
1228 1688 1337 1752 confir·
1392 1688 1501 1766 pedlrl,
1518 1695 1548 1750 et
1562 1695 1678 1751 statum
1693 1705 1725 1750 ao
1740 1689 1885 1752 ordinem
1899 1689 2010 1764 everti,
2028 1705 2133 1768 quem,

592 1795 728 1856 matione
743 1793 915 1871 apostolica,
932 1790 983 1852 vel
997 1788 1104 1868 quavis
1121 1785 1266 1849 llrmitate
1281 1783 1337 1844 alia
1392 1783 1428 1844 ad
1449 1782 1651 1860 praecidenda
1680 1788 1774 1860 atque
1797 1799 1814 1844 e
1842 1782 1944 1845 medio
1971 1783 2135 1848 auferenda

569 1873 741 1952 'roboratis
761 1886 883 1950 statutis
905 1893 936 1948 et
957 1881 1251 1955 consuetudinibus,
1276 1878 1337 1957 pri·
1392 1874 1424 1934 ln
1446 1874 1613 1950 anglicanis
1645 1875 1711 1936 istis
1734 1876 1932 1939 missionibus
1956 1875 2135 1939 iamdudum

591 1981 714 2058 vilegiis
735 1995 869 2060 quoque,
886 1978 1014 2042 indultis
1032 1985 1062 2040 et
1084 1975 1181 2038 literis
1196 1969 1338 2051 apostoli·
1392 1976 1498 2030 exorta
1520 1969 1660 2044 dessidia,
1677 1969 1761 2031 tanti
1774 1969 1923 2048 sapientie
1936 1970 2044 2032 statuit
2059 1971 2135 2048 opti-

591 2075 634 2138 cis
648 2073 861 2154 superioribus
875 2080 906 2135 et
918 2071 1057 2148 personis
1071 2067 1337 2146 subquibuscum-
1392 2063 1513 2141 misque
1535 2062 1650 2139 regulis
1665 2065 1873 2128 communivit
1890 2063 1942 2126 iel.
1959 2080 2020 2126 rec.
2040 2064 2136 2125 Bene-

591 2185 652 2247 que
674 2167 833 2230 tenoribus
854 2173 885 2228 et
907 2165 1026 2240 formis,
1042 2181 1074 2225 ac
1092 2178 1162 2224 cum
1178 2157 1338 2240 quibusvis
1393 2155 1491 2218 dictus
1513 2156 1592 2218 xlv.
1611 2157 1825 2234 praedecessor
1844 2165 1951 2220 noster
1966 2157 2136 2236 apostolicis

591 2261 685 2324 etlam
701 2260 966 2338 derogatoriarum
982 2255 1194 2335 derogatoriis,
1211 2252 1338 2331 aliisque
1392 2249 1490 2312 literis
1513 2250 1546 2311 in
1577 2250 1676 2312 torma
1705 2251 1823 2328 Brevis,
1852 2268 1985 2331 quarum
2010 2253 2135 2314 initium

591 2354 822 2430 efficacioribus,
835 2351 1061 2426 efficacissimis,
1074 2368 1107 2412 ac
1117 2348 1247 2412 insolitis
1258 2346 1338 2409 clau·
1392 2343 1611 2421 apostolicum
1639 2343 1860 2408 Ministerlem
1888 2346 1937 2408 die
1961 2361 2039 2408 xxx.
2065 2349 2136 2409 maii

590 2448 676 2523 solis,
693 2448 948 2527 irritantibusque
963 2455 993 2509 et
1008 2445 1074 2508 aliis
1094 2443 1224 2506 decretis
1239 2441 1270 2502 in
1287 2456 1338 2517 ge·
1392 2437 1466 2500 anni
1488 2452 1644 2500 uocetur.
1662 2438 1721 2502 sub
1736 2438 1853 2502 annulo
1868 2440 2027 2502 Piscatoris
2042 2443 2134 2520 datis;

591 2541 740 2614 uerevel
761 2542 793 2604 in
815 2540 926 2620 specie,
950 2555 983 2601 ac
1003 2538 1069 2600 allis
1092 2538 1123 2598 ln
1145 2535 1337 2598 contrarium
1392 2531 1520 2607 insuper
1550 2539 1581 2593 et
1615 2545 1738 2592 oausam
1769 2533 1907 2611 praeberi
1945 2535 2137 2610 gravioribus

591 2635 823 2715 quomodolibet
838 2634 999 2708 concessis,
1016 2630 1187 2710 approbatis
1202 2637 1233 2690 et
1247 2627 1337 2690 inno·
1393 2624 1490 2687 adbuc
1511 2623 1642 2686 dissidiis
1662 2641 1696 2686 ac
1717 2624 1829 2687 indies
1853 2627 2137 2692 recrudescentibus

591 2731 680 2794 vatis.
703 2729 819 2806 Quibus
839 2728 984 2791 omnibus
1003 2735 1034 2790 et
1048 2725 1193 2804 singulis,
1213 2725 1337 2787 illorum
1391 2718 1662 2780 commotionibus.
1688 2719 1786 2780 Enlxe
1808 2729 1966 2799 propterea
1993 2721 2139 2801 efflagita·

591 2830 717 2886 tenores
734 2821 945 2901 praesentibus
960 2837 1015 2900 pro
1030 2820 1123 2898 plene
1138 2827 1167 2882 et
1181 2817 1337 2880 sullicien-
1394 2812 1431 2873 tis
1452 2829 1468 2872 e
1490 2814 1590 2890 nobis,
1605 2824 1639 2877 ut
1661 2815 1757 2879 relate
1778 2815 1815 2877 ad
1837 2828 2137 2896 supramemoratum

591 2915 813 2994 tereapressis,
825 2915 1013 2978 andeverbo
1025 2914 1202 2976 adverbum
1214 2913 1338 2974 insontis
1393 2906 1552 2970 decretum
1575 2909 1648 2987 quid
1669 2909 1757 2973 nobis
1771 2911 1899 2990 aequius
1920 2921 1951 2974 et
1974 2913 2082 2975 utilius
2105 2915 2135 2975 ln

591 3015 750 3082 babentes,
774 3009 835 3072 illis
856 3007 928 3070 alias
948 3007 980 3070 in
999 3024 1054 3068 suo
1070 3007 1180 3068 robore
1194 3021 1337 3084 perman·
1393 3000 1527 3065 Domino
1548 3003 1652 3064 risum
1673 3003 1767 3066 luerit
1782 3011 1969 3081 statuamus,
1986 3013 2083 3085 utque
2105 3009 2137 3070 iu

591 3104 683 3178 suris,
708 3105 742 3165 ad
767 3102 1007 3182 praemissorum
1028 3099 1174 3162 ellectum
1196 3099 1250 3164 bac
1271 3100 1338 3161 vice
1394 3097 2010 3176 posterum,vestratibuspostulantibus,
2022 3102 2137 3176 gratioe

592 3199 751 3260 dumtaxat
780 3194 951 3275 specialiter
981 3200 1013 3256 et
1040 3207 1183 3272 expresse
1213 3195 1337 3269 deroga·
1394 3197 1425 3251 et
1446 3189 1608 3268 privilegia
1629 3191 1771 3254 ordinem
1792 3193 1825 3254 ln
1851 3194 2050 3256 missionibus
2073 3195 2138 3257 istis

592 3305 674 3366 mus,
690 3289 879 3367 caeterisque
899 3285 1060 3349 contrariis
1075 3285 1334 3364 quibuscumque.
1394 3285 1526 3348 feliciter
1537 3285 1708 3348 stabilitum
1724 3294 1879 3350 mutatura
1892 3303 1956 3349 non
1970 3288 2139 3350 concedan-

632 3385 744 3446 Datum
766 3381 881 3446 Romae
902 3381 982 3458 apud
1004 3379 1035 3443 S.
1052 3377 1179 3441 Mariam
1193 3379 1339 3442 Maiorem
1394 3381 1529 3458 tur,nisi
1551 3381 1639 3442 voltis
1660 3382 1816 3460 Episcopis
1838 3383 1923 3460 prius
1945 3385 2068 3460 auditis,
2085 3387 2137 3464 qui

592 3480 650 3542 sub
670 3477 786 3541 annulo
814 3475 972 3553 piscatoris
999 3471 1050 3535 die
1075 3488 1128 3535 xx.
1156 3473 1339 3552 septembris
1395 3491 1458 3538 uon
1481 3474 1575 3536 unius
1601 3480 1722 3538 tantum
1743 3475 1853 3539 domus
1881 3477 2069 3542 utilitatibus
2092 3480 2137 3542 ln-

593 3587 783 3649 uncccxtx,
807 3567 1003 3650 pontillcatus
1025 3568 1124 3629 nostri
1145 3583 1226 3630 anno
1249 3583 1303 3628 xx.
1397 3569 1541 3646 vigilatis,
1557 3571 1608 3632 sed
1633 3569 1725 3631 totins
1745 3569 1778 3631 ln
1795 3570 1850 3632 ista
1872 3570 1972 3634 insola
1988 3573 2138 3639 Ecclesiae

1395 3679 1501 3727 curam
1522 3663 1718 3726 commissam
1741 3663 1869 3726 bebetis.

1435 3758 1454 3831 ἓ
1475 3756 1504 3819 2.
1522 3756 1638 3832 Quanta
1654 3757 1856 3820 admiratione
1872 3759 1970 3822 allecti
1987 3761 2139 3825 luerlmus

881 3853 1047 3918 Lxxlllx.
1396 3851 1470 3911 baec
1491 3848 1718 3926 intelligentes,
1742 3866 1781 3912 ex
1802 3867 1839 3912 eo
1867 3853 2047 3930 dignoscere
2076 3863 2139 3934 pot-

729 4004 731 4008 ,
1381 3943 1479 4034 estis,
1496 3957 1568 4004 ven.
1592 3942 1712 4019 iratres,
1730 3945 1822 4021 quod,
1838 3961 1910 4008 cum
1933 3955 2138 4013 memoratum

597 4041 811 4120 Quercntibes
836 4042 973 4105 Viceriis
994 4039 1187 4120 Apostolicis
1205 4040 1340 4120 atriplice
1395 4041 1567 4112 decretum,
1591 4045 1624 4099 ut
1646 4039 1741 4116 probe
1768 4039 1877 4115 nostis,
1899 4041 1933 4100 ad
1956 4057 2061 4120 preces
2082 4061 2140 4107 nec

634 4143 665 4199 et
688 4135 813 4200 Scotino
835 4135 872 4198 de
893 4134 1075 4216 privilegiis
1097 4133 1340 4213 adpetitionem
1396 4149 1459 4196 non
1481 4133 1570 4209 opert
1596 4138 1626 4194 et
1652 4132 1753 4193 studio
1783 4135 1876 4196 nnius
1906 4151 1944 4197 ex
1976 4137 2085 4198 vestris
2107 4140 2138 4201 ln

634 4232 735 4294 onies
750 4245 789 4292 ee
806 4227 917 4291 iisdem
935 4227 1071 4291 Vicoriis
1086 4227 1240 4289 concessis
1255 4243 1339 4289 oceno
1394 4229 1558 4307 apostolico
1581 4227 1753 4290 ministerio
1767 4227 1896 4305 collegio
1917 4230 2013 4294 latum
2034 4232 2138 4309 luerit,

636 4339 837 4388 uncccuvnr.
868 4321 996 4403 colleqio
1024 4321 1111 4400 apud
1141 4319 1340 4397 sconptetst
1398 4337 1437 4384 ne
1458 4321 1604 4398 suspicari
1625 4322 1749 4399 quidem
1772 4331 1958 4400 poteramus,
1982 4327 2138 4402 eumdem,

635 4416 803 4488 existenti,
826 4432 862 4478 eo
887 4419 1025 4485 revocot,
1048 4431 1086 4476 oc
1109 4413 1250 4474 decernit
1272 4413 1340 4476 elio
1397 4414 2138 4496 vobisinsciisautcoutravestram'senteutiarn,

634 4508 810 4590 privilegio
833 4509 932 4570 eidem
957 4505 1227 4588 Collepio.eolloto
1248 4507 1340 4568 intro
1396 4507 1553 4586 quidpiam
1575 4508 1607 4570 ln
1641 4515 1725 4570 tanto
1746 4512 1873 4586 negotio
1901 4513 2017 4588 egisse,
2046 4530 2081 4575 ac
2107 4515 2139 4574 in

635 4619 709 4666 snos
736 4603 856 4665 limites
889 4600 1083 4664 continendo
1113 4607 1340 4673 maecenate
1397 4600 1589 4663 vicariorum
1604 4602 1862 4679 Apostolicorum,
1878 4603 2010 4684 ideoque
2024 4613 2055 4667 et
2069 4621 2140 4668 suae

635 4699 670 4760 in
695 4695 827 4775 reliquis
860 4693 1100 4760 Constitutione
1128 4693 1339 4772 Apostolioum
1397 4694 1511 4772 pariter
1533 4693 1755 4757 iurisdictionis
1777 4697 2001 4775 praeiudicium
2030 4702 2139 4764 barum

634 4789 848 4853 ministerium
862 4789 918 4870 (l).
1397 4787 1581 4849 missionum
1611 4795 1727 4850 statum
1756 4790 1879 4852 turbare
1906 4793 2087 4872 subreptive
2107 4815 2140 4859 ac

1398 4883 1623 4950 inconsiderate
1651 4883 1796 4946 voluisse.
1831 4885 1915 4948 Sicut
1941 4902 2042 4966 neque
2064 4890 2138 4952 illud

598 4974 825 5043 venerabilibus
847 4974 994 5042 iratribus
1010 4972 1170 5058 Episcopo
1193 4973 1221 5039 in
1237 4972 1342 5056 Anglii
1397 4983 1680 5062 pertimescendum
1702 4981 1876 5057 videbatur,
1900 4997 1940 5042 ne
1961 4984 2087 5060 regulae
2107 5003 2140 5048 ac

706 5075 738 5137 el
760 5069 866 5136 scotta
888 5068 1015 5148 lineriis
1038 5066 1232 5152 Apostolioia,
1397 5084 1510 5140 statuta
1531 5095 1547 5138 a
1568 5076 1620 5138 iel.
1640 5091 1702 5138 rec.
1727 5077 1893 5140 Benetllcto
1915 5078 1993 5143 xlv.
2018 5082 2140 5160 praede·

842 5217 929 5286 us
1038 5216 1097 5285 u·
1398 5169 2140 5344 ininnanneteattellana

796 5356 995 5424 venerabiles
1016 5354 1141 5436 iratres,
1398 5357 1670 5430 subverterentur,
1693 5371 1765 5418 cum
1787 5357 1851 5433 ipsa
1877 5357 2083 5436 congregatio
2104 5362 2141 5424 de

631 5453 759 5521 salutent
784 5457 816 5520 et
837 5451 1033 5535 apostolicam
1058 5450 1306 5517 benedictionem.
1400 5449 1593 5527 Propagandi
1621 5451 1695 5512 Fide
1714 5450 1748 5511 in
1773 5450 1883 5512 eodem
1911 5449 2034 5514 ‹lecreto
2060 5453 2142 5515 salva

1399 5560 1463 5605 esse
1478 5559 1512 5605 ea
1528 5544 1631 5604 omnia
1653 5559 1796 5620 expresse
1811 5544 1946 5606 voluerit
1966 5555 2059 5626 atque
2079 5547 2141 5610 edi-

637 5645 656 5719 ἓ
679 5644 707 5704 l.
731 5641 800 5706 Non
821 5643 889 5704 sine
910 5657 1023 5718 magno
1045 5641 1142 5703 animi
1169 5639 1268 5702 nostri
1290 5639 1341 5701 do·
1400 5637 1490 5698 xerlt.
1515 5635 1632 5698 Verum
1654 5643 1760 5700 contra
1782 5645 1919 5699 nostram
1941 5639 2143 5719 eiusdemque

599 5737 664 5800 lore
679 5753 717 5798 ert
731 5736 842 5798 vestris
856 5735 891 5797 ad
907 5751 963 5797 nos
979 5733 1056 5798 datis
1074 5735 1186 5796 litteris
1200 5733 1249 5795 die
1265 5747 1341 5793 xxx.
1399 5731 1654 5808 congregauonis
1682 5738 1822 5794 mentem
1844 5748 1877 5794 ac
1898 5738 1969 5794 vota
1991 5747 2057 5794 rem
2080 5750 2142 5797 ces·

640 5951 669 6010 lt)
684 5955 722 5998 Ex
735 5951 810 5997 nrcb.
827 5955 850 5996 s.
866 5954 943 6007 cong.
959 5951 990 5996 de
1004 5953 1077 6008 Prop.
1093 5949 1162 5996 Fide.
