4808 6988
361 481 414 538 tn.
428 487 459 540 0-
481 487 549 540 teuc
597 483 656 550 ott
1097 498 1162 552 tuu.
1185 503 1277 549 nour.
1300 503 1341 548 uc
1362 503 1392 547 r.
1415 503 1445 549 r.
1469 503 1552 550 nnus
1573 503 1595 548 ι.
2150 487 2229 546 Aac.
2244 501 2293 558 tttt

578 623 671 684 etiarn
694 624 797 686 omnia
818 624 975 687 iuraturus
996 624 1160 703 requisitus
1181 635 1323 699 expresse
1380 621 1450 700 plici
1472 622 1682 687 doctrinarum
1703 623 1793 686 laude
1815 622 2041 704 praestantium
2063 619 2123 694 foe·

579 717 716 794 prodteri
738 717 858 794 debeat,
881 717 1058 801 immediate
1080 723 1151 780 ante
1166 717 1263 794 ipsam
1278 715 1323 776 lu·
1379 715 1477 779 cunda
1510 717 1629 792 nutrix,
1661 715 1807 797 profecta,
1839 724 1870 778 ot
1900 716 1933 778 ln
1964 725 2124 793 posterum

580 811 712 873 rumenti
734 813 982 890 praestationem.
1378 809 1473 870 etiam
1492 809 1664 887 profectura
1678 825 1849 889 speramus,
1866 827 1938 875 cum
1952 812 2005 874 rix
2020 810 2126 874 norel-

620 904 704 979 Qnod
720 905 746 967 si
761 904 884 985 aliquis,
900 905 965 967 sire
987 904 1171 968 christianus
1192 903 1259 964 sive
1274 904 1325 964 be·
1381 902 1418 965 lis
1439 903 1538 966 defixa
1553 919 1652 966 ramos
1667 904 1726 967 late
1740 905 1855 982 pandit.
1873 905 2025 985 Equidem
2040 920 2124 984 prae·

581 998 702 1073 bracus,
719 998 751 1060 in
766 997 879 1060 iudicio
895 999 1097 1072 contendeus,
1115 998 1325 1059 iuramentum
1383 1006 1430 1059 ter
1451 996 1506 1059 alia
1521 1013 1584 1060 uon
1598 997 1700 1059 solnm
1715 999 1748 1060 in
1764 999 1902 1077 principe
1919 1001 2126 1077 magistraque

582 1092 621 1154 ob
642 1091 789 1154 maiorem
809 1091 1038 1155 solemnitatem
1061 1091 1174 1155 deferri
1190 1090 1325 1152 Hebraeo
1382 1089 1464 1152 orbis
1486 1098 1640 1153 terrarum
1672 1090 1816 1168 Ecclesia,
1840 1108 1952 1155 rerum
1978 1091 2127 1154 etiamid

582 1191 665 1263 petat
681 1183 716 1244 ad
733 1192 847 1246 tactum
863 1184 1023 1248 Sacrarum
1041 1185 1283 1266 Scripturarum,
1297 1182 1325 1244 td
1384 1183 1476 1257 ltalia,
1499 1199 1532 1245 ac
1555 1183 1748 1263 transalpinis
1775 1189 1965 1264 remotisque
1993 1184 2130 1262 regioni-

583 1277 708 1357 quidem
730 1278 762 1338 in
788 1278 917 1353 casibus,
940 1278 971 1340 in
993 1280 1105 1358 quibus
1133 1278 1259 1354 exigere
1281 1277 1326 1338 iu·
1384 1276 1451 1351 bns,
1468 1275 1519 1338 ubi
1542 1286 1737 1356 peramanter
1751 1286 1887 1357 excepta,
1904 1277 1982 1342 nihil
1998 1293 2064 1340 non
2079 1293 2129 1354 ag·

583 1377 761 1434 ramentum
784 1387 838 1449 per
861 1373 927 1433 iura
941 1371 1024 1449 licet,
1042 1389 1057 1434 a
1075 1371 1186 1446 iudice,
1203 1371 1327 1432 decreto
1384 1368 1525 1445 greditur
1539 1386 1572 1431 ac
1588 1379 1703 1446 movet,
1719 1379 1754 1433 ut
1769 1371 1897 1434 iuvenes
1911 1377 1941 1434 et
1953 1370 2129 1434 adolescen-

584 1465 776 1545 interposito,
808 1467 1006 1528 concedatur:
1037 1466 1094 1528 lxoc
1121 1471 1226 1526 tamen
1248 1463 1327 1525 iura·
1385 1469 1429 1523 tes
1445 1462 1501 1541 piis
1515 1479 1549 1525 ac
1563 1463 1739 1527 liberalibus
1754 1465 1923 1543 disciplinis
1938 1473 2061 1528 mature
2077 1465 2130 1527 im-

585 1566 724 1621 mentum
748 1573 812 1620 non
833 1559 865 1620 iu
886 1558 990 1638 aliquo
1005 1559 1215 1622 Hebraeorum
1230 1564 1328 1618 erato·
1384 1555 1451 1617 buti
1473 1563 1595 1619 nostrae
1609 1559 1829 1638 proximaeque
1844 1560 1951 1622 aetatis
1965 1574 2132 1622 ornamen-

586 1652 644 1726 rio,
670 1650 722 1714 sed
744 1650 776 1712 iu
799 1651 864 1730 ipso
886 1650 1047 1727 tribunali,
1071 1651 1120 1714 vel
1143 1651 1208 1713 loco
1226 1649 1330 1728 aequi·
1386 1658 1416 1711 to
1434 1650 1496 1713 siut
1511 1649 1619 1714 futuri.
1637 1653 1718 1714 llum
1732 1669 1807 1714 vero
1822 1654 1903 1716 idem
1918 1654 2133 1732 praedecessor

586 1745 726 1824 pollenti,
738 1761 754 1806 a
766 1743 866 1807 iudice
880 1746 1081 1824 designando,
1094 1751 1267 1823 praestetur
1280 1757 1329 1804 co·
1386 1753 1491 1807 noster
1511 1746 1616 1809 omnia
1636 1747 1702 1808 eius
1715 1746 1855 1825 collegia,
1871 1747 1989 1821 domos,
2005 1744 2133 1824 provin-

587 1855 652 1900 ram
675 1837 784 1899 eodem
804 1837 916 1914 indice,
935 1848 966 1901 et
988 1838 1072 1901 iuxta
1087 1836 1208 1916 praxim
1223 1837 1257 1898 in
1273 1837 1330 1898 bu·
1386 1839 1456 1916 cias,
1479 1839 1684 1920 alumnosque
1705 1841 1737 1902 in
1752 1856 1839 1903 suam
1853 1857 1886 1905 ac
1901 1839 1989 1905 Sedis
2004 1844 2133 1919 Aposto-

586 1932 719 1994 lusmodi
739 1931 856 1993 servari
877 1931 1009 1994 solitam.
1385 1931 1460 1995 licae
1489 1934 1628 2014 tutelam,
1656 1935 1842 2016 praesidium
1863 1943 1894 1998 et
1921 1933 2134 1998 obedientiam

629 2027 689 2088 lam
712 2041 785 2086 vero
808 2023 916 2088 Sacrae
937 2025 1125 2102 Scripturae,
1143 2024 1208 2086 sive
1229 2021 1332 2086 Sacra·
1386 2027 1516 2088 omnino
1538 2028 1664 2108 recepit,
1687 2029 1745 2092 sibi
1766 2039 1797 2092 et
1817 2029 1963 2092 Romanis
1979 2027 2135 2090 Pontifici-

588 2135 659 2182 rum
676 2117 906 2196 scripturarum
927 2128 1028 2198 partes
1049 2117 1168 2196 aliquae
1184 2125 1237 2179 aut
1251 2115 1332 2193 frag·
1388 2121 1444 2183 bus
1464 2123 1690 2185 successoribus
1712 2122 1881 2186 reservavit
1899 2139 1933 2184 ea
1947 2129 2087 2185 statuere
2102 2138 2135 2183 ac

589 2222 693 2276 menta
716 2227 754 2274 ex
775 2211 835 2274 illis
858 2213 971 2274 veteris
993 2210 1180 2286 testamenti,
1196 2225 1271 2289 quas
1287 2209 1332 2272 uti
1388 2216 1606 2295 praescribere,
1627 2233 1705 2296 quae
1726 2215 1760 2278 ad
1783 2217 1924 2279 eamdem
1949 2216 2135 2280 Societatem

590 2309 664 2369 tales
679 2307 806 2370 Hebraei
825 2306 985 2369 uobiscum
1001 2311 1203 2377 venerantur,
1219 2303 1283 2366 sive
1300 2303 1332 2364 in
1390 2311 1486 2387 magis
1509 2310 1666 2391 magisque
1687 2312 1933 2375 constituendam
1948 2321 1979 2374 ea
1993 2325 2136 2374 commu-

589 2400 732 2478 orlginall
766 2407 864 2476 tetttt,
893 2399 1012 2461 sivein
1040 2397 1251 2472 translatione,
1274 2395 1332 2458 He·
1389 2405 1535 2468 piendam
1556 2413 1730 2484 opportuna
1751 2405 1943 2468 viderentur.
1962 2406 2050 2482 Quod
2065 2420 2136 2484 epe·

579 2496 681 2556 ·b1'²¹00
702 2494 822 2556 iuratur
823 2509 840 2554 ⁰
861 2491 904 2556 ⁵10
920 2490 1092 2569 tangendae
1106 2498 1332 2572 Ps⁰l³011³ssl¹¹lt
1361 2550 1363 2569 .
1389 2500 1432 2562 ris
1452 2498 1666 2578 proculdubio
1681 2499 1869 2578 perfecisset,
1886 2500 1946 2562 nisi
1961 2508 2062 2562 aetate
2077 2500 2137 2560 iam

591 2595 741 2666 utredpstt
752 2587 787 2649 ad
799 2593 914 2649 tactum
925 2584 978 2649 SS.
992 2585 1234 2663 scripturarum,
1248 2584 1334 2646 verbi
1390 2595 1504 2672 graviS,
1535 2591 1678 2672 curisque
1699 2594 1732 2655 in
1755 2595 1888 2671 regenda
1918 2593 2065 2656 ecclesiae
2085 2608 2138 2655 na-

592 2681 656 2759 Dei,
680 2680 756 2758 legis
771 2680 837 2755 Dei,
852 2697 884 2742 ὅθ
898 2680 1062 2742 intendere
1078 2680 1180 2740 inille
1195 2687 1226 2740 el
1241 2693 1274 2740 ὅθ
1289 2678 1334 2739 iu·
1362 2728 1364 2767 ,
1392 2687 1491 2750 ricula
1512 2687 1564 2750 diu
1581 2687 1779 2768 multumque
1794 2688 1901 2751 iactata
1915 2686 2085 2760 confectus,
2103 2689 2140 2750 ab

591 2782 734 2838 naturum
765 2790 832 2836 esse
862 2773 1059 2853 profiteatur:
1093 2770 1232 2850 reliquae
1259 2773 1336 2835 item
1391 2784 1452 2846 000
1474 2791 1629 2858 evocatus,
1654 2782 1686 2844 tn
1707 2783 1773 2844 etus
1793 2781 1900 2844 smum
1924 2782 2140 2862 00mp10511m.

592 2868 817 2932 admonitiones
846 2875 876 2929 θῑ
905 2865 1137 2941 declarationes,
1159 2867 1197 2927 (Ιθ
1224 2864 1336 2944 quibus
1392 2895 1453 2960 que
1481 2878 1662 2956 advolasset,
1692 2879 1893 2959 promeritam
1922 2894 2054 2942 coronae
2076 2879 2141 2958 glo.

592 2978 696 3041 supra,
719 2961 906 3040 di'llisslifflls
928 2960 1030 3022 verbis
1043 2958 1138 3064 Simu}
1152 2958 1254 3022 eidem
1269 2973 1338 3038 pro·
1393 2975 1471 3036 riam
1491 2980 1681 3051 accepturus.
1704 2973 1811 3052 ltaque
1830 2989 1897 3048 nos,
1913 2973 1978 3054 qui,
2001 2973 2061 3036 etsi
2083 2975 2141 3036 im·

595 3063 762 3136 ponantur,
784 3061 815 3117 θῑ
836 3055 873 3116 ab
894 3055 1002 3117 eodem
1023 3059 1198 3132 eligimus·
1394 3085 1491 3150 pares,
1514 3084 1551 3130 ex
1578 3077 1722 3132 aeternae
1751 3069 1865 3131 mentis
1893 3070 2046 3132 inaccesso
2067 3084 2141 3132 con-

886 3187 1050 3253 Nffioqffls
1071 3187 1199 3252 Soqmm
1395 3165 1461 3227 silio
1483 3165 1515 3226 iu
1536 3179 1680 3268 suprema
1702 3163 1859 3267 pontificia
1880 3162 2089 3267 amplitudine
2110 3171 2142 3266 et

734 3297 754 3363 s
783 3297 861 3360 Rom
889 3305 920 3359 e,
935 3295 1016 3360 Uni,
1041 3277 1172 3376 Induis„
1197 3295 1340 3360 Notarius
1394 3258 1516 3340 specula
1538 3256 1688 3332 collocati,
1704 3262 1803 3319 nostri
1822 3271 1960 3318 muneris
1975 3272 2042 3318 esse
2056 3255 2142 3318 duct·

758 3343 791 3431 ⁸.
820 3418 824 3429 ,
857 3345 872 3428 ,’
1019 3340 1026 3355 '
1175 3339 1182 3356 ’
1396 3368 1466 3415 mus
1486 3351 1516 3413 id
1539 3352 1641 3430 ipsum
1662 3363 1858 3427 promovere,
1874 3355 1909 3410 ut
1924 3345 2059 3412 Societas
2075 3349 2142 3412 lesu

637 3421 714 3484 '⁴⁰⁰⁰
727 3419 749 3499 †
762 3417 865 3496 S¹g¹¹¹¹
1397 3448 1486 3509 novis
1506 3447 1651 3508 firmetur
1678 3442 1847 3523 praesidiis,
1870 3443 1999 3521 eiusque
2020 3441 2144 3506 alumni

852 3579 1089 3590 -—--—-—-
1399 3540 1526 3605 totidem
1546 3539 1579 3600 in
1602 3553 1675 3616 agre
1704 3536 1829 3599 Domini
1856 3536 1999 3613 operarii,
2022 3545 2143 3615 partem

1219 3653 1221 3660 ·
1397 3634 1454 3696 sibi
1475 3632 1681 3696 concreditam
1714 3645 1826 3708 magno
1856 3631 1961 3692 animo
1989 3636 2145 3694 conentur

921 3715 1015 3782 XVH·
1398 3727 1550 3802 excolere,
1570 3725 1724 3804 utilesque
1737 3724 1951 3828 plantationes,
1967 3740 2042 3803 quas
2057 3731 2145 3803 pater

1323 3906 1328 3916 Ι
1397 3821 1537 3886 coelestis
1552 3819 1720 3891 conseruit,
1734 3819 1982 3895 uberrusrrgatae
1994 3819 2144 3898 accipiant

598 3912 734 3975 Immisit
756 3915 786 3971 ⁶⁸
808 3907 986 3986 coufirmat,
1005 3907 1105 3969 tuoto
1121 3904 1260 3977 modom,
1275 3921 1343 3984 pra·
1399 3935 1414 3979 a
1437 3917 1559 3982 Cbristo
1586 3914 1653 3976 lesu
1682 3911 1914 3974 incrementum
1941 3913 2141 3976 adsalutem.

637 4003 755 4084 oithio
785 4008 816 4062 ct
841 4001 1016 4083 facultates
1045 3999 1199 4064 socictate·
1226 4001 1298 4064 lesu
1324 4019 1343 4064 o
1397 4011 1501 4087 Quum
1522 4007 1618 4084 igilur
1632 4004 1738 4068 sedulo
1753 4008 2020 4084 perpenderimus,
2037 4015 2147 4086 peren.

639 4093 852 4160 de⁶0⁸⁸⁰ribil⁸
874 4111 1034 4158 ⁶⁰⁷³⁶⁶⁸⁸a⁸
1054 4092 1112 4177 (¹)·
1240 4133 1249 4150 ν’
1371 4162 1373 4189 ,
1401 4105 1481 4167 tibus
1502 4099 1661 4168 societatis
1681 4100 1748 4162 lesu
1769 4098 1913 4177 alumnis,
1930 4100 2093 4180 privilegia
2113 4117 2146 4163 ac

1372 4202 1373 4213 ¹
1400 4198 1569 4271 facultates,
1600 4195 1712 4274 quibus
1733 4209 1772 4255 ex
1795 4195 2060 4273 praedecessorum
2092 4211 2146 4258 no·

856 4267 929 4336 [²⁰
951 4267 1011 4335 ΡΡ·
1037 4265 1094 4335 ΧΙΙ·
1401 4298 1539 4352 suarum
1568 4287 1652 4352 nanu
1675 4286 1722 4348 ιιι.
1746 4293 1777 4349 et
1799 4286 1867 4349 utu
1897 4287 2004 4349 struem
2027 4287 2076 4349 ιιι.
2101 4289 2146 4350 tn-

741 4394 777 4462 ad
798 4395 928 4462 futuram
954 4393 997 4460 rel
1024 4391 1202 4460 memoriam.
1373 4424 1376 4469 ,
1402 4383 1560 4460 dulgentia
1582 4381 1613 4444 S.
1638 4381 1773 4457 ignatius
1794 4389 1901 4444 anctus
1921 4388 1991 4443 ante
2013 4381 2148 4444 celebra·

1404 4477 1521 4539 tionem
1543 4474 1685 4536 sessionis
1705 4473 1842 4536 decimae
1859 4490 1891 4536 se
1915 4475 2006 4536 timae
2021 4482 2052 4536 et
2068 4476 2147 4537 inse·

373 4589 585 4654 ‚uemorqturre
643 4587 661 4660 ἓ
685 4583 710 4644 l.
733 4583 821 4644 Plura
845 4580 925 4640 inter
940 4585 970 4640 et
987 4577 1122 4654 egregia,
1138 4589 1216 4653 quae
1231 4571 1346 4634 summi
1403 4570 1566 4647 quentium
1589 4584 1688 4645 usqne
1708 4568 1744 4628 ad
1763 4490 1950 4646 postremlaim
1965 4568 2149 4644 vigesimam

372 4645 585 4742 {ritssg'sffii’effirss
604 4677 722 4741 coxxsilii
742 4673 885 4738 Pontifex
900 4674 969 4735 Pius
985 4673 1046 4736 llll.
1065 4670 1279 4748 praedecessor
1293 4689 1348 4734 no·
1403 4662 1542 4740 quintam
1566 4659 1694 4724 Concilii
1715 4660 1903 4731 Tridentini,
1926 4662 2065 4739 itemque
2079 4661 2149 4723 alias

373 4749 586 4851 ἷῗὲιιιῗαιῗέῗῗιο
603 4787 667 4840 ster
688 4793 759 4838 curu
788 4783 859 4835 ante
889 4787 976 4832 suam
999 4787 1035 4831 ex
1058 4769 1134 4832 urbe
1165 4767 1348 4846 deportatio·
1404 4758 1504 4910 eitletsst
1520 4755 1662 4913 StssieloGti
1678 4753 2149 4913 ιΒίιιιιὲζιιΙιΙεΡοῑιιῧΓιξιίιιιεξῗιιῖ-

649 4889 676 4934 m
715 4881 781 4934 tum
824 4875 871 4930 ost
892 4867 958 4928 eius
980 4867 1114 4928 reditum
1157 4859 1348 4924 roreiclxri-
1404 4861 1452 4912 cto
1499 4867 1525 4910 to
1579 4895 1599 4924 .,
1650 4864 1771 4924 regorio
1859 4863 1900 4909 .e
1958 4863 2053 4908 rano
2139 4891 2145 4904 .

604 4891 720 5030 gretan'ae
741 4885 822 5026 treug
844 4961 981 5042 perfecit,
1004 4959 1079 5020 illud
1101 4878 1249 5034 prlefecte,
1267 4953 1347 5032 qnod
1376 4976 1378 5041 ι
1406 4947 1546 5021 tributas,
1569 4960 1619 5005 eas
1640 4943 1766 5022 quidem
1792 4849 1974 5019 affligendas
1996 4941 2150 5003 existima·

607 5063 803 5133 Societatem,
824 5057 873 5119 cui
895 5075 910 5116 a
932 5060 1057 5133 parente
1089 5051 1199 5115 Sancto
1232 5047 1348 5124 ignatio
1405 5045 1519 5117 vimus,
1543 5056 1616 5194 quai
1638 5048 1706 5098 tum
1728 5054 1765 5098 ex
1786 5037 1925 5098 eiusdem
1951 5035 2081 5186 (ὶοιιιιιιιί
2102 5033 2150 5095 de-

637 5176 649 5216 :
755 5209 756 5212 ,
852 5149 985 5210 iditum
1030 5147 1053 5205 si
1079 5145 1181 5206 uidem
1211 5141 1267 5202 isi
1316 5155 1349 5200 er
1406 5139 1563 5211 cretisac
1592 5133 1734 5210 reinceps
1762 5131 1913 5192 escariis
1943 5145 2152 5207 praececesso

605 5158 846 5329 ἑῑιίιῑὲίθῐιὶιῗῐὲἓῃεθ
863 5165 992 5316 1clrbtulit,
1010 5146 1089 5301 §legs
1105 5251 1176 5298 curn
1192 5157 1349 5311 scelusque
1407 5247 1478 5294 rum
1501 5237 1680 5291 nostrorum
1709 5223 1995 5296 constitutionibus,
2025 5231 2094 5284 tunt
2115 5238 2150 5283 ex

607 5349 672 5408 lesu
698 5343 759 5402 fillo
789 5336 934 5402 baiulanti
964 5349 1087 5396 crucem
1117 5325 1351 5405 commendans)
1408 5334 1584 5401 temporum
1605 5317 1808 5382 inclinatione
1830 5324 1859 5378 et
1881 5317 2030 5378 hodierna
2046 5315 2152 5376 Roma·

608 5435 835 5501 instaurandam
858 5429 986 5492 carrarit.
1011 5425 1176 5488 Neminem
1198 5437 1289 5499 porro
1310 5420 1352 5482 la·
1408 5435 1465 5482 uae
1490 5415 1643 5479 Ecclesiae
1674 5411 1834 5491 disciplina
1865 5410 1951 5472 nobis
1983 5409 2086 5470 visum
2107 5414 2152 5470 est

967 5525 971 5534 '
1037 5521 1217 5582 luistiauam
1261 5517 1351 5578 raeci·
1408 5512 1564 5575 exredire.

608 5536 1082 5708 {eseqtreffix'pctaagrxgoffimzda
1097 5631 1133 5676 ex
1149 5613 1205 5674 lxac
1220 5535 1282 5689 ipsa
1299 5610 1353 5672 Se·
1448 5529 1515 5684 Ῑὲἳ.
1540 5605 1732 5682 Quapropter
1758 5600 1940 5662 auctoritate
1962 5602 2062 5660 nostra
2086 5611 2153 5674 apo·
2182 5609 2334 5711 ,sequeus

610 5723 730 5794 dietate,
753 5733 831 5796 qnae
854 5715 994 5775 virorum
1015 5719 1046 5771 et
1068 5709 1181 5786 pietate
1202 5713 1233 5767 et
1249 5703 1354 5766 multi·
1408 5700 1514 5762 stolica
1535 5699 1657 5760 easdem
1678 5696 1756 5776 ipsas
1778 5695 1977 5766 innovamus,
1993 5691 2153 5754 confirma·
2170 5675 2244 5715 '¹⁰⁰⁵'

652 5933 681 5988 lt)
697 5931 760 5978 vide
776 5928 843 5976 infra
857 5933 933 5984 ereg.
948 5927 1009 5974 xvt.
1026 5926 1052 5970 et
1066 5925 1178 5974 Leonem
1191 5923 1256 5970 Xlll.
