4750 6980
347 553 401 609 at.
416 560 446 611 9.
468 560 536 614 1199
588 563 646 626 999

566 698 628 761 91111
644 699 817 764 Tridentini
834 701 978 778 praedicti
993 701 1123 765 decretis
1134 699 1311 762 huiusmodi

565 793 697 855 minime
711 797 913 874 adversantia,
926 802 956 858 91
971 811 1026 872 991
1040 795 1185 858 1919199
1200 792 1313 870 Supra·

564 885 712 948 sliensem
743 887 926 966 Episcopum
952 889 1038 967 prius
1059 887 1260 950 examinanda
1282 892 1312 946 91

565 979 768 1057 approbanda,
792 982 896 1059 edere,
919 990 950 1044 91
971 981 1060 1057 edita,
1088 980 1211 1058 9199919
1240 978 1311 1042 dicti

565 1070 665 1134 191911
686 1073 826 1152 Episcopi
841 1075 1070 1152 approbatione,
1086 1073 1249 1148 declarare,
1267 1071 1314 1132 in-

565 1168 855 1242 1919191919,9119
885 1168 1049 1230 99119199
1077 1166 1208 1226 191999
1233 1163 1312 1226 redi-

565 1273 640 1334 gere
660 1267 692 1320 91
713 1260 893 1338 reformare,
915 1261 1077 1324 99991199
1091 1259 1148 1322 alia
1163 1258 1202 1320 de
1217 1273 1311 1332 novo,

462 1341 465 1346 ’
566 1349 760 1429 9111919919,
784 1353 900 1416 eisdem
921 1361 1022 1415 tamen
1038 1352 1129 1414 sacris
1143 1349 1313 1413 canonibus

566 1451 596 1504 91
625 1444 897 1511 constitutionibus
922 1445 1094 1524 apostolicis
1122 1443 1313 1520 decretisque

566 1537 726 1613 praedictis
748 1539 879 1601 minime
900 1539 1102 1617 adversantia,
1118 1546 1161 1615 91,
1177 1545 1212 1599 91
1228 1551 1313 1614 9199·

565 1631 677 1708 191191,
694 1647 749 1708 991
763 1634 878 1696 dictum
897 1635 1082 1711 Episcopum
1099 1633 1184 1710 prius
1199 1631 1314 1696 exami-

567 1725 666 1788 nanda
687 1731 718 1788 et
739 1727 942 1807 approbanda,
964 1746 997 1792 99
1018 1744 1072 1806 991
1093 1743 1156 1804 999,
1178 1727 1214 1788 ad
1236 1740 1313 1803 quos

566 1825 679 1897 spectat
700 1828 730 1882 et
752 1823 900 1900 pertinet,
922 1841 955 1886 ac
976 1839 1030 1900 pro
1047 1831 1185 1900 tempore
1199 1828 1313 1898 specta·

567 1915 612 1975 bit
632 1923 662 1976 91
684 1916 862 1993 pertinebit,
884 1917 1072 1979 observanda
1086 1916 1144 1978 sub
1159 1915 1266 1992 poeuis
1281 1914 1313 1974 in

566 2009 836 2070 contravenientes
857 2010 1045 2088 1911999919,
1058 2010 1203 2072 9119111191
1223 2008 1314 2070 edere

566 2102 664 2163 libere
685 2109 714 2163 et
735 2101 818 2164 licite
844 2104 961 2180 possint
981 2109 1012 2166 et
1034 2105 1167 2180 valeant,
1190 2104 1314 2181 plenam

562 2197 695 2258 liberam
716 2204 746 2258 et
767 2199 977 2261 omnimodam
1009 2198 1196 2276 facultatem,
1229 2205 1314 2276 pote-

564 2299 675 2354 statem
696 2293 960 2355 etauctoritatem
981 2293 1058 2356 dicta
1080 2293 1242 2370 apostolica
1261 2309 1313 2353 au·

565 2387 706 2448 ctoritate
728 2393 876 2463 perpetuo
904 2386 1101 2450 concedimus
1121 2393 1152 2447 et
1174 2387 1314 2464 imperti-

565 2498 647 2544 mur.

335 2577 548 2677 regffipgqollpurgff
606 2576 694 2653 §lb
719 2577 760 2638 Ac
782 2579 981 2654 erectionem,
1006 2579 1246 2656 institutionem,
1262 2578 1313 2640 de·

335 2687 386 2738 tur,
408 2693 476 2739 quaa
499 2685 548 2748 ou-
567 2671 1310 2754 claratiouem,dismembrationem,divisionem,

335 2740 548 2838 ffilssss‘ssffi'ss}
565 2766 1311 2845 separationem,disiunctionem,exemptionem,

565 2859 821 2937 suppositionem,
844 2861 1080 2936 subiectionem,
1101 2861 1263 2940 utriusque
1278 2861 1312 2923 li·

566 2954 686 3016 centiae
707 2961 737 3016 et
752 2953 904 3016 facultatis
919 2955 1174 3033 impartitionem,
1191 2972 1313 3018 conces·

566 3046 696 3119 sionem,
719 3047 970 3123 assignationem,
987 3049 1157 3124 indultum,
1175 3067 1232 3113 nec
1248 3069 1311 3116 non

565 3143 689 3202 easdem
710 3148 886 3218 praesentes
906 3157 1030 3220 semper
1051 3151 1082 3205 et
1096 3153 1246 3222 perpetuo
1262 3165 1313 3208 va-

566 3233 641 3296 lidas
660 3241 692 3295 91
713 3235 848 3298 efficaces
875 3237 1017 3312 existere,
1047 3255 1181 3318 suosque
1208 3240 1313 3317 plena-

566 3329 627 3390 1199
648 3339 679 3391 91
700 3330 838 3405 integros
851 3330 978 3392 91199199
991 3332 1097 3394 9911111
1111 3342 1143 3396 91
1158 3334 1310 3412 99119919,

566 3439 599 3484 99
620 3423 656 3484 ab
683 3423 827 3484 omnibus
850 3431 880 3484 et
900 3424 1043 3502 siugulis,
1066 3427 1102 3488 ad
1124 3444 1201 3506 quos
1227 3445 1312 3491 nunc

564 3523 679 3596 spectat
701 3524 731 3578 et
752 3532 807 3593 pro
830 3523 970 3595 tempore
993 3520 1224 3598 quomodolibet
1245 3537 1311 3600 spe·

565 3611 658 3674 ctabit
679 3611 712 3672 in
729 3611 883 3686 laturum,
900 3612 1032 3674 firmiter
1047 3621 1077 3675 ct
1091 3614 1312 3680 iuviolabiliter

564 3705 721 3769 observari
741 3703 866 3778 debere,
881 3722 915 3766 ac
930 3705 993 3766 ullo
1009 3723 1156 3787 umquam
1173 3717 1312 3786 temporo

565 3816 610 3868 ex,
630 3814 827 3878 quocumque
857 3797 955 3874 capite
984 3799 1033 3861 991
1061 3799 1196 3878 qualibet
1223 3819 1312 3865 causa

564 3891 765 3971 quantumvis
786 3891 912 3952 iuridica
933 3899 964 3953 91
986 3893 1135 3971 legitima,
1158 3896 1250 3958 etiam
1274 3913 1311 3958 ex

565 4003 613 4062 eo,
636 3987 716 4063 quod
735 4000 842 4046 causae
856 3992 982 4062 propter
996 4003 1070 4064 quas
1084 3989 1211 4050 eaedem
1226 4005 1311 4066 prae·

564 4091 667 4143 sentes
688 4088 885 4158 emanarunt,
909 4081 1067 4157 adductae,
1091 4083 1266 4146 9911199199
1281 4091 1310 4145 91

565 4175 745 4236 iustificatae
760 4189 824 4235 non
839 4173 968 4251 1991191,
985 4175 1022 4236 de
1037 4175 1246 4252 subreptionis
1261 4177 1309 4238 vel

565 4268 765 4344 obreptionis,
789 4275 841 4328 aut
869 4266 1021 4329 nullitatis
1053 4274 1082 4328 et
1112 4269 1311 4333 invaliditatis

566 4361 653 4435 vitio,
669 4377 724 4423 seu
745 4359 928 4422 intentionis
943 4367 1077 4435 nostrae,
1093 4369 1146 4423 991
1161 4378 1311 4440 quocum·

564 4471 625 4532 que
645 4454 705 4514 9119
732 4453 932 4532 99911199919
960 4469 1082 4530 99999,
1104 4455 1310 4535 substantiali,

564 4547 782 4624 inexcogitata,
813 4546 1052 4623 inexcogitabili,
1084 4565 1117 4610 99
1147 4550 1310 4626 specialem

564 4647 594 4702 et
610 4640 801 4702 individuam
816 4640 1009 4701 mentionem
1027 4649 1057 4702 91
1079 4644 1309 4718 expressionem

564 4733 745 4811 requirente
766 4731 899 4806 delectu,
922 4749 976 4794 seu
998 4735 1091 4795 etiam
1110 4751 1148 4795 ex
1164 4751 1211 4812 eo,
1228 4735 1309 4814 quod

564 4826 596 4888 in
617 4826 791 4904 praemissis
816 4839 990 4903 eorumque
1010 4826 1112 4905 aliquo
1133 4828 1310 4890 solemnita-

564 4929 609 4982 tes
625 4927 657 4981 et
678 4919 804 4998 quaevis
819 4918 874 4979 alia
891 4919 1040 4979 servanda
1055 4925 1086 4980 et
1101 4921 1306 4999 adimplenda,

563 5021 683 5076 servata
704 5020 735 5074 et
756 5011 921 5089 adimpleta
951 5028 1013 5074 uon
1044 5013 1173 5090 luerint,
1196 5024 1248 5076 aut
1270 5033 1308 5078 ex

564 5120 762 5184 quocumque
793 5104 975 5182 9119999119
998 5104 1035 5166 de
1057 5107 1125 5168 iure
1147 5107 1197 5169 vel
1218 5107 1307 5186 iacto,

562 5215 616 5261 seu
638 5206 751 5261 statuto
773 5197 823 5259 vel
843 5198 1190 5278 consuetudiuealiqua
1214 5201 1309 5264 resul-

563 5300 660 5366 tante,
673 5291 831 5353 sedetiam
847 5292 1250 5371 enormis,enormissimae,
1266 5303 1309 5356 to-

564 5384 694 5461 talisque
718 5383 859 5445 laesionis
881 5389 932 5444 991
960 5401 1158 5463 999999999
1179 5385 1239 5448 9119
1261 5405 1310 5448 co·

565 5477 640 5552 lore,
670 5485 842 5554 praetextu,
872 5475 970 5538 aliave
1000 5477 1119 5540 ratione
1149 5478 1200 5540 vel
1222 5497 1309 5542 causa

564 5571 764 5647 quantumvis
786 5571 877 5647 iusta,
895 5569 1076 5644 rationabili,
1093 5571 1234 5648 iuridica,
1247 5573 1306 5649 pia,

563 5663 755 5740 privilegiata
777 5663 892 5740 911911,
916 5680 992 5741 9999
1009 5663 1045 5724 ad
1065 5663 1211 5726 ellectum
1234 5665 1308 5727 vali·

563 5756 910 5834 ditatispraemissorum
924 5757 1093 5818 necessario
1107 5759 1308 5833 exprimenda

563 5850 653 5927 loret,
676 5859 727 5913 991
748 5852 828 5929 quod
850 5852 886 5912 de
904 5850 1064 5911 voluntate
1079 5860 1182 5912 nostra
1198 5859 1228 5912 et
1243 5851 1309 5913 aliis

562 5947 703 6022 superius
718 5945 868 6021 expressis
883 5943 993 6006 nullibi
1009 5953 1181 6022 appareret,
1195 5945 1307 6022 notari,

1093 581 1157 626 11111.
1183 581 1273 626 bonu.
1297 579 1337 624 DE
1360 580 1387 622 P.
1411 580 1440 624 F·
1465 582 1547 627 PARS
1570 583 1590 626 1.

2022 9 2372 300 *t

2149 561 2200 614 Au.
2213 565 2241 616 G.
2262 567 2321 620 ttae

1367 699 1555 776 impugnari,
1572 701 1746 776 invalidari,
1760 703 1930 776 retractari,
1947 700 1979 762 in
2002 701 2049 762 ius
2067 701 2116 761 vel

1365 794 1606 856 controversiam
1626 795 1776 870 revocari,
1792 796 1895 858 autad
1911 794 1993 855 viam
2009 800 2039 857 ct
2055 803 2116 876 ter·

1367 885 1467 946 minos
1490 886 1566 949 19119
1588 887 1704 960 reduci,
1728 894 1780 949 aut
1807 888 1954 951 adversus
1979 887 2117 950 1119919-

1365 978 1535 1041 stitutionis
1556 980 1591 1042 ad
1615 980 1697 1041 viam
1717 987 1750 1042 et
1772 982 1921 1042 terminos
1952 981 2040 1054 19919,
2063 989 2116 1044 9111

1366 1070 1449 1132 alind
1471 1073 1689 1151 quodcumque
1711 1073 1786 1134 iuris
1806 1073 1982 1136 huiusmodi
2004 1074 2053 1137 vel
2074 1075 2116 1138 la·

1366 1163 1418 1238 cti,
1428 1171 1479 1226 aut
1491 1165 1607 1240 gratiae
1619 1164 1669 1226 991
1683 1165 1816 1228 iustitiae
1833 1165 2007 1228 remedium
2020 1167 2116 1244 impe-

1368 1255 1453 1331 trari,
1470 1272 1524 1315 seu
1546 1257 1777 1334 quomodolibet
1795 1258 1888 1320 etiam
1903 1269 2002 1336 motu,
2018 1261 2116 1322 scien·

1368 1347 1407 1407 tia
1427 1353 1460 1408 et
1481 1350 1638 1426 potestatis
1661 1350 1856 1427 plenitudiue
1875 1352 2030 1414 similibus
2044 1369 2116 1416 con-

1367 1457 1449 1502 cesso
1471 1450 1503 1503 et
1532 1443 1695 1520 impetrato
1725 1445 1902 1522 quempiam
1928 1447 1975 1508 uti
2002 1463 2058 1510 seu
2083 1463 2116 1509 se

1368 1533 1467 1594 iuvari
1490 1535 1520 1596 in
1543 1534 1658 1598 iudicio
1680 1537 1728 1598 vel
1750 1544 1836 1599 extra
1852 1537 1928 1600 illud
1945 1551 2044 1617 posse,
2061 1556 2114 1602 ue·

1367 1641 1429 1704 que
1449 1629 1571 1689 easdem
1593 1637 1769 1704 praesentes
1786 1633 1843 1694 sub
1857 1633 2017 1712 quibusvis
2031 1635 2116 1696 simi·

1367 1719 1446 1782 lium
1469 1721 1517 1782 991
1539 1720 1735 1786 dissimilium
1758 1725 1928 1800 gratiarum
1947 1727 2116 1790 revocatio·

1369 1813 1471 1888 nibus,
1493 1817 1757 1893 suspensionibus,
1781 1818 2029 1896 limitationibus,
2051 1836 2115 1882 mo·

1367 1905 1602 1986 dilicatiouibus,
1625 1909 1875 1988 derogationibus
1893 1913 2021 1992 aliisque
2043 1930 2116 1976 con·

1369 2003 1470 2064 trariis
1488 2004 1737 2082 dispositionibus
1752 2021 1806 2084 per
1820 2023 2033 2086 quoscumque
2048 2007 2116 2070 lite·

1369 2113 1415 2158 ras
1431 2101 1461 2158 91
1476 2097 1712 2161 99991119119999
1727 2101 1916 2180 99991911999,
1932 2109 1985 2164 991
1999 2103 2115 2166 999991·

1369 2188 1458 2250 191199
1480 2191 1659 2268 apostolicae
1684 2193 1816 2268 regulas,
1838 2194 1931 2256 etiam
1955 2196 1987 2257 in
2011 2197 2115 2258 crasti-

1369 2297 1447 2343 num
1468 2285 1685 2363 assumptionis
1708 2294 1831 2348 nostrae
1852 2295 1883 2348 91
1903 2304 2116 2352 successorum

1370 2384 1549 2439 nostrorum
1572 2377 1739 2442 Romanor.
1760 2379 1947 2444 Pontificum
1968 2398 2023 2460 pro
2039 2389 2116 2446 199·

1368 2487 1442 2550 9919
1476 2471 1679 2535 existentium
1709 2475 1744 2536 ad
1779 2475 1896 2537 summi
1930 2477 2115 2554 apostolatus

1367 2565 1495 2642 apicem,
1520 2565 1614 2627 etiam
1635 2573 1735 2642 motu,
1757 2566 1885 2629 scientia
1907 2575 1939 2630 et
1959 2571 2116 2646 potestatis

1367 2659 1561 2738 plenitudine
1581 2658 1736 2722 similibus
1757 2660 1849 2722 etiam
1863 2662 2116 2725 consistorialiter
2133 2679 2149 2706 ·

1367 2770 1405 2816 ex
1435 2754 1683 2833 quibuscumque
1715 2754 1883 2817 verborum
1911 2757 2116 2834 expressioni-

1366 2846 1434 2922 bus,
1458 2848 1616 2910 tenoribus
1638 2856 1670 2910 et
1685 2848 1802 2924 termis,
1819 2865 1937 2911 99999
1954 2849 2115 2928 quibusvis

1366 2940 1511 3004 clausulis
1532 2948 1563 3002 et
1584 2941 1725 3017 decretis,
1741 2941 1860 3004 etiamsi
1882 2942 1915 3004 in
1941 2943 1985 3004 eis
2006 2945 2044 3006 de
2065 2944 2117 3006 iis·

1367 3036 1437 3098 dem
1469 3035 1680 3112 praesentibus
1710 3049 1880 3114 earumque
1912 3043 1976 3098 toto
2006 3043 2116 3098 tenore

1365 3145 1399 3190 ac
1420 3129 1487 3192 data
1514 3127 1652 3206 specialis
1684 3127 1802 3190 mentio
1830 3129 1893 3202 fiat,
1916 3127 2012 3192 editas
2033 3139 2064 3192 et
2085 3129 2116 3192 in

1366 3229 1524 3302 posterum
1545 3220 1676 3285 edendas
1707 3221 1939 3299 comprehendi,
1961 3224 2013 3286 sed
2034 3240 2115 3286 sem·

1366 3335 1421 3397 per
1441 3324 1471 3378 et
1493 3317 1622 3378 omuino
1643 3316 1756 3378 abillis
1770 3316 1880 3394 excipi,
1897 3325 1928 3378 et
1942 3318 2063 3396 quoties
2080 3319 2115 3379 il-

1367 3413 1412 3474 lae
1433 3409 1632 3486 emanabant,
1656 3410 1747 3472 toties
1768 3409 1800 3471 in
1823 3411 1990 3488 pristinum
2011 3421 2042 3473 et
2063 3428 2114 3474 va-

1367 3506 1558 3612 lidissimum
1574 3522 1607 3567 ac
1628 3521 1713 3579 9919,
1736 3505 1769 3567 19
1791 3521 1852 3583 999
1875 3513 1964 3568 99199
1987 3522 2115 3584 quomo-

1367 3599 1481 3662 dolibet
1497 3606 1598 3673 eraut,
1611 3603 1725 3664 statum
1740 3600 1910 3674 restitutas,
1924 3600 2071 3679 repositas
2085 3607 2115 3660 et

1366 3694 1503 3772 plenarie
1524 3695 1727 3770 reintegratus
1749 3693 1814 3754 1919
1836 3701 1866 3755 91
1886 3707 1963 3753 9999.

1406 3791 1425 3865 ἓ
1448 3789 1494 3851 17.
1518 3786 1640 3866 Sioque,
1655 3795 1687 3848 91
1702 3802 1765 3848 999
1780 3784 1864 3861 91199,
1880 3801 1935 3864 991
1950 3803 2114 3865 9999999-
2155 3795 2272 3843 clausura
2284 3795 2330 3842 sut-

1367 3899 1427 3962 que
1448 3881 1563 3944 iudices
1584 3880 1756 3943 ordinarios
1777 3889 1808 3942 91
1823 3882 1990 3956 delegatos,
2006 3881 2114 3960 quavis
2133 3849 2191 3952 1ῗῖ
2210 3850 2330 3950 1119181ξῇ

1366 3975 1546 4040 99919111919
1567 3973 1746 4048 199999199,
1763 3990 1796 4034 19
1818 3974 1945 4038 5999199
1960 3975 2115 4038 Romanae
2369 3985 2370 4034 t

1368 4069 1519 4133 Ecclesiae
1548 4066 1718 4146 praedictae
1749 4067 1936 4138 cardinales,
1964 4069 2057 4129 etiam
2077 4067 2115 4130 de
2369 4041 2370 4131 1

1367 4165 1473 4237 191919,
1487 4169 1521 4224 91
1536 4159 1721 4239 9199191191,
1735 4160 1874 4236 Legatos,
1887 4161 2046 4239 dictaeque
2062 4160 2115 4222 Se·
2368 4223 2369 4226 ,

1366 4259 1411 4318 dis
1432 4256 1569 4318 Nuncios
1590 4253 1779 4328 huiusmodi,
1797 4254 1934 4332 aliosque
1948 4269 2115 4331 quoscum·
2368 4261 2369 4272 ¹

1366 4367 1426 4429 que
1448 4349 1554 4428 quavis
1571 4341 1764 4421 auctoritate,
1781 4354 1940 4426 potestate,
1956 4347 2112 4421 facultate,

1366 4442 1576 4522 praerogativa
1607 4458 1640 4502 ac
1669 4439 1832 4519 privilegio
1863 4439 2049 4516 iungentes,
2081 4457 2116 4504 99

1366 4539 1482 4599 1199919
1504 4543 1534 4597 91
1556 4531 1980 4612 9199991999119191999199,
1996 4533 2115 4595 sublata

1364 4633 1460 4694 91991
1489 4646 1598 4693 eorum
1629 4629 1887 4706 99111991999919
1919 4626 2008 4688 aliter
2037 4628 2115 4690 iudi·

1365 4726 1453 4788 candi
1475 4733 1506 4788 et
1534 4721 1758 4800 interpretandi
1786 4720 1930 4783 facultate
1952 4729 1982 4782 et
2011 4730 2117 4783 aucto-

1365 4819 1456 4880 ritate
1472 4819 1503 4878 in
1526 4831 1724 4895 quocumque
1747 4814 1858 4878 iudicio
1872 4821 1903 4874 91
1919 4814 1950 4875 19
1966 4830 2115 4893 quacum-

1365 4927 1425 4990 que
1441 4910 1597 4985 instantia,
1616 4907 1743 4971 iudicari
1762 4915 1793 4968 et
1807 4906 1929 4968 deliniri
1945 4907 2068 4980 debere,
2083 4915 2115 4970 et

1364 5007 1389 5068 si
1410 5022 1497 5067 99999
1527 5020 1620 5082 super
1642 5003 1688 5064 bis
1710 5019 1726 5062 a
1747 5016 1903 5080 quoquam
1933 5002 2040 5080 quavis
2061 5021 2115 5065 au·

1364 5102 1504 5165 ctoritate
1524 5099 1660 5161 scienter
1680 5097 1731 5158 vel
1753 5097 1933 5172 ignoranter
1946 5097 2113 5172 9991199111

1364 5194 1519 5268 911991911,
1543 5191 1669 5254 11111919
1687 5199 1718 5252 91
1740 5190 1831 5250 19999
1852 5188 1930 5251 dicta
1946 5189 2113 5267 apostolica

1363 5287 1544 5351 auctoritate
1560 5291 1659 5358 motu,
1675 5283 1814 5357 scientia,
1828 5289 1861 5342 et
1876 5284 2035 5359 potestatis
2050 5284 2113 5362 ple-

1364 5381 1507 5444 nitudine
1528 5377 1679 5440 similibus
1701 5375 1906 5437 decernimus.

1403 5471 1492 5552 918.
1517 5472 1676 5533 Postremo
1702 5476 1807 5529 antem
1836 5468 2053 5544 desiderantes,
2078 5479 2113 5532 ut
2145 5489 2326 5552 9999199911-

1363 5567 1484 5644 9199919
1505 5563 1671 5642 9199191999
1692 5563 1735 5622 919
1756 5575 1810 5640 991
1833 5577 1899 5635 999,
1922 5569 1957 5623 91
1979 5562 2112 5640 9199191·
2131 5545 2227 5640 ᾓῖξῗῃδ
2242 5545 2327 5597 ³¹³⁰⁵¹⁰'

1364 5670 1427 5736 tur,
1449 5662 1485 5722 ad
1506 5656 1696 5736 spiritualem
1719 5655 1893 5718 animarum
1907 5655 2051 5730 99191919,
2068 5657 2112 5718 di-

1364 5755 1492 5831 vinique
1507 5751 1642 5813 nomiuis
1654 5749 1794 5826 gloriam,
1808 5758 1843 5810 91
1854 5748 2039 5828 9199191191,
2053 5752 2113 5813 dis·

1365 5848 1460 5927 posita
1480 5853 1511 5905 et
1533 5844 1683 5917 ordinata,
1699 5841 1818 5902 debitae
1839 5841 2042 5920 exequutioni
2061 5846 2112 5908 de·

1365 5941 1563 6012 mandentur,
1581 5942 1610 5998 et
1625 5950 1840 6014 quaecumque
1854 5934 2018 6014 obstacula,
2035 5957 2113 6018 quae
