4776 6974
331 537 385 590 An.
400 536 430 592 0.
453 533 521 592 1785

571 534 630 600 300

1075 551 1140 601 tua.
1165 553 1256 601 nour.
1279 555 1320 600 on
1342 557 1369 600 r.
1395 547 1423 600 r.
1448 555 1531 602 raas
1553 544 1574 600 1.

2133 527 2351 594 meme

552 673 632 734 tibus
654 671 715 734 tuis
736 671 824 746 adsIt,
846 687 982 750 suaeque
1002 673 1171 751 sapientiae
1192 679 1222 734 et
1238 673 1297 734 Ior-
1394 675 1412 748 ἓ
1433 674 1462 734 3.
1483 675 1689 738 decernentes
1705 673 1827 738 easdem
1842 681 2018 754 praesentes
2033 669 2100 737 lite·
2140 687 2279 734 clausura
2296 643 2377 729 snei

1353 783 1401 827 ras
1422 783 1545 846 semper
1566 769 1682 844 sirmas,
1706 769 1822 830 validas
1843 775 1873 830 et
1888 769 2023 832 efficaces
2037 769 2102 829 evi·
2120 741 2177 842 {2¹3
2194 740 2363 841 fittissfff‘

552 765 693 830 titudinis
713 764 825 844 spiritu
848 771 878 826 te
899 781 955 842 pro
976 764 1071 842 ipsivs
1096 766 1195 842 gloria
1217 765 1297 828 labo-

550 864 672 921 rantem
693 863 848 920 sustentet
869 863 901 920 et
922 859 1057 920 roboret.
1082 857 1124 920 Ac
1146 860 1178 920 in
1200 860 1297 922 coele·

549 953 645 1014 stium
666 966 836 1014 munerum
858 949 1040 1028 auspicium,
1063 952 1243 1029 summique
1264 951 1296 1012 in

515 1093 517 1100 ,
551 1054 580 1107 te
601 1044 714 1106 amoris
734 1044 834 1106 nostri
848 1043 973 1122 pignus,
989 1044 1186 1122 apostolicam
1204 1043 1297 1105 bene·

325 2925 406 2969 Tener
420 2927 525 2970 Precum

314 2983 484 3031 porrectarum
493 2977 525 3024 ab

312 3031 455 3077 ordinario.

549 1138 718 1200 dictionem
740 1138 842 1214 regiae
864 1136 1013 1198 maiestati
1038 1143 1106 1198 tuae
1121 1137 1233 1198 intimo
1248 1153 1297 1215 pa·

551 1232 632 1294 terni
646 1231 741 1293 animi
756 1247 848 1292 sensu
864 1229 1073 1292 amantissime
1085 1229 1294 1307 impertimur.

590 1326 700 1387 ilatum
729 1324 860 1398 Romae,
887 1325 966 1402 apud
996 1324 1026 1387 S.
1051 1324 1180 1385 Mariam
1206 1323 1298 1384 blaio·

550 1433 629 1492 rem,
651 1417 710 1478 sub
730 1415 846 1478 annulo
862 1415 1032 1492 piscatoris,
1049 1417 1099 1478 die
1114 1431 1208 1477 xxiii.
1228 1415 1295 1476 Iulii

550 1525 768 1584 uocctxxuv„
790 1508 988 1588 pontificatus
1004 1508 1104 1570 nostri
1125 1523 1208 1569 anno
1231 1523 1274 1570 xi.

800 1708 1053 1722 μ·

884 1889 960 1952 LVI.

551 2087 681 2162 Utrique
709 2081 791 2144 clero
819 2078 965 2139 claritatis
995 2083 1025 2136 et
1052 2073 1200 2134 dioecesis
1221 2087 1295 2134 son-

587 2187 657 2240 ctnc
681 2175 796 2238 Crucis
817 2172 899 2234 dello
922 2171 1034 2234 Sierrn
1056 2169 1091 2228 in
1107 2165 1209 2228 indiis
1224 2181 1294 2226 con·

554 2275 568 2300 ⁸
586 2271 668 2332 rodit
693 2282 841 2347 peregero
863 2261 1192 2326 commemorationem
1216 2258 1293 2320 Soat-

587 2365 631 2424 cti
654 2360 773 2439 Ioacplti
795 2360 831 2420 in
858 2355 957 2437 officio
978 2360 1008 2415 ot
1036 2353 1136 2414 misso
1159 2351 1294 2428 despon-

585 2455 724 2517 sota'onis
747 2454 863 2514 Beotoc
886 2448 1011 2514 Marica
1037 2445 1186 2524 Virginis.

800 2620 970 2690 Ρ1118ΡΡ.
995 2617 1041 2684 Vl.

630 2739 1151 2813 ·mmmmmwm

584 2925 603 3000 ἓ
627 2924 653 2985 1.
677 2923 770 2997 Cum,
795 2921 873 2984 sicut
897 2917 1083 2980 venerabilis
1111 2915 1206 2977 lrater
1229 2929 1293 2974 mo·

544 3021 659 3082 dernus
674 3016 841 3094 Episcopus
857 3015 985 3078 Sanctae
1000 3010 1105 3074 Crucis
1120 3009 1198 3072 della
1211 3007 1292 3070 Sier-

545 3129 576 3173 ra
600 3113 630 3173 in
654 3109 746 3172 Indiis
768 3108 857 3170 nobis
878 3121 979 3184 nuper
999 3103 1113 3181 exponi
1128 3101 1212 3175 lecit,
1229 3100 1292 3178 ipse

544 3223 599 3286 pro
621 3202 770 3283 peculiari
789 3217 844 3262 sua
865 3200 976 3277 suique
994 3195 1099 3274 populi
1121 3209 1195 3271 erga
1215 3193 1294 3256 San-

544 3309 630 3362 ctum
644 3297 808 3376 losephum
822 3295 998 3369 devotione,
1012 3293 1045 3354 in
1060 3291 1159 3353 allucio
1175 3297 1206 3352 et
1220 3289 1293 3350 mis·

543 3412 574 3455 sa
595 3389 843 3470 Desponsatmnis
871 3388 981 3449 Beatae
1009 3384 1119 3447 Mariae
1141 3381 1290 3458 Virginis,

542 3483 871 3549 commemorationem
893 3478 1030 3542 eiusdem
1055 3477 1157 3540 Sancti
1173 3475 1291 3553 Iosephi

544 3582 610 3642 eius
631 3578 733 3657 sponsi
756 3577 793 3638 ab
814 3583 947 3652 utroque
967 3573 1051 3635 clero
1071 3587 1144 3632 suae
1158 3569 1291 3632 civitatis

502 3653 513 3668 ’
543 3682 574 3735 et
595 3671 741 3734 dioecesis
763 3669 932 3749 praedictae
954 3665 1020 3728 deri
1045 3680 1133 3742 posse
1154 3679 1290 3724 summo-

348 3868 522 3914 concessionis

311 3925 391 3966 tenor.

542 3782 616 3845 pere
635 3764 758 3840 cupIat:

582 3859 600 3933 S
621 3859 650 3920 2.
675 3855 737 3918 Nos
758 3854 876 3915 dictum
898 3853 1086 3914 modernum
1104 3851 1289 3930 Episcopum

541 3949 722 4030 specialibus
737 3946 843 4024 gratiis
858 3953 889 4008 et
905 3945 1059 4007 lavoribus
1076 3943 1219 4022 prosequi
1238 3959 1289 4004 vo·

542 4045 640 4107 lentes
667 4050 699 4104 et
719 4057 735 4102 a
760 4039 922 4119 quibusvis
944 4036 1286 4111 excommunicationis,

539 4134 750 4216 suspensionis
780 4139 812 4194 et
842 4131 1011 4206 interdicti,
1038 4130 1168 4208 aliisque
1195 4127 1289 4191 eccle·

541 4231 669 4292 siasticis
690 4225 842 4299 censuris,
854 4224 1018 4286 sententiis
1041 4229 1071 4284 et
1093 4221 1200 4300 poenis
1215 4237 1290 4299 quo-

540 4324 588 4384 vis
610 4323 701 4384 modu
722 4327 753 4382 et
773 4333 970 4397 quacumque
992 4317 1029 4378 de
1050 4331 1138 4377 causa
1162 4315 1241 4390 latIs,
1263 4316 1288 4375 si

541 4431 616 4494 quas
638 4415 716 4475 lorte
737 4411 881 4485 incurrit,
905 4409 997 4470 buius
1021 4414 1143 4470 tantum
1161 4408 1205 4469 rei
1221 4423 1288 4485 gra·

542 4510 582 4570 tia
604 4506 797 4568 absolventes
824 4512 854 4565 et
875 4501 1051 4564 absolutum
1073 4501 1137 4562 lore
1158 4516 1287 4564 censen-

542 4607 598 4674 tes,
614 4597 888 4677 supplicationibus
902 4595 968 4656 eIus
983 4593 1114 4657 nomine
1128 4594 1216 4656 nobis
1233 4595 1288 4656 bu-

542 4691 657 4753 militer
671 4689 820 4769 porrectis
833 4687 990 4750 inclinati:
1008 4693 1124 4750 attenta
1136 4687 1286 4749 relatione

541 4783 643 4846 dilecti
666 4783 721 4844 Illii
734 4781 876 4858 magistri
890 4779 961 4843 Iulii
975 4780 1087 4842 Mariae
1101 4779 1139 4840 de
1154 4777 1287 4842 SomaIIa

540 4875 797 4954 congregationis
824 4873 1051 4936 venerabilium
1078 4873 1211 4935 Iratrum
1233 4889 1286 4935 no·

539 4980 676 5034 strorum
697 4970 825 5033 Sanctae
846 4966 1001 5028 Romanae
1017 4965 1167 5028 Ecclesiae
1183 4965 1285 5028 dardi·

539 5065 660 5127 nalium
679 5062 771 5127 sacris
792 5061 903 5123 ritibus
925 5059 1169 5138 praepositorum
1187 5075 1285 5121 secre-

539 5159 626 5234 tarii;
649 5166 684 5220 ut
705 5157 738 5219 in
760 5160 918 5235 posterum
939 5153 976 5214 ab
997 5159 1131 5231 utroque
1146 5151 1229 5214 clero
1244 5152 1286 5214 ci-

539 5251 642 5312 vitatis
673 5257 703 5312 et
734 5247 881 5311 dioecesis
911 5252 1034 5308 sanctae
1064 5245 1171 5307 Crucis
1205 5243 1284 5306 della

539 5343 641 5405 Sierra
662 5343 695 5404 in
717 5340 810 5403 indiis
830 5336 1085 5402 commemoratio
1106 5337 1210 5400 Sancti
1238 5338 1283 5399 lu-

536 5435 623 5515 sephi
647 5433 757 5514 Sponsi
779 5433 887 5494 Beatae
908 5430 1017 5492 Mariae
1042 5429 1176 5506 Virginis
1193 5431 1226 5490 in
1241 5430 1285 5491 ol·

538 5530 606 5590 facio
627 5525 668 5591 et'
680 5528 771 5589 missa
792 5525 1042 5606 Desponsatmnis
1057 5524 1196 5588 eiusdem
1211 5526 1286 5586 Bea-

539 5630 585 5684 tae
607 5621 719 5685 blaviae
739 5619 878 5696 Virginis
899 5620 1003 5698 peragi
1031 5619 1128 5681 libere
1149 5627 1179 5680 et
1202 5619 1283 5681 licite

537 5715 631 5792 possit
648 5731 681 5774 ac
701 5712 811 5790 valeat,
827 5713 1002 5776 facultatem
1017 5711 1200 5776 auctoritate
1214 5727 1283 5790 apo-

537 5809 642 5870 stolica
666 5815 775 5869 tenure
803 5807 1012 5884 praesentium
1034 5806 1232 5869 concedimus
1253 5813 1284 5865 et

537 5900 747 5984 impertimur.

1352 867 1434 921 stere
1456 868 1486 922 et
1508 861 1585 936 Iure,
1602 876 1735 940 suosque
1749 861 1903 939 plenarios
1918 868 1949 923 et
1963 863 2101 938 integros

1353 953 1479 1016 allectus
1500 955 1605 1016 sortiri
1626 963 1656 1016 et
1679 955 1832 1029 obtinere,
1856 955 2000 1032 dictoque
2018 954 2101 1016 clero

1354 1046 1386 1106 in
1408 1046 1553 1108 omnibus
1574 1051 1605 1108 et
1628 1063 1682 1125 per
1708 1047 1811 1108 omnia
1840 1047 2018 1124 plenissime
2038 1045 2101 1108 sul-

1352 1137 1481 1214 lragari;
1505 1137 1610 1216 sicque
1629 1138 1661 1200 in
1678 1139 1852 1217 praemissis
1867 1153 1922 1216 per
1937 1154 2101 1218 quoscum·

1352 1245 1412 1308 que
1435 1229 1550 1292 iudices
1571 1230 1742 1292 ordinarios
1763 1239 1794 1294 et
1816 1232 1984 1308 delegatos,
2008 1231 2101 1293 etiam

1351 1339 1514 1385 causarum
1532 1323 1633 1403 palatii
1655 1325 1811 1403 apostolici
1833 1325 1999 1399 auditores,
2023 1323 2102 1387 iudi·

1350 1414 1413 1477 cari
1428 1425 1460 1477 et
1480 1416 1604 1480 dedniri
1618 1417 1742 1494 debere,
1758 1435 1791 1480 ac
1807 1419 1935 1481 irritum
1950 1425 1980 1480 et
1995 1419 2100 1492 inane,

1352 1507 1377 1569 si
1399 1524 1486 1572 secus
1514 1527 1607 1588 super
1628 1511 1675 1572 Ins
1703 1527 1897 1590 aquoquam
1918 1511 2025 1589 quavIs
2048 1527 2101 1573 au·

1351 1601 1494 1665 ctoritate
1513 1603 1648 1666 scienter
1663 1604 1712 1665 vel
1731 1603 1914 1680 ignoranter
1934 1604 2101 1680 contigerit

1352 1697 1508 1756 attentari.

1393 1787 1460 1860 §In
1486 1787 1554 1852 Non
1582 1789 1774 1854 obstantibus
1800 1779 2039 1869 apostolicique
2066 1791 2098 1853 in
2132 1801 2377 1861 octogesima-l

1353 1883 1580 1945 universalibus
1601 1883 1905 1963 provincialibusque
1926 1891 1957 1946 et
1970 1886 2100 1961 synoda-

1352 1977 1431 2040 libus
1453 1978 1589 2040 conciliis
1610 1980 1700 2041 editis
1729 1979 1926 2055 generalibus
1954 1978 2004 2040 vel
2031 1993 2099 2058 spe-

1351 2069 1477 2132 cialibus
1497 2072 1772 2134 constitutionibus
1792 2078 1823 2134 et
1838 2072 2097 2147 ordinationibus,

1350 2163 1541 2242 caeterisque
1563 2165 1724 2227 contrariis
1745 2165 2005 2243 quibuscumque.

2116 1859 2280 1906 treviorum.
2376 1875 2377 1918 ,

1391 2258 1410 2331 ς
1431 2256 1460 2317 ὅ.
1478 2256 1631 2320 Volumus
1645 2267 1762 2332 autem,
1776 2265 1811 2318 ut
1822 2259 2002 2320 earumdem
2012 2274 2100 2336 prae·
2127 2279 2204 2324 sices
2216 2277 2349 2324 assensa
2376 2253 2377 2338 I

1349 2351 1488 2412 sentium
1510 2350 1672 2413 literarum
1695 2351 1909 2428 transumptis,
1925 2351 2018 2412 etiam
2041 2352 2100 2412 im·

1350 2444 1473 2521 pressis,
1496 2452 1527 2505 et
1555 2459 1651 2506 manu
1681 2443 1811 2506 alicuine
1839 2443 1952 2506 notarii
1983 2443 2097 2522 publici

1349 2536 1539 2615 subscriptis,
1561 2551 1595 2597 ac
1615 2536 1717 2613 sigillo
1739 2551 1888 2614 personae
1909 2536 1942 2596 in
1957 2535 2099 2597 ecclesia-

1348 2633 1422 2694 stica
1443 2634 1594 2710 dignitate
1618 2633 1806 2695 eonstitutae
1825 2631 1969 2708 munitis,
1990 2632 2099 2693 eadem

1351 2742 1475 2804 prorsus
1497 2727 1570 2788 tides
1592 2726 1624 2787 in
1647 2726 1759 2788 indicio
1780 2733 1812 2786 et
1833 2733 1920 2788 extra
1941 2726 2017 2788 illud
2048 2725 2098 2785 ad-

1349 2817 1502 2895 hibeatur,
1525 2834 1604 2898 qnae
1624 2819 1696 2897 ipsis
1710 2818 1925 2896 praesentibus
1938 2818 2098 2898 adbibere-

1349 2920 1411 2987 tur,
1435 2911 1460 2973 si
1481 2911 1585 2974 iurent
1606 2911 1759 2974 exhibitae
1783 2911 1832 2972 vel
1854 2917 2005 2973 ostensae.

1390 3005 1502 3067 ilatum
1523 3004 1638 3067 Romae
1659 3005 1738 3082 apud
1753 3002 1785 3066 S.
1803 3001 1929 3066 IIariam
1950 3005 2098 3067 Maiorem

1347 3099 1405 3159 sub
1427 3098 1541 3159 annulo
1563 3097 1734 3173 Piscatoris,
1752 3098 1802 3160 dle
1817 3111 1894 3158 xxx.
1912 3098 2097 3174 septembris

1348 3207 1568 3269 nocentium,
1586 3191 1784 3269 pontificatus
1807 3190 1902 3252 nostri
1925 3206 2006 3252 anno
2029 3206 2074 3250 xv.

1606 3351 1844 3361 ...—.--—---

1677 3473 1767 3536 LVII.

1349 3659 1525 3740 Prioiloqio
1541 3665 1572 3720 ct
1587 3661 1723 3739 qrott'oe,
1743 3659 1857 3738 quibus
1873 3659 1941 3722 otio
1956 3660 2019 3722 dato
2034 3660 2098 3721 coi·

1386 3755 1468 3833 lcqiu
1487 3754 1619 3816 Ordinis
1642 3754 1806 3819 Minorem
1828 3753 1864 3814 de
1881 3753 2093 3816 llbseruuntio

1385 3847 1539 3926 pandent,
1573 3845 1615 3908 ud
1646 3843 1813 3925 collapsum
1842 3846 2032 3908 missionum
2059 3847 2095 3906 de

1388 3939 1521 4002 Vinbucs
1542 3939 1682 4001 eiusdem
1701 3939 1832 4002 Ordinis
1854 3939 2011 4002 cotcrtdit.

1604 4109 1690 4178 ants
1714 4110 1773 4177 ΡΡ.
1799 4109 1845 4179 Vl.

1484 4235 1948 4304 mmmmmmffl

2117 2333 2310 2388 transumptis.

1382 4415 1401 4487 ἓ
1424 4414 1449 4474 1.
1476 4413 1554 4474 Alias
1576 4429 1631 4492 pro
1655 4417 1738 4489 parte
1753 4409 1939 4473 dilectorum
1954 4410 2091 4472 liliorum
2138 4431 2219 4476 nano
2235 4443 2331 4478 conee-

1343 4505 1509 4585 superioris
1531 4511 1561 4566 et
1583 4505 1715 4567 lratrum
1729 4503 1863 4580 ,collegii
1886 4504 2093 4565 missionarto·

1342 4616 1415 4662 rum
1442 4598 1547 4676 oppidi
1569 4599 1605 4660 de
1627 4597 1764 4661 Vinbaes
1791 4597 1914 4660 Ordinis
1935 4597 2093 4658 bimorum

1342 4691 1447 4756 Sancti
1477 4691 1627 4753 Francisci
1649 4691 1688 4752 de
1708 4689 1910 4753 Obseruantia
1932 4687 2091 4752 Excalcea-

1342 4793 1446 4847 torum
1466 4792 1719 4860 nuncupatorum
1735 4783 1957 4860 BrigantiensIs
1973 4782 2091 4846 dioece-

1340 4879 1381 4939 sis
1392 4875 1633 4953 congregationi
1648 4876 1876 4940 venerabilium
1888 4875 2020 4937 lratrum
2036 4892 2091 4938 no·

1339 4977 1479 5032 strorum
1499 4969 1627 5032 Sanctae
1648 4969 1806 5031 Romanae
1821 4969 1974 5032 Ecclesiae
1989 4969 2092 5032 Cardi-

1341 5061 1461 5124 nalium
1490 5061 1621 5138 negotiis
1651 5062 1868 5138 Propagandae
1895 5061 1983 5123 Eidei
2005 5076 2091 5138 prae·

1340 5155 1512 5234 positorum
1533 5153 1683 5233 exposito,
1706 5154 1874 5231 collegium
1896 5155 2089 5230 huiusmudi,

1339 5249 1426 5311 cuius
1452 5249 1567 5310 erectio
1589 5265 1605 5308 a
1625 5247 1721 5309 lelicis
1750 5247 1971 5311 recordationis
1992 5249 2090 5310 Bene·

1339 5342 1420 5403 dicto
1452 5340 1507 5401 ΡΡ.
1532 5338 1613 5403 XIV.
1644 5342 1876 5417 praedecessore
1907 5349 2013 5402 nostro
2035 5356 2090 5418 per

1338 5435 1516 5510 apostolicas
1537 5451 1607 5495 suas
1628 5434 1661 5496 in
1682 5433 1777 5495 simili
1799 5431 1898 5496 Iorma
1920 5433 2026 5494 Brevis
2041 5432 2090 5494 die

1338 5541 1392 5587 xx.
1409 5524 1556 5588 lebruarii
1572 5543 1727 5588 naccum.
1746 5526 1903 5606 expeditas
1919 5527 2023 5587 literas
2038 5524 2088 5585 ad·

1337 5620 1464 5697 probata
1491 5619 1563 5694 luit,
1586 5620 1679 5681 rebus
1709 5620 1866 5696 omnibus,
1891 5635 1970 5699 quae
1995 5617 2031 5679 ad
2052 5618 2089 5680 il·

1340 5713 1398 5774 lius
1423 5713 1691 5775 conservationem
1712 5720 1742 5773 et
1764 5711 1959 5790 disciplinam
1985 5727 2089 5773 neces-

1337 5806 1432 5867 sariae
1459 5813 1545 5882 sunt,
1575 5806 1637 5866 iam
1669 5807 1858 5868 instructum
1886 5805 2028 5884 reperiri,
2055 5821 2089 5866 ac

1339 5906 1512 5980 propterea,
1532 5897 1569 5960 ad
1592 5897 1688 5976 magis
1709 5899 1869 5978 magisque
1889 5898 2089 5960 excitandum

2051 4503 2057 4515 ·
2110 4484 2201 4529 sionis.
