<?xml version="1.0" encoding="UTF-8"?>
<!DOCTYPE html PUBLIC "-//W3C//DTD XHTML 1.0 Transitional//EN"
    "http://www.w3.org/TR/xhtml1/DTD/xhtml1-transitional.dtd">
<html xmlns="http://www.w3.org/1999/xhtml" xml:lang="en" lang="en">
 <head>
  <title>
</title>
<meta http-equiv="Content-Type" content="text/html;charset=utf-8" />
  <meta name='ocr-system' content='tesseract 3.04.00' />
  <meta name='ocr-capabilities' content='ocr_page ocr_carea ocr_par ocr_line ocrx_word'/>
</head>
<body>
  <div class='ocr_page' id='page_1' title='image "./iurispontificii00martgoog_0539.png"; bbox 0 0 4722 6976; ppageno 0'>
   <div class='ocr_carea' id='block_1_1' title="bbox 343 495 641 582">
    <p class='ocr_par' dir='ltr' id='par_1_1' title="bbox 343 495 641 582">
     <span class='ocr_line' id='line_1_1' title="bbox 343 495 641 582; baseline 0.023 -32"><span class='ocrx_word' id='word_1_1' title='bbox 343 495 397 552; x_wconf 82' lang='lat' dir='ltr'>An.</span> <span class='ocrx_word' id='word_1_2' title='bbox 412 500 442 554; x_wconf 81' lang='grc'>0.</span> <span class='ocrx_word' id='word_1_3' title='bbox 464 502 534 558; x_wconf 86' lang='grc'><strong>1814</strong></span> <span class='ocrx_word' id='word_1_4' title='bbox 582 520 641 582; x_wconf 70' lang='lat'>522</span> 
     </span>
    </p>
   </div>
   <div class='ocr_carea' id='block_1_2' title="bbox 332 657 1309 3376">
    <p class='ocr_par' dir='ltr' id='par_1_2' title="bbox 562 657 1309 2247">
     <span class='ocr_line' id='line_1_2' title="bbox 563 657 1306 748; baseline 0.004 -28"><span class='ocrx_word' id='word_1_5' title='bbox 563 669 606 732; x_wconf 92' lang='lat' dir='ltr'>et,</span> <span class='ocrx_word' id='word_1_6' title='bbox 619 657 884 748; x_wconf 82' lang='lat' dir='ltr'>consentientibus</span> <span class='ocrx_word' id='word_1_7' title='bbox 899 666 991 738; x_wconf 88' lang='lat' dir='ltr'>atque</span> <span class='ocrx_word' id='word_1_8' title='bbox 1005 661 1243 738; x_wconf 75' lang='lat' dir='ltr'>adprobantibus</span> <span class='ocrx_word' id='word_1_9' title='bbox 1253 662 1306 726; x_wconf 88' lang='lat' dir='ltr'>Or·</span> 
     </span>
     <span class='ocr_line' id='line_1_3' title="bbox 563 750 1306 832; baseline 0.007 -19"><span class='ocrx_word' id='word_1_10' title='bbox 563 752 688 814; x_wconf 90' lang='lat' dir='ltr'>dinariis</span> <span class='ocrx_word' id='word_1_11' title='bbox 710 750 849 816; x_wconf 90' lang='lat' dir='ltr'>locorum</span> <span class='ocrx_word' id='word_1_12' title='bbox 865 754 896 816; x_wconf 92' lang='lat' dir='ltr'>in</span> <span class='ocrx_word' id='word_1_13' title='bbox 912 756 1024 832; x_wconf 90' lang='lat' dir='ltr'>quibus</span> <span class='ocrx_word' id='word_1_14' title='bbox 1045 772 1095 817; x_wconf 92' lang='lat' dir='ltr'>eos</span> <span class='ocrx_word' id='word_1_15' title='bbox 1107 755 1219 832; x_wconf 80' lang='lat' dir='ltr'>degere</span> <span class='ocrx_word' id='word_1_16' title='bbox 1235 772 1306 818; x_wconf 93' lang='lat' dir='ltr'>eon·</span> 
     </span>
     <span class='ocr_line' id='line_1_4' title="bbox 565 843 1305 924; baseline 0.004 -18"><span class='ocrx_word' id='word_1_17' title='bbox 565 843 680 922; x_wconf 90' lang='lat' dir='ltr'>tigerit,</span> <span class='ocrx_word' id='word_1_18' title='bbox 710 845 919 909; x_wconf 80' lang='lat' dir='ltr'>confessiones</span> <span class='ocrx_word' id='word_1_19' title='bbox 945 848 1066 924; x_wconf 88' lang='lat' dir='ltr'>audire,</span> <span class='ocrx_word' id='word_1_20' title='bbox 1097 848 1229 911; x_wconf 92' lang='lat' dir='ltr'>verbum</span> <span class='ocrx_word' id='word_1_21' title='bbox 1252 849 1305 909; x_wconf 86' lang='lat' dir='ltr'>[tei</span> 
     </span>
     <span class='ocr_line' id='line_1_5' title="bbox 563 938 1306 1016; baseline 0.003 -16"><span class='ocrx_word' id='word_1_22' title='bbox 563 938 738 1016; x_wconf 79' lang='lat' dir='ltr'>praelicare</span> <span class='ocrx_word' id='word_1_23' title='bbox 762 949 792 1002; x_wconf 92' lang='lat' dir='ltr'>et</span> <span class='ocrx_word' id='word_1_24' title='bbox 817 952 1008 1005; x_wconf 88' lang='lat' dir='ltr'>sacramenta</span> <span class='ocrx_word' id='word_1_25' title='bbox 1034 943 1250 1004; x_wconf 89' lang='lat' dir='ltr'>administrare</span> <span class='ocrx_word' id='word_1_26' title='bbox 1272 941 1306 1002; x_wconf 90' lang='lat' dir='ltr'>li-</span> 
     </span>
     <span class='ocr_line' id='line_1_6' title="bbox 564 1034 1304 1112; baseline 0.003 -18"><span class='ocrx_word' id='word_1_27' title='bbox 564 1034 637 1095; x_wconf 84' lang='lat' dir='ltr'><strong>bere</strong></span> <span class='ocrx_word' id='word_1_28' title='bbox 651 1040 682 1095; x_wconf 91' lang='lat' dir='ltr'>et</span> <span class='ocrx_word' id='word_1_29' title='bbox 697 1034 778 1096; x_wconf 88' lang='lat' dir='ltr'>licite</span> <span class='ocrx_word' id='word_1_30' title='bbox 792 1035 928 1098; x_wconf 91' lang='lat' dir='ltr'>valeant:</span> <span class='ocrx_word' id='word_1_31' title='bbox 952 1037 1056 1099; x_wconf 88' lang='lat' dir='ltr'>omnia</span> <span class='ocrx_word' id='word_1_32' title='bbox 1072 1053 1145 1099; x_wconf 92' lang='lat' dir='ltr'>vero</span> <span class='ocrx_word' id='word_1_33' title='bbox 1165 1036 1304 1112; x_wconf 90' lang='lat' dir='ltr'>collegia,</span> 
     </span>
     <span class='ocr_line' id='line_1_7' title="bbox 563 1126 1304 1209; baseline 0.003 -21"><span class='ocrx_word' id='word_1_34' title='bbox 563 1126 1304 1209; x_wconf 84' lang='lat' dir='ltr'>domus,pr·ovincias,sociosquesicconiunctos,</span> 
     </span>
     <span class='ocr_line' id='line_1_8' title="bbox 564 1223 1307 1301; baseline -0.001 -18"><span class='ocrx_word' id='word_1_35' title='bbox 564 1229 594 1283; x_wconf 90' lang='lat' dir='ltr'>et</span> <span class='ocrx_word' id='word_1_36' title='bbox 616 1240 692 1301; x_wconf 92' lang='lat' dir='ltr'>quos</span> <span class='ocrx_word' id='word_1_37' title='bbox 708 1224 739 1284; x_wconf 91' lang='lat' dir='ltr'>in</span> <span class='ocrx_word' id='word_1_38' title='bbox 755 1230 914 1300; x_wconf 89' lang='lat' dir='ltr'>pasterum</span> <span class='ocrx_word' id='word_1_39' title='bbox 936 1223 1083 1299; x_wconf 88' lang='lat' dir='ltr'>coniungi</span> <span class='ocrx_word' id='word_1_40' title='bbox 1100 1230 1129 1284; x_wconf 90' lang='lat' dir='ltr'>et</span> <span class='ocrx_word' id='word_1_41' title='bbox 1144 1223 1307 1299; x_wconf 87' lang='lat' dir='ltr'>aggregari</span> 
     </span>
     <span class='ocr_line' id='line_1_9' title="bbox 564 1317 1306 1393; baseline -0.005 -13"><span class='ocrx_word' id='word_1_42' title='bbox 564 1317 739 1393; x_wconf 88' lang='lat' dir='ltr'>contigerit,</span> <span class='ocrx_word' id='word_1_43' title='bbox 756 1318 817 1379; x_wconf 89' lang='lat' dir='ltr'>iam</span> <span class='ocrx_word' id='word_1_44' title='bbox 832 1333 916 1380; x_wconf 89' lang='lat' dir='ltr'>nunc</span> <span class='ocrx_word' id='word_1_45' title='bbox 931 1317 988 1378; x_wconf 91' lang='lat' dir='ltr'>sub</span> <span class='ocrx_word' id='word_1_46' title='bbox 1005 1317 1180 1380; x_wconf 90' lang='lat' dir='ltr'>immediata</span> <span class='ocrx_word' id='word_1_47' title='bbox 1202 1325 1306 1380; x_wconf 92' lang='lat' dir='ltr'>nostra</span> 
     </span>
     <span class='ocr_line' id='line_1_10' title="bbox 564 1413 1306 1491; baseline 0.001 -17"><span class='ocrx_word' id='word_1_48' title='bbox 564 1421 594 1475; x_wconf 90' lang='lat' dir='ltr'>et</span> <span class='ocrx_word' id='word_1_49' title='bbox 616 1414 710 1474; x_wconf 89' lang='lat' dir='ltr'>huius</span> <span class='ocrx_word' id='word_1_50' title='bbox 726 1413 914 1491; x_wconf 77' lang='lat' dir='ltr'>Apostolicae</span> <span class='ocrx_word' id='word_1_51' title='bbox 930 1413 1015 1476; x_wconf 90' lang='lat' dir='ltr'>Sedis</span> <span class='ocrx_word' id='word_1_52' title='bbox 1032 1415 1140 1488; x_wconf 91' lang='lat' dir='ltr'>tutela,</span> <span class='ocrx_word' id='word_1_53' title='bbox 1156 1413 1306 1491; x_wconf 91' lang='lat' dir='ltr'>praesidio</span> 
     </span>
     <span class='ocr_line' id='line_1_11' title="bbox 563 1507 1306 1584; baseline 0.003 -18"><span class='ocrx_word' id='word_1_54' title='bbox 563 1514 594 1566; x_wconf 91' lang='lat' dir='ltr'>et</span> <span class='ocrx_word' id='word_1_55' title='bbox 616 1507 788 1568; x_wconf 92' lang='lat' dir='ltr'>obedientia</span> <span class='ocrx_word' id='word_1_56' title='bbox 805 1507 989 1584; x_wconf 87' lang='lat' dir='ltr'>recipimus;</span> <span class='ocrx_word' id='word_1_57' title='bbox 1013 1507 1100 1570; x_wconf 89' lang='lat' dir='ltr'>nobis</span> <span class='ocrx_word' id='word_1_58' title='bbox 1116 1516 1146 1570; x_wconf 93' lang='lat' dir='ltr'>et</span> <span class='ocrx_word' id='word_1_59' title='bbox 1162 1507 1306 1569; x_wconf 80' lang='lat' dir='ltr'>Romanis</span> 
     </span>
     <span class='ocr_line' id='line_1_12' title="bbox 562 1599 1306 1664; baseline -0.001 -3"><span class='ocrx_word' id='word_1_60' title='bbox 562 1599 761 1662; x_wconf 84' lang='lat' dir='ltr'>Pontificibus</span> <span class='ocrx_word' id='word_1_61' title='bbox 780 1601 1006 1663; x_wconf 89' lang='lat' dir='ltr'>successoribus</span> <span class='ocrx_word' id='word_1_62' title='bbox 1021 1603 1133 1664; x_wconf 92' lang='lat' dir='ltr'>nostris</span> <span class='ocrx_word' id='word_1_63' title='bbox 1149 1615 1306 1664; x_wconf 90' lang='lat' dir='ltr'>reservan-</span> 
     </span>
     <span class='ocr_line' id='line_1_13' title="bbox 564 1694 1308 1775; baseline 0.003 -18"><span class='ocrx_word' id='word_1_64' title='bbox 564 1705 609 1758; x_wconf 91' lang='lat' dir='ltr'>tes</span> <span class='ocrx_word' id='word_1_65' title='bbox 620 1712 653 1758; x_wconf 87' lang='lat' dir='ltr'>ea</span> <span class='ocrx_word' id='word_1_66' title='bbox 662 1703 798 1758; x_wconf 76' lang='lat' dir='ltr'><strong>statuere</strong></span> <span class='ocrx_word' id='word_1_67' title='bbox 813 1713 847 1758; x_wconf 93' lang='lat' dir='ltr'>ac</span> <span class='ocrx_word' id='word_1_68' title='bbox 857 1695 1077 1773; x_wconf 78' lang='lat' dir='ltr'>praescribere,</span> <span class='ocrx_word' id='word_1_69' title='bbox 1087 1711 1164 1775; x_wconf 91' lang='lat' dir='ltr'>quae</span> <span class='ocrx_word' id='word_1_70' title='bbox 1177 1694 1212 1757; x_wconf 93' lang='lat' dir='ltr'>ad</span> <span class='ocrx_word' id='word_1_71' title='bbox 1225 1712 1308 1759; x_wconf 82' lang='lat' dir='ltr'>eam-</span> 
     </span>
     <span class='ocr_line' id='line_1_14' title="bbox 563 1789 1309 1868; baseline 0.001 -18"><span class='ocrx_word' id='word_1_72' title='bbox 563 1791 633 1851; x_wconf 93' lang='lat' dir='ltr'>dem</span> <span class='ocrx_word' id='word_1_73' title='bbox 656 1789 840 1853; x_wconf 74' lang='lat' dir='ltr'>Societatem</span> <span class='ocrx_word' id='word_1_74' title='bbox 862 1790 958 1866; x_wconf 87' lang='lat' dir='ltr'>magis</span> <span class='ocrx_word' id='word_1_75' title='bbox 979 1790 1138 1868; x_wconf 82' lang='lat' dir='ltr'>magisque</span> <span class='ocrx_word' id='word_1_76' title='bbox 1158 1791 1309 1852; x_wconf 86' lang='lat' dir='ltr'>constabi-</span> 
     </span>
     <span class='ocr_line' id='line_1_15' title="bbox 563 1883 1305 1960; baseline 0 -14"><span class='ocrx_word' id='word_1_77' title='bbox 563 1885 697 1946; x_wconf 91' lang='lat' dir='ltr'>liendam</span> <span class='ocrx_word' id='word_1_78' title='bbox 711 1894 742 1946; x_wconf 95' lang='lat' dir='ltr'>et</span> <span class='ocrx_word' id='word_1_79' title='bbox 752 1883 1035 1957; x_wconf 85' lang='lat' dir='ltr'>communiendam,</span> <span class='ocrx_word' id='word_1_80' title='bbox 1053 1893 1083 1947; x_wconf 92' lang='lat' dir='ltr'>et</span> <span class='ocrx_word' id='word_1_81' title='bbox 1098 1886 1135 1947; x_wconf 92' lang='lat' dir='ltr'>ab</span> <span class='ocrx_word' id='word_1_82' title='bbox 1149 1885 1305 1960; x_wconf 86' lang='lat' dir='ltr'>abusibus,</span> 
     </span>
     <span class='ocr_line' id='line_1_16' title="bbox 562 1977 1306 2059; baseline 0.003 -19"><span class='ocrx_word' id='word_1_83' title='bbox 562 1980 586 2040; x_wconf 90' lang='lat' dir='ltr'>si</span> <span class='ocrx_word' id='word_1_84' title='bbox 602 1979 682 2042; x_wconf 89' lang='lat' dir='ltr'>lorte</span> <span class='ocrx_word' id='word_1_85' title='bbox 701 1977 795 2059; x_wconf 90' lang='lat' dir='ltr'>(quod</span> <span class='ocrx_word' id='word_1_86' title='bbox 809 1981 889 2040; x_wconf 89' lang='lat' dir='ltr'>Deus</span> <span class='ocrx_word' id='word_1_87' title='bbox 903 1983 1033 2052; x_wconf 87' lang='lat' dir='ltr'>avertat)</span> <span class='ocrx_word' id='word_1_88' title='bbox 1048 1978 1241 2057; x_wconf 83' lang='lat' dir='ltr'>irrepserint,</span> <span class='ocrx_word' id='word_1_89' title='bbox 1258 1995 1306 2042; x_wconf 91' lang='lat' dir='ltr'>re-</span> 
     </span>
     <span class='ocr_line' id='line_1_17' title="bbox 564 2075 1306 2151; baseline 0.004 -17"><span class='ocrx_word' id='word_1_90' title='bbox 564 2075 766 2151; x_wconf 81' lang='lat' dir='ltr'>purgandum,</span> <span class='ocrx_word' id='word_1_91' title='bbox 783 2079 919 2135; x_wconf 87' lang='lat' dir='ltr'>statuere</span> <span class='ocrx_word' id='word_1_92' title='bbox 933 2091 966 2136; x_wconf 90' lang='lat' dir='ltr'>ac</span> <span class='ocrx_word' id='word_1_93' title='bbox 981 2075 1187 2151; x_wconf 87' lang='lat' dir='ltr'>praescribere</span> <span class='ocrx_word' id='word_1_94' title='bbox 1203 2076 1306 2137; x_wconf 90' lang='lat' dir='ltr'>visum</span> 
     </span>
     <span class='ocr_line' id='line_1_18' title="bbox 562 2168 833 2247; baseline 0 -17"><span class='ocrx_word' id='word_1_95' title='bbox 562 2168 657 2232; x_wconf 86' lang='lat' dir='ltr'>luerit</span> <span class='ocrx_word' id='word_1_96' title='bbox 678 2170 833 2247; x_wconf 87' lang='lat' dir='ltr'>expedire.</span> 
     </span>
    </p>

    <p class='ocr_par' dir='ltr' id='par_1_3' title="bbox 333 2263 1303 2364">
     <span class='ocr_line' id='line_1_19' title="bbox 333 2263 1303 2364; baseline 0.008 -39"><span class='ocrx_word' id='word_1_97' title='bbox 333 2263 493 2364; x_wconf 55' lang='lat' dir='ltr'>,ulffifflssgff</span> <span class='ocrx_word' id='word_1_98' title='bbox 508 2265 545 2364; x_wconf 49' lang='grc' dir='ltr'>ἐξ</span> <span class='ocrx_word' id='word_1_99' title='bbox 603 2263 621 2338; x_wconf 72' lang='lat'>5</span> <span class='ocrx_word' id='word_1_100' title='bbox 642 2263 671 2326; x_wconf 85' lang='grc'>9.</span> <span class='ocrx_word' id='word_1_101' title='bbox 695 2264 807 2328; x_wconf 88' lang='lat' dir='ltr'>Omnes</span> <span class='ocrx_word' id='word_1_102' title='bbox 829 2280 903 2326; x_wconf 90' lang='lat' dir='ltr'>vero</span> <span class='ocrx_word' id='word_1_103' title='bbox 919 2273 949 2326; x_wconf 91' lang='lat' dir='ltr'>et</span> <span class='ocrx_word' id='word_1_104' title='bbox 963 2266 1103 2342; x_wconf 87' lang='lat' dir='ltr'>singulos</span> <span class='ocrx_word' id='word_1_105' title='bbox 1117 2268 1303 2344; x_wconf 86' lang='lat' dir='ltr'>superiores.</span> 
     </span>
    </p>

    <p class='ocr_par' dir='ltr' id='par_1_4' title="bbox 332 2329 1306 2438">
     <span class='ocr_line' id='line_1_20' title="bbox 332 2329 1306 2438; baseline 0.01 -22"><span class='ocrx_word' id='word_1_106' title='bbox 332 2329 384 2416; x_wconf 51' lang='lat' dir='ltr'>avons</span> <span class='ocrx_word' id='word_1_107' title='bbox 406 2375 433 2418; x_wconf 79' lang='lat' dir='ltr'>et</span> <span class='ocrx_word' id='word_1_108' title='bbox 456 2353 544 2418; x_wconf 74' lang='lat' dir='ltr'>avium·</span> <span class='ocrx_word' id='word_1_109' title='bbox 564 2359 763 2438; x_wconf 88' lang='lat' dir='ltr'>preepositos,</span> <span class='ocrx_word' id='word_1_110' title='bbox 795 2369 940 2435; x_wconf 87' lang='lat' dir='ltr'>rectores,</span> <span class='ocrx_word' id='word_1_111' title='bbox 973 2361 1069 2422; x_wconf 88' lang='lat' dir='ltr'>socios</span> <span class='ocrx_word' id='word_1_112' title='bbox 1102 2371 1132 2424; x_wconf 92' lang='lat' dir='ltr'>et</span> <span class='ocrx_word' id='word_1_113' title='bbox 1163 2362 1306 2426; x_wconf 90' lang='lat' dir='ltr'>alumnos</span> 
     </span>
    </p>

    <p class='ocr_par' dir='ltr' id='par_1_5' title="bbox 332 2435 1307 3284">
     <span class='ocr_line' id='line_1_21' title="bbox 332 2435 1306 2531; baseline 0.006 -19"><span class='ocrx_word' id='word_1_114' title='bbox 332 2435 386 2471; x_wconf 82' lang='lat'><strong>¹¹⁰⁸·</strong></span> <span class='ocrx_word' id='word_1_115' title='bbox 563 2453 803 2531; x_wconf 88' lang='lat' dir='ltr'>qualescumque</span> <span class='ocrx_word' id='word_1_116' title='bbox 836 2453 927 2516; x_wconf 86' lang='lat' dir='ltr'>buius</span> <span class='ocrx_word' id='word_1_117' title='bbox 959 2455 1121 2517; x_wconf 88' lang='lat' dir='ltr'>restitutae</span> <span class='ocrx_word' id='word_1_118' title='bbox 1148 2453 1306 2518; x_wconf 89' lang='lat' dir='ltr'>Societatis</span> 
     </span>
     <span class='ocr_line' id='line_1_22' title="bbox 562 2547 1306 2626; baseline 0.008 -20"><span class='ocrx_word' id='word_1_119' title='bbox 562 2554 714 2624; x_wconf 91' lang='lat' dir='ltr'>quantum</span> <span class='ocrx_word' id='word_1_120' title='bbox 737 2547 768 2608; x_wconf 95' lang='lat' dir='ltr'>in</span> <span class='ocrx_word' id='word_1_121' title='bbox 791 2548 923 2610; x_wconf 86' lang='lat' dir='ltr'>Domino</span> <span class='ocrx_word' id='word_1_122' title='bbox 945 2563 1106 2626; x_wconf 88' lang='lat' dir='ltr'>possumus</span> <span class='ocrx_word' id='word_1_123' title='bbox 1129 2565 1306 2612; x_wconf 91' lang='lat' dir='ltr'>commone·</span> 
     </span>
     <span class='ocr_line' id='line_1_23' title="bbox 562 2638 1307 2722; baseline 0.011 -22"><span class='ocrx_word' id='word_1_124' title='bbox 562 2638 689 2702; x_wconf 87' lang='lat' dir='ltr'>tacimus</span> <span class='ocrx_word' id='word_1_125' title='bbox 710 2649 740 2702; x_wconf 91' lang='lat' dir='ltr'>et</span> <span class='ocrx_word' id='word_1_126' title='bbox 762 2641 974 2716; x_wconf 78' lang='lat' dir='ltr'>exhortamur,</span> <span class='ocrx_word' id='word_1_127' title='bbox 990 2648 1024 2703; x_wconf 94' lang='lat' dir='ltr'>ut</span> <span class='ocrx_word' id='word_1_128' title='bbox 1045 2643 1077 2704; x_wconf 90' lang='lat' dir='ltr'>in</span> <span class='ocrx_word' id='word_1_129' title='bbox 1092 2645 1178 2704; x_wconf 93' lang='lat' dir='ltr'>omni</span> <span class='ocrx_word' id='word_1_130' title='bbox 1193 2645 1259 2722; x_wconf 87' lang='lat' dir='ltr'>loco</span> <span class='ocrx_word' id='word_1_131' title='bbox 1274 2661 1307 2708; x_wconf 93' lang='lat' dir='ltr'>ac</span> 
     </span>
     <span class='ocr_line' id='line_1_24' title="bbox 564 2733 1306 2813; baseline 0.005 -19"><span class='ocrx_word' id='word_1_132' title='bbox 564 2741 703 2813; x_wconf 91' lang='lat' dir='ltr'>tempore</span> <span class='ocrx_word' id='word_1_133' title='bbox 722 2750 789 2796; x_wconf 90' lang='lat' dir='ltr'>sese</span> <span class='ocrx_word' id='word_1_134' title='bbox 811 2733 915 2796; x_wconf 87' lang='lat' dir='ltr'>fideles</span> <span class='ocrx_word' id='word_1_135' title='bbox 937 2735 1062 2797; x_wconf 88' lang='lat' dir='ltr'>asseclas</span> <span class='ocrx_word' id='word_1_136' title='bbox 1084 2744 1115 2797; x_wconf 91' lang='lat' dir='ltr'>et</span> <span class='ocrx_word' id='word_1_137' title='bbox 1136 2736 1306 2798; x_wconf 90' lang='lat' dir='ltr'>imitatores</span> 
     </span>
     <span class='ocr_line' id='line_1_25' title="bbox 564 2829 1303 2905; baseline 0.001 -13"><span class='ocrx_word' id='word_1_138' title='bbox 564 2831 639 2892; x_wconf 90' lang='lat' dir='ltr'>tanti</span> <span class='ocrx_word' id='word_1_139' title='bbox 654 2829 701 2892; x_wconf 92' lang='lat' dir='ltr'>sui</span> <span class='ocrx_word' id='word_1_140' title='bbox 717 2829 854 2905; x_wconf 88' lang='lat' dir='ltr'>parentis</span> <span class='ocrx_word' id='word_1_141' title='bbox 871 2838 902 2891; x_wconf 91' lang='lat' dir='ltr'>et</span> <span class='ocrx_word' id='word_1_142' title='bbox 924 2829 1111 2891; x_wconf 88' lang='lat' dir='ltr'>institutoris</span> <span class='ocrx_word' id='word_1_143' title='bbox 1126 2830 1303 2904; x_wconf 76' lang='lat' dir='ltr'>exhibeant,</span> 
     </span>
     <span class='ocr_line' id='line_1_26' title="bbox 562 2923 1307 3002; baseline 0.003 -18"><span class='ocrx_word' id='word_1_144' title='bbox 562 2924 703 3001; x_wconf 89' lang='lat' dir='ltr'>regulam</span> <span class='ocrx_word' id='word_1_145' title='bbox 723 2923 760 2985; x_wconf 94' lang='lat' dir='ltr'>ab</span> <span class='ocrx_word' id='word_1_146' title='bbox 781 2923 845 3000; x_wconf 90' lang='lat' dir='ltr'>ipso</span> <span class='ocrx_word' id='word_1_147' title='bbox 866 2923 1022 2985; x_wconf 89' lang='lat' dir='ltr'>conditam</span> <span class='ocrx_word' id='word_1_148' title='bbox 1043 2935 1074 2986; x_wconf 92' lang='lat' dir='ltr'>et</span> <span class='ocrx_word' id='word_1_149' title='bbox 1090 2925 1307 3002; x_wconf 78' lang='lat' dir='ltr'>praescriptam</span> 
     </span>
     <span class='ocr_line' id='line_1_27' title="bbox 562 3017 1306 3092; baseline 0.005 -16"><span class='ocrx_word' id='word_1_150' title='bbox 562 3023 701 3078; x_wconf 76' lang='lat' dir='ltr'>rtarurede</span> <span class='ocrx_word' id='word_1_151' title='bbox 716 3017 895 3092; x_wconf 86' lang='lat' dir='ltr'>observent,</span> <span class='ocrx_word' id='word_1_152' title='bbox 908 3027 939 3079; x_wconf 88' lang='lat' dir='ltr'>et</span> <span class='ocrx_word' id='word_1_153' title='bbox 953 3017 1038 3078; x_wconf 86' lang='lat' dir='ltr'>utilia</span> <span class='ocrx_word' id='word_1_154' title='bbox 1056 3019 1172 3079; x_wconf 92' lang='lat' dir='ltr'>monita</span> <span class='ocrx_word' id='word_1_155' title='bbox 1188 3033 1221 3080; x_wconf 93' lang='lat' dir='ltr'>ac</span> <span class='ocrx_word' id='word_1_156' title='bbox 1234 3034 1306 3081; x_wconf 92' lang='lat' dir='ltr'>con-</span> 
     </span>
     <span class='ocr_line' id='line_1_28' title="bbox 562 3110 1306 3189; baseline 0.005 -17"><span class='ocrx_word' id='word_1_157' title='bbox 562 3112 629 3173; x_wconf 91' lang='lat' dir='ltr'>silia</span> <span class='ocrx_word' id='word_1_158' title='bbox 651 3127 730 3189; x_wconf 90' lang='lat' dir='ltr'>quae</span> <span class='ocrx_word' id='word_1_159' title='bbox 751 3110 822 3172; x_wconf 83' lang='lat' dir='ltr'>tiliis</span> <span class='ocrx_word' id='word_1_160' title='bbox 836 3111 900 3172; x_wconf 86' lang='lat' dir='ltr'>suis</span> <span class='ocrx_word' id='word_1_161' title='bbox 914 3110 1049 3187; x_wconf 88' lang='lat' dir='ltr'>tradidit,</span> <span class='ocrx_word' id='word_1_162' title='bbox 1065 3128 1190 3175; x_wconf 91' lang='lat' dir='ltr'>summo</span> <span class='ocrx_word' id='word_1_163' title='bbox 1205 3114 1306 3176; x_wconf 87' lang='lat' dir='ltr'>studio</span> 
     </span>
     <span class='ocr_line' id='line_1_29' title="bbox 563 3207 859 3284; baseline -0.007 -18"><span class='ocrx_word' id='word_1_164' title='bbox 563 3207 674 3284; x_wconf 83' lang='lat' dir='ltr'>exequi</span> <span class='ocrx_word' id='word_1_165' title='bbox 695 3211 859 3267; x_wconf 91' lang='lat' dir='ltr'>conentur.</span> 
     </span>
    </p>

    <p class='ocr_par' dir='ltr' id='par_1_6' title="bbox 341 3297 1307 3376">
     <span class='ocr_line' id='line_1_30' title="bbox 341 3297 1307 3376; baseline 0.003 -15"><span class='ocrx_word' id='word_1_166' title='bbox 341 3297 468 3344; x_wconf 75' lang='lat' dir='ltr'>srmvresu</span> <span class='ocrx_word' id='word_1_167' title='bbox 495 3297 544 3345; x_wconf 78' lang='lat' dir='ltr'>rin·</span> <span class='ocrx_word' id='word_1_168' title='bbox 603 3301 691 3375; x_wconf 75' lang='lat' dir='ltr'>§th</span> <span class='ocrx_word' id='word_1_169' title='bbox 715 3299 854 3376; x_wconf 87' lang='lat' dir='ltr'>Denique</span> <span class='ocrx_word' id='word_1_170' title='bbox 882 3297 1001 3362; x_wconf 88' lang='lat' dir='ltr'>dilectis</span> <span class='ocrx_word' id='word_1_171' title='bbox 1024 3302 1056 3362; x_wconf 96' lang='lat' dir='ltr'>in</span> <span class='ocrx_word' id='word_1_172' title='bbox 1082 3301 1206 3365; x_wconf 87' lang='lat' dir='ltr'>Christo</span> <span class='ocrx_word' id='word_1_173' title='bbox 1235 3297 1307 3364; x_wconf 83' lang='lat' dir='ltr'>dttts</span> 
     </span>
    </p>
   </div>
   <div class='ocr_carea' id='block_1_3' title="bbox 258 3352 544 3409">
    <p class='ocr_par' dir='ltr' id='par_1_7' title="bbox 258 3352 544 3409">
     <span class='ocr_line' id='line_1_31' title="bbox 258 3352 544 3409; baseline 0 -11"><span class='ocrx_word' id='word_1_174' title='bbox 258 3369 260 3372; x_wconf 95' lang='lat'>·</span> <span class='ocrx_word' id='word_1_175' title='bbox 331 3353 412 3409; x_wconf 86' lang='lat' dir='ltr'>cipes,</span> <span class='ocrx_word' id='word_1_176' title='bbox 434 3354 465 3397; x_wconf 86' lang='lat' dir='ltr'>or</span> <span class='ocrx_word' id='word_1_177' title='bbox 484 3352 544 3398; x_wconf 91' lang='lat' dir='ltr'>tna-</span> 
     </span>
    </p>
   </div>
   <div class='ocr_carea' id='block_1_4' title="bbox 331 3392 1308 5160">
    <p class='ocr_par' dir='ltr' id='par_1_8' title="bbox 331 3392 1308 5160">
     <span class='ocr_line' id='line_1_32' title="bbox 331 3392 1306 3474; baseline 0.006 -24"><span class='ocrx_word' id='word_1_178' title='bbox 331 3406 399 3468; x_wconf 81' lang='lat' dir='ltr'>nos,</span> <span class='ocrx_word' id='word_1_179' title='bbox 427 3404 544 3470; x_wconf 69' lang='lat' dir='ltr'>atrosque</span> <span class='ocrx_word' id='word_1_180' title='bbox 563 3392 736 3456; x_wconf 82' lang='lat' dir='ltr'>illustribus</span> <span class='ocrx_word' id='word_1_181' title='bbox 757 3401 788 3456; x_wconf 91' lang='lat' dir='ltr'>et</span> <span class='ocrx_word' id='word_1_182' title='bbox 816 3393 972 3456; x_wconf 90' lang='lat' dir='ltr'>nobilibus</span> <span class='ocrx_word' id='word_1_183' title='bbox 1002 3393 1088 3468; x_wconf 92' lang='lat' dir='ltr'>viris,</span> <span class='ocrx_word' id='word_1_184' title='bbox 1115 3395 1306 3474; x_wconf 87' lang='lat' dir='ltr'>principibus</span> 
     </span>
     <span class='ocr_line' id='line_1_33' title="bbox 332 3459 1304 3564; baseline 0.002 -16"><span class='ocrx_word' id='word_1_185' title='bbox 332 3459 544 3560; x_wconf 50' lang='lat' dir='ltr'>sssssss&#39;fifflssssffl</span> <span class='ocrx_word' id='word_1_186' title='bbox 562 3503 595 3548; x_wconf 93' lang='lat' dir='ltr'>ac</span> <span class='ocrx_word' id='word_1_187' title='bbox 616 3486 749 3548; x_wconf 89' lang='lat' dir='ltr'>dominis</span> <span class='ocrx_word' id='word_1_188' title='bbox 781 3487 1016 3564; x_wconf 85' lang='lat' dir='ltr'>temporalibus,</span> <span class='ocrx_word' id='word_1_189' title='bbox 1040 3503 1097 3550; x_wconf 91' lang='lat' dir='ltr'>nec</span> <span class='ocrx_word' id='word_1_190' title='bbox 1123 3503 1185 3549; x_wconf 93' lang='lat' dir='ltr'>non</span> <span class='ocrx_word' id='word_1_191' title='bbox 1209 3504 1304 3550; x_wconf 91' lang='lat' dir='ltr'>venn.</span> 
     </span>
     <span class='ocr_line' id='line_1_34' title="bbox 562 3577 1307 3660; baseline 0.005 -20"><span class='ocrx_word' id='word_1_192' title='bbox 562 3577 707 3642; x_wconf 86' lang='lat' dir='ltr'>iratribus</span> <span class='ocrx_word' id='word_1_193' title='bbox 728 3581 971 3660; x_wconf 82' lang='lat' dir='ltr'>Archiepiseopis</span> <span class='ocrx_word' id='word_1_194' title='bbox 993 3588 1023 3644; x_wconf 93' lang='lat' dir='ltr'>et</span> <span class='ocrx_word' id='word_1_195' title='bbox 1046 3581 1212 3660; x_wconf 86' lang='lat' dir='ltr'>Episcopis,</span> <span class='ocrx_word' id='word_1_196' title='bbox 1227 3582 1307 3644; x_wconf 88' lang='lat' dir='ltr'>aliis-</span> 
     </span>
     <span class='ocr_line' id='line_1_35' title="bbox 562 3675 1306 3753; baseline 0.001 -17"><span class='ocrx_word' id='word_1_197' title='bbox 562 3691 622 3752; x_wconf 91' lang='lat' dir='ltr'>que</span> <span class='ocrx_word' id='word_1_198' title='bbox 644 3678 676 3736; x_wconf 91' lang='lat' dir='ltr'>in</span> <span class='ocrx_word' id='word_1_199' title='bbox 699 3675 806 3752; x_wconf 90' lang='lat' dir='ltr'>quavis</span> <span class='ocrx_word' id='word_1_200' title='bbox 828 3675 979 3751; x_wconf 85' lang='lat' dir='ltr'>dignitate</span> <span class='ocrx_word' id='word_1_201' title='bbox 1000 3675 1189 3750; x_wconf 89' lang='lat' dir='ltr'>constitutis,</span> <span class='ocrx_word' id='word_1_202' title='bbox 1204 3690 1306 3753; x_wconf 87' lang='lat' dir='ltr'>saepe·</span> 
     </span>
     <span class='ocr_line' id='line_1_36' title="bbox 562 3767 1307 3844; baseline 0 -14"><span class='ocrx_word' id='word_1_203' title='bbox 562 3769 674 3830; x_wconf 89' lang='lat' dir='ltr'>dictam</span> <span class='ocrx_word' id='word_1_204' title='bbox 697 3770 879 3833; x_wconf 90' lang='lat' dir='ltr'>Societatem</span> <span class='ocrx_word' id='word_1_205' title='bbox 907 3769 974 3830; x_wconf 78' lang='lat' dir='ltr'>lesu</span> <span class='ocrx_word' id='word_1_206' title='bbox 1003 3775 1034 3829; x_wconf 92' lang='lat' dir='ltr'>et</span> <span class='ocrx_word' id='word_1_207' title='bbox 1060 3767 1198 3844; x_wconf 87' lang='lat' dir='ltr'>singulos</span> <span class='ocrx_word' id='word_1_208' title='bbox 1223 3768 1307 3830; x_wconf 87' lang='lat' dir='ltr'>illius</span> 
     </span>
     <span class='ocr_line' id='line_1_37' title="bbox 561 3861 1307 3941; baseline 0.004 -20"><span class='ocrx_word' id='word_1_209' title='bbox 561 3863 657 3926; x_wconf 88' lang='lat' dir='ltr'>socios</span> <span class='ocrx_word' id='word_1_210' title='bbox 688 3862 860 3941; x_wconf 91' lang='lat' dir='ltr'>plurimum</span> <span class='ocrx_word' id='word_1_211' title='bbox 889 3861 922 3922; x_wconf 91' lang='lat' dir='ltr'>in</span> <span class='ocrx_word' id='word_1_212' title='bbox 950 3863 1082 3924; x_wconf 88' lang='lat' dir='ltr'>Domino</span> <span class='ocrx_word' id='word_1_213' title='bbox 1110 3862 1307 3924; x_wconf 90' lang='lat' dir='ltr'>commenda·</span> 
     </span>
     <span class='ocr_line' id='line_1_38' title="bbox 562 3955 1305 4036; baseline -0.003 -17"><span class='ocrx_word' id='word_1_214' title='bbox 562 3974 643 4032; x_wconf 91' lang='lat' dir='ltr'>mus,</span> <span class='ocrx_word' id='word_1_215' title='bbox 665 3973 778 4036; x_wconf 91' lang='lat' dir='ltr'>eosque</span> <span class='ocrx_word' id='word_1_216' title='bbox 799 3955 1001 4018; x_wconf 90' lang='lat' dir='ltr'>exhortamur</span> <span class='ocrx_word' id='word_1_217' title='bbox 1022 3973 1055 4018; x_wconf 88' lang='lat' dir='ltr'>ac</span> <span class='ocrx_word' id='word_1_218' title='bbox 1077 3971 1220 4032; x_wconf 90' lang='lat' dir='ltr'>rogamus</span> <span class='ocrx_word' id='word_1_219' title='bbox 1243 3972 1305 4018; x_wconf 94' lang='lat' dir='ltr'>non</span> 
     </span>
     <span class='ocr_line' id='line_1_39' title="bbox 560 4050 1307 4128; baseline 0.001 -16"><span class='ocrx_word' id='word_1_220' title='bbox 560 4051 661 4112; x_wconf 91' lang='lat' dir='ltr'>solum</span> <span class='ocrx_word' id='word_1_221' title='bbox 685 4066 725 4112; x_wconf 93' lang='lat' dir='ltr'>ne</span> <span class='ocrx_word' id='word_1_222' title='bbox 746 4065 797 4112; x_wconf 91' lang='lat' dir='ltr'>eos</span> <span class='ocrx_word' id='word_1_223' title='bbox 819 4050 984 4128; x_wconf 88' lang='lat' dir='ltr'>inquietari</span> <span class='ocrx_word' id='word_1_224' title='bbox 998 4067 1013 4110; x_wconf 92' lang='lat' dir='ltr'>a</span> <span class='ocrx_word' id='word_1_225' title='bbox 1029 4065 1225 4127; x_wconf 89' lang='lat' dir='ltr'>quocumque</span> <span class='ocrx_word' id='word_1_226' title='bbox 1241 4067 1307 4127; x_wconf 91' lang='lat' dir='ltr'>per-</span> 
     </span>
     <span class='ocr_line' id='line_1_40' title="bbox 563 4144 1306 4227; baseline -0.003 -19"><span class='ocrx_word' id='word_1_227' title='bbox 563 4149 688 4208; x_wconf 90' lang='lat' dir='ltr'>mittant</span> <span class='ocrx_word' id='word_1_228' title='bbox 706 4163 742 4227; x_wconf 86' lang='lat' dir='ltr'>¹ac</span> <span class='ocrx_word' id='word_1_229' title='bbox 764 4145 930 4224; x_wconf 88' lang='lat' dir='ltr'>patiantur,</span> <span class='ocrx_word' id='word_1_230' title='bbox 952 4145 1004 4206; x_wconf 88' lang='lat' dir='ltr'>sed</span> <span class='ocrx_word' id='word_1_231' title='bbox 1029 4152 1062 4206; x_wconf 93' lang='lat' dir='ltr'>ut</span> <span class='ocrx_word' id='word_1_232' title='bbox 1083 4144 1218 4220; x_wconf 86' lang='lat' dir='ltr'>benigne</span> <span class='ocrx_word' id='word_1_233' title='bbox 1238 4145 1306 4206; x_wconf 90' lang='lat' dir='ltr'>illos</span> 
     </span>
     <span class='ocr_line' id='line_1_41' title="bbox 563 4238 1216 4315; baseline -0.005 -15"><span class='ocrx_word' id='word_1_234' title='bbox 563 4249 598 4301; x_wconf 93' lang='lat' dir='ltr'>ut</span> <span class='ocrx_word' id='word_1_235' title='bbox 618 4241 705 4302; x_wconf 91' lang='lat' dir='ltr'>decet</span> <span class='ocrx_word' id='word_1_236' title='bbox 729 4245 759 4300; x_wconf 92' lang='lat' dir='ltr'>et</span> <span class='ocrx_word' id='word_1_237' title='bbox 780 4253 851 4300; x_wconf 90' lang='lat' dir='ltr'>cum</span> <span class='ocrx_word' id='word_1_238' title='bbox 873 4239 1019 4300; x_wconf 90' lang='lat' dir='ltr'>charitate</span> <span class='ocrx_word' id='word_1_239' title='bbox 1039 4238 1216 4315; x_wconf 90' lang='lat' dir='ltr'>suscipiant.</span> 
     </span>
     <span class='ocr_line' id='line_1_42' title="bbox 333 4327 1308 4429; baseline -0.002 -34"><span class='ocrx_word' id='word_1_240' title='bbox 333 4327 545 4429; x_wconf 56' lang='lat'>1,⁰,¹,³⁴¹¹,⁵,¹¹¹3,{}¹,*{</span> <span class='ocrx_word' id='word_1_241' title='bbox 603 4331 691 4407; x_wconf 73' lang='lat' dir='ltr'>§ll</span> <span class='ocrx_word' id='word_1_242' title='bbox 716 4332 923 4392; x_wconf 79' lang='lat' dir='ltr'>decernentes</span> <span class='ocrx_word' id='word_1_243' title='bbox 945 4337 1121 4408; x_wconf 86' lang='lat' dir='ltr'>praesentes</span> <span class='ocrx_word' id='word_1_244' title='bbox 1147 4329 1250 4392; x_wconf 87' lang='lat' dir='ltr'>literas</span> <span class='ocrx_word' id='word_1_245' title='bbox 1277 4341 1308 4394; x_wconf 92' lang='lat' dir='ltr'>et</span> 
     </span>
     <span class='ocr_line' id='line_1_43' title="bbox 331 4427 1307 4504; baseline 0.005 -22"><span class='ocrx_word' id='word_1_246' title='bbox 331 4441 387 4482; x_wconf 79' lang='lat' dir='ltr'>rum</span> <span class='ocrx_word' id='word_1_247' title='bbox 405 4435 516 4482; x_wconf 78' lang='lat' dir='ltr'>irritans.</span> <span class='ocrx_word' id='word_1_248' title='bbox 564 4427 595 4488; x_wconf 95' lang='lat' dir='ltr'>in</span> <span class='ocrx_word' id='word_1_249' title='bbox 628 4427 669 4488; x_wconf 90' lang='lat' dir='ltr'>eis</span> <span class='ocrx_word' id='word_1_250' title='bbox 702 4431 846 4488; x_wconf 88' lang='lat' dir='ltr'>contenta</span> <span class='ocrx_word' id='word_1_251' title='bbox 877 4441 1091 4503; x_wconf 90' lang='lat' dir='ltr'>quaecumque</span> <span class='ocrx_word' id='word_1_252' title='bbox 1121 4440 1243 4504; x_wconf 91' lang='lat' dir='ltr'>semper</span> <span class='ocrx_word' id='word_1_253' title='bbox 1275 4441 1307 4487; x_wconf 91' lang='lat' dir='ltr'>ao</span> 
     </span>
     <span class='ocr_line' id='line_1_44' title="bbox 563 4516 1307 4598; baseline -0.004 -17"><span class='ocrx_word' id='word_1_254' title='bbox 563 4526 712 4598; x_wconf 92' lang='lat' dir='ltr'>perpetuo</span> <span class='ocrx_word' id='word_1_255' title='bbox 735 4520 836 4595; x_wconf 85' lang='lat' dir='ltr'>firma,</span> <span class='ocrx_word' id='word_1_256' title='bbox 859 4518 956 4580; x_wconf 88' lang='lat' dir='ltr'>valida</span> <span class='ocrx_word' id='word_1_257' title='bbox 978 4526 1008 4579; x_wconf 91' lang='lat' dir='ltr'>et</span> <span class='ocrx_word' id='word_1_258' title='bbox 1029 4516 1160 4579; x_wconf 83' lang='lat' dir='ltr'>efficacia</span> <span class='ocrx_word' id='word_1_259' title='bbox 1174 4517 1307 4578; x_wconf 88' lang='lat' dir='ltr'>existere</span> 
     </span>
     <span class='ocr_line' id='line_1_45' title="bbox 563 4610 1306 4690; baseline -0.003 -16"><span class='ocrx_word' id='word_1_260' title='bbox 563 4622 594 4674; x_wconf 92' lang='lat' dir='ltr'>et</span> <span class='ocrx_word' id='word_1_261' title='bbox 615 4613 691 4686; x_wconf 91' lang='lat' dir='ltr'>lore,</span> <span class='ocrx_word' id='word_1_262' title='bbox 707 4628 841 4690; x_wconf 90' lang='lat' dir='ltr'>suosque</span> <span class='ocrx_word' id='word_1_263' title='bbox 864 4610 1018 4690; x_wconf 86' lang='lat' dir='ltr'>plenarios</span> <span class='ocrx_word' id='word_1_264' title='bbox 1032 4617 1063 4673; x_wconf 91' lang='lat' dir='ltr'>et</span> <span class='ocrx_word' id='word_1_265' title='bbox 1083 4611 1221 4688; x_wconf 92' lang='lat' dir='ltr'>integros</span> <span class='ocrx_word' id='word_1_266' title='bbox 1236 4610 1306 4672; x_wconf 88' lang='lat' dir='ltr'>elie-</span> 
     </span>
     <span class='ocr_line' id='line_1_46' title="bbox 563 4703 1306 4782; baseline -0.004 -13"><span class='ocrx_word' id='word_1_267' title='bbox 563 4716 630 4770; x_wconf 92' lang='lat' dir='ltr'>ctos</span> <span class='ocrx_word' id='word_1_268' title='bbox 644 4707 748 4768; x_wconf 90' lang='lat' dir='ltr'>sortiri</span> <span class='ocrx_word' id='word_1_269' title='bbox 764 4715 794 4766; x_wconf 91' lang='lat' dir='ltr'>et</span> <span class='ocrx_word' id='word_1_270' title='bbox 809 4705 964 4780; x_wconf 90' lang='lat' dir='ltr'>obtinere,</span> <span class='ocrx_word' id='word_1_271' title='bbox 975 4721 1008 4766; x_wconf 90' lang='lat' dir='ltr'>aa</span> <span class='ocrx_word' id='word_1_272' title='bbox 1022 4704 1083 4766; x_wconf 93' lang='lat' dir='ltr'>illis</span> <span class='ocrx_word' id='word_1_273' title='bbox 1097 4703 1133 4764; x_wconf 90' lang='lat' dir='ltr'>ad</span> <span class='ocrx_word' id='word_1_274' title='bbox 1149 4720 1225 4782; x_wconf 89' lang='lat' dir='ltr'>quos</span> <span class='ocrx_word' id='word_1_275' title='bbox 1240 4719 1306 4782; x_wconf 92' lang='lat' dir='ltr'>spe·</span> 
     </span>
     <span class='ocr_line' id='line_1_47' title="bbox 562 4801 1306 4879; baseline -0.007 -16"><span class='ocrx_word' id='word_1_276' title='bbox 562 4809 623 4863; x_wconf 88' lang='lat' dir='ltr'>ctat</span> <span class='ocrx_word' id='word_1_277' title='bbox 639 4809 670 4863; x_wconf 91' lang='lat' dir='ltr'>et</span> <span class='ocrx_word' id='word_1_278' title='bbox 684 4816 739 4879; x_wconf 90' lang='lat' dir='ltr'>pro</span> <span class='ocrx_word' id='word_1_279' title='bbox 759 4809 898 4878; x_wconf 89' lang='lat' dir='ltr'>tempore</span> <span class='ocrx_word' id='word_1_280' title='bbox 914 4801 1173 4877; x_wconf 84' lang='lat' dir='ltr'>quandocumque</span> <span class='ocrx_word' id='word_1_281' title='bbox 1191 4807 1306 4876; x_wconf 88' lang='lat' dir='ltr'>specta·</span> 
     </span>
     <span class='ocr_line' id='line_1_48' title="bbox 563 4891 1306 4972; baseline -0.005 -14"><span class='ocrx_word' id='word_1_282' title='bbox 563 4897 618 4972; x_wconf 94' lang='lat' dir='ltr'>bit,</span> <span class='ocrx_word' id='word_1_283' title='bbox 636 4895 856 4958; x_wconf 90' lang='lat' dir='ltr'>inviolabiliter</span> <span class='ocrx_word' id='word_1_284' title='bbox 878 4894 1032 4956; x_wconf 90' lang='lat' dir='ltr'>observari</span> <span class='ocrx_word' id='word_1_285' title='bbox 1055 4891 1182 4968; x_wconf 83' lang='lat' dir='ltr'>debere3</span> <span class='ocrx_word' id='word_1_286' title='bbox 1201 4893 1306 4970; x_wconf 85' lang='lat' dir='ltr'>sicque</span> 
     </span>
     <span class='ocr_line' id='line_1_49' title="bbox 562 4982 1307 5066; baseline -0.009 -15"><span class='ocrx_word' id='word_1_287' title='bbox 562 4997 593 5051; x_wconf 91' lang='lat' dir='ltr'>et</span> <span class='ocrx_word' id='word_1_288' title='bbox 614 5005 677 5051; x_wconf 94' lang='lat' dir='ltr'>non</span> <span class='ocrx_word' id='word_1_289' title='bbox 700 4988 789 5049; x_wconf 92' lang='lat' dir='ltr'>aliter</span> <span class='ocrx_word' id='word_1_290' title='bbox 803 5003 857 5065; x_wconf 91' lang='lat' dir='ltr'>per</span> <span class='ocrx_word' id='word_1_291' title='bbox 872 5002 1083 5066; x_wconf 90' lang='lat' dir='ltr'>quoscumque</span> <span class='ocrx_word' id='word_1_292' title='bbox 1104 4982 1220 5047; x_wconf 89' lang='lat' dir='ltr'>iudices</span> <span class='ocrx_word' id='word_1_293' title='bbox 1235 5001 1307 5062; x_wconf 91' lang='lat' dir='ltr'>qua-</span> 
     </span>
     <span class='ocr_line' id='line_1_50' title="bbox 563 5077 1306 5160; baseline -0.008 -16"><span class='ocrx_word' id='word_1_294' title='bbox 563 5083 610 5144; x_wconf 87' lang='lat' dir='ltr'>vis</span> <span class='ocrx_word' id='word_1_295' title='bbox 632 5089 780 5160; x_wconf 90' lang='lat' dir='ltr'>potestate</span> <span class='ocrx_word' id='word_1_296' title='bbox 801 5081 957 5157; x_wconf 80' lang='lat' dir='ltr'>fulgentes</span> <span class='ocrx_word' id='word_1_297' title='bbox 980 5079 1105 5141; x_wconf 91' lang='lat' dir='ltr'>iudiaari</span> <span class='ocrx_word' id='word_1_298' title='bbox 1126 5087 1157 5140; x_wconf 93' lang='lat' dir='ltr'>et</span> <span class='ocrx_word' id='word_1_299' title='bbox 1181 5077 1306 5140; x_wconf 89' lang='lat' dir='ltr'>deliniri</span> 
     </span>
    </p>
   </div>
   <div class='ocr_carea' id='block_1_5' title="bbox 562 5172 1307 5256">
    <p class='ocr_par' dir='ltr' id='par_1_9' title="bbox 562 5172 1307 5256">
     <span class='ocr_line' id='line_1_51' title="bbox 562 5172 1307 5256; baseline -0.008 -18"><span class='ocrx_word' id='word_1_300' title='bbox 562 5177 676 5256; x_wconf 89' lang='lat' dir='ltr'>pariter</span> <span class='ocrx_word' id='word_1_301' title='bbox 696 5175 825 5250; x_wconf 77' lang='lat' dir='ltr'>debere,</span> <span class='ocrx_word' id='word_1_302' title='bbox 848 5190 881 5236; x_wconf 92' lang='lat' dir='ltr'>ac</span> <span class='ocrx_word' id='word_1_303' title='bbox 902 5173 1027 5234; x_wconf 87' lang='lat' dir='ltr'>irritum</span> <span class='ocrx_word' id='word_1_304' title='bbox 1048 5180 1080 5232; x_wconf 90' lang='lat' dir='ltr'>et</span> <span class='ocrx_word' id='word_1_305' title='bbox 1101 5172 1205 5247; x_wconf 91' lang='lat' dir='ltr'>inane,</span> <span class='ocrx_word' id='word_1_306' title='bbox 1220 5172 1245 5232; x_wconf 91' lang='lat' dir='ltr'>si</span> <span class='ocrx_word' id='word_1_307' title='bbox 1260 5187 1307 5233; x_wconf 91' lang='lat' dir='ltr'>se-</span> 
     </span>
    </p>
   </div>
   <div class='ocr_carea' id='block_1_6' title="bbox 479 5409 1307 6004">
    <p class='ocr_par' dir='ltr' id='par_1_10' title="bbox 561 5409 1307 5536">
     <span class='ocr_line' id='line_1_52' title="bbox 602 5409 1305 5468; baseline -0.003 -12"><span class='ocrx_word' id='word_1_308' title='bbox 602 5414 631 5468; x_wconf 87' lang='lat' dir='ltr'>(t)</span> <span class='ocrx_word' id='word_1_309' title='bbox 646 5412 748 5458; x_wconf 78' lang='lat' dir='ltr'>Relatis</span> <span class='ocrx_word' id='word_1_310' title='bbox 768 5422 815 5468; x_wconf 90' lang='lat' dir='ltr'>per</span> <span class='ocrx_word' id='word_1_311' title='bbox 836 5409 930 5455; x_wconf 78' lang='lat' dir='ltr'>Exitum</span> <span class='ocrx_word' id='word_1_312' title='bbox 945 5415 972 5456; x_wconf 88' lang='lat' dir='ltr'>et</span> <span class='ocrx_word' id='word_1_313' title='bbox 987 5409 1082 5458; x_wconf 70' lang='lat' dir='ltr'>timum</span> <span class='ocrx_word' id='word_1_314' title='bbox 1098 5411 1124 5452; x_wconf 88' lang='grc' dir='ltr'>Ι).</span> <span class='ocrx_word' id='word_1_315' title='bbox 1140 5409 1305 5455; x_wconf 83' lang='lat' dir='ltr'>cardinalem</span> 
     </span>
     <span class='ocr_line' id='line_1_53' title="bbox 561 5476 1307 5536; baseline -0.007 -11"><span class='ocrx_word' id='word_1_316' title='bbox 561 5480 733 5528; x_wconf 82' lang='lat' dir='ltr'>Laurentium</span> <span class='ocrx_word' id='word_1_317' title='bbox 747 5480 819 5526; x_wconf 81' lang='lat' dir='ltr'>hitta</span> <span class='ocrx_word' id='word_1_318' title='bbox 833 5483 857 5524; x_wconf 88' lang='lat' dir='ltr'>S.</span> <span class='ocrx_word' id='word_1_319' title='bbox 872 5477 1088 5536; x_wconf 82' lang='lat' dir='ltr'>congregationis</span> <span class='ocrx_word' id='word_1_320' title='bbox 1102 5477 1263 5534; x_wconf 85' lang='lat' dir='ltr'>praesectum</span> <span class='ocrx_word' id='word_1_321' title='bbox 1276 5476 1307 5521; x_wconf 89' lang='lat' dir='ltr'>li-</span> 
     </span>
    </p>

    <p class='ocr_par' dir='ltr' id='par_1_11' title="bbox 562 5545 1306 5606">
     <span class='ocr_line' id='line_1_54' title="bbox 562 5545 1306 5606; baseline -0.009 -11"><span class='ocrx_word' id='word_1_322' title='bbox 562 5551 628 5596; x_wconf 88' lang='lat' dir='ltr'>teris</span> <span class='ocrx_word' id='word_1_323' title='bbox 643 5549 828 5606; x_wconf 84' lang='lat' dir='ltr'>Epiacoporum</span> <span class='ocrx_word' id='word_1_324' title='bbox 846 5551 872 5592; x_wconf 92' lang='lat' dir='ltr'>et</span> <span class='ocrx_word' id='word_1_325' title='bbox 886 5547 951 5592; x_wconf 91' lang='lat' dir='ltr'>cleri</span> <span class='ocrx_word' id='word_1_326' title='bbox 970 5552 1144 5594; x_wconf 72' lang='lat' dir='ltr'>armenorum</span> <span class='ocrx_word' id='word_1_327' title='bbox 1164 5545 1268 5590; x_wconf 88' lang='lat' dir='ltr'>ciliciae</span> <span class='ocrx_word' id='word_1_328' title='bbox 1283 5556 1306 5588; x_wconf 90' lang='lat' dir='ltr'>e-</span> 
     </span>
    </p>

    <p class='ocr_par' dir='ltr' id='par_1_12' title="bbox 562 5615 1306 5674">
     <span class='ocr_line' id='line_1_55' title="bbox 562 5615 1306 5674; baseline -0.007 -12"><span class='ocrx_word' id='word_1_329' title='bbox 562 5617 622 5662; x_wconf 86' lang='lat' dir='ltr'>nixe</span> <span class='ocrx_word' id='word_1_330' title='bbox 636 5617 842 5674; x_wconf 89' lang='lat' dir='ltr'>supplicantium</span> <span class='ocrx_word' id='word_1_331' title='bbox 858 5619 899 5660; x_wconf 83' lang='lat' dir='ltr'>SS.</span> <span class='ocrx_word' id='word_1_332' title='bbox 915 5619 941 5660; x_wconf 82' lang='lat' dir='ltr'>t).</span> <span class='ocrx_word' id='word_1_333' title='bbox 956 5619 985 5661; x_wconf 83' lang='lat' dir='ltr'>N.</span> <span class='ocrx_word' id='word_1_334' title='bbox 1000 5618 1030 5660; x_wconf 94' lang='lat' dir='ltr'>ut</span> <span class='ocrx_word' id='word_1_335' title='bbox 1044 5615 1201 5670; x_wconf 86' lang='lat' dir='ltr'>dignaretur</span> <span class='ocrx_word' id='word_1_336' title='bbox 1215 5624 1306 5669; x_wconf 89' lang='lat' dir='ltr'>appro-</span> 
     </span>
    </p>

    <p class='ocr_par' dir='ltr' id='par_1_13' title="bbox 562 5681 1306 5864">
     <span class='ocr_line' id='line_1_56' title="bbox 562 5681 1306 5736; baseline -0.007 -6"><span class='ocrx_word' id='word_1_337' title='bbox 562 5685 624 5730; x_wconf 87' lang='lat' dir='ltr'>bare</span> <span class='ocrx_word' id='word_1_338' title='bbox 645 5688 672 5730; x_wconf 88' lang='lat' dir='ltr'>et</span> <span class='ocrx_word' id='word_1_339' title='bbox 691 5685 849 5730; x_wconf 83' lang='lat' dir='ltr'>confirmare</span> <span class='ocrx_word' id='word_1_340' title='bbox 869 5683 1022 5730; x_wconf 87' lang='lat' dir='ltr'>electionem</span> <span class='ocrx_word' id='word_1_341' title='bbox 1043 5685 1073 5727; x_wconf 82' lang='lat' dir='ltr'>rt.</span> <span class='ocrx_word' id='word_1_342' title='bbox 1093 5685 1117 5726; x_wconf 88' lang='lat' dir='ltr'>P.</span> <span class='ocrx_word' id='word_1_343' title='bbox 1139 5685 1165 5726; x_wconf 86' lang='lat' dir='ltr'>D.</span> <span class='ocrx_word' id='word_1_344' title='bbox 1187 5681 1306 5736; x_wconf 83' lang='lat' dir='ltr'>Gregorii</span> 
     </span>
     <span class='ocr_line' id='line_1_57' title="bbox 562 5749 1304 5807; baseline -0.004 -11"><span class='ocrx_word' id='word_1_345' title='bbox 562 5751 635 5796; x_wconf 86' lang='lat' dir='ltr'>Petri</span> <span class='ocrx_word' id='word_1_346' title='bbox 649 5752 719 5796; x_wconf 84' lang='lat' dir='ltr'>Sexti</span> <span class='ocrx_word' id='word_1_347' title='bbox 734 5751 853 5807; x_wconf 79' lang='lat' dir='ltr'>Episcopi</span> <span class='ocrx_word' id='word_1_348' title='bbox 874 5749 1053 5796; x_wconf 81' lang='lat' dir='ltr'>eernmutctae</span> <span class='ocrx_word' id='word_1_349' title='bbox 1073 5749 1113 5794; x_wconf 88' lang='lat' dir='ltr'>vel</span> <span class='ocrx_word' id='word_1_350' title='bbox 1132 5749 1261 5795; x_wconf 84' lang='lat' dir='ltr'>htarhaeci</span> <span class='ocrx_word' id='word_1_351' title='bbox 1279 5749 1304 5793; x_wconf 93' lang='lat' dir='ltr'>in</span> 
     </span>
     <span class='ocr_line' id='line_1_58' title="bbox 562 5816 1306 5864; baseline -0.004 -1"><span class='ocrx_word' id='word_1_352' title='bbox 562 5819 744 5864; x_wconf 75' lang='lat' dir='ltr'>patriarcham</span> <span class='ocrx_word' id='word_1_353' title='bbox 760 5818 897 5864; x_wconf 70' lang='lat' dir='ltr'>¹armeniae</span> <span class='ocrx_word' id='word_1_354' title='bbox 908 5818 1019 5864; x_wconf 86' lang='lat' dir='ltr'>minoris</span> <span class='ocrx_word' id='word_1_355' title='bbox 1029 5821 1055 5862; x_wconf 90' lang='lat' dir='ltr'>et</span> <span class='ocrx_word' id='word_1_356' title='bbox 1066 5817 1172 5862; x_wconf 82' lang='lat' dir='ltr'>Ciliciae</span> <span class='ocrx_word' id='word_1_357' title='bbox 1182 5816 1238 5862; x_wconf 91' lang='lat' dir='ltr'>loco</span> <span class='ocrx_word' id='word_1_358' title='bbox 1247 5819 1306 5861; x_wconf 77' lang='lat' dir='ltr'>dre</span> 
     </span>
    </p>

    <p class='ocr_par' dir='ltr' id='par_1_14' title="bbox 562 5885 1307 5943">
     <span class='ocr_line' id='line_1_59' title="bbox 562 5885 1307 5943; baseline -0.003 -11"><span class='ocrx_word' id='word_1_359' title='bbox 562 5887 631 5943; x_wconf 89' lang='lat' dir='ltr'>gorii</span> <span class='ocrx_word' id='word_1_360' title='bbox 645 5887 717 5931; x_wconf 89' lang='lat' dir='ltr'>Petri</span> <span class='ocrx_word' id='word_1_361' title='bbox 726 5889 764 5940; x_wconf 72' lang='lat' dir='ltr'>v,</span> <span class='ocrx_word' id='word_1_362' title='bbox 778 5887 823 5943; x_wconf 89' lang='lat' dir='ltr'>qui</span> <span class='ocrx_word' id='word_1_363' title='bbox 833 5886 875 5930; x_wconf 92' lang='lat' dir='ltr'>die</span> <span class='ocrx_word' id='word_1_364' title='bbox 887 5899 950 5932; x_wconf 84' lang='lat' dir='ltr'>xvir.</span> <span class='ocrx_word' id='word_1_365' title='bbox 963 5887 1029 5931; x_wconf 91' lang='lat' dir='ltr'>iunii</span> <span class='ocrx_word' id='word_1_366' title='bbox 1041 5897 1173 5931; x_wconf 85' lang='lat' dir='ltr'>mccccxn.</span> <span class='ocrx_word' id='word_1_367' title='bbox 1187 5885 1241 5930; x_wconf 88' lang='lat' dir='ltr'>vita</span> <span class='ocrx_word' id='word_1_368' title='bbox 1252 5887 1307 5930; x_wconf 86' lang='lat' dir='ltr'>run-</span> 
     </span>
    </p>

    <p class='ocr_par' dir='ltr' id='par_1_15' title="bbox 479 5952 1306 6004">
     <span class='ocr_line' id='line_1_60' title="bbox 479 5952 1306 6004; baseline 0 -6"><span class='ocrx_word' id='word_1_369' title='bbox 479 5993 483 6004; x_wconf 92' lang='grc'>,</span> <span class='ocrx_word' id='word_1_370' title='bbox 562 5959 621 5998; x_wconf 91' lang='lat' dir='ltr'>ctus</span> <span class='ocrx_word' id='word_1_371' title='bbox 634 5959 692 6000; x_wconf 90' lang='lat' dir='ltr'>crat</span> <span class='ocrx_word' id='word_1_372' title='bbox 711 5953 768 6000; x_wconf 81' lang='lat' dir='ltr'>Exiri</span> <span class='ocrx_word' id='word_1_373' title='bbox 788 5956 832 5998; x_wconf 77' lang='lat'>1³1³.</span> <span class='ocrx_word' id='word_1_374' title='bbox 848 5957 935 6000; x_wconf 87' lang='lat' dir='ltr'>ratam</span> <span class='ocrx_word' id='word_1_375' title='bbox 949 5957 1085 6000; x_wconf 86' lang='lat' dir='ltr'>censentes</span> <span class='ocrx_word' id='word_1_376' title='bbox 1099 5952 1234 5999; x_wconf 85' lang='lat' dir='ltr'>electionis</span> <span class='ocrx_word' id='word_1_377' title='bbox 1249 5963 1306 5999; x_wconf 88' lang='lat' dir='ltr'>con-</span> 
     </span>
    </p>
   </div>
   <div class='ocr_carea' id='block_1_7' title="bbox 1083 527 1580 592">
    <p class='ocr_par' dir='ltr' id='par_1_16' title="bbox 1083 527 1580 592">
     <span class='ocr_line' id='line_1_61' title="bbox 1083 527 1580 592; baseline 0.008 -6"><span class='ocrx_word' id='word_1_378' title='bbox 1083 543 1146 587; x_wconf 88' lang='lat' dir='ltr'>xon.</span> <span class='ocrx_word' id='word_1_379' title='bbox 1171 527 1262 588; x_wconf 76' lang='lat' dir='ltr'>conr.</span> <span class='ocrx_word' id='word_1_380' title='bbox 1286 543 1326 588; x_wconf 82' lang='lat' dir='ltr'>na</span> <span class='ocrx_word' id='word_1_381' title='bbox 1348 545 1377 588; x_wconf 84' lang='lat' dir='ltr'>r.</span> <span class='ocrx_word' id='word_1_382' title='bbox 1401 545 1430 592; x_wconf 82' lang='lat' dir='ltr'>r.</span> <span class='ocrx_word' id='word_1_383' title='bbox 1455 547 1537 591; x_wconf 86' lang='lat' dir='ltr'>rxus</span> <span class='ocrx_word' id='word_1_384' title='bbox 1559 547 1580 591; x_wconf 90' lang='lat' dir='ltr'>r.</span> 
     </span>
    </p>
   </div>
   <div class='ocr_carea' id='block_1_8' title="bbox 2040 523 2310 591">
    <p class='ocr_par' dir='ltr' id='par_1_17' title="bbox 2040 523 2310 591">
     <span class='ocr_line' id='line_1_62' title="bbox 2040 523 2310 591; baseline 0.041 -10"><span class='ocrx_word' id='word_1_385' title='bbox 2040 523 2048 549; x_wconf 82' lang='lat'><strong><em>¹</em></strong></span> <span class='ocrx_word' id='word_1_386' title='bbox 2140 529 2194 585; x_wconf 82' lang='lat' dir='ltr'>An.</span> <span class='ocrx_word' id='word_1_387' title='bbox 2207 533 2237 586; x_wconf 82' lang='lat' dir='ltr'>O.</span> <span class='ocrx_word' id='word_1_388' title='bbox 2254 537 2310 591; x_wconf 82' lang='lat' dir='ltr'>tert</span> 
     </span>
    </p>
   </div>
   <div class='ocr_carea' id='block_1_9' title="bbox 1359 665 2322 4094">
    <p class='ocr_par' dir='ltr' id='par_1_18' title="bbox 1362 665 2111 914">
     <span class='ocr_line' id='line_1_63' title="bbox 1362 665 2108 746; baseline 0.005 -22"><span class='ocrx_word' id='word_1_389' title='bbox 1362 680 1414 724; x_wconf 90' lang='lat' dir='ltr'>eus</span> <span class='ocrx_word' id='word_1_390' title='bbox 1437 679 1531 742; x_wconf 90' lang='lat' dir='ltr'>super</span> <span class='ocrx_word' id='word_1_391' title='bbox 1553 665 1598 726; x_wconf 90' lang='lat' dir='ltr'>his</span> <span class='ocrx_word' id='word_1_392' title='bbox 1620 683 1635 726; x_wconf 87' lang='lat' dir='ltr'>a</span> <span class='ocrx_word' id='word_1_393' title='bbox 1658 682 1814 744; x_wconf 88' lang='lat' dir='ltr'>quoquam</span> <span class='ocrx_word' id='word_1_394' title='bbox 1839 667 1946 746; x_wconf 89' lang='lat' dir='ltr'>quavis</span> <span class='ocrx_word' id='word_1_395' title='bbox 1977 667 2108 730; x_wconf 91' lang='lat' dir='ltr'>auctori·</span> 
     </span>
     <span class='ocr_line' id='line_1_64' title="bbox 1362 757 2111 838; baseline 0.004 -20"><span class='ocrx_word' id='word_1_396' title='bbox 1362 765 1423 820; x_wconf 89' lang='lat' dir='ltr'>tate</span> <span class='ocrx_word' id='word_1_397' title='bbox 1446 757 1582 820; x_wconf 91' lang='lat' dir='ltr'>scienter</span> <span class='ocrx_word' id='word_1_398' title='bbox 1603 759 1651 821; x_wconf 92' lang='lat' dir='ltr'>vel</span> <span class='ocrx_word' id='word_1_399' title='bbox 1675 760 1857 836; x_wconf 89' lang='lat' dir='ltr'>ignoranter</span> <span class='ocrx_word' id='word_1_400' title='bbox 1877 761 2044 838; x_wconf 90' lang='lat' dir='ltr'>contigerit</span> <span class='ocrx_word' id='word_1_401' title='bbox 2065 767 2111 822; x_wconf 93' lang='lat' dir='ltr'>at·</span> 
     </span>
     <span class='ocr_line' id='line_1_65' title="bbox 1362 852 1486 914; baseline 0 0"><span class='ocrx_word' id='word_1_402' title='bbox 1362 852 1486 914; x_wconf 90' lang='lat' dir='ltr'>tentari.</span> 
     </span>
    </p>

    <p class='ocr_par' dir='ltr' id='par_1_19' title="bbox 1360 942 2322 1869">
     <span class='ocr_line' id='line_1_66' title="bbox 1400 942 2322 1020; baseline 0.008 -16"><span class='ocrx_word' id='word_1_403' title='bbox 1400 942 1488 1019; x_wconf 78' lang='lat' dir='ltr'>§ta</span> <span class='ocrx_word' id='word_1_404' title='bbox 1513 943 1581 1008; x_wconf 87' lang='lat' dir='ltr'>Non</span> <span class='ocrx_word' id='word_1_405' title='bbox 1610 945 1801 1010; x_wconf 88' lang='lat' dir='ltr'>obstantibus</span> <span class='ocrx_word' id='word_1_406' title='bbox 1833 947 2107 1010; x_wconf 90' lang='lat' dir='ltr'>constitutionibus</span> <span class='ocrx_word' id='word_1_407' title='bbox 2139 960 2322 1020; x_wconf 70' lang='lat' dir='ltr'>perorationes·</span> 
     </span>
     <span class='ocr_line' id='line_1_67' title="bbox 1361 1015 2267 1118; baseline 0.007 -20"><span class='ocrx_word' id='word_1_408' title='bbox 1361 1045 1392 1098; x_wconf 91' lang='lat' dir='ltr'>et</span> <span class='ocrx_word' id='word_1_409' title='bbox 1412 1038 1657 1100; x_wconf 89' lang='lat' dir='ltr'>ordinationibus</span> <span class='ocrx_word' id='word_1_410' title='bbox 1678 1038 1861 1117; x_wconf 91' lang='lat' dir='ltr'>apostolicis,</span> <span class='ocrx_word' id='word_1_411' title='bbox 1876 1057 1909 1102; x_wconf 90' lang='lat' dir='ltr'>ae</span> <span class='ocrx_word' id='word_1_412' title='bbox 1925 1041 2108 1118; x_wconf 88' lang='lat' dir='ltr'>praesertim</span> <span class='ocrx_word' id='word_1_413' title='bbox 2128 1015 2267 1060; x_wconf 67' lang='lat' dir='ltr'>carrorum.</span> 
     </span>
     <span class='ocr_line' id='line_1_68' title="bbox 1360 1132 2106 1209; baseline 0.004 -17"><span class='ocrx_word' id='word_1_414' title='bbox 1360 1132 1631 1209; x_wconf 88' lang='lat' dir='ltr'>supramemoratis</span> <span class='ocrx_word' id='word_1_415' title='bbox 1654 1133 1751 1194; x_wconf 92' lang='lat' dir='ltr'>literis</span> <span class='ocrx_word' id='word_1_416' title='bbox 1772 1132 1803 1194; x_wconf 93' lang='lat' dir='ltr'>in</span> <span class='ocrx_word' id='word_1_417' title='bbox 1827 1133 1922 1194; x_wconf 84' lang='lat' dir='ltr'>torma</span> <span class='ocrx_word' id='word_1_418' title='bbox 1946 1133 2049 1206; x_wconf 86' lang='lat' dir='ltr'>brevis</span> <span class='ocrx_word' id='word_1_419' title='bbox 2064 1133 2106 1195; x_wconf 88' lang='lat' dir='ltr'>le-</span> 
     </span>
     <span class='ocr_line' id='line_1_69' title="bbox 1361 1223 2105 1306; baseline 0.009 -22"><span class='ocrx_word' id='word_1_420' title='bbox 1361 1223 1427 1285; x_wconf 88' lang='lat' dir='ltr'>licis</span> <span class='ocrx_word' id='word_1_421' title='bbox 1441 1225 1660 1288; x_wconf 90' lang='lat' dir='ltr'>recordationis</span> <span class='ocrx_word' id='word_1_422' title='bbox 1676 1225 1844 1288; x_wconf 84' lang='lat' dir='ltr'>Clementis</span> <span class='ocrx_word' id='word_1_423' title='bbox 1856 1226 1937 1290; x_wconf 84' lang='lat' dir='ltr'>lllV.</span> <span class='ocrx_word' id='word_1_424' title='bbox 1955 1227 2105 1306; x_wconf 89' lang='lat' dir='ltr'>incipieu-</span> 
     </span>
     <span class='ocr_line' id='line_1_70' title="bbox 1363 1317 2108 1398; baseline 0.005 -20"><span class='ocrx_word' id='word_1_425' title='bbox 1363 1317 1443 1380; x_wconf 86' lang='lat' dir='ltr'>tibus</span> <span class='ocrx_word' id='word_1_426' title='bbox 1471 1319 1661 1380; x_wconf 78' lang='lat' dir='ltr'>&lt;Dominus</span> <span class='ocrx_word' id='word_1_427' title='bbox 1682 1337 1720 1382; x_wconf 90' lang='lat' dir='ltr'>ac</span> <span class='ocrx_word' id='word_1_428' title='bbox 1750 1318 1938 1398; x_wconf 79' lang='lat' dir='ltr'>Redemptor</span> <span class='ocrx_word' id='word_1_429' title='bbox 1965 1327 2108 1382; x_wconf 71' lang='lat' dir='ltr'>noster»</span> 
     </span>
     <span class='ocr_line' id='line_1_71' title="bbox 1361 1411 2106 1492; baseline 0.004 -21"><span class='ocrx_word' id='word_1_430' title='bbox 1361 1411 1418 1472; x_wconf 90' lang='lat' dir='ltr'>sub</span> <span class='ocrx_word' id='word_1_431' title='bbox 1446 1411 1561 1473; x_wconf 91' lang='lat' dir='ltr'>annulo</span> <span class='ocrx_word' id='word_1_432' title='bbox 1593 1412 1749 1492; x_wconf 87' lang='lat' dir='ltr'>piscatoris</span> <span class='ocrx_word' id='word_1_433' title='bbox 1777 1413 1927 1490; x_wconf 90' lang='lat' dir='ltr'>expeditis</span> <span class='ocrx_word' id='word_1_434' title='bbox 1957 1413 2006 1476; x_wconf 91' lang='lat' dir='ltr'>die</span> <span class='ocrx_word' id='word_1_435' title='bbox 2037 1432 2106 1478; x_wconf 85' lang='lat' dir='ltr'>xxx.</span> 
     </span>
     <span class='ocr_line' id='line_1_72' title="bbox 1363 1503 2108 1587; baseline 0.011 -23"><span class='ocrx_word' id='word_1_436' title='bbox 1363 1503 1429 1566; x_wconf 91' lang='lat' dir='ltr'>iulii</span> <span class='ocrx_word' id='word_1_437' title='bbox 1450 1506 1523 1566; x_wconf 91' lang='lat' dir='ltr'>anni</span> <span class='ocrx_word' id='word_1_438' title='bbox 1546 1506 1669 1568; x_wconf 87' lang='lat' dir='ltr'>Domini</span> <span class='ocrx_word' id='word_1_439' title='bbox 1694 1522 1910 1581; x_wconf 78' lang='lat' dir='ltr'>abortivant,</span> <span class='ocrx_word' id='word_1_440' title='bbox 1939 1509 2052 1587; x_wconf 92' lang='lat' dir='ltr'>quibus</span> <span class='ocrx_word' id='word_1_441' title='bbox 2072 1513 2108 1572; x_wconf 91' lang='lat' dir='ltr'>ad</span> 
     </span>
     <span class='ocr_line' id='line_1_73' title="bbox 1362 1601 2109 1684; baseline 0.007 -23"><span class='ocrx_word' id='word_1_442' title='bbox 1362 1601 1601 1678; x_wconf 88' lang='lat' dir='ltr'>praemissorum</span> <span class='ocrx_word' id='word_1_443' title='bbox 1622 1602 1768 1666; x_wconf 84' lang='lat' dir='ltr'>ellectum</span> <span class='ocrx_word' id='word_1_444' title='bbox 1786 1619 1929 1683; x_wconf 90' lang='lat' dir='ltr'>expresse</span> <span class='ocrx_word' id='word_1_445' title='bbox 1943 1623 1976 1668; x_wconf 89' lang='lat' dir='ltr'>ac</span> <span class='ocrx_word' id='word_1_446' title='bbox 1996 1607 2109 1684; x_wconf 88' lang='lat' dir='ltr'>specia-</span> 
     </span>
     <span class='ocr_line' id='line_1_74' title="bbox 1363 1693 2108 1776; baseline 0.012 -23"><span class='ocrx_word' id='word_1_447' title='bbox 1363 1693 1419 1754; x_wconf 91' lang='lat' dir='ltr'>tim</span> <span class='ocrx_word' id='word_1_448' title='bbox 1435 1694 1626 1758; x_wconf 90' lang='lat' dir='ltr'>intendimus</span> <span class='ocrx_word' id='word_1_449' title='bbox 1641 1696 1806 1772; x_wconf 90' lang='lat' dir='ltr'>derogare:</span> <span class='ocrx_word' id='word_1_450' title='bbox 1831 1697 2020 1776; x_wconf 89' lang='lat' dir='ltr'>caeterisque</span> <span class='ocrx_word' id='word_1_451' title='bbox 2035 1717 2108 1764; x_wconf 92' lang='lat' dir='ltr'>eon-</span> 
     </span>
     <span class='ocr_line' id='line_1_75' title="bbox 1362 1788 2157 1869; baseline 0.009 -21"><span class='ocrx_word' id='word_1_452' title='bbox 1362 1788 1462 1850; x_wconf 88' lang='lat' dir='ltr'>trariis</span> <span class='ocrx_word' id='word_1_453' title='bbox 1484 1789 1742 1869; x_wconf 87' lang='lat' dir='ltr'>quibuscumque.</span> <span class='ocrx_word' id='word_1_454' title='bbox 2155 1789 2157 1793; x_wconf 79' lang='grc'><strong>’</strong></span> 
     </span>
    </p>

    <p class='ocr_par' dir='ltr' id='par_1_20' title="bbox 1360 1879 2322 2691">
     <span class='ocr_line' id='line_1_76' title="bbox 1402 1879 2322 1966; baseline 0.008 -22"><span class='ocrx_word' id='word_1_455' title='bbox 1402 1883 1420 1957; x_wconf 75' lang='lat'>5</span> <span class='ocrx_word' id='word_1_456' title='bbox 1437 1881 1483 1944; x_wconf 78' lang='lat' dir='ltr'>l&#39;d.</span> <span class='ocrx_word' id='word_1_457' title='bbox 1501 1879 1778 1958; x_wconf 84' lang='lat' dir='ltr'>Volumusautem,</span> <span class='ocrx_word' id='word_1_458' title='bbox 1791 1885 2014 1948; x_wconf 83' lang='lat' dir='ltr'>uteorumdcm</span> <span class='ocrx_word' id='word_1_459' title='bbox 2027 1905 2109 1966; x_wconf 85' lang='lat' dir='ltr'>prae</span> <span class='ocrx_word' id='word_1_460' title='bbox 2137 1898 2322 1964; x_wconf 66' lang='lat' dir='ltr'>attestatae</span> 
     </span>
     <span class='ocr_line' id='line_1_77' title="bbox 1360 1956 2296 2056; baseline 0.01 -19"><span class='ocrx_word' id='word_1_461' title='bbox 1360 1977 1498 2039; x_wconf 89' lang='lat' dir='ltr'>sentium</span> <span class='ocrx_word' id='word_1_462' title='bbox 1520 1977 1681 2040; x_wconf 87' lang='lat' dir='ltr'>literarum</span> <span class='ocrx_word' id='word_1_463' title='bbox 1703 1979 1906 2056; x_wconf 84' lang='lat' dir='ltr'>transumptis</span> <span class='ocrx_word' id='word_1_464' title='bbox 1926 1980 1993 2042; x_wconf 91' lang='lat' dir='ltr'>sive</span> <span class='ocrx_word' id='word_1_465' title='bbox 2004 1999 2110 2044; x_wconf 89' lang='lat' dir='ltr'>exem-</span> <span class='ocrx_word' id='word_1_466' title='bbox 2128 1956 2296 2010; x_wconf 65' lang='lat' dir='ltr'>transumens.</span> 
     </span>
     <span class='ocr_line' id='line_1_78' title="bbox 1363 2071 2109 2150; baseline 0.008 -18"><span class='ocrx_word' id='word_1_467' title='bbox 1363 2071 1419 2149; x_wconf 90' lang='lat' dir='ltr'>plis</span> <span class='ocrx_word' id='word_1_468' title='bbox 1433 2072 1524 2132; x_wconf 90' lang='lat' dir='ltr'>etiam</span> <span class='ocrx_word' id='word_1_469' title='bbox 1539 2072 1706 2150; x_wconf 89' lang='lat' dir='ltr'>impressis,</span> <span class='ocrx_word' id='word_1_470' title='bbox 1720 2079 1750 2133; x_wconf 92' lang='lat' dir='ltr'>et</span> <span class='ocrx_word' id='word_1_471' title='bbox 1766 2087 1861 2134; x_wconf 86' lang='lat' dir='ltr'>manu</span> <span class='ocrx_word' id='word_1_472' title='bbox 1876 2073 2007 2136; x_wconf 88' lang='lat' dir='ltr'>alicuius</span> <span class='ocrx_word' id='word_1_473' title='bbox 2023 2084 2109 2138; x_wconf 92' lang='lat' dir='ltr'>nota-</span> 
     </span>
     <span class='ocr_line' id='line_1_79' title="bbox 1361 2163 2109 2246; baseline 0.012 -22"><span class='ocrx_word' id='word_1_474' title='bbox 1361 2163 1399 2224; x_wconf 92' lang='lat' dir='ltr'>rii</span> <span class='ocrx_word' id='word_1_475' title='bbox 1428 2164 1542 2241; x_wconf 90' lang='lat' dir='ltr'>publici</span> <span class='ocrx_word' id='word_1_476' title='bbox 1569 2165 1759 2242; x_wconf 86' lang='lat' dir='ltr'>subscriptis,</span> <span class='ocrx_word' id='word_1_477' title='bbox 1781 2183 1814 2228; x_wconf 90' lang='lat' dir='ltr'>ac</span> <span class='ocrx_word' id='word_1_478' title='bbox 1835 2166 1938 2242; x_wconf 89' lang='lat' dir='ltr'>sigillo</span> <span class='ocrx_word' id='word_1_479' title='bbox 1959 2183 2109 2246; x_wconf 90' lang='lat' dir='ltr'>personae</span> 
     </span>
     <span class='ocr_line' id='line_1_80' title="bbox 1361 2257 2110 2334; baseline 0.009 -16"><span class='ocrx_word' id='word_1_480' title='bbox 1361 2257 1392 2319; x_wconf 92' lang='lat' dir='ltr'>in</span> <span class='ocrx_word' id='word_1_481' title='bbox 1421 2257 1621 2320; x_wconf 90' lang='lat' dir='ltr'>ecclesiastica</span> <span class='ocrx_word' id='word_1_482' title='bbox 1649 2257 1801 2334; x_wconf 90' lang='lat' dir='ltr'>dignitate</span> <span class='ocrx_word' id='word_1_483' title='bbox 1828 2261 2015 2324; x_wconf 90' lang='lat' dir='ltr'>constitutae</span> <span class='ocrx_word' id='word_1_484' title='bbox 2041 2279 2110 2325; x_wconf 91' lang='lat' dir='ltr'>mu-</span> 
     </span>
     <span class='ocr_line' id='line_1_81' title="bbox 1363 2350 2109 2428; baseline 0.009 -16"><span class='ocrx_word' id='word_1_485' title='bbox 1363 2350 1446 2425; x_wconf 88' lang='lat' dir='ltr'>nitis,</span> <span class='ocrx_word' id='word_1_486' title='bbox 1464 2352 1568 2412; x_wconf 89' lang='lat' dir='ltr'>eadem</span> <span class='ocrx_word' id='word_1_487' title='bbox 1586 2365 1710 2428; x_wconf 88' lang='lat' dir='ltr'>prorsus</span> <span class='ocrx_word' id='word_1_488' title='bbox 1732 2352 1806 2414; x_wconf 85' lang='lat' dir='ltr'>sides</span> <span class='ocrx_word' id='word_1_489' title='bbox 1827 2353 1860 2414; x_wconf 95' lang='lat' dir='ltr'>in</span> <span class='ocrx_word' id='word_1_490' title='bbox 1882 2353 1995 2416; x_wconf 89' lang='lat' dir='ltr'>iudicio</span> <span class='ocrx_word' id='word_1_491' title='bbox 2011 2366 2042 2419; x_wconf 91' lang='lat' dir='ltr'>et</span> <span class='ocrx_word' id='word_1_492' title='bbox 2057 2375 2109 2418; x_wconf 91' lang='lat' dir='ltr'>ex·</span> 
     </span>
     <span class='ocr_line' id='line_1_82' title="bbox 1362 2444 2108 2526; baseline 0.012 -22"><span class='ocrx_word' id='word_1_493' title='bbox 1362 2451 1406 2505; x_wconf 89' lang='lat' dir='ltr'>tra</span> <span class='ocrx_word' id='word_1_494' title='bbox 1429 2444 1506 2506; x_wconf 92' lang='lat' dir='ltr'>illud</span> <span class='ocrx_word' id='word_1_495' title='bbox 1528 2445 1719 2520; x_wconf 83' lang='lat' dir='ltr'>avllribeatur,</span> <span class='ocrx_word' id='word_1_496' title='bbox 1742 2461 1820 2524; x_wconf 92' lang='lat' dir='ltr'>quae</span> <span class='ocrx_word' id='word_1_497' title='bbox 1842 2446 1915 2526; x_wconf 89' lang='lat' dir='ltr'>ipsis</span> <span class='ocrx_word' id='word_1_498' title='bbox 1937 2453 2108 2526; x_wconf 90' lang='lat' dir='ltr'>praeseuti-</span> 
     </span>
     <span class='ocr_line' id='line_1_83' title="bbox 1362 2537 2108 2615; baseline 0.009 -16"><span class='ocrx_word' id='word_1_499' title='bbox 1362 2537 1417 2599; x_wconf 92' lang='lat' dir='ltr'>hus</span> <span class='ocrx_word' id='word_1_500' title='bbox 1446 2537 1654 2615; x_wconf 86' lang='lat' dir='ltr'>adhiberetur,</span> <span class='ocrx_word' id='word_1_501' title='bbox 1684 2540 1709 2599; x_wconf 91' lang='lat' dir='ltr'>si</span> <span class='ocrx_word' id='word_1_502' title='bbox 1739 2539 1842 2602; x_wconf 79' lang='lat' dir='ltr'>forent</span> <span class='ocrx_word' id='word_1_503' title='bbox 1874 2542 2029 2604; x_wconf 89' lang='lat' dir='ltr'>exhibitae</span> <span class='ocrx_word' id='word_1_504' title='bbox 2058 2547 2108 2608; x_wconf 91' lang='lat' dir='ltr'>vet</span> 
     </span>
     <span class='ocr_line' id='line_1_84' title="bbox 1361 2638 1511 2691; baseline -0.013 -1"><span class='ocrx_word' id='word_1_505' title='bbox 1361 2638 1511 2691; x_wconf 90' lang='lat' dir='ltr'>ostensae.</span> 
     </span>
    </p>

    <p class='ocr_par' dir='ltr' id='par_1_21' title="bbox 1359 2721 2315 3628">
     <span class='ocr_line' id='line_1_85' title="bbox 1400 2721 2315 2806; baseline 0.011 -25"><span class='ocrx_word' id='word_1_506' title='bbox 1400 2724 1418 2798; x_wconf 66' lang='lat' dir='ltr'>g</span> <span class='ocrx_word' id='word_1_507' title='bbox 1443 2722 1488 2782; x_wconf 85' lang='lat' dir='ltr'>tt.</span> <span class='ocrx_word' id='word_1_508' title='bbox 1503 2721 1587 2785; x_wconf 92' lang='lat' dir='ltr'>Nulli</span> <span class='ocrx_word' id='word_1_509' title='bbox 1602 2740 1676 2800; x_wconf 92' lang='lat' dir='ltr'>ergo</span> <span class='ocrx_word' id='word_1_510' title='bbox 1691 2726 1822 2790; x_wconf 92' lang='lat' dir='ltr'>omnino</span> <span class='ocrx_word' id='word_1_511' title='bbox 1839 2726 2002 2790; x_wconf 90' lang='lat' dir='ltr'>hominum</span> <span class='ocrx_word' id='word_1_512' title='bbox 2019 2730 2108 2792; x_wconf 87' lang='lat' dir='ltr'>liceat</span> <span class='ocrx_word' id='word_1_513' title='bbox 2164 2743 2256 2806; x_wconf 77' lang='lat' dir='ltr'>sanem</span> <span class='ocrx_word' id='word_1_514' title='bbox 2268 2755 2315 2801; x_wconf 74' lang='lat' dir='ltr'>poa-</span> 
     </span>
     <span class='ocr_line' id='line_1_86' title="bbox 1362 2797 2202 2900; baseline 0.01 -23"><span class='ocrx_word' id='word_1_515' title='bbox 1362 2818 1438 2878; x_wconf 92' lang='lat' dir='ltr'>hanc</span> <span class='ocrx_word' id='word_1_516' title='bbox 1460 2817 1601 2896; x_wconf 88' lang='lat' dir='ltr'>paginam</span> <span class='ocrx_word' id='word_1_517' title='bbox 1618 2827 1739 2880; x_wconf 87' lang='lat' dir='ltr'>nostrae</span> <span class='ocrx_word' id='word_1_518' title='bbox 1755 2821 1972 2897; x_wconf 89' lang='lat' dir='ltr'>ordinationis,</span> <span class='ocrx_word' id='word_1_519' title='bbox 1987 2825 2106 2900; x_wconf 91' lang='lat' dir='ltr'>statuti,</span> <span class='ocrx_word' id='word_1_520' title='bbox 2128 2797 2202 2843; x_wconf 54' lang='lat'><strong>⁰³¹¹*</strong></span> 
     </span>
     <span class='ocr_line' id='line_1_87' title="bbox 1361 2911 2108 2990; baseline 0.009 -18"><span class='ocrx_word' id='word_1_521' title='bbox 1361 2911 1564 2985; x_wconf 87' lang='lat' dir='ltr'>extensionis,</span> <span class='ocrx_word' id='word_1_522' title='bbox 1588 2912 1804 2987; x_wconf 85' lang='lat' dir='ltr'>correessionis,</span> <span class='ocrx_word' id='word_1_523' title='bbox 1827 2913 1953 2990; x_wconf 88' lang='lat' dir='ltr'>indulti,</span> <span class='ocrx_word' id='word_1_524' title='bbox 1977 2915 2108 2978; x_wconf 89' lang='lat' dir='ltr'>declara·</span> 
     </span>
     <span class='ocr_line' id='line_1_88' title="bbox 1363 3002 2106 3085; baseline 0.008 -21"><span class='ocrx_word' id='word_1_525' title='bbox 1363 3003 1464 3078; x_wconf 91' lang='lat' dir='ltr'>tionis,</span> <span class='ocrx_word' id='word_1_526' title='bbox 1480 3002 1642 3078; x_wconf 79' lang='lat' dir='ltr'>facultatis,</span> <span class='ocrx_word' id='word_1_527' title='bbox 1660 3004 1855 3083; x_wconf 88' lang='lat' dir='ltr'>receptionis,</span> <span class='ocrx_word' id='word_1_528' title='bbox 1871 3009 2106 3085; x_wconf 68' lang='lat' dir='ltr'>reservationis</span> 
     </span>
     <span class='ocr_line' id='line_1_89' title="bbox 1362 3097 2109 3178; baseline 0.007 -20"><span class='ocrx_word' id='word_1_529' title='bbox 1362 3097 1485 3173; x_wconf 91' lang='lat' dir='ltr'>moniti,</span> <span class='ocrx_word' id='word_1_530' title='bbox 1501 3097 1735 3174; x_wconf 88' lang='lat' dir='ltr'>exhortationis,</span> <span class='ocrx_word' id='word_1_531' title='bbox 1748 3099 1876 3174; x_wconf 90' lang='lat' dir='ltr'>decreti,</span> <span class='ocrx_word' id='word_1_532' title='bbox 1889 3107 1919 3160; x_wconf 92' lang='lat' dir='ltr'>et</span> <span class='ocrx_word' id='word_1_533' title='bbox 1934 3101 2109 3178; x_wconf 89' lang='lat' dir='ltr'>derogatio-</span> 
     </span>
     <span class='ocr_line' id='line_1_90' title="bbox 1361 3189 2110 3268; baseline 0.011 -18"><span class='ocrx_word' id='word_1_534' title='bbox 1361 3190 1409 3250; x_wconf 91' lang='lat' dir='ltr'>nis</span> <span class='ocrx_word' id='word_1_535' title='bbox 1430 3189 1604 3268; x_wconf 88' lang='lat' dir='ltr'>inlriugere</span> <span class='ocrx_word' id='word_1_536' title='bbox 1625 3191 1676 3251; x_wconf 88' lang='lat' dir='ltr'>vel</span> <span class='ocrx_word' id='word_1_537' title='bbox 1697 3191 1725 3252; x_wconf 92' lang='lat' dir='ltr'>ei</span> <span class='ocrx_word' id='word_1_538' title='bbox 1747 3207 1823 3254; x_wconf 90' lang='lat' dir='ltr'>ausu</span> <span class='ocrx_word' id='word_1_539' title='bbox 1852 3196 2015 3255; x_wconf 91' lang='lat' dir='ltr'>temerario</span> <span class='ocrx_word' id='word_1_540' title='bbox 2037 3211 2110 3258; x_wconf 89' lang='lat' dir='ltr'>oon-</span> 
     </span>
     <span class='ocr_line' id='line_1_91' title="bbox 1363 3282 2110 3366; baseline 0.005 -21"><span class='ocrx_word' id='word_1_541' title='bbox 1363 3282 1464 3346; x_wconf 90' lang='lat' dir='ltr'>traire.</span> <span class='ocrx_word' id='word_1_542' title='bbox 1494 3283 1525 3346; x_wconf 91' lang='lat' dir='ltr'>Si</span> <span class='ocrx_word' id='word_1_543' title='bbox 1548 3284 1616 3362; x_wconf 89' lang='lat' dir='ltr'>quis</span> <span class='ocrx_word' id='word_1_544' title='bbox 1643 3291 1746 3345; x_wconf 91' lang='lat' dir='ltr'>autem</span> <span class='ocrx_word' id='word_1_545' title='bbox 1769 3286 1826 3345; x_wconf 89' lang='lat' dir='ltr'>boc</span> <span class='ocrx_word' id='word_1_546' title='bbox 1845 3293 2000 3348; x_wconf 90' lang='lat' dir='ltr'>attentare</span> <span class='ocrx_word' id='word_1_547' title='bbox 2022 3304 2110 3366; x_wconf 90' lang='lat' dir='ltr'>prae-</span> 
     </span>
     <span class='ocr_line' id='line_1_92' title="bbox 1359 3375 2108 3458; baseline 0.009 -22"><span class='ocrx_word' id='word_1_548' title='bbox 1359 3377 1537 3455; x_wconf 87' lang='lat' dir='ltr'>sumpserit,</span> <span class='ocrx_word' id='word_1_549' title='bbox 1554 3375 1804 3453; x_wconf 88' lang='lat' dir='ltr'>indignationem</span> <span class='ocrx_word' id='word_1_550' title='bbox 1818 3379 2043 3458; x_wconf 90' lang='lat' dir='ltr'>omnipotentis</span> <span class='ocrx_word' id='word_1_551' title='bbox 2054 3383 2108 3446; x_wconf 86' lang='lat' dir='ltr'>[tei</span> 
     </span>
     <span class='ocr_line' id='line_1_93' title="bbox 1361 3470 2106 3552; baseline 0.011 -22"><span class='ocrx_word' id='word_1_552' title='bbox 1361 3487 1394 3532; x_wconf 90' lang='lat' dir='ltr'>ae</span> <span class='ocrx_word' id='word_1_553' title='bbox 1419 3471 1579 3534; x_wconf 90' lang='lat' dir='ltr'>beatorum</span> <span class='ocrx_word' id='word_1_554' title='bbox 1609 3470 1690 3534; x_wconf 89' lang='lat' dir='ltr'>Petri</span> <span class='ocrx_word' id='word_1_555' title='bbox 1718 3479 1748 3532; x_wconf 91' lang='lat' dir='ltr'>et</span> <span class='ocrx_word' id='word_1_556' title='bbox 1773 3470 1859 3533; x_wconf 89' lang='lat' dir='ltr'>Pauli</span> <span class='ocrx_word' id='word_1_557' title='bbox 1888 3473 2106 3552; x_wconf 87' lang='lat' dir='ltr'>Apostolorum</span> 
     </span>
     <span class='ocr_line' id='line_1_94' title="bbox 1361 3565 1862 3628; baseline 0.004 -4"><span class='ocrx_word' id='word_1_558' title='bbox 1361 3565 1427 3624; x_wconf 91' lang='lat' dir='ltr'>eius</span> <span class='ocrx_word' id='word_1_559' title='bbox 1447 3580 1480 3626; x_wconf 92' lang='lat' dir='ltr'>se</span> <span class='ocrx_word' id='word_1_560' title='bbox 1502 3565 1625 3625; x_wconf 89' lang='lat' dir='ltr'>noverit</span> <span class='ocrx_word' id='word_1_561' title='bbox 1650 3565 1862 3628; x_wconf 89' lang='lat' dir='ltr'>incursurum.</span> 
     </span>
    </p>

    <p class='ocr_par' dir='ltr' id='par_1_22' title="bbox 1361 3656 2109 4094">
     <span class='ocr_line' id='line_1_95' title="bbox 1402 3656 2109 3734; baseline 0.008 -16"><span class='ocrx_word' id='word_1_562' title='bbox 1402 3657 1512 3718; x_wconf 85' lang='lat' dir='ltr'>Datum</span> <span class='ocrx_word' id='word_1_563' title='bbox 1535 3656 1659 3733; x_wconf 84' lang='lat' dir='ltr'>Romae,</span> <span class='ocrx_word' id='word_1_564' title='bbox 1675 3657 1755 3734; x_wconf 91' lang='lat' dir='ltr'>apud</span> <span class='ocrx_word' id='word_1_565' title='bbox 1777 3657 1807 3720; x_wconf 92' lang='lat' dir='ltr'>S.</span> <span class='ocrx_word' id='word_1_566' title='bbox 1820 3657 1945 3720; x_wconf 83' lang='lat' dir='ltr'>Mariam</span> <span class='ocrx_word' id='word_1_567' title='bbox 1962 3659 2109 3724; x_wconf 83' lang='lat' dir='ltr'>tiatorem</span> 
     </span>
     <span class='ocr_line' id='line_1_96' title="bbox 1361 3750 2107 3817; baseline 0.009 -7"><span class='ocrx_word' id='word_1_568' title='bbox 1361 3766 1445 3812; x_wconf 89' lang='lat' dir='ltr'>anno</span> <span class='ocrx_word' id='word_1_569' title='bbox 1476 3750 1696 3812; x_wconf 88' lang='lat' dir='ltr'>incarnationis</span> <span class='ocrx_word' id='word_1_570' title='bbox 1731 3750 1902 3812; x_wconf 88' lang='lat' dir='ltr'>dominicae</span> <span class='ocrx_word' id='word_1_571' title='bbox 1941 3753 2107 3817; x_wconf 88' lang='lat' dir='ltr'>millesimo</span> 
     </span>
     <span class='ocr_line' id='line_1_97' title="bbox 1362 3843 2107 3923; baseline 0.008 -19"><span class='ocrx_word' id='word_1_572' title='bbox 1362 3844 1621 3921; x_wconf 89' lang='lat' dir='ltr'>octingentesimo</span> <span class='ocrx_word' id='word_1_573' title='bbox 1635 3843 1878 3921; x_wconf 91' lang='lat' dir='ltr'>quartodecimo,</span> <span class='ocrx_word' id='word_1_574' title='bbox 1891 3846 2024 3923; x_wconf 91' lang='lat' dir='ltr'>septimo</span> <span class='ocrx_word' id='word_1_575' title='bbox 2039 3847 2107 3910; x_wconf 91' lang='lat' dir='ltr'>idus</span> 
     </span>
     <span class='ocr_line' id='line_1_98' title="bbox 1362 3936 2105 4020; baseline 0.008 -22"><span class='ocrx_word' id='word_1_576' title='bbox 1362 3937 1495 4014; x_wconf 91' lang='lat' dir='ltr'>augusti,</span> <span class='ocrx_word' id='word_1_577' title='bbox 1518 3936 1714 4016; x_wconf 83' lang='lat' dir='ltr'>pontificatus</span> <span class='ocrx_word' id='word_1_578' title='bbox 1748 3937 1845 3998; x_wconf 90' lang='lat' dir='ltr'>nostri</span> <span class='ocrx_word' id='word_1_579' title='bbox 1868 3954 1949 4000; x_wconf 82' lang='lat' dir='ltr'>anxio</span> <span class='ocrx_word' id='word_1_580' title='bbox 1981 3943 2105 4020; x_wconf 89' lang='lat' dir='ltr'>quinto·</span> 
     </span>
     <span class='ocr_line' id='line_1_99' title="bbox 1362 4033 1491 4094; baseline -0.031 0"><span class='ocrx_word' id='word_1_581' title='bbox 1362 4033 1491 4094; x_wconf 87' lang='lat' dir='ltr'>docimo.</span> 
     </span>
    </p>
   </div>
   <div class='ocr_carea' id='block_1_10' title="bbox 1685 4417 1788 4484">
    <p class='ocr_par' dir='ltr' id='par_1_23' title="bbox 1685 4417 1788 4484">
     <span class='ocr_line' id='line_1_100' title="bbox 1685 4417 1788 4484; baseline -0.049 -4"><span class='ocrx_word' id='word_1_582' title='bbox 1685 4417 1788 4484; x_wconf 83' lang='lat' dir='ltr'>XLlll.</span> 
     </span>
    </p>
   </div>
   <div class='ocr_carea' id='block_1_11' title="bbox 1362 4605 2109 5250">
    <p class='ocr_par' dir='ltr' id='par_1_24' title="bbox 1362 4605 2109 5250">
     <span class='ocr_line' id='line_1_101' title="bbox 1362 4605 2109 4687; baseline 0 -17"><span class='ocrx_word' id='word_1_583' title='bbox 1362 4605 1524 4686; x_wconf 79' lang='lat' dir='ltr'>approbat</span> <span class='ocrx_word' id='word_1_584' title='bbox 1557 4608 1740 4670; x_wconf 84' lang='lat' dir='ltr'>electionem</span> <span class='ocrx_word' id='word_1_585' title='bbox 1770 4625 1826 4670; x_wconf 86' lang='lat' dir='ltr'>een</span> <span class='ocrx_word' id='word_1_586' title='bbox 1857 4609 2109 4687; x_wconf 83' lang='lat' dir='ltr'>postulationem</span> 
     </span>
     <span class='ocr_line' id='line_1_102' title="bbox 1403 4702 2109 4783; baseline 0 -19"><span class='ocrx_word' id='word_1_587' title='bbox 1403 4705 1468 4766; x_wconf 83' lang='lat' dir='ltr'>tam</span> <span class='ocrx_word' id='word_1_588' title='bbox 1480 4721 1499 4766; x_wconf 95' lang='lat' dir='ltr'>a</span> <span class='ocrx_word' id='word_1_589' title='bbox 1512 4702 1660 4783; x_wconf 75' lang='lat' dir='ltr'>Delegatc</span> <span class='ocrx_word' id='word_1_590' title='bbox 1676 4707 1783 4782; x_wconf 85' lang='lat' dir='ltr'>Apost.</span> <span class='ocrx_word' id='word_1_591' title='bbox 1796 4703 2017 4782; x_wconf 71' lang='lat' dir='ltr'>confirmatam</span> <span class='ocrx_word' id='word_1_592' title='bbox 2035 4704 2109 4766; x_wconf 81' lang='lat' dir='ltr'>Gre-</span> 
     </span>
     <span class='ocr_line' id='line_1_103' title="bbox 1402 4787 2108 4878; baseline 0 -20"><span class='ocrx_word' id='word_1_593' title='bbox 1402 4798 1487 4878; x_wconf 76' lang='lat' dir='ltr'>gorii</span> <span class='ocrx_word' id='word_1_594' title='bbox 1499 4796 1590 4858; x_wconf 83' lang='lat' dir='ltr'>Petri</span> <span class='ocrx_word' id='word_1_595' title='bbox 1603 4797 1661 4873; x_wconf 82' lang='lat' dir='ltr'>Ep.</span> <span class='ocrx_word' id='word_1_596' title='bbox 1677 4797 1898 4860; x_wconf 84' lang='lat' dir='ltr'>Germaniciae</span> <span class='ocrx_word' id='word_1_597' title='bbox 1909 4797 1945 4858; x_wconf 83' lang='lat' dir='ltr'>a&#39;n</span> <span class='ocrx_word' id='word_1_598' title='bbox 1955 4787 2108 4860; x_wconf 75' lang='lat' dir='ltr'>Patriae-</span> 
     </span>
     <span class='ocr_line' id='line_1_104' title="bbox 1402 4889 2106 4959; baseline 0.006 -9"><span class='ocrx_word' id='word_1_599' title='bbox 1402 4889 1493 4952; x_wconf 88' lang='lat' dir='ltr'>ebem</span> <span class='ocrx_word' id='word_1_600' title='bbox 1517 4889 1651 4952; x_wconf 82' lang='lat' dir='ltr'>Ciliciae</span> <span class='ocrx_word' id='word_1_601' title='bbox 1672 4893 1893 4959; x_wconf 74' lang='lat' dir='ltr'>armenorum,</span> <span class='ocrx_word' id='word_1_602' title='bbox 1916 4889 2043 4952; x_wconf 84' lang='lat' dir='ltr'>sanatis</span> <span class='ocrx_word' id='word_1_603' title='bbox 2065 4891 2106 4954; x_wconf 88' lang='lat' dir='ltr'>ad</span> 
     </span>
     <span class='ocr_line' id='line_1_105' title="bbox 1402 4980 2108 5065; baseline -0.003 -21"><span class='ocrx_word' id='word_1_604' title='bbox 1402 4980 2108 5065; x_wconf 69' lang='lat' dir='ltr'>cantelamdefectibusqnibnsenmqnmeam</span> 
     </span>
     <span class='ocr_line' id='line_1_106' title="bbox 1401 5074 2108 5152; baseline -0.004 -13"><span class='ocrx_word' id='word_1_605' title='bbox 1401 5093 1421 5139; x_wconf 92' lang='lat' dir='ltr'>a</span> <span class='ocrx_word' id='word_1_606' title='bbox 1435 5076 1564 5138; x_wconf 83' lang='lat' dir='ltr'>einardo</span> <span class='ocrx_word' id='word_1_607' title='bbox 1580 5076 1727 5138; x_wconf 82' lang='lat' dir='ltr'>eeclesiae</span> <span class='ocrx_word' id='word_1_608' title='bbox 1741 5091 1818 5138; x_wconf 86' lang='lat' dir='ltr'>snae</span> <span class='ocrx_word' id='word_1_609' title='bbox 1832 5074 1939 5145; x_wconf 83' lang='lat' dir='ltr'>solvit,</span> <span class='ocrx_word' id='word_1_610' title='bbox 1955 5074 2108 5152; x_wconf 83' lang='lat' dir='ltr'>palliam·</span> 
     </span>
     <span class='ocr_line' id='line_1_107' title="bbox 1401 5168 1701 5250; baseline -0.01 -18"><span class='ocrx_word' id='word_1_611' title='bbox 1401 5186 1458 5249; x_wconf 87' lang='lat' dir='ltr'>que</span> <span class='ocrx_word' id='word_1_612' title='bbox 1480 5169 1622 5232; x_wconf 83' lang='lat' dir='ltr'>concedit</span> <span class='ocrx_word' id='word_1_613' title='bbox 1644 5168 1701 5250; x_wconf 90' lang='lat' dir='ltr'>(l).</span> 
     </span>
    </p>
   </div>
   <div class='ocr_carea' id='block_1_12' title="bbox 1360 5406 2111 6008">
    <p class='ocr_par' dir='ltr' id='par_1_25' title="bbox 1360 5406 2111 6008">
     <span class='ocr_line' id='line_1_108' title="bbox 1362 5406 2111 5464; baseline 0 -11"><span class='ocrx_word' id='word_1_614' title='bbox 1362 5408 1549 5462; x_wconf 79' lang='lat' dir='ltr'>firmationem,</span> <span class='ocrx_word' id='word_1_615' title='bbox 1572 5417 1651 5464; x_wconf 90' lang='lat' dir='ltr'>quam</span> <span class='ocrx_word' id='word_1_616' title='bbox 1673 5411 1702 5452; x_wconf 81' lang='lat' dir='ltr'>n.</span> <span class='ocrx_word' id='word_1_617' title='bbox 1719 5409 1743 5450; x_wconf 85' lang='lat' dir='ltr'>P.</span> <span class='ocrx_word' id='word_1_618' title='bbox 1760 5407 1786 5450; x_wconf 89' lang='lat' dir='ltr'>D.</span> <span class='ocrx_word' id='word_1_619' title='bbox 1803 5409 1836 5451; x_wconf 89' lang='lat'>10.</span> <span class='ocrx_word' id='word_1_620' title='bbox 1856 5406 1976 5462; x_wconf 87' lang='lat' dir='ltr'>Baptista</span> <span class='ocrx_word' id='word_1_621' title='bbox 1995 5411 2111 5458; x_wconf 87' lang='lat' dir='ltr'>Quaran·</span> 
     </span>
     <span class='ocr_line' id='line_1_109' title="bbox 1362 5473 2109 5532; baseline -0.003 -10"><span class='ocrx_word' id='word_1_622' title='bbox 1362 5475 1422 5522; x_wconf 89' lang='lat' dir='ltr'>totti</span> <span class='ocrx_word' id='word_1_623' title='bbox 1443 5478 1603 5524; x_wconf 79' lang='lat' dir='ltr'>auctoritate</span> <span class='ocrx_word' id='word_1_624' title='bbox 1625 5475 1770 5532; x_wconf 84' lang='lat' dir='ltr'>apostolica</span> <span class='ocrx_word' id='word_1_625' title='bbox 1788 5474 1886 5520; x_wconf 83' lang='lat' dir='ltr'>fecerat</span> <span class='ocrx_word' id='word_1_626' title='bbox 1906 5473 1948 5520; x_wconf 87' lang='lat' dir='ltr'>dte</span> <span class='ocrx_word' id='word_1_627' title='bbox 1969 5485 1995 5520; x_wconf 80' lang='lat' dir='ltr'>x.</span> <span class='ocrx_word' id='word_1_628' title='bbox 2018 5475 2109 5520; x_wconf 86' lang='lat' dir='ltr'>martii</span> 
     </span>
     <span class='ocr_line' id='line_1_110' title="bbox 1361 5543 2109 5601; baseline -0.003 -11"><span class='ocrx_word' id='word_1_629' title='bbox 1361 5555 1502 5590; x_wconf 74' lang='lat' dir='ltr'>urnrccxrn.</span> <span class='ocrx_word' id='word_1_630' title='bbox 1519 5555 1578 5589; x_wconf 88' lang='lat' dir='ltr'>cum</span> <span class='ocrx_word' id='word_1_631' title='bbox 1594 5543 1718 5601; x_wconf 82' lang='lat' dir='ltr'>praetecti</span> <span class='ocrx_word' id='word_1_632' title='bbox 1733 5546 1757 5588; x_wconf 83' lang='lat' dir='ltr'>S.</span> <span class='ocrx_word' id='word_1_633' title='bbox 1768 5545 1793 5588; x_wconf 82' lang='lat' dir='ltr'>c.</span> <span class='ocrx_word' id='word_1_634' title='bbox 1809 5543 1878 5588; x_wconf 90' lang='lat' dir='ltr'>vices</span> <span class='ocrx_word' id='word_1_635' title='bbox 1892 5547 2006 5598; x_wconf 85' lang='lat' dir='ltr'>gereret,</span> <span class='ocrx_word' id='word_1_636' title='bbox 2024 5543 2109 5588; x_wconf 87' lang='lat' dir='ltr'>dilata</span> 
     </span>
     <span class='ocr_line' id='line_1_111' title="bbox 1362 5609 2109 5668; baseline -0.005 -10"><span class='ocrx_word' id='word_1_637' title='bbox 1362 5616 1449 5658; x_wconf 87' lang='lat' dir='ltr'>taxnen</span> <span class='ocrx_word' id='word_1_638' title='bbox 1467 5613 1492 5656; x_wconf 93' lang='lat' dir='ltr'>iu</span> <span class='ocrx_word' id='word_1_639' title='bbox 1506 5613 1579 5658; x_wconf 90' lang='lat' dir='ltr'>aliud</span> <span class='ocrx_word' id='word_1_640' title='bbox 1594 5616 1698 5668; x_wconf 87' lang='lat' dir='ltr'>tempus</span> <span class='ocrx_word' id='word_1_641' title='bbox 1709 5611 1826 5655; x_wconf 91' lang='lat' dir='ltr'>eiusdem</span> <span class='ocrx_word' id='word_1_642' title='bbox 1837 5609 2048 5655; x_wconf 82' lang='lat' dir='ltr'>confirmationis</span> <span class='ocrx_word' id='word_1_643' title='bbox 2059 5610 2109 5654; x_wconf 84' lang='lat' dir='ltr'>tor·</span> 
     </span>
     <span class='ocr_line' id='line_1_112' title="bbox 1362 5678 2109 5735; baseline -0.004 -9"><span class='ocrx_word' id='word_1_644' title='bbox 1362 5691 1403 5726; x_wconf 85' lang='lat' dir='ltr'>ma</span> <span class='ocrx_word' id='word_1_645' title='bbox 1418 5681 1519 5726; x_wconf 88' lang='lat' dir='ltr'>servari</span> <span class='ocrx_word' id='word_1_646' title='bbox 1538 5680 1626 5732; x_wconf 87' lang='lat' dir='ltr'>solitu,</span> <span class='ocrx_word' id='word_1_647' title='bbox 1642 5679 1814 5724; x_wconf 89' lang='lat' dir='ltr'>decreverunt</span> <span class='ocrx_word' id='word_1_648' title='bbox 1833 5678 2035 5735; x_wconf 88' lang='lat' dir='ltr'>supplicandum</span> <span class='ocrx_word' id='word_1_649' title='bbox 2051 5689 2109 5724; x_wconf 85' lang='lat' dir='ltr'>esse</span> 
     </span>
     <span class='ocr_line' id='line_1_113' title="bbox 1361 5746 2110 5804; baseline 0 -14"><span class='ocrx_word' id='word_1_650' title='bbox 1361 5747 1439 5792; x_wconf 66' lang='lat' dir='ltr'>serito</span> <span class='ocrx_word' id='word_1_651' title='bbox 1454 5752 1478 5792; x_wconf 85' lang='lat' dir='ltr'>P.</span> <span class='ocrx_word' id='word_1_652' title='bbox 1495 5751 1522 5792; x_wconf 81' lang='lat' dir='ltr'>x.</span> <span class='ocrx_word' id='word_1_653' title='bbox 1538 5751 1564 5792; x_wconf 84' lang='lat'>1).</span> <span class='ocrx_word' id='word_1_654' title='bbox 1580 5750 1624 5790; x_wconf 80' lang='grc' dir='ltr'>ΡΡ.</span> <span class='ocrx_word' id='word_1_655' title='bbox 1641 5751 1670 5792; x_wconf 94' lang='lat' dir='ltr'>ut</span> <span class='ocrx_word' id='word_1_656' title='bbox 1689 5747 1848 5804; x_wconf 87' lang='lat' dir='ltr'>dignaretur</span> <span class='ocrx_word' id='word_1_657' title='bbox 1869 5749 2043 5792; x_wconf 86' lang='lat' dir='ltr'>memoratam</span> <span class='ocrx_word' id='word_1_658' title='bbox 2060 5746 2110 5791; x_wconf 91' lang='lat' dir='ltr'>ele-</span> 
     </span>
     <span class='ocr_line' id='line_1_114' title="bbox 1360 5812 2109 5870; baseline -0.008 -8"><span class='ocrx_word' id='word_1_659' title='bbox 1360 5817 1473 5862; x_wconf 86' lang='lat' dir='ltr'>ctionem</span> <span class='ocrx_word' id='word_1_660' title='bbox 1489 5827 1536 5860; x_wconf 86' lang='lat' dir='ltr'>sua</span> <span class='ocrx_word' id='word_1_661' title='bbox 1551 5813 1711 5859; x_wconf 89' lang='lat' dir='ltr'>auctoritate</span> <span class='ocrx_word' id='word_1_662' title='bbox 1725 5812 1868 5870; x_wconf 85' lang='lat' dir='ltr'>apostolica</span> <span class='ocrx_word' id='word_1_663' title='bbox 1878 5813 2035 5858; x_wconf 78' lang='lat' dir='ltr'>confirmare</span> <span class='ocrx_word' id='word_1_664' title='bbox 2047 5823 2109 5857; x_wconf 90' lang='lat' dir='ltr'>cum</span> 
     </span>
     <span class='ocr_line' id='line_1_115' title="bbox 1360 5880 2111 5938; baseline -0.005 -10"><span class='ocrx_word' id='word_1_665' title='bbox 1360 5883 1496 5928; x_wconf 83' lang='lat' dir='ltr'>sanatione</span> <span class='ocrx_word' id='word_1_666' title='bbox 1507 5891 1733 5938; x_wconf 90' lang='lat' dir='ltr'>quorumcumque</span> <span class='ocrx_word' id='word_1_667' title='bbox 1743 5880 1890 5926; x_wconf 80' lang='lat' dir='ltr'>defectuum</span> <span class='ocrx_word' id='word_1_668' title='bbox 1899 5880 1980 5926; x_wconf 89' lang='lat' dir='ltr'>etiam</span> <span class='ocrx_word' id='word_1_669' title='bbox 1989 5880 2111 5925; x_wconf 86' lang='lat' dir='ltr'>substan·</span> 
     </span>
     <span class='ocr_line' id='line_1_116' title="bbox 1361 5947 2111 6008; baseline -0.004 -13"><span class='ocrx_word' id='word_1_670' title='bbox 1361 5951 1474 6008; x_wconf 82' lang='lat' dir='ltr'>ltaliam,</span> <span class='ocrx_word' id='word_1_671' title='bbox 1489 5951 1621 6006; x_wconf 84' lang='lat' dir='ltr'>quatenus</span> <span class='ocrx_word' id='word_1_672' title='bbox 1635 5959 1700 6004; x_wconf 87' lang='lat' dir='ltr'>opus</span> <span class='ocrx_word' id='word_1_673' title='bbox 1715 5948 1758 6002; x_wconf 86' lang='lat' dir='ltr'>stt,</span> <span class='ocrx_word' id='word_1_674' title='bbox 1774 5959 1821 5994; x_wconf 87' lang='lat' dir='ltr'>nac</span> <span class='ocrx_word' id='word_1_675' title='bbox 1835 5959 1886 5994; x_wconf 87' lang='lat' dir='ltr'>non</span> <span class='ocrx_word' id='word_1_676' title='bbox 1901 5951 1939 6004; x_wconf 91' lang='lat' dir='ltr'>ut,</span> <span class='ocrx_word' id='word_1_677' title='bbox 1950 5947 2057 6006; x_wconf 86' lang='lat' dir='ltr'>praevia</span> <span class='ocrx_word' id='word_1_678' title='bbox 2067 5947 2111 5993; x_wconf 80' lang='lat' dir='ltr'>ab</span> 
     </span>
    </p>
   </div>
   <div class='ocr_carea' id='block_1_13' title="bbox 0 0 2366 6976">
    <p class='ocr_par' dir='ltr' id='par_1_26' title="bbox 0 0 2366 6976">
     <span class='ocr_line' id='line_1_117' title="bbox 0 0 2366 6976; baseline 0 0"><span class='ocrx_word' id='word_1_679' title='bbox 0 0 2366 6976; x_wconf 95' lang='lat' dir='ltr'> </span> 
     </span>
    </p>
   </div>
  </div>
 </body>
</html>
