4856 7010
595 539 653 619 716
1211 559 1309 620 trtnnx
1329 561 1483 622 irtrrinuts

573 684 764 764 Quamquam
785 684 873 764 plura
893 685 957 749 sint
978 683 1047 749 769.

573 780 692 854 Quanta
713 779 827 843 laetitia
849 780 947 844 allecti
968 779 1038 844 686.

573 874 659 950 Quod
681 872 732 936 iel.
755 890 816 937 rec.
840 873 1054 952 praedecessor
1073 871 1143 936 678.

572 965 639 1041 600
661 966 801 1044 graviora
823 966 993 1030 10616663.

488 1087 491 1094 =
573 1059 639 1135 Quo
661 1059 784 1137 longius
805 1059 904 1123 nostri
926 1059 993 1124 766.

572 1152 638 1228 Quo
657 1153 796 1216 stabilius
813 1154 990 1233 provinciae
1012 1153 1080 1217 670.

573 1245 676 1321 Quum
696 1254 765 1326 post
785 1257 921 1327 acceptas
942 1255 1061 1312 nostras
1082 1247 1151 1312 682.

572 1338 689 1416 Quum,
708 1340 789 1405 sicut
809 1341 898 1403 nobis
919 1341 1051 1404 relatum
1071 1340 1141 1404 688.

1374 687 1489 763 Quum,
1511 685 1591 750 sicut
1612 684 1700 750 nobis
1721 683 1855 748 relatum
1876 677 1946 748 691.

1374 780 1476 856 Quum
1497 795 1569 844 ven.
1593 779 1688 844 irater
1709 777 1892 843 Ambrosius
1912 777 1982 842 669.

1375 875 1556 939 llecolentes
1576 875 1681 937 animo
1702 873 1771 937 611.

1374 967 1505 1031 llornani
1528 967 1696 1043 Pontinus,
1718 983 1813 1046 quem
1833 966 1902 1030 616.

1376 1061 1506 1124 Romani
1526 1060 1695 1136 Pontinus,
1717 1077 1811 1140 quem
1832 1059 1902 1124 696.

1375 1155 1587 1217 Romanorum
1609 1153 1795 1217 Pontificum
1817 1151 1977 1230 vigilantia
1998 1150 2067 1216 686.

1376 1248 1522 1311 Summos
1543 1247 1696 1311 Ecclesiae
1716 1244 1883 1310 catholicae
1905 1244 1973 1309 766.

1377 1341 1567 1421 supremum
1588 1342 1645 1403 hoc
1665 1339 1859 1418 Apostolatus
1879 1336 1950 1401 671.

1190 1559 1296 1628 PIUS
1319 1559 1388 1631 PP.
1412 1560 1512 1630 Vm.

574 1813 707 1876 Afflictas
730 1809 999 1890 Constantinopoli
1019 1825 1091 1891 pap.
1117 1808 1185 1873 726.

575 1906 769 1986 Apostolatus
791 1903 927 1968 officium
949 1904 1018 1968 726.
1154 1981 1157 1984 ,

573 2000 770 2080 Apostolatus
790 1998 928 2062 cilicium
950 1997 1017 2061 731.

574 2092 758 2156 Benedictus
778 2094 869 2168 Deus,
890 2092 981 2156 Pater
1002 2091 1070 2155 736.

576 2187 722 2250 Coelestis
741 2185 872 2263 agricola
893 2185 962 2249 716.

575 2280 656 2342 Cum
678 2279 782 2341 missio
803 2280 835 2340 in
857 2280 961 2354 regnis
983 2279 1065 2340 Avae
1087 2278 1155 2341 726.

576 2372 656 2435 Cum
678 2387 734 2434 nos
756 2371 846 2434 hodie
868 2370 1061 2450 patriarchali
1082 2371 1150 2433 728.

576 2465 656 2528 Cum
677 2465 888 2528 Patriarcltalis
909 2465 1043 2527 Ecclesia
1064 2463 1133 2527 727.

575 2559 609 2622 ln
630 2557 879 2638 supereminenti
901 2557 1081 2635 apostolicae
1102 2557 1169 2622 733.

576 2651 661 2714 Inter
682 2650 869 2730 multiplices
891 2651 1149 2729 gravissimasque
1171 2649 1238 2712 711.

576 2744 660 2807 luter
680 2743 868 2824 multiplices
890 2744 1149 2823 gravissimasque
1171 2743 1238 2806 722.

1377 1808 1460 1872 lnter
1481 1808 1670 1887 multiplices
1692 1810 1949 1890 gravissimasque
1970 1811 2039 1874 722.

1376 1903 1496 1966 Literae
1516 1903 1719 1968 fraternitatis
1740 1913 1812 1968 tuae
1832 1905 1900 1968 716.
2012 1971 2014 1974 ,

1375 1997 1487 2060 Literis
1507 1997 1603 2059 altero
1624 1997 1735 2060 ablrinc
1755 2013 1837 2061 anno
1859 1997 1927 2060 721.

1374 2091 1485 2168 Magno
1505 2107 1630 2170 semper
1651 2091 1684 2154 in
1706 2092 1805 2170 pretio
1827 2091 1894 2154 723.

1375 2185 1576 2262 Praeceptum
1597 2185 1635 2248 de
1657 2183 1873 2246 observatione
1892 2182 1961 2246 738.

1373 2278 1459 2354 Quod
1481 2284 1528 2340 est
1547 2277 1600 2340 nel
1621 2277 1756 2340 martimo
1779 2277 1844 2340 732.

1374 2369 1461 2447 0006
1482 2370 1597 2434 iamdiu
1619 2388 1635 2432 a
1656 2378 1743 2451 patre
1764 2371 1831 2434 729.

1373 2465 1489 2540 orrum,
1511 2463 1591 2526 sicut
1612 2465 1700 2527 nolris
1721 2464 1895 2543 expositum
1917 2461 1985 2528 739.

1374 2555 1572 2620 Serenissimi
1593 2557 1752 2618 Bonussiae
1773 2557 1855 2634 regis
1876 2557 1945 2619 721.

1376 2649 1492 2712 Traditi
1513 2649 1684 2712 humilitati
1707 2656 1832 2712 nostrae
1852 2650 1921 2712 712.
