4740 6962
353 533 407 592 Aa.
421 540 451 594 e.
474 539 543 594 tt‘tr
591 529 651 600 tab
1095 549 1160 598 run.
1184 552 1275 599 nour.
1300 547 1339 598 ac
1361 547 1390 598 r.
1415 547 1442 601 a.
1468 553 1550 601 rans
1572 548 1595 602 ι.
2154 531 2332 594 An.c.1ttt

571 673 829 739 christifidelibus
850 686 925 738 vere
939 673 1182 754 poenitentibus,
1199 679 1229 735 et
1245 687 1317 735 eon·
1371 679 1402 734 et
1423 671 1489 736 aliis
1508 673 1639 736 decretis
1660 674 1693 738 in
1716 689 1832 752 genera
1847 670 1898 737 vel
1912 672 1945 738 in
1960 674 2072 754 speeie,
2088 692 2122 739 ac

569 769 656 832 lassis
678 783 711 830 ac
731 785 814 830 sacra
845 768 1065 831 communione
1093 768 1231 850 relectis,
1262 766 1315 847 qui
1369 765 1437 828 aliis
1452 767 1484 828 in
1503 769 1697 832 eontrarium
1711 768 1942 848 quomodolibet
1957 770 2119 845 concessis,

568 863 708 926 eiusdem
723 862 972 939 congregationis
986 876 1042 940 per
1057 868 1235 939 praesentes
1249 876 1316 924 ere·
1370 861 1543 937 approbatis
1557 870 1588 925 et
1608 861 1773 925 innovatis.
1791 861 1908 938 Quibus
1923 863 2069 926 omnihus
2089 870 2121 926 et

567 964 633 1019 ctae
653 957 814 1020 eeclesiam
835 955 884 1016 die
898 955 975 1018 iesto
990 952 1095 1018 Sancti
1109 955 1241 1036 Philippi
1257 955 1316 1018 Ne·
1369 953 1500 1031 singuiis
1521 955 1642 1018 etiamsi
1664 957 1701 1019 de
1723 955 1784 1019 illis
1799 971 1974 1035 eorumque
1990 955 2060 1018 totis
2075 963 2122 1018 te-

567 1053 605 1114 rii
627 1069 643 1112 a
665 1052 773 1132 primis
804 1050 941 1130 vesperis
972 1066 1072 1130 usque
1102 1051 1138 1112 ad
1170 1067 1313 1114 occasum
1369 1047 1497 1110 naribus
1518 1048 1667 1126 specialis,
1689 1050 1841 1128 specifica,
1856 1064 1999 1128 expressa
2020 1056 2051 1112 et
2071 1049 2119 1111 iu-

565 1144 638 1206 solis
660 1145 868 1219 visitaverint,
891 1152 922 1205 et
944 1143 984 1205 ibi
1004 1159 1060 1221 pro
1074 1143 1314 1207 christianorum
1368 1140 1505 1219 dividua,
1528 1159 1591 1205 non
1613 1150 1718 1206 autem
1739 1159 1795 1222 per
1814 1143 1967 1207 clausulas
1988 1159 2118 1221 genera-

566 1241 744 1319 principum
766 1237 938 1313 concordia,
955 1239 1119 1302 haeresum
1135 1240 1313 1318 extirpatio·
1368 1235 1411 1297 les
1432 1235 1514 1298 idem
1536 1237 1752 1316 importantes,
1775 1237 1895 1302 mentio
1917 1245 1970 1302 aut
1991 1237 2118 1318 quaevis

566 1351 617 1410 ne,
640 1351 673 1398 ac
695 1334 827 1397 Sanctae
840 1333 943 1395 llatris
959 1332 1111 1396 Ecclesiae
1125 1335 1313 1398 exaltatione
1367 1327 1423 1392 alia
1444 1329 1595 1409 exquisita
1616 1330 1714 1394 forma
1735 1330 1772 1393 ad
1786 1332 1845 1395 hoc
1858 1333 2009 1396 servanda
2022 1331 2117 1408 foret,

566 1429 628 1508 pias
650 1429 685 1490 ad
708 1428 807 1491 Deum
830 1443 934 1506 preces
948 1426 1125 1504 eiiuderint,
1142 1421 1311 1505 plenariam
1368 1422 1493 1487 illorum
1516 1433 1639 1488 tenores
1660 1426 1872 1504 praesentibus
1895 1443 1950 1506 pro
1971 1426 2061 1506 plene
2085 1435 2116 1490 et

564 1523 707 1585 similiter
728 1521 872 1584 omnium
895 1527 1090 1599 peccatorum
1113 1537 1244 1585 suorum
1266 1523 1312 1584 in·
1362 1518 1557 1582 sufficienter
1581 1520 1744 1598 expressis,
1766 1537 1800 1582 ac
1820 1521 1859 1584 de
1879 1520 1976 1583 verbo
1994 1522 2030 1583 ad
2048 1537 2117 1584 ver-

564 1617 756 1693 dulgentiam
785 1623 815 1676 et
838 1614 1055 1678 remissionem
1082 1617 1175 1678 etiam
1204 1631 1311 1695 perpe·
1366 1611 1441 1674 bum
1457 1613 1581 1676 insertis
1599 1613 1756 1687 habentes,
1774 1613 1834 1675 illis
1849 1613 1921 1675 alias
1943 1613 1975 1674 in
1995 1630 2053 1677 suo
2067 1631 2118 1678 ro·

566 1720 617 1773 tuo
638 1709 836 1772 concedimus
857 1716 887 1771 et
906 1708 1093 1786 elargimur;
1110 1725 1232 1772 necnon
1250 1717 1311 1773 tarn
1367 1707 1440 1767 bore
1470 1706 1692 1785 permansuris,
1714 1705 1750 1766 ad
1776 1708 2020 1784 praemissorum
2043 1707 2116 1770 elie-

470 1831 474 1839 ’
564 1803 749 1883 presbyteris
769 1810 800 1864 et
816 1801 881 1865 aliis
896 1801 1036 1864 eiusdem
1050 1805 1309 1880 congregationis,
1364 1795 1451 1861 ctum
1472 1799 1526 1862 hac
1548 1799 1615 1862 vice
1635 1799 1796 1862 dumtaxat
1815 1800 1988 1879 specialiter
2009 1809 2041 1863 et
2061 1816 2114 1864 ex·

563 1896 684 1977 quoties
706 1912 761 1974 pro
782 1895 1054 1958 exhortationibus
1075 1895 1223 1958 habendis
1237 1914 1309 1960 con·
1365 1891 1675 1971 pressaderogamus,
1688 1893 2115 1974 ceterisquaaontrariisqui-

562 1991 721 2066 venerint,
738 2005 830 2069 quam
852 1988 918 2050 aliis
934 1989 1099 2068 utriusque
1113 2005 1205 2053 sexus
1221 1991 1309 2054 Chri·
1364 1985 1567 2066 huscumqne.

561 2083 873 2159 stisrdelibusiisdem
894 2082 1308 2148 exhortationibusinteres·
1403 2079 1472 2157 59.
1503 2077 1654 2144 Volumus
1681 2089 1803 2157 autem,
1837 2091 1873 2146 ut
1899 2083 2111 2161 praesentium
2147 2086 2331 2154 ridentiano

560 2180 701 2241 sentibus
722 2177 831 2243 decem
852 2193 960 2253 annos,
977 2185 1007 2239 et
1022 2177 1249 2256 qui'eaclesiam
1264 2178 1307 2241 di·
1364 2174 1577 2252 transumptis,
1597 2175 1693 2236 etiam
1714 2174 1884 2254 impressis,
1901 2190 1997 2238 manu
2019 2176 2114 2239 alicu·
2133 2146 2300 2200 ‘mmmm'

561 2281 627 2335 ctae
648 2271 897 2349 congregationis
917 2272 951 2333 in
973 2279 1105 2351 quatuor
1133 2272 1200 2334 aliis
1231 2275 1306 2336 anni
1364 2267 1409 2328 ius
1425 2267 1536 2329 notarii
1553 2267 1666 2346 publici
1680 2268 1871 2348 subscriptis,
1886 2268 2113 2348 etsigilloper-

561 2365 645 2429 iestis
666 2366 773 2428 diebus
794 2382 849 2445 per
870 2365 966 2428 dictos
994 2367 1189 2444 presbyteros
1209 2369 1308 2430 semet
1360 2377 1454 2423 sonae
1478 2361 1510 2423 in
1536 2361 1723 2424 ecclesiatica
1748 2362 1899 2439 dignitate
1924 2365 2115 2428 constitutae

561 2467 683 2523 tantum
705 2458 900 2536 designandis
915 2466 946 2520 et
964 2459 1002 2520 ab
1022 2459 1184 2528 Ordinatio
1199 2476 1306 2541 appro-
1362 2454 1504 2528 munitis,
1521 2456 1630 2518 eadem
1651 2471 1776 2534 prorsus
1799 2457 1874 2519 tides
1898 2456 1931 2519 in
1954 2455 2066 2520 iudicio
2081 2465 2113 2520 et

561 2554 679 2628 bandis,
696 2571 711 2614 a
726 2553 834 2632 primis
849 2553 986 2630 vesperis
1001 2553 1149 2632 usquead
1165 2571 1305 2617 occasum
1360 2556 1446 2610 extra
1467 2546 1546 2611 illud
1567 2547 1760 2626 adhibeatur,
1783 2565 1861 2628 quae
1877 2549 1949 2628 ipsis
1968 2566 2114 2630 praesen·

559 2648 631 2710 solis
662 2647 813 2710 testarum
844 2647 1022 2709 huiusmodi
1053 2645 1187 2724 singulis
1216 2649 1306 2711 annis
1360 2642 1443 2704 tibus
1470 2640 1680 2719 adhiberetur,
1710 2643 1735 2704 si
1757 2642 1859 2706 torem
1885 2643 2041 2707 exhibitae
2062 2644 2111 2706 vel

558 2741 670 2804 devoto
690 2741 896 2816 visitaverint,
919 2747 962 2816 et,
982 2747 1017 2803 ut
1038 2742 1222 2818 praefertur,
1239 2758 1307 2804 ora·
1359 2743 1510 2798 ostensae.

560 2836 674 2911 verint,
689 2841 807 2914 septem
822 2850 919 2897 annos
939 2841 970 2896 et
992 2835 1122 2898 totidem
1136 2837 1305 2914 quadrage·
1400 2830 1512 2892 Datum
1540 2830 1672 2906 Romae,
1702 2831 1782 2910 apud
1808 2830 1839 2895 S.
1866 2831 1994 2896 Mariam
2018 2834 2111 2897 Maio·

560 2947 628 2993 nas:
653 2931 768 2993 eisdem
796 2943 870 2990 vero
899 2927 1086 3008 presbyteris
1113 2937 1144 2992 et
1172 2929 1238 2992 aliis
1260 2931 1304 2993 di·
1358 2923 1992 3002 rem,subannuloPiscatoris,diexn1r.
2010 2941 2108 3004 augu-

558 3031 624 3086 ctae
644 3021 904 3099 congregationis,
920 3022 1040 3100 quoties
1061 3023 1176 3084 divinis
1196 3022 1304 3086 officiis
1357 3019 1396 3078 sti
1412 3031 1637 3093 annotatam,
1653 3017 1850 3096 pontificatus
1872 3021 1971 3083 nostri
1986 3036 2037 3082 an.
2056 3037 2106 3082 ιιι.

557 3117 591 3180 in
618 3134 672 3180 sna
691 3115 818 3179 eeclesia
845 3116 896 3177 vel
924 3115 1057 3178 oratorio
1088 3132 1175 3179 more
1205 3117 1304 3179 dietae
1334 3141 1335 3144 ¹

556 3211 806 3290 congregationis
837 3199 1040 3284 celebrandis,
1062 3218 1115 3273 aut
1135 3225 1303 3288 congrega·
1333 3211 1334 3214 ’

559 3306 694 3369 tionibus
725 3305 855 3383 publicis
882 3304 933 3366 vel
960 3304 1089 3382 privatis
1117 3311 1149 3366 et
1177 3305 1303 3368 secretis
1658 3303 1785 3368 -lllllll

558 3417 613 3479 pro
634 3415 831 3481 quocumque
848 3373 943 3476 apest
955 3398 1004 3476 pio
1020 3401 1191 3463 exercendo
1207 3401 1303 3463 inter·
1333 3399 1334 3406 ’
2070 3441 2080 3472 .

556 3493 685 3570 fuerint,
706 3493 757 3556 vet
776 3493 1007 3554 sanctissimum
1028 3492 1237 3557 eucharistiae
1257 3511 1303 3556 sa·
1359 3485 1563 3552 Facnttatan
1585 3493 1729 3555 conceda
1758 3493 1956 3575 officiantes,
1981 3501 2012 3558 at
2035 3513 2106 3560 coe-

555 3595 751 3650 cramentum
782 3582 983 3664 sumpserint,
1006 3593 1058 3649 aut
1080 3589 1302 3650 conscientiam
1332 3605 1333 3608 ¹
1397 3582 1560 3658 fratribus
1582 3587 1870 3666 confraternitatis
1893 3590 1929 3650 Β.
1947 3590 1990 3655 M.
2012 3591 2041 3652 V.
2068 3591 2103 3652 de

554 3698 641 3744 suam
663 3689 830 3759 antequam
851 3680 990 3742 cubitum
1005 3688 1087 3757 eant,
1104 3681 1301 3744 examinare·
1396 3677 1534 3742 Mercede
1556 3679 1781 3758 redemptionis
1804 3682 2006 3759 captiuorum
2025 3687 2103 3747 eiai-

554 3775 630 3851 rint‚
651 3791 706 3837 scu
729 3773 859 3851 flagellis
880 3772 915 3833 ad
937 3789 1064 3836 carnem
1091 3775 1300 3852 castigandam
1396 3771 1476 3832 tatis
1493 3772 1646 3835 Limane-c
1668 3773 1824 3838 celebrari
1845 3777 1988 3856 faciendi
2003 3779 2104 3856 paoli·

552 3885 586 3930 se
608 3867 787 3943 afflixerint,
803 3867 854 3930 vol
869 3866 1034 3945 quinquies
1057 3869 1228 3931 orationem
1248 3869 1300 3932 do-
1330 3919 1331 3922 .
1395 3861 1444 3926 ιιι
1459 3863 1589 3927 sabbato
1602 3867 1735 3930 misaam
1750 3867 1786 3928 de
1798 3869 2011 3946 apparitione
2027 3873 2103 3935 Beo-

553 3962 728 4025 minicalem
757 3968 788 4022 et
815 3959 906 4022 toties
932 3959 1151 4024 salutationem
1173 3965 1299 4040 Angeli-
1396 3964 1447 4020 taa
1468 3957 1594 4022 Mariae
1618 3959 1769 4040 Virginis.

551 4072 619 4118 cam
636 4063 696 4118 tam
712 4070 767 4134 pro
781 4054 956 4115 animarum
967 4054 1233 4134 presbyterorum,
1246 4067 1299 4121 aut

551 4149 683 4211 aliorum
713 4145 960 4223 congregationis
992 4147 1174 4225 praedictae,
1204 4167 1295 4228 quam
1609 4128 1697 4198 9¹⁰3
1720 4131 1781 4200 ΡΡ·
1803 4132 1848 4201 Ἡ-

550 4242 684 4304 aliorum
713 4241 745 4303 in
773 4240 888 4303 Christi
920 4241 1046 4301 caritate
1077 4241 1296 4306 defunctorum
1491 4252 1528 4320 qd
1554 4253 1686 4322 tulupam
1714 4255 1757 4323 pei
1780 4258 1958 4325 memoriam,

550 4335 762 4408 recitaverint,
784 4341 837 4395 aut
857 4332 983 4396 devium
1004 4333 1138 4413 aliquem
1160 4337 1197 4397 ad
1215 4338 1295 4400 viam

549 4427 656 4490 salutis
677 4427 871 4503 reduxerint,
900 4432 953 4489 aut
974 4430 1191 4508 quodcumque
1212 4432 1295 4496 alind
1390 4429 1409 4505 ἓ
1433 4429 1459 4490 l.
1485 4431 1605 4509 Exponi
1627 4432 1714 4494 nobis
1737 4445 1838 4511 nuper
1859 4434 2003 4498 iecerunt
2024 4437 2099 4500 dile·
2133 4440 2259 4495 expositio
2273 4451 2318 4498 pae-

548 4523 669 4600 pictatis
692 4521 742 4584 vel
763 4521 898 4584 caritatis
918 4535 995 4599 opus
1016 4523 1225 4601 exercuerint,
1250 4533 1296 4589 to·
1350 4525 1391 4585 cti
1414 4523 1469 4585 lilii
1490 4525 1633 4587 officiales
1655 4535 1686 4588 et
1707 4526 1878 4590 confratres
1899 4530 1984 4592 tertii
2012 4532 2098 4595 Ordi-
2117 4501 2185 4592 iiim.
2202 4497 2318 4550 porcea-

549 4615 606 4677 ties
628 4631 683 4693 pro
704 4614 843 4693 quolibet
858 4615 1087 4691 praedictorum
1101 4633 1234 4696 operum
1248 4637 1295 4683 se·
1349 4617 1398 4679 nis
1418 4618 1589 4696 nuncupati
1619 4619 1730 4682 Beatae
1758 4619 1871 4685 Mariae
1899 4621 2037 4701 Virginis
2058 4624 2098 4688 de

548 4707 673 4784 xaginta
694 4706 759 4769 dies
779 4705 817 4768 de
837 4707 986 4769 iniunctis
1008 4707 1051 4770 eis
1067 4708 1116 4771 vel
1132 4710 1203 4774 alias
1218 4731 1294 4792 quo·
1348 4709 1499 4788 Mercede,
1515 4713 1673 4788 canonice,
1690 4721 1725 4776 ut
1746 4717 1907 4792 asseritur,
1927 4725 2048 4780 erectae
2063 4719 2095 4781 in

547 4801 715 4864 modolibet
737 4801 848 4864 debitis
863 4801 1063 4881 poenitentiis
1078 4805 1110 4866 in
1126 4803 1224 4868 iorma
1239 4809 1293 4872 Ec·
1348 4805 1474 4867 eeclesia
1504 4812 1678 4868 conventus
1710 4806 1841 4871 iratrana
1871 4809 1993 4874 Ordinis
2015 4813 2095 4875 eius

545 4895 656 4957 clesiae
676 4902 821 4957 consueta
841 4894 1027 4957 relaxamus.
1347 4899 1418 4961 dem
1439 4898 1549 4960 Bootae
1564 4899 1676 4960 Mariae
1689 4899 1825 4977 virginis
1840 4902 1879 4964 de
1892 4903 2034 4968 Mercede
2048 4923 2097 4967 re-

325 4995 529 5051 naiogauocon-
585 4987 654 5063 §it
678 4987 748 5050 Non
773 4987 965 5051 obstantibus
995 4991 1103 5068 regula
1130 5002 1234 5056 nostra
1255 4995 1293 5059 dc
1348 4991 1531 5070 demptionis
1558 4993 1751 5070 captivorum
1780 4996 1913 5058 civitatis
1934 4995 2092 5069 Limanae,

316 5049 463 5094 tractorum.

488 5977 490 5982 .
543 5929 603 5992 mis
629 5947 662 5993 ae
683 5929 815 5994 insolitis
843 5931 1005 6010 clausulis,
1034 5933 1289 6016 irritantibusque
1345 5939 1446 6000 dacia
1471 5935 1582 5998 Sancto
1612 5938 1750 6020 Philippo
1771 5944 1977 6020 procuratoris
2000 5959 2090 6022 gene·
2110 5964 2191 6008 tuum.

547 5083 652 5160 gratiis
673 5083 708 5144 ad
731 5081 829 5143 instar
850 5096 912 5143 non
934 5083 1147 5162 concedendis,
1163 5087 1293 5168 aliisque
1347 5083 1429 5164 quod
1451 5083 1534 5159 alias,
1557 5086 1607 5148 die
1628 5100 1742 5165 nempe
1764 5103 1809 5150 xi.
1827 5089 1896 5152 iulii
1913 5105 2096 5169 nncex1.,a

545 5176 718 5256 apostolicis
738 5193 771 5237 ac
791 5175 823 5237 in
846 5177 1085 5251 provincialibus
1104 5187 1136 5242 et
1164 5182 1292 5263 synoda·
1346 5178 1590 5255 congregatione
1621 5186 1697 5242 tuna
1730 5182 1936 5247 existentium
1967 5183 2095 5249 &natae

546 5269 627 5333 libus
647 5269 784 5332 conciliis
804 5269 894 5331 editis
908 5271 1182 5337 constitutionibus
1197 5283 1227 5338 et
1242 5293 1292 5338 or·
1345 5271 1500 5334 Romanae
1523 5271 1675 5335 Ecclesiae
1695 5274 1907 5340 Cardinalium
1921 5279 2014 5341 sacris
2028 5279 2094 5342 riti-

546 5364 765 5440 dinationibns,
781 5365 916 5439 statutis,
933 5364 1052 5442 legibus
1073 5375 1105 5428 et
1126 5378 1290 5433 consuetu·
1321 5363 1322 5366 ’
1346 5366 1402 5428 bus
1428 5366 1677 5444 praepositarum
1699 5369 1816 5431 editum
1841 5367 1899 5432 iait
1920 5370 2092 5449 (leoncium,

544 5457 678 5545 dinibus,
701 5457 872 5534 privilegiis
894 5475 1028 5538 quoque,
1052 5459 1181 5524 indultis
1202 5470 1234 5525 et
1255 5465 1290 5525 li·
1346 5459 1476 5536 tenoris,
1499 5461 1553 5539 qui
1573 5462 1726 5540 sequitur,
1751 5461 1911 5528 videlicet:

545 5551 619 5613 teris
645 5551 817 5629 apostolicis
847 5553 1059 5632 superioribus
1087 5561 1118 5616 et
1149 5559 1290 5634 personis

543 5647 601 5708 sub
622 5645 871 5727 quibuscumque
894 5648 1054 5710 tenoribus
1075 5656 1106 5711 et
1122 5649 1240 5728 lormis,
1256 5671 1289 5716 ac

542 5757 614 5804 cum
636 5741 794 5819 quibusvis
815 5741 907 5804 etiam
923 5743 1187 5819 derogatoriarum
1201 5745 1289 5807 dero·
1320 5789 1321 5792 ,

542 5835 679 5913 gatoriis,
709 5835 837 5915 aliisque
868 5836 1089 5900 efficacioribus
1121 5837 1288 5903 efficacissi-
1384 5843 1430 5905 Ad
1461 5840 1654 5904 humillimas
1684 5862 1789 5924 preces
1817 5865 1883 5910 rev.
1917 5851 2011 5928 patris
2045 5852 2090 5913 lli-
2111 5852 2307 5965 cffi‘ifla‘iwvftu

1344 5607 1466 5671 Ordinis
1481 5609 1727 5673 excalceatorum
1745 5612 1778 5674 B.
1791 5614 1830 5677 tt.
1845 5615 1884 5678 V.
1901 5616 1939 5679 de
1953 5617 2090 5682 Mercede
2170 5625 2171 5630 ’

1493 5702 1714 5781 redemptionis
1736 5709 1942 5787 captivorum.
