4740 6962
898 579 1041 638 curuans
1062 579 1126 638 xit.

243 723 324 797 tiam,
341 721 433 784 etiam
449 717 551 782 forsan
573 715 739 799 publicam,
762 735 795 781 ac
818 718 981 791 notoriam,

242 834 272 878 ac
290 815 484 893 quantolibet
499 823 638 892 tempore
654 814 840 890 tolleratam,
856 815 887 875 in
904 815 983 875 inte·

242 926 329 986 grum
352 917 382 971 et
403 909 572 987 pristinum
593 917 708 970 statum
731 908 924 970 restituimus
952 917 983 969 et

241 1003 376 1081 plenarie
405 1003 652 1080 reintegramus,
676 1001 804 1080 illasque
831 1008 982 1079 perpetuo

241 1094 458 1158 inviolabiliter
480 1103 510 1158 et
529 1097 711 1159 inconcusse
726 1094 882 1156 observari
898 1111 982 1173 prae·

240 1191 368 1270 cipimus
379 1197 410 1252 et
426 1189 606 1252 mandamus
622 1198 664 1264 et,
677 1195 828 1268 quatenus
843 1204 919 1265 opus
930 1189 980 1262 sit,

240 1301 278 1346 ne
291 1284 328 1344 de
349 1292 470 1345 caetero
485 1278 599 1359 abs'que
614 1283 735 1360 speciali
751 1281 838 1346 Sedis
855 1284 982 1360 Aposto-

241 1379 314 1440 licae
336 1377 481 1439 tacultare
503 1375 565 1436 ulla
580 1393 707 1454 persona
723 1376 858 1438 crxirrsvis
872 1382 981 1449 status,

240 1473 360 1550 gradus,
377 1471 484 1533 aetatis
502 1478 533 1532 ct
547 1470 734 1533 conditionis
757 1469 981 1532 monasterium

240 1565 426 1647 praedictum
448 1567 507 1627 sub
527 1566 636 1643 queris
654 1573 827 1644 praetextu,
843 1565 982 1643 quaesito

238 1661 349 1736 colore,
372 1661 542 1734 occasione,
557 1667 588 1720 et
604 1677 691 1720 causa
714 1661 806 1722 etlam
829 1659 983 1721 educatio-

239 1754 286 1816 nis
306 1763 336 1814 et
365 1753 546 1830 expectandi
576 1761 698 1831 tempas
723 1752 909 1830 suscipiendi
931 1751 983 1812 ba·

238 1848 337 1908 bitum
358 1846 547 1923 regularem,
564 1861 667 1924 neque
688 1847 850 1925 quisquam
874 1845 981 1922 quavis

237 1941 467 2019 superioritate,
485 1941 582 2001 officio
598 1947 650 2002 aut
669 1940 818 2015 dignitate
836 1939 979 2014 iungens,

239 2035 332 2097 ullam
354 2049 517 2113 personam
541 2033 633 2114 etlam
651 2050 689 2095 ex
712 2033 808 2094 nobili
830 2034 982 2110 sanguino

238 2136 445 2206 procreatam,
468 2128 533 2188 sire
562 2128 778 2203 coniugatam,
800 2127 867 2188 slve
889 2127 982 2188 innu-

236 2233 332 2301 ptam,
348 2221 382 2282 in
398 2221 622 2282 monasterium
646 2219 822 2282 lrrxlusmodi
846 2220 982 2283 introdu-

236 2332 306 2377 cere
333 2331 388 2376 seu
419 2322 454 2375 ut
481 2314 696 2374 introducatur
723 2314 905 2390 permittere
930 2329 982 2374 au-

236 2411 317 2482 deat,
334 2424 389 2468 seu
413 2416 599 2484 praesumat,
616 2406 673 2467 sub
688 2406 982 2468 excommunicatio·

237 2502 286 2561 nis
301 2501 379 2561 latae
393 2500 566 2562 sententiae
579 2515 634 2577 per
646 2499 902 2560 contraiacientes
918 2499 982 2577 ipso

235 2593 314 2654 lacto
335 2592 449 2671 absque
470 2591 526 2653 alla
549 2592 756 2654 declaratione
777 2593 982 2653 incurrendae

235 2703 370 2765 poenaqa
386 2702 445 2765 qua
461 2702 556 2748 nemu
570 2686 770 2748 absolutionis
783 2685 979 2757 beneficium,

235 2781 296 2841 nisi
311 2780 439 2855 anobis,
455 2797 508 2841 seu
525 2781 662 2841 Romano
674 2780 822 2841 Pontidce
837 2795 893 2857 pro
906 2787 982 2839 tem·

236 2891 310 2952 pore
331 2876 496 2947 existente,
521 2877 735 2953 praeterquam
758 2875 789 2936 in
806 2874 914 2935 mortis
936 2889 982 2934 ar-

235 2967 333 3028 ticulo
354 2968 553 3040 constitutus,
577 2966 717 3028 obtinere
732 2973 836 3044 queat,
852 2967 983 3027 auotori-

234 3066 298 3121 tate
319 3059 494 3138 apostolica,
516 3065 626 3120 tenore
648 3059 857 3138 praesentium
880 3058 983 3136 probi-

234 3155 346 3217 bemus
367 3163 398 3216 et
420 3155 645 3217 interdicimus.

66 3255 150 3354 ‚fficio
166 3265 216 3311 1οο
274 3251 295 3325 g
316 3250 345 3311 3.
369 3250 577 3310 Decernentes
593 3250 670 3327 ipsas
685 3256 862 3327 praesentes
879 3247 982 3310 literas

234 3347 352 3419 firmas,
367 3344 480 3405 validas
502 3350 533 3405 et
554 3342 689 3404 efficaces
713 3343 845 3404 existere
858 3349 888 3404 et
903 3342 980 3416 lore,

232 3454 369 3518 suosque
389 3439 544 3517 plenarios
566 3447 597 3499 et
617 3437 757 3514 integros
778 3437 905 3498 ellectus
918 3452 982 3497 sor·

233 3535 288 3595 tiri
310 3542 340 3594 et
363 3533 522 3608 obtinere;
550 3533 655 3611 sicque
677 3533 708 3595 in
732 3532 905 3611 praemissis
927 3547 982 3610 per

232 3643 449 3705 quoscumque
473 3628 589 3689 iudices
617 3629 788 3689 ordinarios
809 3635 839 3688 et
863 3628 983 3704 delega-

233 3727 291 3796 tos,
307 3721 402 3782 etiam
417 3737 577 3783 cansarum
600 3721 703 3800 palatii
720 3722 875 3800 apostolici
898 3722 983 3783 audi-

234 3824 329 3890 tores,
341 3815 469 3878 iudicari
482 3823 512 3876 et
528 3816 650 3878 deliniri
665 3816 788 3891 debere,
805 3833 837 3876 ac
854 3818 980 3878 irritum

233 3919 265 3971 et
287 3911 393 3984 inane,
418 3911 444 3970 si
468 3926 556 3972 secus
580 3926 675 3988 snper
701 3911 784 3972 laisa
814 3927 981 3989 quoquam,

233 4004 343 4081 quavis
367 4005 560 4079 auctoritate,
575 4005 709 4065 scienter
730 4003 781 4064 rel
805 4005 983 4080 ignoranter

233 4097 401 4174 contigerit
423 4098 578 4159 attentari.

76 4190 218 4250 ooaeueon-
274 4193 294 4267 ἓ
316 4192 346 4253 i.
369 4191 439 4254 Non
461 4192 654 4255 obstantibus
669 4193 814 4254 ourntbus
830 4201 862 4253 et
876 4192 983 4269 singu-

70 4248 160 4290 lnrrotttlt.

234 4288 271 4349 lis
294 4287 356 4349 illis
378 4305 455 4368 quae
483 4288 582 4350 dictus
603 4287 747 4350 Clemens
769 4287 983 4364 praedecessor

234 4381 266 4442 in
288 4382 354 4443 suis
376 4381 472 4442 literis
494 4380 637 4459 praelatis
653 4380 750 4442 voluit
769 4394 831 4442 non
849 4381 969 4442 obstare

234 4474 425 4553 caeterisque
447 4474 610 4536 contrariis
631 4474 889 4552 quibuscumque.

275 4569 387 4629 [tatum
405 4568 532 4642 Romae,
548 4569 627 4646 apud
646 4566 678 4629 S.
693 4567 819 4630 blarlam
835 4567 980 4630 Maiorem

234 4665 291 4726 sub
312 4663 430 4726 annulo
451 4662 622 4737 Piscatoris,
656 4662 706 4722 die
734 4677 849 4724 xxrrrr.
877 4663 982 4741 aprilis

235 4775 453 4834 rrueexnxrrx,
476 4757 674 4836 pontificatus
696 4757 793 4818 nostri
815 4773 898 4818 anno
918 4773 960 4818 rv.

555 5001 666 5066 XXlV.

235 5137 531 5218 1101101110111111
562 5138 681 5200 11111001
703 5138 739 5199 dc
770 5135 981 5216 Propoqondo

276 5232 353 5294 Fide
384 5233 578 5310 assignatur
605 5231 671 5292 dics
700 5230 897 5292 Pcutcroatcs
925 5244 981 5307 pro

276 5326 467 5387 recitatione
500 5325 659 5388 cretionis
680 5325 716 5386 ira
745 5325 886 5402 cappellu-
908 5337 982 5400 poo-

276 5421 378 5500 111010
401 5418 439 5481 ub
462 5419 569 5497 aliquo
592 5435 700 5480 eoram
723 5417 899 5498 faciendae.

423 5587 609 5657 credens
633 5588 692 5654 ΡΡ.
718 5587 789 5656 11111.

376 5712 838 5782 mmmmmwm

86 5897 210 5950 1111011111.
277 5893 296 5968 5
318 5893 346 5954 l.
371 5893 415 5954 ild
436 5908 597 5954 summum
613 5890 802 5969 apostolatus
823 5888 979 5965 fastigium

240 5985 382 6048 ineflabili
405 5985 458 6047 Dei
479 5986 658 6061 elementia,
671 5984 743 6046 licet
764 5984 978 6055 immerentes,

1038 717 1151 790 evecti,
1174 715 1251 777 nibil
1281 714 1382 793 potius
1409 710 1586 776 babendum
1608 713 1696 774 nobis
1717 728 1782 773 esse

1039 809 1256 885 intelligimus,
1267 825 1359 887 quam
1370 817 1404 870 ut
1416 809 1485 870 111101
1499 805 1663 870 catbolicae
1675 806 1781 867 lumen

1039 906 1154 983 ubique
1182 903 1389 983 splendescat,
1414 911 1445 964 et
1472 901 1668 978 evangelicae
1689 917 1783 962 sonus

1039 999 1196 1061 ‹loctrinae
1211 997 1246 1058 ad
1262 1013 1311 1059 eas
1332 1013 1456 1076 qnoque
1480 1002 1588 1072 gentes
1609 995 1782 1074 perveniat,
1844 1067 1846 1074 Α

1039 1108 1114 1170 quas
1136 1089 1234 1153 adbuc
1255 1089 1463 1152 circumfundi
1486 1105 1630 1151 errorum
1652 1087 1783 1163 caligine

1039 1203 1072 1248 ac
1095 1185 1240 1259 tenebris,
1265 1184 1377 1246 intimo
1408 1183 1508 1245 cordis
1536 1182 1634 1244 nostrl
1666 1181 1782 1256 dolore,

1040 1277 1280 1354 ingemiscimus.
1299 1276 1438 1339 Proiecto
1461 1293 1512 1338 vas
1534 1276 1609 1338 illud
1625 1275 1710 1354 quasi
1726 1275 1783 1336 lin·

1040 1379 1126 1433 terrm
1155 1372 1276 1433 ecoelo
1305 1371 1474 1433 demissum
1507 1371 1538 1431 in
1570 1386 1603 1430 ea
1636 1368 1783 1442 mirabili,

1039 1481 1129 1542 quam
1153 1465 1258 1529 babuit
1280 1466 1399 1540 Petrus,
1412 1469 1543 1542 risione,
1555 1476 1585 1530 et
1607 1462 1782 1530 vexandita

1039 1564 1144 1625 occido
1166 1573 1196 1626 et
1218 1565 1393 1634 1111111010,
1410 1562 1482 1640 quid
1499 1561 1579 1625 allud
1596 1562 1707 1635 voluit,
1725 1560 1784 1622 nisi

1040 1669 1075 1722 ut
1101 1661 1244 1740 princeps
1276 1660 1492 1738 Apostolorum
1529 1659 1658 1738 eiusque
1687 1659 1782 1720 luturi

1039 1770 1228 1816 successores
1249 1763 1434 1833 perpetuum
1457 1753 1584 1815 bumani
1607 1751 1730 1828 generis
1751 1753 1782 1812 in

1039 1863 1139 1909 rrnrrm
1155 1847 1237 1909 ovile
1258 1847 1465 1925 congregandi
1487 1862 1592 1908 curam
1613 1845 1785 1907 baberent

1040 1953 1070 2006 et
1091 1943 1122 2005 bi
1145 1941 1270 2020 quidem
1286 1943 1323 2004 ab
1338 1941 1490 2004 Ecclesiae
1504 1941 1595 2003 initio
1617 1956 1708 2019 quam
1725 1940 1785 2002 lor·

1039 2041 1114 2104 titer
1135 2040 1207 2101 buic
1229 2040 1355 2116 negotio
1376 2039 1551 2116 peragendo
1570 2035 1782 2108 incubuerint,

1039 2149 1147 2196 omnes
1169 2140 1286 2194 norunt
1314 2140 1389 2210 quot
1411 2138 1486 2210 quot
1507 2132 1652 2194 bistorrne
1683 2147 1784 2192 sacrae

1039 2231 1242 2288 monumenta
1255 2232 1474 2303 percurrentes
1490 2224 1609 2285 nullam
1630 2239 1724 2302 prope
1737 2241 1784 2284 or·

1040 2320 1084 2380 bis
1106 2319 1237 2380 extremi
1271 2326 1390 2397 partem
1414 2318 1551 2380 relictam
1579 2316 1782 2394 conspiciunt,

1039 2429 1131 2490 qnam
1149 2412 1321 2488 evangelici
1344 2427 1537 2490 praeconesa
1554 2409 1689 2472 Romana
1705 2409 1784 2471 Sede

1039 2504 1168 2579 altlegati
1192 2520 1254 2566 non
1277 2503 1420 2577 adierint,
1437 2509 1468 2563 et
1490 2499 1609 2565 Glrristl'
1625 2515 1722 2577 regno
1738 2501 1784 2561 lu-

1038 2599 1081 2658 cri
1106 2597 1205 2659 lacere
1237 2613 1299 2658 non
1332 2595 1453 2659 luerint
1481 2595 1592 2658 conati.
1621 2594 1680 2657 Sed
1702 2611 1783 2656 narn·

1039 2705 1130 2769 quam
1153 2690 1264 2752 clarius
1286 2691 1382 2752 divini
1406 2689 1492 2751 verbi
1515 2690 1715 2768 praeconium
1738 2689 1783 2748 in-

1040 2793 1086 2846 ter
1108 2794 1215 2860 gentes
1246 2783 1370 2858 enituit,
1394 2799 1486 2862 quam
1516 2791 1583 2860 post
1610 2789 1783 2844 erectama

1039 2879 1090 2940 101.
1115 2881 1232 2940 record.
1265 2878 1415 2952 Gregorio
1437 2877 1492 2939 PP.
1516 2878 1583 2940 XV.
1610 2877 1783 2954 praedeces-

1039 2989 1105 3035 sore
1122 2980 1228 3036 nostro
1240 2972 1524 3050 congregationem
1540 2973 1576 3034 de
1588 2969 1783 3051 Propagandi

1039 3069 1112 3131 Fide
1135 3075 1362 3148 nuncupatam,
1390 3084 1469 3147 quae
1492 3065 1668 3145 pontificiae
1690 3067 1783 3128 autmi-

1040 3164 1230 3224 nistrationis
1247 3163 1446 3242 praecipuum
1461 3177 1537 3239 opus
1553 3162 1653 3223 vocari
1671 3170 1782 3238 potest,

1039 3256 1188 3336 cuiusque
1216 3266 1262 3318 est
1284 3273 1399 3319 munus
1428 3256 1554 3318 idoneos
1575 3256 1729 3334 operarios
1751 3256 1781 3317 in

1038 3351 1163 3412 vineam
1186 3350 1308 3412 Domini
1333 3350 1515 3424 immittere,
1539 3357 1570 3411 et
1592 3365 1658 3410 rem
1680 3350 1782 3412 carbo·

1039 3443 1129 3505 licam
1151 3451 1264 3506 sartam
1277 3450 1452 3523 tectamque
1468 3443 1504 3504 ab
1518 3443 1656 3504 bostium
1680 3442 1784 3504 incur-

1038 3539 1122 3600 sibus
1143 3540 1259 3617 ubique
1279 3556 1412 3602 servare.

1077 3635 1095 3708 ἓ
1117 3634 1146 3695 2.
1172 3633 1269 3696 liuius
1290 3635 1374 3696 inter
1393 3634 1689 3711 egregiamolimina
1711 3636 1783 3697 reli·
1801 3637 2014 3746 00„}{}}{¹?”¹,}2

1039 3729 1122 3804 gionl
1155 3726 1342 3790 ortlrorloxae
1374 3729 1512 3806 apprime
1535 3729 1621 3790 utilia
1651 3729 1780 3806 Collegii
1800 3744 1988 3800 propagatae.

1038 3821 1153 3883 Urbani
1169 3821 1206 3884 de
1221 3819 1415 3900 Propaganda
1439 3822 1512 3884 Fide
1534 3822 1674 3884 fundatio
1694 3838 1781 3902 prae·

1037 3915 1147 3976 sertim
1169 3923 1214 3977 est
1236 3916 1435 3987 recensenda,
1463 3917 1545 3994 quod
1573 3916 1641 3978 lure
1663 3934 1696 3978 ac
1717 3933 1781 3979 me-

1038 4007 1098 4068 rito
1122 4016 1277 4086 tamquam
1306 4007 1507 4071 seminarium
1530 4008 1682 4072 Ecclesiae
1710 4011 1782 4072 uni-

1039 4101 1164 4163 versalis
1186 4101 1288 4162 baberi
1312 4101 1411 4163 debet.
1443 4101 1477 4162 ln
1499 4118 1534 4164 eo
1555 4103 1708 4181 siquidem
1731 4120 1782 4165 na·

1038 4197 1160 4256 tionum
1181 4195 1299 4257 soboles
1315 4213 1330 4256 a
1345 4197 1472 4258 diversis
1494 4196 1602 4258 mundi
1625 4198 1721 4275 plagis
1736 4215 1781 4262 ac-

1039 4288 1110 4363 cita,
1133 4289 1246 4366 pietate
1274 4307 1307 4351 ac
1336 4289 1434 4350 literis
1457 4289 1620 4366 imbuitur,
1644 4293 1781 4370 proprios

1056 4383 1117 4443 itus
1139 4399 1171 4444 ac
1193 4381 1315 4459 linguas
1336 4382 1453 4458 ediscit,
1476 4392 1507 4444 et
1529 4385 1630 4445 omnia
1653 4386 1778 4447 demum

1039 4474 1186 4552 praesidia
1208 4482 1376 4554 comparat,
1395 4476 1505 4554 qulbus
1527 4476 1694 4540 instructos
1716 4495 1781 4540 esse

1039 4575 1159 4646 oportet
1171 4568 1222 4629 llei
1236 4569 1407 4644 ministros,
1421 4568 1470 4630 rel
1482 4571 1653 4646 spargendo
1665 4571 1697 4631 in
1712 4572 1781 4632 bae-

1039 4661 1151 4724 reticos
1179 4663 1359 4739 evangelico
1386 4662 1514 4738 semini,
1538 4663 1587 4724 101
1610 4665 1781 4726 baereticae

1039 4755 1098 4818 labi
1130 4755 1358 4836 impugnandae
1385 4755 1514 4818 selectos
1545 4773 1578 4818 ac
1607 4759 1777 4836 deputatos.

1038 4850 1183 4928 Longum
1204 4849 1296 4912 nimis
1323 4858 1402 4912 esset
1423 4850 1473 4911 bic
1499 4850 1601 4912 verbis
1624 4853 1779 4932 prosequi,

1039 4955 1114 5024 quot
1136 4946 1195 5006 viri
1219 4944 1355 5021 insignes
1378 4944 1560 5006 doctrinaet
1575 4960 1781 5008 11101111εο11-

1039 5039 1155 5114 ctitate,
1178 5046 1253 5118 quot
1273 5038 1382 5099 eximii
1405 5037 1559 5116 praesules
1581 5055 1598 5100 0
1619 5039 1699 5101 dieto
1720 5039 1781 5101 col-

1038 5135 1088 5210 gio
1101 5132 1284 5212 prodierint,
1297 5140 1476 5211 quantoque
1486 5131 1589 5194 studio
1603 5151 1636 5195 ac
1648 5133 1780 5195 benevo-

1038 5227 1133 5289 lentia
1144 5225 1274 5288 Ronlani
1291 5225 1454 5287 Pontitices
1469 5225 1715 5304 praedecessores
1726 5243 1781 5288 no-

1037 5319 1093 5381 stri
1117 5321 1216 5398 ipsum
1234 5318 1381 5394 iuverint,
1398 5319 1592 5396 ornaverint,
1607 5325 1637 5382 01
1652 5321 1780 5383 indultis

1038 5413 1209 5493 apostolicis
1239 5413 1270 5476 in
1300 5412 1392 5486 illud,
1424 5412 1504 5491 quod
1533 5430 1618 5476 nunc
1649 5415 1779 5488 obtinet,

1037 5507 1210 5586 splendoris
1231 5513 1261 5568 et
1283 5506 1469 5569 celebritatis
1483 5507 1610 5569 culmen
1633 5522 1781 5585 provexe-

1037 5601 1112 5662 rint.
1136 5603 1280 5686 bequum
1302 5607 1347 5661 est
1368 5599 1475 5676 igitur,
1499 5608 1534 5662 ut
1555 5616 1610 5662 nos
1631 5602 1726 5662 etiam
1749 5602 1780 5663 in

1037 5695 1199 5774 peculiaris
1221 5702 1444 5770 argumentum
1466 5694 1591 5770 amoris,
1613 5711 1673 5772 quo
1695 5711 1782 5772 prae-

1037 5788 1153 5850 cellens
1174 5790 1230 5850 boc
1245 5803 1321 5865 opus
1343 5787 1589 5865 complectimur,
1606 5795 1637 5849 et
1650 5789 1707 5866 ipsi
1721 5788 1781 5849 col·

1035 5882 1116 5958 legio
1128 5897 1247 5943 novum
1269 5880 1413 5942 addamus
1427 5881 1586 5956 dignitatis
1608 5881 1781 5943 incremen-

1037 5984 1115 6050 tum,
1132 5984 1162 6037 et
1178 5973 1316 6037 eiusdem
1331 5974 1472 6036 alumnos
1489 5974 1567 6035 lilios
1583 5982 1714 6052 nostros,
1728 5976 1781 6056 qui

1707 557 1762 634 l89
1813 559 1911 626 1110.
1933 557 2003 624 tart
