4754 6966
323 564 376 616 An.
391 567 421 618 C.
444 566 513 616 1764
565 562 621 626 ΗΟ

542 700 583 762 cti
595 706 625 762 et
636 697 964 760 excommunicationis
975 697 1145 776 respective
1159 703 1287 758 senten·

542 798 598 856 tias
613 794 780 856 incurrisse
795 792 838 853 eis
857 790 1041 865 constiterit,
1058 789 1178 868 quoties
1193 805 1286 867 super

541 891 598 952 1111
613 905 668 966 pro
683 897 769 967 parte
785 888 856 950 dicti
870 885 1010 962 collegii,
1025 893 1077 946 ant
1093 884 1175 946 illius
1189 884 1286 947 colle-

542 985 582 1060 gii
606 991 637 1044 et
653 981 911 1059 congregacionis
925 979 1092 1059 superioris
1106 977 1224 1040 luerint
1239 994 1288 1038 re·

541 1077 659 1157 nubiti,
672 1076 778 1138 tandin
794 1073 955 1136 dominicis
971 1079 1001 1135 et
1016 1073 1082 1133 aliis
1095 1069 1212 1134 festivis
1224 1069 1286 1132 die-

541 1172 596 1234 bus
607 1172 638 1232 in
650 1169 796 1242 ecclesiis,
807 1167 881 1229 dum
894 1168 991 1248 rnaior
1002 1165 1078 1227 inibi
1090 1164 1194 1242 populi
1208 1162 1286 1224 mul-

542 1268 640 1328 titudo
656 1266 690 1326 ad
706 1263 810 1324 divina
826 1260 1020 1334 convenerit,
1037 1259 1239 1321 interdictum
1256 1267 1286 1319 ct

541 1358 843 1422 excommunicatum
871 1354 992 1433 publice
1018 1354 1171 1416 nuncient
1192 1360 1223 1412 et
1244 1351 1285 1412 11-

539 1456 621 1516 11111
635 1452 674 1512 11
687 1450 754 1512 aliis
769 1448 921 1522 nunciati,
938 1464 971 1510 ac
982 1447 1285 1509 excommunicatum

540 1551 641 1626 ipsum
658 1546 694 1606 ab
709 1544 854 1606 omnibus
868 1541 982 1602 arctius
997 1539 1118 1612 evitari,
1132 1540 1228 1599 doncc
1242 1539 1287 1597 ei-

540 1645 610 1704 dem
624 1639 761 1714 collegio
773 1636 810 1697 de
825 1634 970 1714 pensione
983 1649 1037 1712 per
1050 1642 1227 1710 praesentes
1238 1649 1285 1693 rc-

539 1744 659 1799 servata
680 1733 832 1812 praedicta
850 1736 924 1790 tunc
939 1728 1039 1789 debita
1056 1725 1150 1788 luerit
1163 1727 1286 1802 integre

539 1819 1286 1902 satisfactumipsequeinterdictusvidelicetin·

541 1914 1285 1990 terdictirelaxationem,excommunicatusvero

539 2018 685 2099 praedicti
701 2015 737 2075 ab
754 2011 931 2074 huiusmodi
953 2007 1286 2071 excommunicationis

539 2111 694 2178 sententia
716 2104 915 2170 absolutionis
931 2103 1115 2166 beneficium
1132 2100 1286 2162 meruerit

539 2209 693 2278 obtinere,
706 2201 944 2266 contradictores
961 2213 1015 2276 per
1028 2212 1173 2257 censuras
1188 2193 1285 2256 eccle·

538 2301 672 2364 siasticas
690 2293 897 2374 appellatione
912 2290 1076 2368 postposita
1090 2304 1284 2366 compescen-

539 2397 589 2469 do,
612 2409 676 2454 nou
699 2385 889 2452 obstantibus
916 2383 1128 2445 Lateranensis
1155 2381 1283 2444 concilii

539 2500 695 2571 postremo
709 2481 866 2555 celebrati,
882 2478 1045 2559 pensiones
1060 2492 1177 2539 annuas
1191 2493 1285 2555 super

540 2595 718 2646 mensarum
734 2574 951 2656 episcopalium
966 2579 997 2632 et
1011 2570 1205 2631 abbatialium
1220 2571 1283 2631 iru-

539 2677 649 2750 ctibus,
661 2674 719 2735 nisi
731 2689 770 2731 ex
785 2667 989 2731 concessionis
1001 2671 1053 2726 aut
1065 2665 1121 2725 alia
1135 2663 1282 2742 probabili

540 2787 640 2844 causa,
662 2763 815 2830 reservari
838 2759 1048 2840 prohibentis,
1072 2773 1105 2819 ac
1126 2763 1231 2820 nostra
1252 2763 1284 2818 et

540 2861 747 2928 cancellariae
776 2855 967 2935 spostolicae
995 2852 1112 2929 Regula
1136 2852 1173 2912 de
1199 2867 1282 2929 prae-

538 2957 646 3020 stando
677 2968 829 3016 consensu
856 2949 889 3011 in
918 2945 1130 3025 pensionibus,
1156 2943 1282 3021 aliisque

1066 577 1129 624 idn.
1154 577 1245 622 PONT.
1269 575 1309 620 DE
1331 577 1359 620 Ρ.
1384 577 1412 622 F.
1438 577 1519 622 PARS
1540 575 1561 622 1.

2122 554 2226 612 1110.
2253 552 2330 608 1764

1343 695 1468 774 plenam
1490 705 1521 758 et
1541 711 1719 774 expressam
1740 711 1773 758 ac
1794 697 1832 758 de
1846 695 1941 758 verbo
1963 695 2000 756 ad
2020 711 2090 758 ver·

1343 790 1419 852 burn
1434 791 1472 852 de
1487 790 1607 852 indulto
1618 788 1795 851 huiusmodi
1811 788 2017 850 mentionem.
2034 789 2091 850 De-

1344 899 1443 958 mum,
1467 889 1586 945 attento
1607 883 1687 962 quod
1718 881 1835 945 dictum
1859 881 2032 957 Collegium
2054 882 2091 944 ab

1343 977 1451 1039 eadem
1472 977 1722 1052 congregatione
1743 977 1779 1038 do
1800 974 1997 1053 Propaganda
2017 976 2092 1038 Fide

1343 1078 1378 1134 ut
1399 1071 1574 1148 praefertur
1595 1070 1759 1146 dependet,
1783 1069 1818 1130 ad
1838 1069 1922 1130 illius
1939 1069 2092 1131 indemni-

1345 1167 1398 1228 tati
1421 1164 1658 1237 consulendum,
1680 1163 1849 1240 collegium
1870 1163 1973 1240 ipsum
1988 1163 2025 1223 ab
2039 1179 2091 1224 an-

1344 1267 1443 1334 11111,
1467 1258 1734 1338 quindenniorum
1756 1256 1952 1334 aliorumque
1973 1257 2091 1318 iuriam

1344 1353 1490 1414 Gamerae
1522 1349 1714 1428 spostolicae
1742 1366 1775 1412 ac
1801 1351 1894 1410 etiam
1919 1347 2091 1426 praedictae

1344 1443 1374 1506 S.
1391 1447 1427 1508 11.
1444 1445 1479 1506 ld.
1499 1444 1708 1506 cardinalium
1725 1443 1863 1520 collegio
1884 1448 1915 1504 et
1937 1443 2091 1504 111111111

1344 1540 1455 1603 Cariae
1477 1537 1656 1598 officialibus
1678 1537 1716 1598 de
1737 1535 1870 1611 annalis,
1889 1535 2091 1613 quindenniis

1342 1645 1374 1697 et
1396 1634 1471 1695 iuris
1493 1630 1669 1694 huiusmodi
1686 1631 1951 1708 participantibus,
1967 1647 2090 1692 eornm-

1343 1745 1404 1806 uue
1423 1729 1594 1805 respective
1616 1725 1745 1802 collegii
1768 1727 1887 1787 ratione
1909 1724 2090 1786 reservatio-

1343 1823 1403 1897 nis,
1428 1820 1583 1900 pensionis
1605 1818 1782 1880 buiusmodi
1810 1817 1987 1879 debitorum
2009 1816 2089 1880 solu-

1342 1915 1474 1978 1111111
1494 1915 1713 1992 praestatione,
1726 1912 1905 1974 auctoritate
1928 1917 1959 1972 11
1983 1920 2090 1972 111111

1343 2009 1506 2088 praedictis
1528 2007 1652 2086 penitus
1673 2013 1704 2068 et
1725 2007 1855 2066 omnino
1876 2005 2042 2068 eximimus
2058 2011 2088 2065 et

1342 2104 1521 2178 liberamus,
1539 2101 1735 2178 liberumque
1756 2107 1787 2160 et
1806 2109 1987 2178 exemptum
2003 2100 2088 2161 omni

1342 2196 1448 2258 lutare
1476 2203 1615 2272 tempore
1646 2193 1712 2254 lore
1732 2200 1764 2254 et
1792 2209 1857 2254 esse
1888 2193 2034 2255 volumus
2059 2205 2089 2254 et

1342 2292 1534 2351 mmmmm.

1381 2387 1399 2458 ᾗ
1420 2383 1449 2443 3.
1474 2381 1559 2444 Nulli
1575 2397 1649 2459 ergo
1665 2381 1795 2444 omuino
1816 2381 1981 2442 bominum
1996 2381 2087 2442 liceat

1343 2480 1485 2557 paginam
1499 2477 1578 2538 banc
1593 2484 1715 2538 nostrae
1727 2475 1941 2549 absolutionis,
1954 2490 2088 2536 reserva·

1343 2572 1446 2646 tionis,
1469 2570 1710 2644 constitutionis,
1727 2569 1954 2646 assignationis,
1966 2586 2088 2647 praecc-

1342 2666 1397 2745 pti,
1420 2663 1547 2737 decreti,
1570 2663 1689 2736 statuti,
1713 2663 1859 2738 mandati,
1882 2662 2088 2740 derogationis

1341 2769 1371 2821 et
1393 2758 1563 2821 voluntatis
1585 2757 1768 2833 infringere,
1782 2756 1830 2817 vel
1846 2757 1874 2817 ei
1892 2774 1969 2818 ausu
1991 2763 2087 2818 teme·

1341 2853 1421 2914 rario
1444 2851 1610 2913 contraire.
1635 2851 1758 2930 Siquis
1783 2858 1885 2912 autem
1909 2853 2087 2912 111111111-

1340 2955 1406 3008 tare
1435 2945 1690 3024 praesumpserit,
1717 2944 1967 3020 indignationem
1988 2947 2089 3006 omni-

2134 2396 2288 2444 Clausulas.

538 3045 811 3113 constitutionibus
826 3051 857 3104 et
878 3038 1123 3102 ordinationibus
1145 3035 1285 3113 apostoli·
1331 3039 1476 3119 'potentis
1510 3039 1561 3100 Oai
1588 3055 1620 3100 ac
1650 3038 1811 3100 beatorum
1838 3037 1920 3100 Petri
1943 3045 1974 3100 et
2002 3038 2087 3100 Pauli

538 3147 579 3208 cis
604 3160 637 3204 ac
659 3137 838 3220 praesertim
853 3134 904 3196 lel.
922 3133 1040 3194 record.
1058 3130 1101 3192 Pii
1124 3129 1218 3208 Papae
1230 3129 1280 3192 111.

538 3256 596 3318 qua
620 3234 793 3314 disponitur
814 3227 896 3308 quod
918 3226 1033 3304 gratiae
1055 3233 1086 3287 et
1101 3224 1283 3287 donationes

538 3335 689 3395 interesse
711 3329 858 3390 camerae
881 3320 1070 3400 spostolicae
1091 3317 1284 3397 quomodoli-

538 3427 589 3487 bet
620 3427 842 3486 concernentes
863 3417 897 3477 iu
926 3415 1030 3475 eadem
1061 3427 1181 3472 camera
1204 3409 1282 3488 regi·

536 3519 625 3581 strari
649 3525 680 3578 et
702 3510 852 3576 insinuari
874 3509 1015 3580 debeant,
1030 3523 1063 3566 ac
1077 3506 1149 3566 alias
1164 3504 1195 3565 in
1211 3521 1282 3567 cou-

537 3613 667 3675 trarium
689 3607 789 3669 lorsan
813 3599 1044 3682 qrromodolibct
1058 3598 1220 3673 concessis,
1237 3614 1282 3658 sc-

536 3702 774 3777 cundodictiuue
795 3694 971 3758 llonasterii
992 3698 1024 3754 et
1045 3692 1178 3768 Ordinis,
1194 3693 1281 3754 cuius

536 3798 611 3862 illud
634 3795 739 3858 existit
753 3791 846 3854 etiam
869 3790 992 3850 decreto
1003 3794 1033 3848 et
1045 3787 1281 3870 confirmatione

535 3891 709 3972 apostolica,
731 3886 781 3947 vel
803 3883 910 3964 quavis
939 3881 1086 3942 drmitale
1114 3879 1171 3940 alia
1193 3881 1280 3942 robo-

536 3988 625 4059 ratis,
651 3980 774 4044 statutis
800 3987 830 4040 ct
851 3973 1145 4048 consuetudinibus3
1169 3974 1281 4050 quibus

534 4070 874 4148 omnibusetsingulis,
888 4067 1017 4129 etiamsi
1034 4067 1071 4128 de
1086 4064 1145 4125 illis
1157 4081 1281 4127 eorum-

534 4189 596 4252 que
618 4169 688 4232 totis
718 4163 879 4230 tenoribus
906 4161 1062 4240 specialis,
1089 4161 1227 4238 specifica
1249 4167 1279 4222 ot

534 4263 703 4336 individua,
727 4275 790 4322 non
812 4265 917 4317 aulem
938 4270 994 4332 per
1014 4252 1165 4314 clausulas
1186 4267 1279 4328 gene-

534 4359 612 4420 rales
634 4357 716 4418 idem
738 4353 948 4429 importantes,
966 4345 1096 4418 mentio,
1113 4360 1166 4405 seu
1188 4361 1278 4423 quao-

533 4453 580 4512 vis
595 4449 651 4512 alia
667 4445 822 4526 expressio
838 4442 975 4503 habenda
990 4449 1042 4502 aut
1056 4439 1112 4499 alia
1129 4440 1279 4516 exquisita

534 4545 632 4606 lorma
653 4543 690 4604 ad
712 4543 769 4601 boc
788 4533 939 4598 servanda
959 4533 1050 4606 loret,
1067 4547 1176 4593 eorum
1193 4540 1277 4593 leno

532 4656 582 4700 res
602 4653 636 4698 ao
655 4635 693 4697 de
719 4631 814 4694 verbo
835 4629 870 4690 ad
897 4627 1029 4688 verbum
1050 4625 1130 4686 nihil
1154 4626 1278 4702 ponitus

533 4730 644 4791 1111111
659 4733 690 4788 11
704 4725 801 4786 lorma
817 4722 849 4784 11
865 4721 924 4782 illis
940 4718 1277 4781 1111111111111111111-

531 4823 606 4887 serti
628 4821 741 4893 111111,
759 4815 971 4894 praesentibus
990 4830 1044 4892 pro
1059 4813 1211 4891 expressis
1226 4815 1277 4874 ba-

533 4921 651 4990 beritos,
666 4913 725 4974 illis
741 4911 812 4972 alias
827 4912 859 4970 in
874 4925 931 4970 suo
945 4906 1057 4969 robore
1068 4909 1277 4985 permansuris

532 5008 680 5075 latissime
702 5011 733 5066 11
758 5003 950 5082 plenissime,
978 5001 1152 5079 specialiter
1173 5009 1204 5062 et
1226 5017 1278 5062 ex-

532 5119 633 5186 presse
648 5101 704 5160 bac
719 5098 786 5160 vice
801 5099 960 5159 dumtaxat
970 5096 1036 5172 pari
1048 5102 1135 5156 motu
1151 5093 1277 5170 deroga-

530 5216 612 5272 mus,
635 5195 797 5260 contrariis
818 5191 1078 5269 quibuscumqoe,
1095 5196 1149 5250 aut
1162 5189 1186 5247 si
1203 5188 1275 5249 dicti

532 5291 647 5354 Nicolai
668 5285 794 5352 liaverii
809 5282 949 5362 Episcopi
964 5282 1203 5355 successoribus,
1220 5297 1275 5343 sert

530 5380 830 5448 administratoribus
856 5375 1017 5454 praedictis
1043 5374 1093 5436 vel
1114 5375 1275 5453 quibusvis

530 5480 602 5542 alias
624 5473 834 5538 communiter
854 5478 908 5532 aut
930 5470 1080 5532 divisione
1096 5469 1275 5547 1111111111-

530 5575 586 5637 lica
598 5573 637 5635 sit
648 5571 726 5634 Sede
739 5567 908 5641 indultum,
921 5565 1004 5644 quod
1016 5565 1050 5626 ad
1064 5563 1276 5641 depraestatio·

531 5684 604 5730 nem
626 5665 676 5726 vel
697 5663 887 5725 solutionem
902 5659 1059 5738 pensionis
1074 5656 1202 5719 alicuius
1217 5659 1277 5718 mi-

530 5762 615 5823 nime
633 5764 798 5821 teneantur
814 5763 844 5816 et
859 5752 894 5814 ad
911 5754 940 5814 id
956 5750 1109 5829 compelli,
1126 5759 1178 5812 aut
1192 5750 1275 5830 quod

531 5853 688 5928 interdici,
704 5849 849 5929 suspendi
865 5846 915 5908 vel
931 5843 1193 5908 excommunicari
1210 5861 1273 5906 non

529 5949 646 6036 possint
661 5963 716 6028 per
736 5945 841 6008 literas
857 5942 1034 6023 apostolicas
1049 5956 1112 6003 non
1127 5940 1274 6003 iacientes

1341 3131 1559 3212 Apostolorum
1581 3131 1648 3192 eius
1675 3147 1708 3191 se
1729 3130 1852 3191 noverit
1875 3131 2084 3192 incursurum.

1380 3227 1492 3288 Datum
1508 3225 1634 3297 Romae,
1647 3224 1725 3300 apud
1742 3221 1774 3284 S.
1789 3222 1914 3285 Mariam
1928 3224 2085 3298 Maiorem,

1340 3333 1423 3379 anno
1435 3313 1657 3377 incarnationis
1672 3312 1843 3374 dominicae
1858 3313 2025 3375 millesimo
2039 3331 2086 3375 se-

1340 3410 1585 3489 ptingentesimo
1612 3407 1804 3483 sexagesimo
1833 3416 1955 3482 quarto,
1986 3406 2086 3469 idibus

1339 3505 1473 3581 augusti,
1490 3501 1687 3581 pontificatus
1703 3500 1802 3561 nostri
1817 3516 1899 3562 anno
1914 3502 2056 3578 septimo.

1654 3740 1773 3808 xxvxi.

1338 3881 1477 3945 Proculo
1492 3882 1735 3963 confirmatione
1749 3896 1887 3943 snorum
1910 3879 2084 3942 literarum

1378 3994 1433 4038 111.
1457 3977 1535 4039 t'nlt'i
1557 3991 1737 4039 11111111.
1761 3991 1859 4053 suaper
1880 3973 2083 4038 obseruantia

1377 4071 1650 4132 corastitnlt'onnm
1673 4069 1804 4132 Ordinis
1824 4070 1972 4148 fratrum
1990 4066 2083 4128 Bert-

1377 4164 1564 4226 leniturum
1596 4163 1632 4224 t'n
1654 4161 1767 4232 lodiis,
1801 4165 1890 4240 pesco
1923 4161 1958 4221 in
1989 4159 2081 4222 illins

1377 4263 1593 4333 contemptum
1615 4253 1972 4332 111111111111111111
1993 4269 2082 4331 proe-

1377 4348 1425 4412 bct
1443 4350 1664 4412 ordinationes
1679 4364 1736 4426 pro
1751 4363 1826 4426 poce
1838 4347 1873 4408 in
1888 4347 1999 4408 ordine
2015 4348 2081 4425 ipso

1376 4443 1589 4506 restituendo.

1527 4611 1714 4681 elicitis
1738 4610 1796 4680 ΡΡ.
1814 4611 1884 4679 lllll.

1403 4803 1410 4818 ,
1473 4739 1508 4807 ad
1530 4739 1663 4806 11111111
1689 4737 1732 4803 rei
1758 4737 1938 4803 memoriam.

1372 4917 1391 4992 5
1416 4916 1441 4976 l.
1466 4917 1546 4978 illias
1568 4917 1604 4978 ad
1624 4914 1881 4992 supplicationem
1894 4915 1963 4976 bon.
1981 4929 2077 4975 mern.
2156 4927 2311 4974 accensetur

1332 5011 1453 5073 loannis
1475 5009 1639 5083 Francisci,
1662 5010 1735 5070 dum
1759 5007 1847 5082 vixit,
1864 5007 1894 5070 S.
1908 5007 1943 5068 11.
1958 5007 1993 5068 Ε.
2008 5007 2078 5070 car·
2098 4980 2311 5081 ffiffiffienssssffi,

1332 5104 1442 5167 dinalis
1470 5102 1632 5165 Bancbieri
1659 5102 1845 5180 nuncupati,
1875 5101 1998 5164 Ordinis
2020 5099 2079 5162 111-
2097 5089 2229 5186 fumidis?
2244 5099 2309 5187 {gg}

1334 5205 1417 5259 trum
1440 5196 1698 5258 Bethlemitarum
1715 5200 1964 5272 nuncupatorum
1981 5194 2012 5254 in
2029 5195 2079 5256 ln·
2097 5199 2226 5292 ggmotvm
2241 5195 2308 5241 dein·

1332 5292 1390 5354 diis
1421 5289 1668 5354 Occidentalibns
1702 5287 1884 5349 auctoritate
1916 5287 2078 5365 apostolica
2140 5258 2255 5294 evenere.

1333 5385 1484 5459 instituti,
1515 5391 1590 5445 tnnc
1619 5383 1697 5459 apud
1727 5396 1782 5441 nos
1810 5387 1842 5442 et
1870 5381 2077 5459 Apostolicam

1331 5477 1409 5539 banc
1431 5478 1577 5540 Sanctam
1599 5474 1712 5539 Sedena
1736 5475 1928 5553 protectoris,
1951 5489 2078 5536 emana-

1331 5579 1406 5632 rant
1427 5587 1443 5631 a
1465 5570 1552 5632 nobis
1574 5569 1682 5630 literae
1696 5569 1729 5629 in
1743 5567 1837 5630 simili
1859 5566 1956 5628 lorma
1971 5567 2077 5628 Brevis

1331 5664 1464 5734 tenoris,
1488 5663 1540 5742 qui
1570 5662 1727 5740 sequitur,
1757 5659 1916 5722 videlicet:
1941 5657 2100 5739 cellone

1330 5757 1400 5818 eide
1420 5771 1521 5833 supro
1544 5771 1615 5835 pop.
1633 5753 1683 5816 92.
1708 5752 1816 5832 Nuper
1837 5769 1912 5815 vero
1934 5753 2075 5831 exposuit

1329 5850 1417 5912 nobis
1429 5851 1557 5911 dilectus
1570 5849 1653 5910 filius
1664 5847 1932 5909 nosterbntom'us
1940 5846 2075 5908 Andreas

1329 5941 1359 6006 S.
1371 5943 1407 6004 ll.
1418 5943 1452 6004 11.
1470 5943 1630 6024 presbyter
1645 5941 1813 6004 cardinalis
1826 5940 1904 6004 Galli
1916 5955 2075 6026 nuncupa·
