4776 6974
313 532 367 592 An.
382 542 412 593 0.
435 532 501 594 1787
552 527 610 603 3ἳᾶ

532 695 604 740 nem
627 676 808 740 incumbere
833 685 977 754 oportere
1003 675 1221 750 intelligimus,
1245 685 1279 736 ut

530 773 694 835 salubriori
715 771 880 832 directioni
896 769 1089 849 feliciorique
1103 770 1279 848 progressui

529 882 688 929 sacrorum
702 866 927 944 operariorum,
940 881 1016 942 quos
1030 863 1067 925 all
1083 864 1278 926 Dominioum

530 976 640 1037 agrum
663 959 865 1020 excolendum
884 959 1049 1034 mittimus,
1070 959 1276 1021 consulamus.

340 1067 512 1110 memorantur
571 1053 632 1130 52.
651 1052 772 1115 [ludum
787 1052 939 1130 siquidem
963 1055 1208 1129 praedecessores
1224 1070 1278 1114 no·

301 1117 512 1170 praevideatiaeca·
581 1150 585 1160 .
731 1148 736 1158 .
843 1148 848 1158 .
998 1146 1034 1157 ..
1153 1147 1158 1156 .

318 1172 512 1216 casaromanu
531 1159 588 1212 stra
609 1150 738 1210 Romam
761 1148 924 1208 Pontifices
948 1147 1107 1223 religiosos
1129 1163 1211 1206 varos
1226 1147 1278 1210 Or·

319 1223 468 1270 ontltlcibus
479 1225 512 1270 la-

300 1289 359 1322 rore
381 1278 511 1333 religioso-

300 1331 512 1430 ffiffillllslfl·
531 1337 634 1398 vantia
663 1343 927 1412 nuncupatorum,
957 1334 987 1395 in
1017 1335 1140 1396 civitate
1170 1335 1278 1396 Hieru-

530 1241 610 1304 dinis
633 1243 788 1304 llinorum
814 1241 909 1300 sancti
938 1240 1089 1302 l'raruisci
1112 1241 1149 1302 de
1177 1241 1279 1302 obser-

530 1431 636 1504 salem,
660 1429 786 1506 aliisque
808 1428 919 1488 sanctis
948 1427 1116 1489 Palestinae
1138 1427 1222 1501 locis,
1245 1427 1277 1488 iu

529 1525 641 1602 quibus
663 1524 804 1586 Clarislus
820 1520 969 1583 Dominus
984 1521 1139 1582 humanae
1161 1525 1281 1583 redem-

530 1619 643 1695 ptionis
672 1616 816 1694 mysteria
845 1622 927 1691 ortu,
952 1616 1013 1676 vita
1040 1625 1070 1677 el
1100 1623 1199 1676 rnorte
1224 1633 1277 1676 sua

530 1713 766 1783 corrsummavit,
783 1709 888 1772 divino
904 1708 1001 1770 cultui
1017 1716 1048 1769 et
1064 1709 1278 1786 proximorum

529 1825 561 1867 ac
584 1804 822 1882 peregrinorum
844 1802 936 1864 saluti
964 1802 1182 1864 famulantium
1211 1801 1280 1880 plu-

530 1903 615 1963 ribus
636 1899 820 1978 privilegiis,
844 1897 1050 1972 facultatibus,
1073 1897 1277 1975 exemptioni-

531 1997 598 2069 bus,
622 1992 727 2071 gratiis
749 2001 780 2054 et
801 1991 1002 2068 indulgentiis
1020 1998 1224 2064 exornarunt,
1241 1993 1275 2052 ad

529 2106 605 2167 sparos
616 2103 725 2149 omnes
738 2101 867 2162 magnus
879 2083 1018 2163 prolecto
1029 2083 1171 2146 cumulus
1183 2101 1278 2145 acces-

1057 548 1120 602 ltta.
1146 546 1236 602 honr.
1260 550 1300 601 oa
1323 558 1351 601 e.
1375 553 1404 602 u.
1429 549 1510 603 haas
1533 550 1553 602 t.

1333 675 1449 738 stadiae
1470 679 1583 740 berrae
1605 677 1744 754 Sanctae,
1768 687 1798 742 et
1820 676 1854 740 ad
1876 677 1996 742 animos
2011 680 2081 742 reli·

1334 773 1492 847 giosorum
1515 774 1670 834 variarum
1697 777 1872 849 nationum,
1903 791 1941 838 ex
1969 776 2082 853 quibus

1333 869 1439 930 eadem
1468 869 1603 930 custodia
1631 872 1799 945 condatur,
1829 882 1955 935 mutuae
1983 873 2082 933 chari·

1334 962 1403 1022 tatis
1424 962 1550 1024 vinculo
1570 962 1799 1039 devinciendas,
1816 975 1851 1027 ut
1872 966 1906 1028 ad
1929 967 2080 1044 praedicta

1334 1054 1391 1114 tria
1413 1056 1574 1134 praecipua
1599 1057 1695 1118 olllcia
1713 1068 1744 1119 et
1760 1075 1892 1120 munera
1907 1061 2081 1138 promiscue

1333 1154 1426 1224 atque
1444 1149 1620 1210 alternatim
1636 1151 1735 1211 aditus
1751 1161 1850 1228 pateat
1866 1153 2025 1230 religiosae
2041 1155 2083 1214 la-

1334 1241 1437 1302 miliae
1460 1249 1520 1302 lam
1546 1242 1764 1306 Gismontanae
1786 1262 1878 1324 quarn
1904 1246 2081 1309 Ultramon·

1334 1341 1432 1407 tanae,
1456 1343 1486 1396 et
1515 1335 1613 1413 quoad
1640 1336 1905 1400 Ultrarnontanam
1927 1339 2079 1400 ‘lamiliam

1334 1428 1484 1506 llispanis,
1508 1429 1601 1490 Gallis
1624 1436 1655 1490 et
1676 1430 1843 1507 Lusitanis,
1860 1433 1943 1493 iuxta
1962 1433 2082 1494 metho-

1332 1521 1406 1582 dum
1433 1539 1448 1580 a
1477 1522 1599 1583 laudato
1631 1523 1735 1600 equite
1767 1523 1894 1602 losepbo
1920 1527 1957 1586 de
1986 1527 2080 1586 Azara

1331 1613 1445 1691 scripto
1468 1615 1621 1690 traditam,
1643 1634 1676 1678 ac
1698 1618 1845 1680 dilectum
1867 1619 1968 1680 hlium
1985 1621 2080 1696 magi-

1331 1715 1432 1768 stram
1464 1709 1657 1786 Stephanum
1690 1711 1800 1787 Borgia
1824 1713 2080 1788 Coragragatloais

1333 1802 1557 1864 venerabilium
1584 1803 1716 1866 lratrum
1744 1811 1922 1866 nostrorum
1951 1804 2081 1868 Sanctae

1332 1896 1486 1958 Romanae
1524 1897 1674 1958 Ecclesiae
1705 1898 1916 1961 cardinalium
1949 1900 2079 1975 negotiis

1332 1989 1548 2067 Propagandae
1563 1991 1646 2052 Fidei
1662 1993 1907 2069 praepositorum
1924 2010 1938 2052 a
1953 1993 2079 2054 secretis

1332 2082 1419 2143 nohis
1435 2082 1583 2160 relatam,
1608 2083 1800 2161 proindeque
1822 2085 1957 2161 petierit,
1976 2093 2010 2147 ut
2025 2101 2079 2146 no·

2112 541 2169 597 An.
2191 543 2233 593 C.
2265 529 2349 588 1787

528 2182 567 2242 sit
589 2179 836 2243 concessionibus
861 2178 1129 2256 praedecessorum
1156 2186 1276 2240 nostro·
1302 2144 1304 2270 Ι
1330 2191 1400 2237 vam
1417 2179 1495 2239 banc
1510 2177 1661 2240 dictorum
1680 2178 1775 2240 trium
1797 2178 1967 2239 ollieiomm
1985 2178 2016 2239 in
2031 2195 2077 2240 re-

530 2291 599 2336 rum
616 2273 773 2336 Benedicti
784 2271 862 2335 xlll.
883 2282 913 2334 et
932 2272 1088 2334 Benedicti
1105 2270 1184 2334 lllll.
1201 2287 1275 2348 quo·
1301 2271 1304 2339 l
1330 2269 1454 2344 ligiosos
1470 2271 1692 2348 praedictarum
1713 2272 1876 2332 nationum
1891 2271 2077 2333 distribuen-

528 2385 599 2429 rum
620 2369 699 2429 alter
720 2367 943 2430 constitutione
964 2381 1042 2443 quae
1064 2365 1171 2442 incipit
1193 2363 1275 2426 Loca
1301 2356 1303 2429 l
1329 2363 1440 2424 dorum
1464 2363 1594 2424 lormam
1617 2365 1803 2426 auctoritate
1824 2363 1985 2442 apostolica
2006 2381 2079 2427 con·

528 2469 653 2532 saincte,
668 2462 735 2522 data
747 2461 856 2537 quinto
869 2475 965 2520 nonas
979 2465 1069 2519 mart.
1083 2475 1272 2520 unocxxvu.
1300 2443 1303 2545 ξ
1328 2457 1555 2519 stitueremus·

528 2557 629 2616 omnia
645 2565 675 2618 et
690 2554 810 2630 singula
829 2551 1182 2631 privilegiaallomanis
1198 2552 1303 2614 Pon-t
1369 2551 1437 2623 §la
1467 2551 1544 2612 ilinc
1570 2559 1616 2612 est
1645 2551 1725 2630 quod
1759 2568 1814 2614 nos
1846 2552 1996 2615 desiderio
2025 2555 2077 2616 lla·
2114 2571 2211 2614 aanor
2228 2577 2337 2612 conces-

529 2649 661 2712 tilrribus
682 2647 891 2710 decessoribus
907 2645 1019 2708 uostris
1033 2647 1187 2706 custodiae
1202 2647 1274 2707 'lerv-
1300 2631 1302 2742 ζ
1329 2651 1455 2719 grantes
1476 2643 1680 2707 satisfaciendi
1698 2645 1842 2722 petitioni
1858 2645 1966 2723 inclyti
1982 2647 2074 2723 regis,
2095 2621 2192 2668 ΜΒ·

527 2761 579 2808 rae
601 2743 730 2808 Sanctae
757 2741 789 2803 in
817 2755 930 2816 genere
956 2746 988 2799 et
1016 2739 1047 2800 in
1074 2739 1192 2816 specie,
1222 2747 1274 2801 aut
1327 2737 1377 2798 cui
1400 2752 1471 2797 vera
1494 2736 1545 2797 [lei
1570 2738 1770 2814 religionen
1793 2739 2076 2802 modoinsuisllo-

527 2838 598 2898 alias
621 2837 759 2915 quinque
780 2834 817 2895 ab
838 2833 910 2893 binc
931 2833 1060 2894 saeculis
1082 2832 1276 2910 quomodoli-
1299 2784 1302 2947 J
1328 2830 1514 2892 rentissimis
1543 2832 1648 2908 regnis
1676 2839 1769 2910 alque
1791 2833 1956 2912 provinciis
1982 2835 2076 2912 ipsius

527 2933 578 2992 bet
591 2932 717 3003 tributa,
729 2927 840 2989 iterum
853 2927 1014 3000 concessit,
1026 2925 1272 3004 amplissimaque
1299 2963 1301 2981 ι
1327 2925 1441 3003 pietate
1456 2932 1486 2986 et
1501 2925 1610 3002 opibus
1620 2923 1858 3002 diligentissime
1873 2929 2074 3002 communita,

527 3028 559 3087 in
572 3026 670 3086 lurma
687 3021 864 3098 innovavit,
881 3020 960 3082 alter
976 3037 1029 3098 per
1044 3019 1189 3099 quasdam
1204 3038 1273 3082 suas
1328 3034 1437 3080 verum
1460 3027 1490 3080 ct
1513 3019 1628 3098 ubique
1652 3027 1806 3082 terrarum
1827 3020 1902 3082 lulla
1925 3023 2075 3099 praesidio

304 5368 432 5424 naposrtio
447 5378 503 5424 pre-

290 5433 355 5523 fflffi.
372 5425 503 5478 porrecta·

527 3121 560 3181 in
574 3117 670 3180 simili
684 3118 783 3178 lorma
805 3113 911 3176 Brevis
933 3113 1048 3188 literas,
1064 3129 1198 3192 quorum
1215 3115 1272 3175 ini-

528 3213 625 3274 tium:
659 3211 696 3271 ln
727 3223 875 3286 supremo
905 3205 1083 3269 militantis
1116 3207 1273 3270 Ecclesiae

526 3305 616 3376 solie,
640 3307 688 3368 die
710 3320 766 3364 vn.
791 3301 921 3362 ianuarii
954 3315 1127 3362 aoccxxvr.
1151 3301 1273 3378 expedi·

528 3411 581 3475 tas,
603 3405 716 3461 statuta
738 3403 769 3458 et
797 3396 916 3457 decreta
948 3411 1001 3472 pro
1027 3393 1107 3464 lelici
1135 3393 1272 3457 eiusdem

525 3495 679 3557 custodiae
708 3490 871 3568 gubernio,
894 3507 908 3548 a
938 3496 1011 3551 tanc
1037 3489 1182 3567 temporis
1210 3489 1274 3550 exi-

514 3596 627 3650 stente
648 3587 794 3648 ministro
816 3583 953 3660 generali
974 3585 1139 3661 supradicti
1155 3583 1273 3645 ordinis

526 3683 653 3743 induas
683 3677 822 3751 lamilias,
857 3676 1086 3739 Cisnrontanam
1116 3684 1147 3738 et
1173 3677 1271 3738 Ultra·

525 3783 704 3838 montanam
720 3773 824 3845 dictas,
840 3771 900 3831 iam
916 3771 968 3831 diu
983 3770 1073 3831 divisi
1089 3771 1182 3847 ipsius
1196 3771 1273 3832 Pon-

526 3870 613 3930 tificis
636 3868 779 3929 mandato
800 3872 832 3926 et
853 3865 1035 3926 auctoritate
1056 3863 1218 3941 compilata
1241 3872 1271 3925 et

524 3979 580 4040 per
601 3969 739 4023 nostram
754 3957 1033 4035 congregationem
1049 3957 1086 4018 de
1102 3959 1273 4035 Propagan-

524 4059 561 4119 da
582 4055 655 4117 Fide
676 4054 775 4114 revisa
798 4063 828 4114 et
850 4061 972 4115 mature
987 4068 1147 4130 perpensa,
1164 4068 1272 4131 appro-
1297 4040 1299 4067 ¹

524 4149 607 4211 bavit
628 4155 659 4209 et
685 4145 865 4224 apostolicae
892 4145 1133 4206 confirmationis
1161 4146 1271 4208 robore

523 4239 753 4315 communivit3
775 4238 888 4316 quibus
911 4238 940 4300 in
963 4237 1085 4300 statutis
1103 4245 1165 4298 rata
1179 4237 1270 4300 halre-

523 4343 612 4398 retur
626 4332 832 4395 vetustissima
850 4330 899 4390 illa
915 4332 1106 4393 consuetudo
1121 4348 1219 4408 usque
1234 4331 1270 4392 ab

523 4445 604 4491 anno
619 4439 791 4488 uocoxxrv.
806 4424 837 4486 in
851 4423 1047 4500 generalibus
1062 4425 1206 4502 praedicti
1222 4442 1270 4486 or·

523 4522 604 4586 dinis
625 4519 759 4583 comitiis
780 4518 970 4591 confirmata,
986 4517 1023 4576 de
1043 4517 1141 4579 tribus
1156 4518 1272 4595 praeci-

523 4616 591 4695 puis
606 4611 745 4676 eiusdem
764 4609 919 4674 custodiae
934 4609 1051 4685 olliciis,
1067 4611 1270 4687 guardianatu

522 4709 638 4772 scilicet
659 4707 754 4768 sancti
778 4704 893 4766 montis
918 4704 1004 4780 Sion,
1028 4704 1177 4767 vicariatu
1203 4722 1271 4767 san-

521 4801 648 4867 ctissimi
670 4799 848 4873 Salvatoris,
871 4806 900 4859 et
923 4799 1139 4875 procuratione
1163 4815 1270 4862 rerum

522 4896 740 4977 temporalium
758 4893 793 4955 ad
809 4885 979 4956 custodiam
994 4893 1220 4971 pertinentium
1238 4893 1269 4953 in

522 4993 685 5070 utriusque
706 4988 840 5050 tanriliae
866 4987 1037 5064 religiosos,
1062 4987 1101 5048 ita
1131 4987 1270 5049 dividen-

521 5087 578 5161 dis,
596 5093 630 5149 ut
646 5082 864 5163 guardiauatus
880 5081 1092 5156 cismontano,
1107 5080 1270 5143 vicariatus

521 5180 618 5254 Gallo,
642 5176 815 5257 procuratio
844 5175 989 5253 Hispano,
1011 5190 1136 5253 semper
1157 5183 1187 5238 et
1207 5177 1269 5255 pri·

521 5274 625 5335 vative
647 5271 759 5334 deferri
781 5269 899 5332 debeat.

562 5369 580 5442 ἓ
603 5365 631 5428 3.
655 5365 756 5441 Quum
778 5370 883 5426 autem
913 5379 1012 5440 nuper
1034 5363 1164 5425 dilectus
1187 5363 1269 5426 filius

522 5478 616 5539 eques
627 5459 734 5536 loseph
745 5459 783 5520 de
796 5459 901 5532 Azara,
913 5456 1086 5518 charissimi
1101 5458 1132 5518 in
1145 5457 1269 5520 Christo

521 5555 576 5618 salii
592 5553 688 5616 nostri
709 5550 811 5614 Karoli
834 5550 1048 5628 Hispaniarum
1064 5551 1147 5626 regis
1168 5551 1271 5613 catho-

521 5650 570 5712 lici
597 5649 675 5727 apud
706 5663 762 5708 nos
791 5645 964 5722 Sedemque
986 5644 1190 5720 Apostolicam
1212 5645 1268 5705 mi·

520 5744 617 5806 nister
632 5739 932 5820 plenipotentiarius,
949 5737 1065 5816 exponi
1080 5738 1168 5799 nobis
1183 5755 1268 5800 cura-

520 5837 600 5897 verit
622 5835 708 5912 regio
729 5833 857 5894 nomine
878 5832 975 5908 magis
997 5832 1166 5894 convenire
1179 5833 1269 5910 spiri-

521 5929 596 5996 tuali
610 5945 643 5992 ac
659 5925 821 6008 temporali
842 5925 988 6004 regimini
1009 5927 1201 6006 supradictae
1215 5944 1267 5991 cu-

1328 3111 1497 3190 olllciisque
1519 3129 1552 3174 ac
1575 3113 1731 3176 beneficiis
1751 3114 1815 3176 suis
1837 3114 1972 3191 detensa,
1988 3126 2074 3178 aucta

1327 3213 1357 3268 et
1374 3217 1546 3284 propagata,
1571 3216 1692 3269 tantum
1707 3208 1809 3282 debet,
1826 3219 1977 3287 quantum
1993 3228 2076 3273 com·

1327 3303 1493 3362 memorari
1515 3303 1565 3362 vix
1588 3310 1699 3381 potest,
1721 3303 1878 3383 simulque
1899 3304 2073 3368 leliciorum

1327 3395 1544 3472 gubernationi
1557 3396 1775 3472 religiosorum
1791 3397 1961 3473 praedictae
1975 3407 2074 3461 custo-

1327 3491 1404 3564 diae,
1427 3498 1458 3552 et
1485 3491 1665 3552 accuratiori
1692 3489 1956 3553 administrationi
1983 3508 2075 3571 pecu·

1328 3585 1463 3659 uiarum,
1480 3600 1559 3662 quae
1573 3583 1607 3646 ad
1628 3585 1807 3646 locosancto
1830 3589 2072 3663 manutenenda,

1326 3685 1356 3739 et
1385 3677 1594 3740 conservanda
1624 3678 1869 3756 impenduntur,
1900 3683 2074 3760 prospicere

1327 3771 1479 3845 volentes,
1495 3771 1599 3832 audito
1623 3772 1706 3848 prius
1727 3771 1839 3834 dilecto
1861 3774 1924 3835 filio
1939 3775 2072 3837 Pascbali

1325 3864 1482 3927 allerisio
1506 3864 1649 3926 ministro
1671 3865 1807 3940 generali
1830 3868 1997 3944 supradicti
2025 3885 2073 3930 or·

1325 3959 1416 4034 dinis,
1439 3966 1527 4020 motu
1559 3957 1694 4035 proprio,
1717 3975 1753 4020 ex
1776 3965 1859 4020 certa
1886 3962 2012 4025 scientia
2040 3980 2073 4024 ac

1325 4061 1446 4116 matura
1460 4053 1693 4127 deliberatione,
1710 4055 1810 4131 deque
1824 4057 2007 4132 apostolicae
2022 4073 2074 4135 po-

1325 4148 1443 4209 testatis
1475 4145 1687 4224 plenitudine,
1721 4154 1827 4208 tenore
1862 4151 2073 4226 praesentium

1326 4241 1524 4314 mandamus,
1548 4239 1744 4302 decernimus
1772 4248 1803 4302 et
1834 4243 2070 4320 constituimus,

1326 4340 1359 4395 ut
1381 4334 1414 4394 iu
1444 4339 1603 4412 posterum
1631 4333 1711 4395 dicta
1740 4335 1797 4397 tria
1818 4335 1915 4398 ollicia
1944 4345 1977 4401 et
2004 4353 2074 4399 mu·

1325 4441 1398 4486 nera
1413 4423 1584 4502 guardiani,
1602 4425 1706 4487 vicarii
1727 4435 1759 4489 et
1779 4430 1985 4506 procuratoris
1999 4431 2073 4492 Ter·

1326 4538 1375 4582 rae
1390 4522 1529 4595 Sanctae,
1545 4522 1687 4583 sexennii
1707 4523 1803 4599 spatio
1824 4525 1983 4600 duratura,
1999 4543 2072 4604 qua·

1325 4633 1458 4693 cumque
1476 4616 1718 4677 confirmationis
1732 4633 1786 4694 spe
1800 4632 1925 4695 prorsus
1941 4619 2070 4696 sublata,

1325 4711 1361 4770 ab
1383 4709 1534 4788 Hispanis,
1560 4709 1665 4784 Gallis,
1692 4710 1846 4772 Lusitanis
1874 4719 1905 4772 et
1932 4712 2072 4775 Gismon-

1326 4812 1411 4866 tanae
1434 4803 1567 4864 familiae
1594 4802 1746 4879 religiosis
1771 4805 1945 4882 promiscue
1966 4813 1997 4867 el
2017 4823 2073 4886 per

1326 4904 1454 4960 turnum
1476 4896 1520 4958 sic
1541 4897 1679 4959 exerceri
1702 4897 1843 4971 debeant,
1865 4906 1899 4960 ut
1922 4907 1953 4961 et
1974 4917 2071 4976 nunc,

1325 4992 1425 5069 primo
1446 5006 1560 5069 nempe
1581 4991 1744 5066 sexennio,
1761 4995 1842 5070 quod
1857 4993 1999 5070 proxime
2016 4994 2074 5056 im·

1325 5087 1457 5148 mediate
1478 5085 1690 5164 subsequitur,
1714 5085 1847 5161 eligatur
1870 5086 1905 5147 ad
1934 5087 2071 5150 ollicium

1325 5179 1555 5258 guardianatus,
1578 5179 1658 5256 quod
1682 5180 1714 5240 in
1738 5195 1881 5257 praesens
1903 5181 1965 5242 iam
1986 5191 2072 5244 vacat

1324 5290 1378 5351 per
1400 5274 1521 5336 obitum
1543 5273 1591 5354 bo.¹
1616 5287 1710 5333 mem.
1732 5272 1769 5333 lr.
1787 5271 1871 5334 loan.
1890 5272 2070 5335 Dominicis

1324 5367 1502 5442 Lavigliano
1514 5366 1653 5428 eiusdem
1665 5367 1778 5428 Terrae
1790 5366 1929 5441 Sanctae,
1940 5369 2012 5430 dum
2027 5368 2072 5428 vi·

1323 5453 1422 5534 veret',
1439 5461 1599 5538 guardiani
1610 5459 1774 5536 religionis
1789 5459 1952 5536 religiosus
1968 5461 2070 5538 Hispa-

1323 5571 1394 5629 nus,
1410 5555 1444 5616 ad
1463 5549 1645 5616 vicariatum
1665 5555 1896 5627 Cismontanus,
1910 5555 1946 5616 ad
1962 5570 2070 5632 procu-

1322 5649 1474 5709 rationem
1502 5646 1625 5724 Gallus3
1652 5647 1788 5709 secundo
1816 5663 1892 5708 vero
1919 5647 2070 5709 sexennio

1321 5744 1356 5805 ad
1380 5741 1617 5818 guardianatum
1646 5742 1866 5803 cismontanus
1892 5749 1923 5802 et
1944 5741 2070 5802 vicaria·

1324 5844 1389 5898 tum
1411 5835 1527 5909 Gallus,
1551 5834 1586 5896 ad
1609 5835 1857 5913 procurationem
1881 5835 2067 5911 Lusitanus,

1322 5929 1414 5996 lertio
1428 5929 1578 6010 sexennio
1593 5930 1628 5993 acl
1644 5927 1881 6009 guardiauatum
1902 5929 2016 6008 Gallus,
2033 5932 2068 5992 ad
