<?xml version="1.0" encoding="UTF-8"?>
<!DOCTYPE html PUBLIC "-//W3C//DTD XHTML 1.0 Transitional//EN"
    "http://www.w3.org/TR/xhtml1/DTD/xhtml1-transitional.dtd">
<html xmlns="http://www.w3.org/1999/xhtml" xml:lang="en" lang="en">
 <head>
  <title>
</title>
<meta http-equiv="Content-Type" content="text/html;charset=utf-8" />
  <meta name='ocr-system' content='tesseract 3.04.00' />
  <meta name='ocr-capabilities' content='ocr_page ocr_carea ocr_par ocr_line ocrx_word'/>
</head>
<body>
  <div class='ocr_page' id='page_1' title='image "./iurispontificii00martgoog_0195.png"; bbox 0 0 4740 6962; ppageno 0'>
   <div class='ocr_carea' id='block_1_1' title="bbox 341 567 639 641">
    <p class='ocr_par' dir='ltr' id='par_1_1' title="bbox 341 567 639 641">
     <span class='ocr_line' id='line_1_1' title="bbox 341 567 639 641; baseline 0.02 -8"><span class='ocrx_word' id='word_1_1' title='bbox 341 575 395 635; x_wconf 78' lang='lat' dir='ltr'><strong>xn.</strong></span> <span class='ocrx_word' id='word_1_2' title='bbox 410 585 439 636; x_wconf 89' lang='lat' dir='ltr'><strong>e.</strong></span> <span class='ocrx_word' id='word_1_3' title='bbox 462 583 530 636; x_wconf 78' lang='lat'><strong>1773</strong></span> <span class='ocrx_word' id='word_1_4' title='bbox 582 567 639 641; x_wconf 77' lang='lat' dir='ltr'><strong>xes</strong></span> 
     </span>
    </p>
   </div>
   <div class='ocr_carea' id='block_1_2' title="bbox 560 705 1306 1525">
    <p class='ocr_par' dir='ltr' id='par_1_2' title="bbox 560 705 1306 1525">
     <span class='ocr_line' id='line_1_2' title="bbox 561 705 1304 790; baseline -0.011 -15"><span class='ocrx_word' id='word_1_5' title='bbox 561 715 592 777; x_wconf 90' lang='lat' dir='ltr'><strong>in</strong></span> <span class='ocrx_word' id='word_1_6' title='bbox 614 715 658 776; x_wconf 90' lang='lat' dir='ltr'><strong>eis</strong></span> <span class='ocrx_word' id='word_1_7' title='bbox 679 705 833 775; x_wconf 88' lang='lat' dir='ltr'><strong>contentis</strong></span> <span class='ocrx_word' id='word_1_8' title='bbox 854 716 884 773; x_wconf 93' lang='lat' dir='ltr'><strong>et</strong></span> <span class='ocrx_word' id='word_1_9' title='bbox 906 709 1056 790; x_wconf 78' lang='lat' dir='ltr'><strong>expressis</strong></span> <span class='ocrx_word' id='word_1_10' title='bbox 1077 709 1256 771; x_wconf 89' lang='lat' dir='ltr'><strong>auctoritate</strong></span> <span class='ocrx_word' id='word_1_11' title='bbox 1276 724 1304 767; x_wconf 89' lang='lat' dir='ltr'><strong>a·</strong></span> 
     </span>
     <span class='ocr_line' id='line_1_3' title="bbox 561 806 1305 889; baseline -0.009 -19"><span class='ocrx_word' id='word_1_12' title='bbox 561 809 705 889; x_wconf 90' lang='lat' dir='ltr'><strong>postolica</strong></span> <span class='ocrx_word' id='word_1_13' title='bbox 728 818 835 870; x_wconf 89' lang='lat' dir='ltr'><strong>tenore</strong></span> <span class='ocrx_word' id='word_1_14' title='bbox 858 806 1068 884; x_wconf 83' lang='lat' dir='ltr'><strong>praesentium</strong></span> <span class='ocrx_word' id='word_1_15' title='bbox 1084 806 1305 866; x_wconf 82' lang='lat' dir='ltr'><strong>confirmamus</strong></span> 
     </span>
     <span class='ocr_line' id='line_1_4' title="bbox 560 899 1304 983; baseline -0.009 -18"><span class='ocrx_word' id='word_1_16' title='bbox 560 914 592 965; x_wconf 91' lang='lat' dir='ltr'><strong>et</strong></span> <span class='ocrx_word' id='word_1_17' title='bbox 606 902 821 983; x_wconf 81' lang='lat' dir='ltr'><strong>approbamus,</strong></span> <span class='ocrx_word' id='word_1_18' title='bbox 839 900 960 978; x_wconf 89' lang='lat' dir='ltr'><strong>illisque</strong></span> <span class='ocrx_word' id='word_1_19' title='bbox 976 899 1161 962; x_wconf 83' lang='lat' dir='ltr'><strong>inviolabilis</strong></span> <span class='ocrx_word' id='word_1_20' title='bbox 1182 916 1216 960; x_wconf 92' lang='lat' dir='ltr'><strong>ac</strong></span> <span class='ocrx_word' id='word_1_21' title='bbox 1237 915 1304 976; x_wconf 88' lang='lat' dir='ltr'><strong>per-</strong></span> 
     </span>
     <span class='ocr_line' id='line_1_5' title="bbox 560 992 1305 1075; baseline -0.012 -16"><span class='ocrx_word' id='word_1_22' title='bbox 560 1006 670 1075; x_wconf 88' lang='lat' dir='ltr'><strong>petuae</strong></span> <span class='ocrx_word' id='word_1_23' title='bbox 692 994 846 1056; x_wconf 79' lang='lat' dir='ltr'><strong>firmitatis</strong></span> <span class='ocrx_word' id='word_1_24' title='bbox 868 993 964 1054; x_wconf 88' lang='lat' dir='ltr'><strong>robur</strong></span> <span class='ocrx_word' id='word_1_25' title='bbox 990 992 1164 1067; x_wconf 90' lang='lat' dir='ltr'><strong>adiicimus,</strong></span> <span class='ocrx_word' id='word_1_26' title='bbox 1184 1007 1305 1052; x_wconf 90' lang='lat' dir='ltr'><strong>omnes-</strong></span> 
     </span>
     <span class='ocr_line' id='line_1_6' title="bbox 561 1083 1306 1169; baseline -0.008 -19"><span class='ocrx_word' id='word_1_27' title='bbox 561 1107 621 1169; x_wconf 89' lang='lat' dir='ltr'><strong>que</strong></span> <span class='ocrx_word' id='word_1_28' title='bbox 643 1089 719 1150; x_wconf 88' lang='lat' dir='ltr'><strong>iuris</strong></span> <span class='ocrx_word' id='word_1_29' title='bbox 746 1097 778 1148; x_wconf 89' lang='lat' dir='ltr'><strong>ct</strong></span> <span class='ocrx_word' id='word_1_30' title='bbox 808 1087 879 1148; x_wconf 89' lang='lat' dir='ltr'><strong>lacti</strong></span> <span class='ocrx_word' id='word_1_31' title='bbox 905 1102 937 1147; x_wconf 92' lang='lat' dir='ltr'><strong>ac</strong></span> <span class='ocrx_word' id='word_1_32' title='bbox 964 1085 1198 1148; x_wconf 80' lang='lat' dir='ltr'><strong>solemnitatum</strong></span> <span class='ocrx_word' id='word_1_33' title='bbox 1224 1083 1306 1145; x_wconf 91' lang='lat' dir='ltr'><strong>dele·</strong></span> 
     </span>
     <span class='ocr_line' id='line_1_7' title="bbox 560 1177 1306 1260; baseline -0.009 -15"><span class='ocrx_word' id='word_1_34' title='bbox 560 1191 638 1257; x_wconf 89' lang='lat' dir='ltr'><strong>ctus,</strong></span> <span class='ocrx_word' id='word_1_35' title='bbox 654 1183 678 1243; x_wconf 92' lang='lat' dir='ltr'><strong>si</strong></span> <span class='ocrx_word' id='word_1_36' title='bbox 701 1182 755 1260; x_wconf 91' lang='lat' dir='ltr'><strong>qui</strong></span> <span class='ocrx_word' id='word_1_37' title='bbox 770 1184 903 1258; x_wconf 80' lang='lat' dir='ltr'><strong>desuper</strong></span> <span class='ocrx_word' id='word_1_38' title='bbox 926 1179 1167 1254; x_wconf 68' lang='lat' dir='ltr'><strong>intervenerint,</strong></span> <span class='ocrx_word' id='word_1_39' title='bbox 1183 1177 1306 1257; x_wconf 90' lang='lat' dir='ltr'><strong>supple·</strong></span> 
     </span>
     <span class='ocr_line' id='line_1_8' title="bbox 561 1271 1304 1350; baseline -0.011 -12"><span class='ocrx_word' id='word_1_40' title='bbox 561 1293 630 1338; x_wconf 75' lang='lat' dir='ltr'><strong>murs</strong></span> <span class='ocrx_word' id='word_1_41' title='bbox 652 1285 682 1337; x_wconf 90' lang='lat' dir='ltr'><strong>et</strong></span> <span class='ocrx_word' id='word_1_42' title='bbox 702 1292 862 1350; x_wconf 83' lang='lat' dir='ltr'><strong>sanamus,</strong></span> <span class='ocrx_word' id='word_1_43' title='bbox 892 1273 974 1334; x_wconf 83' lang='lat' dir='ltr'><strong>selva</strong></span> <span class='ocrx_word' id='word_1_44' title='bbox 1004 1282 1106 1335; x_wconf 85' lang='lat' dir='ltr'><strong>temen</strong></span> <span class='ocrx_word' id='word_1_45' title='bbox 1128 1286 1251 1348; x_wconf 81' lang='lat' dir='ltr'><strong>semper</strong></span> <span class='ocrx_word' id='word_1_46' title='bbox 1274 1271 1304 1331; x_wconf 92' lang='lat' dir='ltr'><strong>iu</strong></span> 
     </span>
     <span class='ocr_line' id='line_1_9' title="bbox 560 1365 1306 1449; baseline -0.011 -18"><span class='ocrx_word' id='word_1_47' title='bbox 560 1368 734 1449; x_wconf 84' lang='lat' dir='ltr'><strong>praemissis</strong></span> <span class='ocrx_word' id='word_1_48' title='bbox 765 1369 945 1431; x_wconf 88' lang='lat' dir='ltr'><strong>auctoritate</strong></span> <span class='ocrx_word' id='word_1_49' title='bbox 975 1365 1231 1442; x_wconf 80' lang='lat' dir='ltr'><strong>congregationis</strong></span> <span class='ocrx_word' id='word_1_50' title='bbox 1255 1379 1306 1424; x_wconf 81' lang='lat' dir='ltr'><strong>eo·</strong></span> 
     </span>
     <span class='ocr_line' id='line_1_10' title="bbox 561 1461 950 1525; baseline -0.008 -1"><span class='ocrx_word' id='word_1_51' title='bbox 561 1464 705 1525; x_wconf 81' lang='lat' dir='ltr'><strong>cumdem</strong></span> <span class='ocrx_word' id='word_1_52' title='bbox 729 1461 950 1524; x_wconf 76' lang='lat' dir='ltr'><strong>Carpinatium.</strong></span> 
     </span>
    </p>
   </div>
   <div class='ocr_carea' id='block_1_3' title="bbox 376 1552 1306 1634">
    <p class='ocr_par' dir='ltr' id='par_1_3' title="bbox 376 1552 1306 1634">
     <span class='ocr_line' id='line_1_11' title="bbox 376 1552 1306 1634; baseline -0.006 -18"><span class='ocrx_word' id='word_1_53' title='bbox 376 1569 542 1616; x_wconf 77' lang='lat' dir='ltr'><strong>concordiam</strong></span> <span class='ocrx_word' id='word_1_54' title='bbox 600 1558 618 1632; x_wconf 65' lang='grc' dir='ltr'><strong>ἓ</strong></span> <span class='ocrx_word' id='word_1_55' title='bbox 639 1557 669 1619; x_wconf 78' lang='lat' dir='ltr'><strong>l.</strong></span> <span class='ocrx_word' id='word_1_56' title='bbox 693 1558 901 1618; x_wconf 84' lang='lat' dir='ltr'><strong>Decernentes</strong></span> <span class='ocrx_word' id='word_1_57' title='bbox 917 1555 993 1634; x_wconf 91' lang='lat' dir='ltr'><strong>ipsas</strong></span> <span class='ocrx_word' id='word_1_58' title='bbox 1009 1561 1187 1633; x_wconf 82' lang='lat' dir='ltr'><strong>praesentes</strong></span> <span class='ocrx_word' id='word_1_59' title='bbox 1203 1552 1306 1612; x_wconf 88' lang='lat' dir='ltr'><strong>literas</strong></span> 
     </span>
    </p>
   </div>
   <div class='ocr_carea' id='block_1_4' title="bbox 330 1625 542 1670">
    <p class='ocr_par' dir='ltr' id='par_1_4' title="bbox 330 1625 542 1670">
     <span class='ocr_line' id='line_1_12' title="bbox 330 1625 542 1670; baseline 0 -2"><span class='ocrx_word' id='word_1_60' title='bbox 330 1625 480 1670; x_wconf 82' lang='lat' dir='ltr'><strong>servandam</strong></span> <span class='ocrx_word' id='word_1_61' title='bbox 500 1634 542 1668; x_wconf 86' lang='lat' dir='ltr'><strong>es-</strong></span> 
     </span>
    </p>
   </div>
   <div class='ocr_carea' id='block_1_5' title="bbox 329 1649 1306 1734">
    <p class='ocr_par' dir='ltr' id='par_1_5' title="bbox 329 1649 1306 1734">
     <span class='ocr_line' id='line_1_13' title="bbox 329 1649 1306 1734; baseline -0.01 -20"><span class='ocrx_word' id='word_1_62' title='bbox 329 1688 356 1721; x_wconf 79' lang='lat' dir='ltr'><strong>se</strong></span> <span class='ocrx_word' id='word_1_63' title='bbox 368 1678 543 1734; x_wconf 69' lang='lat' dir='ltr'><strong>praeoccuper</strong></span> <span class='ocrx_word' id='word_1_64' title='bbox 561 1653 676 1726; x_wconf 90' lang='lat' dir='ltr'><strong>sxrmas,</strong></span> <span class='ocrx_word' id='word_1_65' title='bbox 692 1651 805 1711; x_wconf 89' lang='lat' dir='ltr'><strong>validas</strong></span> <span class='ocrx_word' id='word_1_66' title='bbox 819 1657 850 1710; x_wconf 92' lang='lat' dir='ltr'><strong>et</strong></span> <span class='ocrx_word' id='word_1_67' title='bbox 865 1649 1000 1711; x_wconf 83' lang='lat' dir='ltr'><strong>efficaces</strong></span> <span class='ocrx_word' id='word_1_68' title='bbox 1014 1649 1158 1722; x_wconf 78' lang='lat' dir='ltr'><strong>existere,</strong></span> <span class='ocrx_word' id='word_1_69' title='bbox 1174 1660 1306 1723; x_wconf 91' lang='lat' dir='ltr'><strong>suosque</strong></span> 
     </span>
    </p>
   </div>
   <div class='ocr_carea' id='block_1_6' title="bbox 329 1731 543 1839">
    <p class='ocr_par' dir='ltr' id='par_1_6' title="bbox 329 1731 543 1839">
     <span class='ocr_line' id='line_1_14' title="bbox 329 1731 543 1777; baseline 0.009 -2"><span class='ocrx_word' id='word_1_70' title='bbox 329 1731 460 1776; x_wconf 78' lang='lat' dir='ltr'><strong>clausulas</strong></span> <span class='ocrx_word' id='word_1_71' title='bbox 477 1733 543 1777; x_wconf 89' lang='lat' dir='ltr'><strong>salu·</strong></span> 
     </span>
     <span class='ocr_line' id='line_1_15' title="bbox 330 1785 543 1839; baseline 0.014 -11"><span class='ocrx_word' id='word_1_72' title='bbox 330 1787 410 1839; x_wconf 83' lang='lat' dir='ltr'><strong>teres,</strong></span> <span class='ocrx_word' id='word_1_73' title='bbox 431 1788 457 1830; x_wconf 86' lang='lat' dir='ltr'><strong>et</strong></span> <span class='ocrx_word' id='word_1_74' title='bbox 477 1785 543 1831; x_wconf 83' lang='lat' dir='ltr'><strong>tlem-</strong></span> 
     </span>
    </p>
   </div>
   <div class='ocr_carea' id='block_1_7' title="bbox 561 1740 1307 1823">
    <p class='ocr_par' dir='ltr' id='par_1_7' title="bbox 561 1740 1307 1823">
     <span class='ocr_line' id='line_1_16' title="bbox 561 1740 1307 1823; baseline -0.005 -17"><span class='ocrx_word' id='word_1_75' title='bbox 561 1745 714 1823; x_wconf 86' lang='lat' dir='ltr'><strong>plenaxios</strong></span> <span class='ocrx_word' id='word_1_76' title='bbox 729 1752 760 1805; x_wconf 90' lang='lat' dir='ltr'><strong>ot</strong></span> <span class='ocrx_word' id='word_1_77' title='bbox 776 1744 913 1819; x_wconf 88' lang='lat' dir='ltr'><strong>integros</strong></span> <span class='ocrx_word' id='word_1_78' title='bbox 935 1743 1063 1804; x_wconf 91' lang='lat' dir='ltr'><strong>ellectus</strong></span> <span class='ocrx_word' id='word_1_79' title='bbox 1084 1741 1187 1803; x_wconf 90' lang='lat' dir='ltr'><strong>sortiri</strong></span> <span class='ocrx_word' id='word_1_80' title='bbox 1209 1747 1240 1801; x_wconf 90' lang='lat' dir='ltr'><strong>et</strong></span> <span class='ocrx_word' id='word_1_81' title='bbox 1255 1740 1307 1802; x_wconf 94' lang='lat' dir='ltr'><strong>ob-</strong></span> 
     </span>
    </p>
   </div>
   <div class='ocr_carea' id='block_1_8' title="bbox 330 1837 1308 1914">
    <p class='ocr_par' dir='ltr' id='par_1_8' title="bbox 330 1837 1308 1914">
     <span class='ocr_line' id='line_1_17' title="bbox 330 1837 1308 1914; baseline 0.003 -21"><span class='ocrx_word' id='word_1_82' title='bbox 330 1843 375 1893; x_wconf 80' lang='lat' dir='ltr'><strong>uta</strong></span> <span class='ocrx_word' id='word_1_83' title='bbox 394 1839 487 1895; x_wconf 79' lang='lat' dir='ltr'><strong>curque</strong></span> <span class='ocrx_word' id='word_1_84' title='bbox 507 1839 542 1884; x_wconf 77' lang='lat' dir='ltr'><strong>su·</strong></span> <span class='ocrx_word' id='word_1_85' title='bbox 563 1839 673 1913; x_wconf 85' lang='lat' dir='ltr'><strong>tinore,</strong></span> <span class='ocrx_word' id='word_1_86' title='bbox 689 1855 722 1899; x_wconf 92' lang='lat' dir='ltr'><strong>ac</strong></span> <span class='ocrx_word' id='word_1_87' title='bbox 738 1837 798 1899; x_wconf 90' lang='lat' dir='ltr'><strong>illis</strong></span> <span class='ocrx_word' id='word_1_88' title='bbox 819 1838 854 1897; x_wconf 92' lang='lat' dir='ltr'><strong>ad</strong></span> <span class='ocrx_word' id='word_1_89' title='bbox 876 1853 951 1914; x_wconf 90' lang='lat' dir='ltr'><strong>quos</strong></span> <span class='ocrx_word' id='word_1_90' title='bbox 973 1844 1099 1914; x_wconf 89' lang='lat' dir='ltr'><strong>spectat,</strong></span> <span class='ocrx_word' id='word_1_91' title='bbox 1112 1841 1143 1896; x_wconf 90' lang='lat' dir='ltr'><strong>et</strong></span> <span class='ocrx_word' id='word_1_92' title='bbox 1154 1851 1210 1913; x_wconf 91' lang='lat' dir='ltr'><strong>pro</strong></span> <span class='ocrx_word' id='word_1_93' title='bbox 1231 1841 1308 1896; x_wconf 89' lang='lat' dir='ltr'><strong>tem-</strong></span> 
     </span>
    </p>
   </div>
   <div class='ocr_carea' id='block_1_9' title="bbox 329 1891 543 1938">
    <p class='ocr_par' dir='ltr' id='par_1_9' title="bbox 329 1891 543 1938">
     <span class='ocr_line' id='line_1_18' title="bbox 329 1891 543 1938; baseline 0.009 -2"><span class='ocrx_word' id='word_1_94' title='bbox 329 1891 377 1936; x_wconf 88' lang='lat' dir='ltr'><strong>dtci</strong></span> <span class='ocrx_word' id='word_1_95' title='bbox 393 1891 468 1938; x_wconf 79' lang='lat' dir='ltr'><strong>aliter</strong></span> <span class='ocrx_word' id='word_1_96' title='bbox 479 1893 543 1938; x_wconf 89' lang='lat' dir='ltr'><strong>iudi·</strong></span> 
     </span>
    </p>
   </div>
   <div class='ocr_carea' id='block_1_10' title="bbox 329 1928 1306 2011">
    <p class='ocr_par' dir='ltr' id='par_1_10' title="bbox 329 1928 1306 2011">
     <span class='ocr_line' id='line_1_19' title="bbox 329 1928 1306 2011; baseline -0.003 -22"><span class='ocrx_word' id='word_1_97' title='bbox 329 1945 404 1990; x_wconf 81' lang='lat' dir='ltr'><strong>canet</strong></span> <span class='ocrx_word' id='word_1_98' title='bbox 427 1950 542 2002; x_wconf 75' lang='lat' dir='ltr'><strong>potesta·</strong></span> <span class='ocrx_word' id='word_1_99' title='bbox 561 1947 634 2011; x_wconf 88' lang='lat' dir='ltr'><strong>pore</strong></span> <span class='ocrx_word' id='word_1_100' title='bbox 655 1932 912 2010; x_wconf 87' lang='lat' dir='ltr'><strong>quandocumque</strong></span> <span class='ocrx_word' id='word_1_101' title='bbox 934 1930 1093 2007; x_wconf 89' lang='lat' dir='ltr'><strong>spectabit,</strong></span> <span class='ocrx_word' id='word_1_102' title='bbox 1109 1929 1138 1990; x_wconf 94' lang='lat' dir='ltr'><strong>in</strong></span> <span class='ocrx_word' id='word_1_103' title='bbox 1161 1928 1306 1990; x_wconf 90' lang='lat' dir='ltr'><strong>omnibus</strong></span> 
     </span>
    </p>
   </div>
   <div class='ocr_carea' id='block_1_11' title="bbox 329 2003 362 2045">
    <p class='ocr_par' dir='ltr' id='par_1_11' title="bbox 329 2003 362 2045">
     <span class='ocr_line' id='line_1_20' title="bbox 329 2003 362 2045; baseline 0 -1"><span class='ocrx_word' id='word_1_104' title='bbox 329 2003 362 2045; x_wconf 77' lang='grc' dir='ltr'><strong>ῑθ.</strong></span> 
     </span>
    </p>
   </div>
   <div class='ocr_carea' id='block_1_12' title="bbox 557 2021 1306 2758">
    <p class='ocr_par' dir='ltr' id='par_1_12' title="bbox 557 2021 1306 2758">
     <span class='ocr_line' id='line_1_21' title="bbox 561 2021 1306 2103; baseline -0.008 -16"><span class='ocrx_word' id='word_1_105' title='bbox 561 2035 592 2087; x_wconf 89' lang='lat' dir='ltr'><strong>et</strong></span> <span class='ocrx_word' id='word_1_106' title='bbox 613 2042 668 2103; x_wconf 86' lang='lat' dir='ltr'><strong>per</strong></span> <span class='ocrx_word' id='word_1_107' title='bbox 690 2027 793 2088; x_wconf 83' lang='lat' dir='ltr'><strong>omnia</strong></span> <span class='ocrx_word' id='word_1_108' title='bbox 816 2024 994 2102; x_wconf 89' lang='lat' dir='ltr'><strong>plenissime</strong></span> <span class='ocrx_word' id='word_1_109' title='bbox 1008 2022 1186 2099; x_wconf 82' lang='lat' dir='ltr'><strong>suilragari3</strong></span> <span class='ocrx_word' id='word_1_110' title='bbox 1202 2021 1306 2099; x_wconf 91' lang='lat' dir='ltr'><strong>sicque</strong></span> 
     </span>
     <span class='ocr_line' id='line_1_22' title="bbox 561 2116 1306 2198; baseline -0.005 -18"><span class='ocrx_word' id='word_1_111' title='bbox 561 2120 592 2181; x_wconf 91' lang='lat' dir='ltr'><strong>in</strong></span> <span class='ocrx_word' id='word_1_112' title='bbox 615 2119 791 2198; x_wconf 86' lang='lat' dir='ltr'><strong>praemissis</strong></span> <span class='ocrx_word' id='word_1_113' title='bbox 813 2135 867 2196; x_wconf 91' lang='lat' dir='ltr'><strong>per</strong></span> <span class='ocrx_word' id='word_1_114' title='bbox 888 2132 1101 2194; x_wconf 79' lang='lat' dir='ltr'><strong>quamcumque</strong></span> <span class='ocrx_word' id='word_1_115' title='bbox 1123 2116 1237 2177; x_wconf 83' lang='lat' dir='ltr'><strong>iudices</strong></span> <span class='ocrx_word' id='word_1_116' title='bbox 1259 2131 1306 2176; x_wconf 89' lang='lat' dir='ltr'><strong>or·</strong></span> 
     </span>
     <span class='ocr_line' id='line_1_23' title="bbox 559 2211 1306 2287; baseline -0.004 -15"><span class='ocrx_word' id='word_1_117' title='bbox 559 2212 694 2274; x_wconf 90' lang='lat' dir='ltr'><strong>dinarios</strong></span> <span class='ocrx_word' id='word_1_118' title='bbox 716 2222 747 2273; x_wconf 90' lang='lat' dir='ltr'><strong>ot</strong></span> <span class='ocrx_word' id='word_1_119' title='bbox 768 2212 934 2286; x_wconf 87' lang='lat' dir='ltr'><strong>delegatos,</strong></span> <span class='ocrx_word' id='word_1_120' title='bbox 955 2211 1049 2270; x_wconf 86' lang='lat' dir='ltr'><strong>etiem</strong></span> <span class='ocrx_word' id='word_1_121' title='bbox 1070 2225 1231 2271; x_wconf 76' lang='lat' dir='ltr'><strong>caussarum</strong></span> <span class='ocrx_word' id='word_1_122' title='bbox 1257 2225 1306 2287; x_wconf 93' lang='lat' dir='ltr'><strong>pa·</strong></span> 
     </span>
     <span class='ocr_line' id='line_1_24' title="bbox 557 2302 1305 2386; baseline -0.007 -19"><span class='ocrx_word' id='word_1_123' title='bbox 557 2303 623 2368; x_wconf 89' lang='lat' dir='ltr'><strong>latii</strong></span> <span class='ocrx_word' id='word_1_124' title='bbox 639 2306 794 2386; x_wconf 83' lang='lat' dir='ltr'><strong>apostolici</strong></span> <span class='ocrx_word' id='word_1_125' title='bbox 811 2306 978 2379; x_wconf 87' lang='lat' dir='ltr'><strong>auditores,</strong></span> <span class='ocrx_word' id='word_1_126' title='bbox 991 2309 1021 2364; x_wconf 83' lang='lat' dir='ltr'><strong>ct</strong></span> <span class='ocrx_word' id='word_1_127' title='bbox 1037 2302 1123 2365; x_wconf 90' lang='lat' dir='ltr'><strong>Sedis</strong></span> <span class='ocrx_word' id='word_1_128' title='bbox 1137 2303 1305 2381; x_wconf 81' lang='lat' dir='ltr'><strong>praedictae</strong></span> 
     </span>
     <span class='ocr_line' id='line_1_25' title="bbox 560 2396 1306 2476; baseline -0.008 -13"><span class='ocrx_word' id='word_1_129' title='bbox 560 2401 701 2476; x_wconf 91' lang='lat' dir='ltr'><strong>nuncios,</strong></span> <span class='ocrx_word' id='word_1_130' title='bbox 719 2400 844 2462; x_wconf 88' lang='lat' dir='ltr'><strong>iudicari</strong></span> <span class='ocrx_word' id='word_1_131' title='bbox 860 2407 890 2460; x_wconf 91' lang='lat' dir='ltr'><strong>et</strong></span> <span class='ocrx_word' id='word_1_132' title='bbox 906 2397 1029 2459; x_wconf 83' lang='lat' dir='ltr'><strong>definiri</strong></span> <span class='ocrx_word' id='word_1_133' title='bbox 1046 2397 1169 2472; x_wconf 87' lang='lat' dir='ltr'><strong>debere,</strong></span> <span class='ocrx_word' id='word_1_134' title='bbox 1186 2414 1219 2458; x_wconf 88' lang='lat' dir='ltr'><strong>uc</strong></span> <span class='ocrx_word' id='word_1_135' title='bbox 1239 2396 1306 2458; x_wconf 88' lang='lat' dir='ltr'><strong>irri-</strong></span> 
     </span>
     <span class='ocr_line' id='line_1_26' title="bbox 561 2493 1304 2572; baseline -0.008 -15"><span class='ocrx_word' id='word_1_136' title='bbox 561 2505 628 2557; x_wconf 93' lang='lat' dir='ltr'><strong>tum</strong></span> <span class='ocrx_word' id='word_1_137' title='bbox 644 2503 675 2557; x_wconf 88' lang='lat' dir='ltr'><strong>et</strong></span> <span class='ocrx_word' id='word_1_138' title='bbox 690 2497 793 2568; x_wconf 88' lang='lat' dir='ltr'><strong>inune,</strong></span> <span class='ocrx_word' id='word_1_139' title='bbox 810 2495 835 2555; x_wconf 89' lang='lat' dir='ltr'><strong>si</strong></span> <span class='ocrx_word' id='word_1_140' title='bbox 850 2509 938 2555; x_wconf 88' lang='lat' dir='ltr'><strong>secus</strong></span> <span class='ocrx_word' id='word_1_141' title='bbox 949 2508 1041 2572; x_wconf 90' lang='lat' dir='ltr'><strong>super</strong></span> <span class='ocrx_word' id='word_1_142' title='bbox 1056 2493 1103 2552; x_wconf 84' lang='lat' dir='ltr'><strong>tris</strong></span> <span class='ocrx_word' id='word_1_143' title='bbox 1119 2509 1133 2552; x_wconf 85' lang='lat' dir='ltr'><strong>o</strong></span> <span class='ocrx_word' id='word_1_144' title='bbox 1149 2505 1304 2568; x_wconf 91' lang='lat' dir='ltr'><strong>quoquam</strong></span> 
     </span>
     <span class='ocr_line' id='line_1_27' title="bbox 558 2585 1306 2667; baseline -0.009 -18"><span class='ocrx_word' id='word_1_145' title='bbox 558 2589 666 2667; x_wconf 92' lang='lat' dir='ltr'><strong>quavis</strong></span> <span class='ocrx_word' id='word_1_146' title='bbox 687 2589 867 2651; x_wconf 90' lang='lat' dir='ltr'><strong>auctoritate</strong></span> <span class='ocrx_word' id='word_1_147' title='bbox 897 2589 1032 2648; x_wconf 87' lang='lat' dir='ltr'><strong>scienter</strong></span> <span class='ocrx_word' id='word_1_148' title='bbox 1057 2586 1107 2647; x_wconf 91' lang='lat' dir='ltr'><strong>voi</strong></span> <span class='ocrx_word' id='word_1_149' title='bbox 1125 2585 1306 2661; x_wconf 76' lang='lat' dir='ltr'><strong>ignoranter</strong></span> 
     </span>
     <span class='ocr_line' id='line_1_28' title="bbox 558 2681 901 2758; baseline -0.009 -15"><span class='ocrx_word' id='word_1_150' title='bbox 558 2683 725 2758; x_wconf 86' lang='lat' dir='ltr'><strong>contigerit</strong></span> <span class='ocrx_word' id='word_1_151' title='bbox 746 2681 901 2744; x_wconf 88' lang='lat' dir='ltr'><strong>attentari.</strong></span> 
     </span>
    </p>
   </div>
   <div class='ocr_carea' id='block_1_13' title="bbox 406 2773 1304 2854">
    <p class='ocr_par' dir='ltr' id='par_1_13' title="bbox 406 2773 1304 2854">
     <span class='ocr_line' id='line_1_29' title="bbox 406 2773 1304 2854; baseline -0.016 -10"><span class='ocrx_word' id='word_1_152' title='bbox 406 2799 539 2854; x_wconf 76' lang='lat' dir='ltr'><strong>uerogaus</strong></span> <span class='ocrx_word' id='word_1_153' title='bbox 598 2777 667 2852; x_wconf 66' lang='grc' dir='ltr'><strong>ἐῢ.</strong></span> <span class='ocrx_word' id='word_1_154' title='bbox 691 2773 760 2838; x_wconf 82' lang='grc' dir='ltr'><strong>Νοη</strong></span> <span class='ocrx_word' id='word_1_155' title='bbox 783 2775 974 2837; x_wconf 81' lang='lat' dir='ltr'><strong>obstantibus</strong></span> <span class='ocrx_word' id='word_1_156' title='bbox 989 2773 1262 2836; x_wconf 89' lang='lat' dir='ltr'><strong>constitutionibus</strong></span> <span class='ocrx_word' id='word_1_157' title='bbox 1274 2777 1304 2832; x_wconf 93' lang='lat' dir='ltr'><strong>et</strong></span> 
     </span>
    </p>
   </div>
   <div class='ocr_carea' id='block_1_14' title="bbox 326 2851 539 2952">
    <p class='ocr_par' dir='ltr' id='par_1_14' title="bbox 326 2851 539 2952">
     <span class='ocr_line' id='line_1_30' title="bbox 326 2851 539 2916; baseline -0.009 -18"><span class='ocrx_word' id='word_1_158' title='bbox 326 2853 405 2916; x_wconf 78' lang='lat' dir='ltr'><strong>etiem</strong></span> <span class='ocrx_word' id='word_1_159' title='bbox 418 2851 539 2916; x_wconf 77' lang='lat' dir='ltr'><strong>omnibus</strong></span> 
     </span>
     <span class='ocr_line' id='line_1_31' title="bbox 327 2911 538 2952; baseline 0 -2"><span class='ocrx_word' id='word_1_160' title='bbox 327 2917 352 2950; x_wconf 88' lang='lat' dir='ltr'><strong>xn</strong></span> <span class='ocrx_word' id='word_1_161' title='bbox 381 2911 538 2952; x_wconf 84' lang='lat' dir='ltr'><strong>contrarium</strong></span> 
     </span>
    </p>
   </div>
   <div class='ocr_carea' id='block_1_15' title="bbox 558 2865 1305 2946">
    <p class='ocr_par' dir='ltr' id='par_1_15' title="bbox 558 2865 1305 2946">
     <span class='ocr_line' id='line_1_32' title="bbox 558 2865 1305 2946; baseline -0.011 -14"><span class='ocrx_word' id='word_1_162' title='bbox 558 2868 802 2932; x_wconf 80' lang='lat' dir='ltr'><strong>ordinationibus</strong></span> <span class='ocrx_word' id='word_1_163' title='bbox 833 2867 1024 2946; x_wconf 89' lang='lat' dir='ltr'><strong>apostolicis,</strong></span> <span class='ocrx_word' id='word_1_164' title='bbox 1058 2885 1114 2930; x_wconf 90' lang='lat' dir='ltr'><strong>nec</strong></span> <span class='ocrx_word' id='word_1_165' title='bbox 1145 2883 1207 2928; x_wconf 91' lang='lat' dir='ltr'><strong>non</strong></span> <span class='ocrx_word' id='word_1_166' title='bbox 1238 2865 1305 2944; x_wconf 90' lang='lat' dir='ltr'><strong>qui-</strong></span> 
     </span>
    </p>
   </div>
   <div class='ocr_carea' id='block_1_16' title="bbox 326 2960 1304 3036">
    <p class='ocr_par' dir='ltr' id='par_1_16' title="bbox 326 2960 1304 3036">
     <span class='ocr_line' id='line_1_33' title="bbox 326 2960 1304 3036; baseline 0.001 -16"><span class='ocrx_word' id='word_1_167' title='bbox 326 2960 490 3014; x_wconf 73' lang='lat' dir='ltr'><strong>laetentibus,</strong></span> <span class='ocrx_word' id='word_1_168' title='bbox 510 2969 539 3004; x_wconf 72' lang='lat'><strong>³⁰</strong></span> <span class='ocrx_word' id='word_1_169' title='bbox 560 2965 662 3027; x_wconf 87' lang='lat' dir='ltr'><strong>busvis</strong></span> <span class='ocrx_word' id='word_1_170' title='bbox 684 2964 776 3026; x_wconf 91' lang='lat' dir='ltr'><strong>etiam</strong></span> <span class='ocrx_word' id='word_1_171' title='bbox 807 2963 992 3036; x_wconf 89' lang='lat' dir='ltr'><strong>iuramento,</strong></span> <span class='ocrx_word' id='word_1_172' title='bbox 1017 2961 1254 3024; x_wconf 86' lang='lat' dir='ltr'><strong>confirmatione</strong></span> <span class='ocrx_word' id='word_1_173' title='bbox 1274 2978 1304 3021; x_wconf 88' lang='lat' dir='ltr'><strong>a·</strong></span> 
     </span>
    </p>
   </div>
   <div class='ocr_carea' id='block_1_17' title="bbox 326 3013 1303 3138">
    <p class='ocr_par' dir='ltr' id='par_1_17' title="bbox 326 3013 1303 3138">
     <span class='ocr_line' id='line_1_34' title="bbox 326 3013 1303 3138; baseline -0.007 -18"><span class='ocrx_word' id='word_1_174' title='bbox 326 3013 538 3115; x_wconf 52' lang='lat' dir='ltr'><strong>qqaquioqpeeeqaiq</strong></span> <span class='ocrx_word' id='word_1_175' title='bbox 559 3059 718 3138; x_wconf 89' lang='lat' dir='ltr'><strong>postoliea‚</strong></span> <span class='ocrx_word' id='word_1_176' title='bbox 748 3057 798 3118; x_wconf 90' lang='lat' dir='ltr'><strong>vel</strong></span> <span class='ocrx_word' id='word_1_177' title='bbox 826 3057 934 3134; x_wconf 86' lang='lat' dir='ltr'><strong>quevis</strong></span> <span class='ocrx_word' id='word_1_178' title='bbox 962 3055 1108 3117; x_wconf 81' lang='lat' dir='ltr'><strong>firmitate</strong></span> <span class='ocrx_word' id='word_1_179' title='bbox 1131 3053 1186 3114; x_wconf 88' lang='lat' dir='ltr'><strong>ulia</strong></span> <span class='ocrx_word' id='word_1_180' title='bbox 1215 3054 1303 3114; x_wconf 90' lang='lat' dir='ltr'><strong>robu-</strong></span> 
     </span>
    </p>
   </div>
   <div class='ocr_carea' id='block_1_18' title="bbox 325 3121 390 3176">
    <p class='ocr_par' dir='ltr' id='par_1_18' title="bbox 325 3121 390 3176">
     <span class='ocr_line' id='line_1_35' title="bbox 325 3121 390 3176; baseline -0.015 -10"><span class='ocrx_word' id='word_1_181' title='bbox 325 3121 390 3176; x_wconf 87' lang='lat' dir='ltr'><strong>gnis.</strong></span> 
     </span>
    </p>
   </div>
   <div class='ocr_carea' id='block_1_19' title="bbox 555 3147 1304 4346">
    <p class='ocr_par' dir='ltr' id='par_1_19' title="bbox 555 3147 1304 4346">
     <span class='ocr_line' id='line_1_36' title="bbox 558 3147 1303 3226; baseline -0.011 -10"><span class='ocrx_word' id='word_1_182' title='bbox 558 3153 631 3216; x_wconf 89' lang='lat' dir='ltr'><strong>ratis</strong></span> <span class='ocrx_word' id='word_1_183' title='bbox 652 3153 775 3215; x_wconf 87' lang='lat' dir='ltr'><strong>statutis</strong></span> <span class='ocrx_word' id='word_1_184' title='bbox 804 3158 835 3212; x_wconf 92' lang='lat' dir='ltr'><strong>et</strong></span> <span class='ocrx_word' id='word_1_185' title='bbox 856 3147 1151 3225; x_wconf 86' lang='lat' dir='ltr'><strong>consuetudinilxus;</strong></span> <span class='ocrx_word' id='word_1_186' title='bbox 1176 3147 1303 3226; x_wconf 91' lang='lat' dir='ltr'><strong>privile·</strong></span> 
     </span>
     <span class='ocr_line' id='line_1_37' title="bbox 559 3241 1304 3325; baseline -0.008 -17"><span class='ocrx_word' id='word_1_187' title='bbox 559 3248 615 3324; x_wconf 88' lang='lat' dir='ltr'><strong>giis</strong></span> <span class='ocrx_word' id='word_1_188' title='bbox 644 3261 785 3325; x_wconf 89' lang='lat' dir='ltr'><strong>quoque,</strong></span> <span class='ocrx_word' id='word_1_189' title='bbox 817 3243 961 3317; x_wconf 89' lang='lat' dir='ltr'><strong>indultis,</strong></span> <span class='ocrx_word' id='word_1_190' title='bbox 988 3250 1019 3304; x_wconf 89' lang='lat' dir='ltr'><strong>et</strong></span> <span class='ocrx_word' id='word_1_191' title='bbox 1042 3241 1140 3320; x_wconf 76' lang='lat' dir='ltr'><strong>literis</strong></span> <span class='ocrx_word' id='word_1_192' title='bbox 1161 3241 1304 3320; x_wconf 91' lang='lat' dir='ltr'><strong>apostoli-</strong></span> 
     </span>
     <span class='ocr_line' id='line_1_38' title="bbox 558 3335 1302 3418; baseline -0.008 -16"><span class='ocrx_word' id='word_1_193' title='bbox 558 3343 600 3402; x_wconf 86' lang='lat' dir='ltr'><strong>cis</strong></span> <span class='ocrx_word' id='word_1_194' title='bbox 620 3336 831 3418; x_wconf 87' lang='lat' dir='ltr'><strong>superiorlbus</strong></span> <span class='ocrx_word' id='word_1_195' title='bbox 858 3345 888 3397; x_wconf 88' lang='lat' dir='ltr'><strong>et</strong></span> <span class='ocrx_word' id='word_1_196' title='bbox 914 3336 1065 3414; x_wconf 87' lang='lat' dir='ltr'><strong>personis,</strong></span> <span class='ocrx_word' id='word_1_197' title='bbox 1094 3335 1151 3396; x_wconf 87' lang='lat' dir='ltr'><strong>sub</strong></span> <span class='ocrx_word' id='word_1_198' title='bbox 1178 3335 1302 3414; x_wconf 90' lang='lat' dir='ltr'><strong>quibus·</strong></span> 
     </span>
     <span class='ocr_line' id='line_1_39' title="bbox 557 3428 1303 3512; baseline -0.008 -16"><span class='ocrx_word' id='word_1_199' title='bbox 557 3449 692 3512; x_wconf 90' lang='lat' dir='ltr'><strong>cumque</strong></span> <span class='ocrx_word' id='word_1_200' title='bbox 715 3431 873 3493; x_wconf 85' lang='lat' dir='ltr'><strong>tenoribus</strong></span> <span class='ocrx_word' id='word_1_201' title='bbox 901 3438 932 3490; x_wconf 91' lang='lat' dir='ltr'><strong>et</strong></span> <span class='ocrx_word' id='word_1_202' title='bbox 953 3428 1060 3489; x_wconf 90' lang='lat' dir='ltr'><strong>lormis</strong></span> <span class='ocrx_word' id='word_1_203' title='bbox 1088 3445 1120 3490; x_wconf 90' lang='lat' dir='ltr'><strong>ac</strong></span> <span class='ocrx_word' id='word_1_204' title='bbox 1142 3444 1214 3490; x_wconf 92' lang='lat' dir='ltr'><strong>cum</strong></span> <span class='ocrx_word' id='word_1_205' title='bbox 1236 3430 1303 3508; x_wconf 89' lang='lat' dir='ltr'><strong>qui·</strong></span> 
     </span>
     <span class='ocr_line' id='line_1_40' title="bbox 559 3522 1301 3600; baseline -0.005 -12"><span class='ocrx_word' id='word_1_206' title='bbox 559 3527 663 3589; x_wconf 90' lang='lat' dir='ltr'><strong>busvis</strong></span> <span class='ocrx_word' id='word_1_207' title='bbox 685 3526 779 3588; x_wconf 90' lang='lat' dir='ltr'><strong>etiam</strong></span> <span class='ocrx_word' id='word_1_208' title='bbox 800 3522 1067 3600; x_wconf 85' lang='lat' dir='ltr'><strong>derogatoriurum</strong></span> <span class='ocrx_word' id='word_1_209' title='bbox 1088 3523 1301 3598; x_wconf 88' lang='lat' dir='ltr'><strong>derogatoriis,</strong></span> 
     </span>
     <span class='ocr_line' id='line_1_41' title="bbox 557 3616 1301 3698; baseline -0.003 -18"><span class='ocrx_word' id='word_1_210' title='bbox 557 3621 686 3698; x_wconf 91' lang='lat' dir='ltr'><strong>aliisque</strong></span> <span class='ocrx_word' id='word_1_211' title='bbox 708 3617 939 3691; x_wconf 83' lang='lat' dir='ltr'><strong>efficacioribus,</strong></span> <span class='ocrx_word' id='word_1_212' title='bbox 956 3616 1181 3692; x_wconf 80' lang='lat' dir='ltr'><strong>efficacissimis,</strong></span> <span class='ocrx_word' id='word_1_213' title='bbox 1201 3633 1234 3679; x_wconf 84' lang='lat' dir='ltr'><strong>ec</strong></span> <span class='ocrx_word' id='word_1_214' title='bbox 1256 3617 1301 3678; x_wconf 88' lang='lat' dir='ltr'><strong>lu·</strong></span> 
     </span>
     <span class='ocr_line' id='line_1_42' title="bbox 556 3709 1301 3788; baseline -0.003 -14"><span class='ocrx_word' id='word_1_215' title='bbox 556 3714 654 3774; x_wconf 89' lang='lat' dir='ltr'><strong>solitis</strong></span> <span class='ocrx_word' id='word_1_216' title='bbox 684 3710 845 3786; x_wconf 82' lang='lat' dir='ltr'><strong>clausulis,</strong></span> <span class='ocrx_word' id='word_1_217' title='bbox 879 3710 1148 3788; x_wconf 74' lang='lat' dir='ltr'><strong>irruentibusque,</strong></span> <span class='ocrx_word' id='word_1_218' title='bbox 1179 3718 1209 3771; x_wconf 90' lang='lat' dir='ltr'><strong>et</strong></span> <span class='ocrx_word' id='word_1_219' title='bbox 1235 3709 1301 3772; x_wconf 91' lang='lat' dir='ltr'><strong>aliis</strong></span> 
     </span>
     <span class='ocr_line' id='line_1_43' title="bbox 557 3801 1302 3881; baseline -0.009 -12"><span class='ocrx_word' id='word_1_220' title='bbox 557 3806 688 3870; x_wconf 87' lang='lat' dir='ltr'><strong>decretis</strong></span> <span class='ocrx_word' id='word_1_221' title='bbox 708 3805 739 3867; x_wconf 90' lang='lat' dir='ltr'><strong>in</strong></span> <span class='ocrx_word' id='word_1_222' title='bbox 763 3819 878 3880; x_wconf 82' lang='lat' dir='ltr'><strong>genere</strong></span> <span class='ocrx_word' id='word_1_223' title='bbox 904 3801 953 3863; x_wconf 90' lang='lat' dir='ltr'><strong>vel</strong></span> <span class='ocrx_word' id='word_1_224' title='bbox 979 3805 1011 3864; x_wconf 92' lang='lat' dir='ltr'><strong>in</strong></span> <span class='ocrx_word' id='word_1_225' title='bbox 1033 3803 1151 3881; x_wconf 86' lang='lat' dir='ltr'><strong>specie,</strong></span> <span class='ocrx_word' id='word_1_226' title='bbox 1178 3819 1210 3864; x_wconf 93' lang='lat' dir='ltr'><strong>ac</strong></span> <span class='ocrx_word' id='word_1_227' title='bbox 1235 3802 1302 3863; x_wconf 90' lang='lat' dir='ltr'><strong>aliis</strong></span> 
     </span>
     <span class='ocr_line' id='line_1_44' title="bbox 557 3895 1301 3975; baseline -0.008 -14"><span class='ocrx_word' id='word_1_228' title='bbox 557 3902 589 3962; x_wconf 93' lang='lat' dir='ltr'><strong>in</strong></span> <span class='ocrx_word' id='word_1_229' title='bbox 606 3899 799 3961; x_wconf 83' lang='lat' dir='ltr'><strong>contrarium</strong></span> <span class='ocrx_word' id='word_1_230' title='bbox 824 3895 1056 3975; x_wconf 85' lang='lat' dir='ltr'><strong>quomodolibet</strong></span> <span class='ocrx_word' id='word_1_231' title='bbox 1073 3897 1235 3970; x_wconf 89' lang='lat' dir='ltr'><strong>concessis,</strong></span> <span class='ocrx_word' id='word_1_232' title='bbox 1252 3911 1301 3974; x_wconf 91' lang='lat' dir='ltr'><strong>ap-</strong></span> 
     </span>
     <span class='ocr_line' id='line_1_45' title="bbox 557 3989 1301 4073; baseline -0.007 -18"><span class='ocrx_word' id='word_1_233' title='bbox 557 3993 692 4073; x_wconf 80' lang='lat' dir='ltr'><strong>probetis</strong></span> <span class='ocrx_word' id='word_1_234' title='bbox 712 4001 743 4053; x_wconf 93' lang='lat' dir='ltr'><strong>et</strong></span> <span class='ocrx_word' id='word_1_235' title='bbox 769 3991 933 4052; x_wconf 91' lang='lat' dir='ltr'><strong>innovatis.</strong></span> <span class='ocrx_word' id='word_1_236' title='bbox 957 3989 1073 4064; x_wconf 88' lang='lat' dir='ltr'><strong>Quibus</strong></span> <span class='ocrx_word' id='word_1_237' title='bbox 1101 3989 1246 4051; x_wconf 90' lang='lat' dir='ltr'><strong>omnibus</strong></span> <span class='ocrx_word' id='word_1_238' title='bbox 1269 3995 1301 4050; x_wconf 90' lang='lat' dir='ltr'><strong>et</strong></span> 
     </span>
     <span class='ocr_line' id='line_1_46' title="bbox 555 4083 1301 4164; baseline -0.008 -16"><span class='ocrx_word' id='word_1_239' title='bbox 555 4087 687 4164; x_wconf 89' lang='lat' dir='ltr'><strong>singulis</strong></span> <span class='ocrx_word' id='word_1_240' title='bbox 709 4084 835 4146; x_wconf 92' lang='lat' dir='ltr'><strong>illorum</strong></span> <span class='ocrx_word' id='word_1_241' title='bbox 857 4091 981 4146; x_wconf 90' lang='lat' dir='ltr'><strong>tenores</strong></span> <span class='ocrx_word' id='word_1_242' title='bbox 1007 4083 1218 4161; x_wconf 90' lang='lat' dir='ltr'><strong>praesentibus</strong></span> <span class='ocrx_word' id='word_1_243' title='bbox 1247 4097 1301 4161; x_wconf 88' lang='lat' dir='ltr'><strong>pro</strong></span> 
     </span>
     <span class='ocr_line' id='line_1_47' title="bbox 555 4177 1301 4261; baseline -0.007 -18"><span class='ocrx_word' id='word_1_244' title='bbox 555 4183 647 4261; x_wconf 90' lang='lat' dir='ltr'><strong>plene</strong></span> <span class='ocrx_word' id='word_1_245' title='bbox 666 4187 695 4241; x_wconf 91' lang='lat' dir='ltr'><strong>et</strong></span> <span class='ocrx_word' id='word_1_246' title='bbox 713 4179 906 4242; x_wconf 79' lang='lat' dir='ltr'><strong>sufficienter</strong></span> <span class='ocrx_word' id='word_1_247' title='bbox 927 4177 1090 4256; x_wconf 89' lang='lat' dir='ltr'><strong>expressis,</strong></span> <span class='ocrx_word' id='word_1_248' title='bbox 1107 4195 1139 4238; x_wconf 81' lang='lat' dir='ltr'><strong>ac</strong></span> <span class='ocrx_word' id='word_1_249' title='bbox 1154 4177 1191 4238; x_wconf 92' lang='lat' dir='ltr'><strong>de</strong></span> <span class='ocrx_word' id='word_1_250' title='bbox 1206 4177 1301 4239; x_wconf 91' lang='lat' dir='ltr'><strong>verbo</strong></span> 
     </span>
     <span class='ocr_line' id='line_1_48' title="bbox 555 4271 1300 4346; baseline -0.005 -10"><span class='ocrx_word' id='word_1_251' title='bbox 555 4275 590 4338; x_wconf 88' lang='lat' dir='ltr'><strong>ad</strong></span> <span class='ocrx_word' id='word_1_252' title='bbox 613 4276 745 4336; x_wconf 89' lang='lat' dir='ltr'><strong>verbum</strong></span> <span class='ocrx_word' id='word_1_253' title='bbox 768 4273 893 4334; x_wconf 89' lang='lat' dir='ltr'><strong>insertis</strong></span> <span class='ocrx_word' id='word_1_254' title='bbox 914 4271 1071 4346; x_wconf 85' lang='lat' dir='ltr'><strong>babentes,</strong></span> <span class='ocrx_word' id='word_1_255' title='bbox 1093 4271 1153 4332; x_wconf 88' lang='lat' dir='ltr'><strong>illis</strong></span> <span class='ocrx_word' id='word_1_256' title='bbox 1174 4271 1246 4332; x_wconf 84' lang='lat' dir='ltr'><strong>alies</strong></span> <span class='ocrx_word' id='word_1_257' title='bbox 1270 4272 1300 4332; x_wconf 92' lang='lat' dir='ltr'><strong>in</strong></span> 
     </span>
    </p>
   </div>
   <div class='ocr_carea' id='block_1_20' title="bbox 451 4365 1301 4446">
    <p class='ocr_par' dir='ltr' id='par_1_20' title="bbox 451 4365 1301 4446">
     <span class='ocr_line' id='line_1_49' title="bbox 451 4365 1301 4446; baseline -0.005 -16"><span class='ocrx_word' id='word_1_258' title='bbox 451 4371 454 4378; x_wconf 86' lang='grc'><strong>“</strong></span> <span class='ocrx_word' id='word_1_259' title='bbox 555 4385 610 4430; x_wconf 90' lang='lat' dir='ltr'><strong>suo</strong></span> <span class='ocrx_word' id='word_1_260' title='bbox 631 4367 741 4429; x_wconf 89' lang='lat' dir='ltr'><strong>robore</strong></span> <span class='ocrx_word' id='word_1_261' title='bbox 762 4365 985 4446; x_wconf 89' lang='lat' dir='ltr'><strong>permansuris,</strong></span> <span class='ocrx_word' id='word_1_262' title='bbox 1002 4367 1038 4427; x_wconf 91' lang='lat' dir='ltr'><strong>ad</strong></span> <span class='ocrx_word' id='word_1_263' title='bbox 1061 4365 1301 4443; x_wconf 71' lang='lat' dir='ltr'><strong>praemissorum</strong></span> 
     </span>
    </p>
   </div>
   <div class='ocr_carea' id='block_1_21' title="bbox 554 4459 1301 5006">
    <p class='ocr_par' dir='ltr' id='par_1_21' title="bbox 554 4459 1301 4729">
     <span class='ocr_line' id='line_1_50' title="bbox 556 4459 1301 4537; baseline -0.005 -13"><span class='ocrx_word' id='word_1_264' title='bbox 556 4461 713 4536; x_wconf 88' lang='lat' dir='ltr'><strong>ellectum,</strong></span> <span class='ocrx_word' id='word_1_265' title='bbox 738 4464 792 4522; x_wconf 91' lang='lat' dir='ltr'><strong>txac</strong></span> <span class='ocrx_word' id='word_1_266' title='bbox 813 4461 880 4523; x_wconf 88' lang='lat' dir='ltr'><strong>vice</strong></span> <span class='ocrx_word' id='word_1_267' title='bbox 902 4461 1070 4533; x_wconf 88' lang='lat' dir='ltr'><strong>dumtaxat,</strong></span> <span class='ocrx_word' id='word_1_268' title='bbox 1082 4459 1256 4537; x_wconf 88' lang='lat' dir='ltr'><strong>specialiter</strong></span> <span class='ocrx_word' id='word_1_269' title='bbox 1270 4466 1301 4520; x_wconf 92' lang='lat' dir='ltr'><strong>et</strong></span> 
     </span>
     <span class='ocr_line' id='line_1_51' title="bbox 555 4551 1301 4634; baseline -0.007 -17"><span class='ocrx_word' id='word_1_270' title='bbox 555 4571 698 4634; x_wconf 91' lang='lat' dir='ltr'><strong>expresse</strong></span> <span class='ocrx_word' id='word_1_271' title='bbox 719 4553 916 4630; x_wconf 83' lang='lat' dir='ltr'><strong>derogemus,</strong></span> <span class='ocrx_word' id='word_1_272' title='bbox 933 4552 1124 4629; x_wconf 90' lang='lat' dir='ltr'><strong>caeterisque</strong></span> <span class='ocrx_word' id='word_1_273' title='bbox 1142 4551 1301 4614; x_wconf 88' lang='lat' dir='ltr'><strong>contrariis</strong></span> 
     </span>
     <span class='ocr_line' id='line_1_52' title="bbox 554 4649 814 4729; baseline -0.023 -17"><span class='ocrx_word' id='word_1_274' title='bbox 554 4649 814 4729; x_wconf 90' lang='lat' dir='ltr'><strong>quibuscumque.</strong></span> 
     </span>
    </p>

    <p class='ocr_par' dir='ltr' id='par_1_22' title="bbox 556 4738 1301 5006">
     <span class='ocr_line' id='line_1_53' title="bbox 594 4738 1301 4818; baseline -0.007 -13"><span class='ocrx_word' id='word_1_275' title='bbox 594 4745 707 4805; x_wconf 88' lang='lat' dir='ltr'><strong>Datum</strong></span> <span class='ocrx_word' id='word_1_276' title='bbox 729 4741 854 4815; x_wconf 82' lang='lat' dir='ltr'><strong>Romae,</strong></span> <span class='ocrx_word' id='word_1_277' title='bbox 887 4741 966 4818; x_wconf 90' lang='lat' dir='ltr'><strong>apud</strong></span> <span class='ocrx_word' id='word_1_278' title='bbox 995 4739 1026 4802; x_wconf 91' lang='lat' dir='ltr'><strong>S.</strong></span> <span class='ocrx_word' id='word_1_279' title='bbox 1053 4739 1178 4801; x_wconf 81' lang='lat' dir='ltr'><strong>blaciam</strong></span> <span class='ocrx_word' id='word_1_280' title='bbox 1211 4738 1301 4800; x_wconf 87' lang='lat' dir='ltr'><strong>ltiaio-</strong></span> 
     </span>
     <span class='ocr_line' id='line_1_54' title="bbox 556 4833 1301 4912; baseline -0.012 -11"><span class='ocrx_word' id='word_1_281' title='bbox 556 4854 634 4912; x_wconf 90' lang='lat' dir='ltr'><strong>rem,</strong></span> <span class='ocrx_word' id='word_1_282' title='bbox 650 4836 708 4899; x_wconf 92' lang='lat' dir='ltr'><strong>sub</strong></span> <span class='ocrx_word' id='word_1_283' title='bbox 729 4834 846 4896; x_wconf 82' lang='lat' dir='ltr'><strong>annulo</strong></span> <span class='ocrx_word' id='word_1_284' title='bbox 867 4833 1028 4895; x_wconf 87' lang='lat' dir='ltr'><strong>Piscatoris</strong></span> <span class='ocrx_word' id='word_1_285' title='bbox 1051 4833 1100 4894; x_wconf 92' lang='lat' dir='ltr'><strong>die</strong></span> <span class='ocrx_word' id='word_1_286' title='bbox 1121 4848 1174 4894; x_wconf 93' lang='lat' dir='ltr'><strong>xx.</strong></span> <span class='ocrx_word' id='word_1_287' title='bbox 1199 4833 1301 4894; x_wconf 88' lang='lat' dir='ltr'><strong>martii</strong></span> 
     </span>
     <span class='ocr_line' id='line_1_55' title="bbox 556 4927 1264 5006; baseline -0.014 -12"><span class='ocrx_word' id='word_1_288' title='bbox 556 4943 758 4994; x_wconf 86' lang='lat' dir='ltr'><strong>uncctxxxxx.</strong></span> <span class='ocrx_word' id='word_1_289' title='bbox 785 4927 979 5006; x_wconf 82' lang='lat' dir='ltr'><strong>pontificatus</strong></span> <span class='ocrx_word' id='word_1_290' title='bbox 1002 4927 1099 4988; x_wconf 89' lang='lat' dir='ltr'><strong>nostri</strong></span> <span class='ocrx_word' id='word_1_291' title='bbox 1118 4942 1199 4988; x_wconf 88' lang='lat' dir='ltr'><strong>anno</strong></span> <span class='ocrx_word' id='word_1_292' title='bbox 1222 4942 1264 4986; x_wconf 93' lang='lat' dir='ltr'><strong>xv.</strong></span> 
     </span>
    </p>
   </div>
   <div class='ocr_carea' id='block_1_22' title="bbox 812 5131 1051 5144">
    <p class='ocr_par' dir='ltr' id='par_1_23' title="bbox 812 5131 1051 5144">
     <span class='ocr_line' id='line_1_56' title="bbox 812 5131 1051 5144; baseline -0.013 -2"><span class='ocrx_word' id='word_1_293' title='bbox 812 5131 1051 5144; x_wconf 60' lang='grc' dir='ltr'><strong>Μ-</strong></span> 
     </span>
    </p>
   </div>
   <div class='ocr_carea' id='block_1_23' title="bbox 872 5311 980 5376">
    <p class='ocr_par' dir='ltr' id='par_1_24' title="bbox 872 5311 980 5376">
     <span class='ocr_line' id='line_1_57' title="bbox 872 5311 980 5376; baseline -0.074 0"><span class='ocrx_word' id='word_1_294' title='bbox 872 5311 980 5376; x_wconf 86' lang='lat' dir='ltr'><strong>XXlll.</strong></span> 
     </span>
    </p>
   </div>
   <div class='ocr_carea' id='block_1_24' title="bbox 557 5496 1301 6032">
    <p class='ocr_par' dir='ltr' id='par_1_25' title="bbox 557 5496 1301 6032">
     <span class='ocr_line' id='line_1_58' title="bbox 557 5496 1300 5582; baseline -0.013 -16"><span class='ocrx_word' id='word_1_295' title='bbox 557 5502 732 5582; x_wconf 78' lang='lat' dir='ltr'><strong>Confirmat</strong></span> <span class='ocrx_word' id='word_1_296' title='bbox 752 5505 926 5564; x_wconf 86' lang='lat' dir='ltr'><strong>etreuooot</strong></span> <span class='ocrx_word' id='word_1_297' title='bbox 948 5497 1196 5576; x_wconf 76' lang='lat' dir='ltr'><strong>proluibitiouem</strong></span> <span class='ocrx_word' id='word_1_298' title='bbox 1218 5496 1300 5558; x_wconf 85' lang='lat' dir='ltr'><strong>elius</strong></span> 
     </span>
     <span class='ocr_line' id='line_1_59' title="bbox 594 5587 1301 5673; baseline -0.008 -17"><span class='ocrx_word' id='word_1_299' title='bbox 594 5613 613 5656; x_wconf 88' lang='lat' dir='ltr'><strong>u</strong></span> <span class='ocrx_word' id='word_1_300' title='bbox 629 5595 786 5656; x_wconf 81' lang='lat' dir='ltr'><strong>Clemente</strong></span> <span class='ocrx_word' id='word_1_301' title='bbox 800 5594 851 5656; x_wconf 87' lang='lat' dir='ltr'><strong>XI.</strong></span> <span class='ocrx_word' id='word_1_302' title='bbox 867 5595 1003 5673; x_wconf 76' lang='lat' dir='ltr'><strong>suctum,</strong></span> <span class='ocrx_word' id='word_1_303' title='bbox 1014 5607 1052 5652; x_wconf 88' lang='lat' dir='ltr'><strong>ue</strong></span> <span class='ocrx_word' id='word_1_304' title='bbox 1063 5587 1219 5669; x_wconf 85' lang='lat' dir='ltr'><strong>quaelibet</strong></span> <span class='ocrx_word' id='word_1_305' title='bbox 1232 5605 1301 5666; x_wconf 85' lang='lat' dir='ltr'><strong>per-</strong></span> 
     </span>
     <span class='ocr_line' id='line_1_60' title="bbox 594 5683 1301 5764; baseline -0.008 -17"><span class='ocrx_word' id='word_1_306' title='bbox 594 5705 671 5750; x_wconf 88' lang='lat' dir='ltr'><strong>sodu</strong></span> <span class='ocrx_word' id='word_1_307' title='bbox 693 5687 752 5750; x_wconf 84' lang='lat' dir='ltr'><strong>seb</strong></span> <span class='ocrx_word' id='word_1_308' title='bbox 770 5703 869 5764; x_wconf 81' lang='lat' dir='ltr'><strong>poetro</strong></span> <span class='ocrx_word' id='word_1_309' title='bbox 884 5683 1229 5746; x_wconf 80' lang='lat' dir='ltr'><strong>eecommuuieutiouis</strong></span> <span class='ocrx_word' id='word_1_310' title='bbox 1251 5683 1301 5742; x_wconf 86' lang='lat' dir='ltr'><strong>iu·</strong></span> 
     </span>
     <span class='ocr_line' id='line_1_61' title="bbox 594 5776 1299 5861; baseline -0.011 -18"><span class='ocrx_word' id='word_1_311' title='bbox 594 5783 685 5861; x_wconf 77' lang='lat' dir='ltr'><strong>quedl</strong></span> <span class='ocrx_word' id='word_1_312' title='bbox 695 5783 794 5860; x_wconf 84' lang='lat' dir='ltr'><strong>possit</strong></span> <span class='ocrx_word' id='word_1_313' title='bbox 808 5781 843 5842; x_wconf 87' lang='lat' dir='ltr'><strong>iu</strong></span> <span class='ocrx_word' id='word_1_314' title='bbox 858 5779 1091 5842; x_wconf 83' lang='lat' dir='ltr'><strong>monasterium</strong></span> <span class='ocrx_word' id='word_1_315' title='bbox 1106 5776 1299 5839; x_wconf 69' lang='lat' dir='ltr'><strong>montelium</strong></span> 
     </span>
     <span class='ocr_line' id='line_1_62' title="bbox 597 5867 1300 5938; baseline -0.01 0"><span class='ocrx_word' id='word_1_316' title='bbox 597 5874 849 5938; x_wconf 82' lang='lat' dir='ltr'><strong>Gurxacliteruee</strong></span> <span class='ocrx_word' id='word_1_317' title='bbox 873 5867 1016 5936; x_wconf 80' lang='lat' dir='ltr'><strong>ciuitatis</strong></span> <span class='ocrx_word' id='word_1_318' title='bbox 1047 5872 1184 5933; x_wconf 80' lang='lat' dir='ltr'><strong>seuerae</strong></span> <span class='ocrx_word' id='word_1_319' title='bbox 1212 5869 1300 5932; x_wconf 63' lang='lat' dir='ltr'><strong>,Fidei</strong></span> 
     </span>
     <span class='ocr_line' id='line_1_63' title="bbox 596 5967 830 6032; baseline -0.013 -1"><span class='ocrx_word' id='word_1_320' title='bbox 596 5969 629 6032; x_wconf 85' lang='lat' dir='ltr'><strong>ia</strong></span> <span class='ocrx_word' id='word_1_321' title='bbox 648 5967 750 6030; x_wconf 86' lang='lat' dir='ltr'><strong>ludiis</strong></span> <span class='ocrx_word' id='word_1_322' title='bbox 772 5975 830 6029; x_wconf 87' lang='lat' dir='ltr'><strong>etc.</strong></span> 
     </span>
    </p>
   </div>
   <div class='ocr_carea' id='block_1_25' title="bbox 1079 570 1574 635">
    <p class='ocr_par' dir='ltr' id='par_1_26' title="bbox 1079 570 1574 635">
     <span class='ocr_line' id='line_1_64' title="bbox 1079 570 1574 635; baseline -0.008 -1"><span class='ocrx_word' id='word_1_323' title='bbox 1079 579 1142 635; x_wconf 86' lang='lat' dir='ltr'><strong>tbix.</strong></span> <span class='ocrx_word' id='word_1_324' title='bbox 1167 590 1257 634; x_wconf 79' lang='lat' dir='ltr'><strong>nour.</strong></span> <span class='ocrx_word' id='word_1_325' title='bbox 1282 571 1322 632; x_wconf 79' lang='lat' dir='ltr'><strong>bb</strong></span> <span class='ocrx_word' id='word_1_326' title='bbox 1344 589 1371 633; x_wconf 74' lang='lat' dir='ltr'><strong>e.</strong></span> <span class='ocrx_word' id='word_1_327' title='bbox 1397 570 1425 634; x_wconf 79' lang='lat' dir='ltr'><strong>ir&#39;.</strong></span> <span class='ocrx_word' id='word_1_328' title='bbox 1450 573 1532 634; x_wconf 79' lang='lat' dir='ltr'><strong>bxns</strong></span> <span class='ocrx_word' id='word_1_329' title='bbox 1554 571 1574 633; x_wconf 89' lang='lat' dir='ltr'><strong>i.</strong></span> 
     </span>
    </p>
   </div>
   <div class='ocr_carea' id='block_1_26' title="bbox 1551 723 1917 799">
    <p class='ocr_par' dir='ltr' id='par_1_27' title="bbox 1551 723 1917 799">
     <span class='ocr_line' id='line_1_65' title="bbox 1551 723 1917 799; baseline 0.003 -3"><span class='ocrx_word' id='word_1_330' title='bbox 1551 729 1734 799; x_wconf 70' lang='lat' dir='ltr'><strong>ctfittfids</strong></span> <span class='ocrx_word' id='word_1_331' title='bbox 1761 723 1821 797; x_wconf 89' lang='grc' dir='ltr'><strong>ΡΡ.</strong></span> <span class='ocrx_word' id='word_1_332' title='bbox 1847 728 1917 797; x_wconf 76' lang='lat' dir='ltr'><strong>xlll.</strong></span> 
     </span>
    </p>
   </div>
   <div class='ocr_carea' id='block_1_27' title="bbox 1494 896 1971 965">
    <p class='ocr_par' dir='ltr' id='par_1_28' title="bbox 1494 896 1971 965">
     <span class='ocr_line' id='line_1_66' title="bbox 1494 896 1971 965; baseline -0.006 -1"><span class='ocrx_word' id='word_1_333' title='bbox 1494 896 1530 964; x_wconf 89' lang='lat' dir='ltr'><strong>ad</strong></span> <span class='ocrx_word' id='word_1_334' title='bbox 1558 897 1688 965; x_wconf 82' lang='lat' dir='ltr'><strong>loturam</strong></span> <span class='ocrx_word' id='word_1_335' title='bbox 1719 896 1762 964; x_wconf 88' lang='lat' dir='ltr'><strong>rei</strong></span> <span class='ocrx_word' id='word_1_336' title='bbox 1791 897 1971 964; x_wconf 78' lang='lat' dir='ltr'><strong>memorium.</strong></span> 
     </span>
    </p>
   </div>
   <div class='ocr_carea' id='block_1_28' title="bbox 1402 1085 2349 1201">
    <p class='ocr_par' dir='ltr' id='par_1_29' title="bbox 1402 1085 2349 1201">
     <span class='ocr_line' id='line_1_67' title="bbox 1402 1085 2349 1201; baseline -0.014 -40"><span class='ocrx_word' id='word_1_337' title='bbox 1402 1089 1421 1163; x_wconf 71' lang='grc' dir='ltr'><strong>ἓ</strong></span> <span class='ocrx_word' id='word_1_338' title='bbox 1444 1089 1470 1149; x_wconf 88' lang='lat' dir='ltr'><strong>l.</strong></span> <span class='ocrx_word' id='word_1_339' title='bbox 1495 1089 1615 1168; x_wconf 88' lang='lat' dir='ltr'><strong>Expoui</strong></span> <span class='ocrx_word' id='word_1_340' title='bbox 1639 1089 1725 1150; x_wconf 89' lang='lat' dir='ltr'><strong>nobis</strong></span> <span class='ocrx_word' id='word_1_341' title='bbox 1746 1104 1845 1165; x_wconf 90' lang='lat' dir='ltr'><strong>nuper</strong></span> <span class='ocrx_word' id='word_1_342' title='bbox 1870 1087 2012 1150; x_wconf 84' lang='lat' dir='ltr'><strong>iecerunt</strong></span> <span class='ocrx_word' id='word_1_343' title='bbox 2034 1085 2113 1147; x_wconf 87' lang='lat' dir='ltr'><strong>dile·</strong></span> <span class='ocrx_word' id='word_1_344' title='bbox 2134 1091 2349 1201; x_wconf 55' lang='lat' dir='ltr'><strong>cfifffflssoffil</strong></span> 
     </span>
    </p>
   </div>
   <div class='ocr_carea' id='block_1_29' title="bbox 1355 1180 2349 5942">
    <p class='ocr_par' dir='ltr' id='par_1_30' title="bbox 1362 1180 2349 1262">
     <span class='ocr_line' id='line_1_68' title="bbox 1362 1180 2349 1262; baseline 0.003 -18"><span class='ocrx_word' id='word_1_345' title='bbox 1362 1191 1427 1245; x_wconf 83' lang='lat' dir='ltr'><strong>ctae</strong></span> <span class='ocrx_word' id='word_1_346' title='bbox 1449 1183 1480 1244; x_wconf 93' lang='lat' dir='ltr'><strong>in</strong></span> <span class='ocrx_word' id='word_1_347' title='bbox 1503 1183 1626 1246; x_wconf 88' lang='lat' dir='ltr'><strong>Cbristo</strong></span> <span class='ocrx_word' id='word_1_348' title='bbox 1643 1183 1722 1244; x_wconf 85' lang='lat' dir='ltr'><strong>dliae</strong></span> <span class='ocrx_word' id='word_1_349' title='bbox 1737 1181 1882 1243; x_wconf 88' lang='lat' dir='ltr'><strong>lllouiales</strong></span> <span class='ocrx_word' id='word_1_350' title='bbox 1897 1181 2021 1242; x_wconf 85' lang='lat' dir='ltr'><strong>Ordinis</strong></span> <span class='ocrx_word' id='word_1_351' title='bbox 2037 1180 2112 1240; x_wconf 83' lang='lat' dir='ltr'><strong>ltca-</strong></span> <span class='ocrx_word' id='word_1_352' title='bbox 2134 1199 2247 1262; x_wconf 77' lang='lat' dir='ltr'><strong>quonaa</strong></span> <span class='ocrx_word' id='word_1_353' title='bbox 2258 1212 2349 1248; x_wconf 72' lang='lat' dir='ltr'><strong>revoca-</strong></span> 
     </span>
    </p>

    <p class='ocr_par' dir='ltr' id='par_1_31' title="bbox 1363 1253 2349 1355">
     <span class='ocr_line' id='line_1_69' title="bbox 1363 1253 2349 1355; baseline 0.017 -17"><span class='ocrx_word' id='word_1_354' title='bbox 1363 1286 1410 1338; x_wconf 91' lang='lat' dir='ltr'><strong>tae</strong></span> <span class='ocrx_word' id='word_1_355' title='bbox 1430 1276 1541 1338; x_wconf 81' lang='lat' dir='ltr'><strong>Mariae</strong></span> <span class='ocrx_word' id='word_1_356' title='bbox 1563 1275 1700 1352; x_wconf 83' lang='lat' dir='ltr'><strong>Virginis</strong></span> <span class='ocrx_word' id='word_1_357' title='bbox 1716 1276 1753 1336; x_wconf 88' lang='lat' dir='ltr'><strong>de</strong></span> <span class='ocrx_word' id='word_1_358' title='bbox 1768 1276 1871 1338; x_wconf 85' lang='lat' dir='ltr'><strong>Monte</strong></span> <span class='ocrx_word' id='word_1_359' title='bbox 1893 1271 2035 1337; x_wconf 90' lang='lat' dir='ltr'><strong>Carmelo</strong></span> <span class='ocrx_word' id='word_1_360' title='bbox 2049 1273 2112 1334; x_wconf 82' lang='lat' dir='ltr'><strong>Ex·</strong></span> <span class='ocrx_word' id='word_1_361' title='bbox 2133 1253 2259 1351; x_wconf 51' lang='lat' dir='ltr'><strong>mai}</strong></span> <span class='ocrx_word' id='word_1_362' title='bbox 2272 1255 2349 1355; x_wconf 56' lang='grc' dir='ltr'><strong>Οῗὲἶῗ</strong></span> 
     </span>
    </p>

    <p class='ocr_par' dir='ltr' id='par_1_32' title="bbox 1362 1359 2349 1458">
     <span class='ocr_line' id='line_1_70' title="bbox 1362 1359 2349 1458; baseline -0.003 -28"><span class='ocrx_word' id='word_1_363' title='bbox 1362 1370 1509 1432; x_wconf 81' lang='lat' dir='ltr'><strong>calceatae</strong></span> <span class='ocrx_word' id='word_1_364' title='bbox 1522 1377 1717 1446; x_wconf 90' lang='lat' dir='ltr'><strong>nuncupatae</strong></span> <span class='ocrx_word' id='word_1_365' title='bbox 1731 1371 1865 1432; x_wconf 91' lang='lat' dir='ltr'><strong>civitatis</strong></span> <span class='ocrx_word' id='word_1_366' title='bbox 1880 1369 2009 1432; x_wconf 89' lang='lat' dir='ltr'><strong>Sanctae</strong></span> <span class='ocrx_word' id='word_1_367' title='bbox 2023 1365 2110 1430; x_wconf 83' lang='lat' dir='ltr'><strong>Fidei</strong></span> <span class='ocrx_word' id='word_1_368' title='bbox 2133 1359 2285 1458; x_wconf 53' lang='lat' dir='ltr'><strong>ffilffilgglgs</strong></span> <span class='ocrx_word' id='word_1_369' title='bbox 2303 1366 2349 1410; x_wconf 72' lang='lat'><strong>⁶¹0·</strong></span> 
     </span>
    </p>

    <p class='ocr_par' dir='ltr' id='par_1_33' title="bbox 1362 1451 2279 1541">
     <span class='ocr_line' id='line_1_71' title="bbox 1362 1451 2279 1541; baseline -0.007 -16"><span class='ocrx_word' id='word_1_370' title='bbox 1362 1464 1401 1525; x_wconf 94' lang='lat' dir='ltr'><strong>de</strong></span> <span class='ocrx_word' id='word_1_371' title='bbox 1422 1464 1534 1541; x_wconf 88' lang='lat' dir='ltr'><strong>Bogota</strong></span> <span class='ocrx_word' id='word_1_372' title='bbox 1562 1465 1592 1527; x_wconf 89' lang='lat' dir='ltr'><strong>in</strong></span> <span class='ocrx_word' id='word_1_373' title='bbox 1624 1465 1718 1526; x_wconf 90' lang='lat' dir='ltr'><strong>lndiis</strong></span> <span class='ocrx_word' id='word_1_374' title='bbox 1745 1462 1997 1536; x_wconf 82' lang='lat' dir='ltr'><strong>occidentalibus,</strong></span> <span class='ocrx_word' id='word_1_375' title='bbox 2026 1461 2110 1538; x_wconf 89' lang='lat' dir='ltr'><strong>quod</strong></span> <span class='ocrx_word' id='word_1_376' title='bbox 2275 1451 2279 1459; x_wconf 82' lang='grc'>’</span> 
     </span>
    </p>

    <p class='ocr_par' dir='ltr' id='par_1_34' title="bbox 1363 1555 2111 1634">
     <span class='ocr_line' id='line_1_72' title="bbox 1363 1555 2111 1634; baseline -0.003 -15"><span class='ocrx_word' id='word_1_377' title='bbox 1363 1573 1433 1619; x_wconf 91' lang='lat' dir='ltr'><strong>cum</strong></span> <span class='ocrx_word' id='word_1_378' title='bbox 1457 1559 1608 1634; x_wconf 84' lang='lat' dir='ltr'><strong>regularis</strong></span> <span class='ocrx_word' id='word_1_379' title='bbox 1633 1573 1740 1619; x_wconf 90' lang='lat' dir='ltr'><strong>earum</strong></span> <span class='ocrx_word' id='word_1_380' title='bbox 1768 1557 1893 1620; x_wconf 87' lang='lat' dir='ltr'><strong>vivendi</strong></span> <span class='ocrx_word' id='word_1_381' title='bbox 1916 1555 1994 1618; x_wconf 91' lang='lat' dir='ltr'><strong>ratio</strong></span> <span class='ocrx_word' id='word_1_382' title='bbox 2016 1557 2048 1618; x_wconf 91' lang='lat' dir='ltr'><strong>in</strong></span> <span class='ocrx_word' id='word_1_383' title='bbox 2071 1573 2111 1617; x_wconf 90' lang='lat' dir='ltr'><strong>eo</strong></span> 
     </span>
    </p>

    <p class='ocr_par' dir='ltr' id='par_1_35' title="bbox 1363 1651 2112 1729">
     <span class='ocr_line' id='line_1_73' title="bbox 1363 1651 2112 1729; baseline -0.003 -18"><span class='ocrx_word' id='word_1_384' title='bbox 1363 1651 1559 1729; x_wconf 89' lang='lat' dir='ltr'><strong>potissimum</strong></span> <span class='ocrx_word' id='word_1_385' title='bbox 1581 1659 1734 1726; x_wconf 88' lang='lat' dir='ltr'><strong>versetur,</strong></span> <span class='ocrx_word' id='word_1_386' title='bbox 1752 1659 1786 1714; x_wconf 92' lang='lat' dir='ltr'><strong>ut</strong></span> <span class='ocrx_word' id='word_1_387' title='bbox 1807 1671 1822 1712; x_wconf 94' lang='lat' dir='ltr'><strong>a</strong></span> <span class='ocrx_word' id='word_1_388' title='bbox 1838 1652 2003 1715; x_wconf 91' lang='lat' dir='ltr'><strong>mundanis</strong></span> <span class='ocrx_word' id='word_1_389' title='bbox 2016 1651 2112 1712; x_wconf 90' lang='lat' dir='ltr'><strong>rebus</strong></span> 
     </span>
    </p>

    <p class='ocr_par' dir='ltr' id='par_1_36' title="bbox 1363 1743 2110 1824">
     <span class='ocr_line' id='line_1_74' title="bbox 1363 1743 2110 1824; baseline 0 -20"><span class='ocrx_word' id='word_1_390' title='bbox 1363 1743 1480 1806; x_wconf 90' lang='lat' dir='ltr'><strong>alienae</strong></span> <span class='ocrx_word' id='word_1_391' title='bbox 1502 1746 1534 1807; x_wconf 94' lang='lat' dir='ltr'><strong>in</strong></span> <span class='ocrx_word' id='word_1_392' title='bbox 1548 1743 1674 1807; x_wconf 91' lang='lat' dir='ltr'><strong>silentio</strong></span> <span class='ocrx_word' id='word_1_393' title='bbox 1689 1747 1785 1808; x_wconf 88' lang='lat' dir='ltr'><strong>vitem</strong></span> <span class='ocrx_word' id='word_1_394' title='bbox 1806 1746 1942 1808; x_wconf 90' lang='lat' dir='ltr'><strong>solitarie</strong></span> <span class='ocrx_word' id='word_1_395' title='bbox 1957 1747 2038 1824; x_wconf 90' lang='lat' dir='ltr'><strong>ipsae</strong></span> <span class='ocrx_word' id='word_1_396' title='bbox 2052 1747 2110 1806; x_wconf 76' lang='lat' dir='ltr'><strong>‹lxx-</strong></span> 
     </span>
    </p>

    <p class='ocr_par' dir='ltr' id='par_1_37' title="bbox 1364 1838 2112 1916">
     <span class='ocr_line' id='line_1_75' title="bbox 1364 1838 2112 1916; baseline -0.001 -17"><span class='ocrx_word' id='word_1_397' title='bbox 1364 1847 1446 1912; x_wconf 83' lang='lat' dir='ltr'><strong>ceut,</strong></span> <span class='ocrx_word' id='word_1_398' title='bbox 1471 1854 1573 1916; x_wconf 88' lang='lat' dir='ltr'><strong>neque</strong></span> <span class='ocrx_word' id='word_1_399' title='bbox 1594 1839 1715 1916; x_wconf 89' lang='lat' dir='ltr'><strong>puellae</strong></span> <span class='ocrx_word' id='word_1_400' title='bbox 1735 1839 1925 1901; x_wconf 89' lang='lat' dir='ltr'><strong>educationis</strong></span> <span class='ocrx_word' id='word_1_401' title='bbox 1940 1855 2027 1900; x_wconf 80' lang='lat' dir='ltr'><strong>causa</strong></span> <span class='ocrx_word' id='word_1_402' title='bbox 2043 1838 2112 1899; x_wconf 93' lang='lat' dir='ltr'><strong>illa-</strong></span> 
     </span>
    </p>

    <p class='ocr_par' dir='ltr' id='par_1_38' title="bbox 1363 1930 2110 2010">
     <span class='ocr_line' id='line_1_76' title="bbox 1363 1930 2110 2010; baseline -0.001 -18"><span class='ocrx_word' id='word_1_403' title='bbox 1363 1947 1433 1992; x_wconf 90' lang='lat' dir='ltr'><strong>rum</strong></span> <span class='ocrx_word' id='word_1_404' title='bbox 1451 1933 1677 1996; x_wconf 83' lang='lat' dir='ltr'><strong>monasterium</strong></span> <span class='ocrx_word' id='word_1_405' title='bbox 1694 1933 1925 2010; x_wconf 72' lang='lat' dir='ltr'><strong>ingredientur,</strong></span> <span class='ocrx_word' id='word_1_406' title='bbox 1948 1931 2021 1994; x_wconf 92' lang='lat' dir='ltr'><strong>binc</strong></span> <span class='ocrx_word' id='word_1_407' title='bbox 2036 1930 2110 1992; x_wconf 87' lang='lat' dir='ltr'><strong>alies</strong></span> 
     </span>
    </p>

    <p class='ocr_par' dir='ltr' id='par_1_39' title="bbox 1362 2025 2112 2102">
     <span class='ocr_line' id='line_1_77' title="bbox 1362 2025 2112 2102; baseline -0.001 -15"><span class='ocrx_word' id='word_1_408' title='bbox 1362 2042 1444 2088; x_wconf 91' lang='lat' dir='ltr'><strong>anno</strong></span> <span class='ocrx_word' id='word_1_409' title='bbox 1465 2041 1577 2102; x_wconf 87' lang='lat' dir='ltr'><strong>nempe</strong></span> <span class='ocrx_word' id='word_1_410' title='bbox 1604 2043 1760 2089; x_wconf 86' lang='lat' dir='ltr'><strong>xoccxxx.</strong></span> <span class='ocrx_word' id='word_1_411' title='bbox 1785 2025 1865 2088; x_wconf 88' lang='lat' dir='ltr'><strong>lelic.</strong></span> <span class='ocrx_word' id='word_1_412' title='bbox 1896 2026 2014 2088; x_wconf 89' lang='lat' dir='ltr'><strong>record.</strong></span> <span class='ocrx_word' id='word_1_413' title='bbox 2039 2025 2112 2088; x_wconf 82' lang='lat' dir='ltr'><strong>Gle-</strong></span> 
     </span>
    </p>

    <p class='ocr_par' dir='ltr' id='par_1_40' title="bbox 1363 2120 2110 2199">
     <span class='ocr_line' id='line_1_78' title="bbox 1363 2120 2110 2199; baseline -0.003 -17"><span class='ocrx_word' id='word_1_414' title='bbox 1363 2136 1451 2182; x_wconf 91' lang='lat' dir='ltr'><strong>mens</strong></span> <span class='ocrx_word' id='word_1_415' title='bbox 1472 2120 1527 2181; x_wconf 88' lang='grc' dir='ltr'><strong>ΡΡ.</strong></span> <span class='ocrx_word' id='word_1_416' title='bbox 1547 2121 1597 2184; x_wconf 89' lang='lat' dir='ltr'><strong>Xl.</strong></span> <span class='ocrx_word' id='word_1_417' title='bbox 1615 2122 1830 2198; x_wconf 81' lang='lat' dir='ltr'><strong>praedecessor</strong></span> <span class='ocrx_word' id='word_1_418' title='bbox 1851 2128 1955 2182; x_wconf 89' lang='lat' dir='ltr'><strong>noster</strong></span> <span class='ocrx_word' id='word_1_419' title='bbox 1970 2137 2110 2199; x_wconf 88' lang='lat' dir='ltr'><strong>persnas</strong></span> 
     </span>
    </p>

    <p class='ocr_par' dir='ltr' id='par_1_41' title="bbox 1362 2213 2108 2292">
     <span class='ocr_line' id='line_1_79' title="bbox 1362 2213 2108 2292; baseline 0.001 -18"><span class='ocrx_word' id='word_1_420' title='bbox 1362 2214 1393 2274; x_wconf 95' lang='lat' dir='ltr'><strong>in</strong></span> <span class='ocrx_word' id='word_1_421' title='bbox 1416 2215 1509 2275; x_wconf 90' lang='lat' dir='ltr'><strong>simili</strong></span> <span class='ocrx_word' id='word_1_422' title='bbox 1532 2215 1632 2276; x_wconf 90' lang='lat' dir='ltr'><strong>lorma</strong></span> <span class='ocrx_word' id='word_1_423' title='bbox 1648 2215 1755 2276; x_wconf 89' lang='lat' dir='ltr'><strong>Brevis</strong></span> <span class='ocrx_word' id='word_1_424' title='bbox 1775 2213 1932 2292; x_wconf 88' lang='lat' dir='ltr'><strong>expeditas</strong></span> <span class='ocrx_word' id='word_1_425' title='bbox 1954 2214 2056 2274; x_wconf 84' lang='lat' dir='ltr'><strong>literas</strong></span> <span class='ocrx_word' id='word_1_426' title='bbox 2071 2215 2108 2275; x_wconf 90' lang='lat' dir='ltr'><strong>ad</strong></span> 
     </span>
    </p>

    <p class='ocr_par' dir='ltr' id='par_1_42' title="bbox 1361 2306 2107 2384">
     <span class='ocr_line' id='line_1_80' title="bbox 1361 2306 2107 2384; baseline 0.001 -18"><span class='ocrx_word' id='word_1_427' title='bbox 1361 2322 1466 2384; x_wconf 87' lang='lat' dir='ltr'><strong>preces</strong></span> <span class='ocrx_word' id='word_1_428' title='bbox 1490 2314 1563 2369; x_wconf 90' lang='lat' dir='ltr'><strong>tunc</strong></span> <span class='ocrx_word' id='word_1_429' title='bbox 1590 2307 1793 2369; x_wconf 89' lang='lat' dir='ltr'><strong>existentium</strong></span> <span class='ocrx_word' id='word_1_430' title='bbox 1824 2306 2007 2368; x_wconf 84' lang='lat' dir='ltr'><strong>monialium</strong></span> <span class='ocrx_word' id='word_1_431' title='bbox 2034 2307 2107 2369; x_wconf 90' lang='lat' dir='ltr'><strong>dicti</strong></span> 
     </span>
    </p>

    <p class='ocr_par' dir='ltr' id='par_1_43' title="bbox 1362 2399 2109 2480">
     <span class='ocr_line' id='line_1_81' title="bbox 1362 2399 2109 2480; baseline -0.001 -18"><span class='ocrx_word' id='word_1_432' title='bbox 1362 2401 1541 2463; x_wconf 83' lang='lat' dir='ltr'><strong>monasterii</strong></span> <span class='ocrx_word' id='word_1_433' title='bbox 1557 2401 1615 2463; x_wconf 91' lang='lat' dir='ltr'><strong>sub</strong></span> <span class='ocrx_word' id='word_1_434' title='bbox 1630 2404 1723 2463; x_wconf 91' lang='lat' dir='ltr'><strong>certis</strong></span> <span class='ocrx_word' id='word_1_435' title='bbox 1739 2410 1813 2463; x_wconf 93' lang='lat' dir='ltr'><strong>tunc</strong></span> <span class='ocrx_word' id='word_1_436' title='bbox 1828 2403 1980 2480; x_wconf 88' lang='lat' dir='ltr'><strong>expressis</strong></span> <span class='ocrx_word' id='word_1_437' title='bbox 2001 2399 2109 2479; x_wconf 92' lang='lat' dir='ltr'><strong>poenis</strong></span> 
     </span>
    </p>

    <p class='ocr_par' dir='ltr' id='par_1_44' title="bbox 1362 2494 2109 2573">
     <span class='ocr_line' id='line_1_82' title="bbox 1362 2494 2109 2573; baseline -0.003 -18"><span class='ocrx_word' id='word_1_438' title='bbox 1362 2494 1531 2573; x_wconf 91' lang='lat' dir='ltr'><strong>probibuit,</strong></span> <span class='ocrx_word' id='word_1_439' title='bbox 1555 2511 1594 2557; x_wconf 91' lang='lat' dir='ltr'><strong>ne</strong></span> <span class='ocrx_word' id='word_1_440' title='bbox 1616 2511 1829 2573; x_wconf 90' lang='lat' dir='ltr'><strong>quaecumque</strong></span> <span class='ocrx_word' id='word_1_441' title='bbox 1851 2510 1980 2573; x_wconf 88' lang='lat' dir='ltr'><strong>persona</strong></span> <span class='ocrx_word' id='word_1_442' title='bbox 2001 2509 2109 2554; x_wconf 91' lang='lat' dir='ltr'><strong>mona-</strong></span> 
     </span>
    </p>

    <p class='ocr_par' dir='ltr' id='par_1_45' title="bbox 1361 2587 2107 2665">
     <span class='ocr_line' id='line_1_83' title="bbox 1361 2587 2107 2665; baseline -0.004 -17"><span class='ocrx_word' id='word_1_443' title='bbox 1361 2588 1491 2648; x_wconf 90' lang='lat' dir='ltr'><strong>sterium</strong></span> <span class='ocrx_word' id='word_1_444' title='bbox 1507 2588 1684 2650; x_wconf 86' lang='lat' dir='ltr'><strong>huiusmodi</strong></span> <span class='ocrx_word' id='word_1_445' title='bbox 1700 2589 1821 2665; x_wconf 77' lang='lat' dir='ltr'><strong>ingredi</strong></span> <span class='ocrx_word' id='word_1_446' title='bbox 1840 2588 1970 2661; x_wconf 78' lang='lat' dir='ltr'><strong>valeret,</strong></span> <span class='ocrx_word' id='word_1_447' title='bbox 1987 2603 2020 2647; x_wconf 91' lang='lat' dir='ltr'><strong>ac</strong></span> <span class='ocrx_word' id='word_1_448' title='bbox 2034 2587 2107 2648; x_wconf 84' lang='lat' dir='ltr'><strong>alias</strong></span> 
     </span>
    </p>

    <p class='ocr_par' dir='ltr' id='par_1_46' title="bbox 1361 2679 2107 2759">
     <span class='ocr_line' id='line_1_84' title="bbox 1361 2679 2107 2759; baseline 0 -19"><span class='ocrx_word' id='word_1_449' title='bbox 1361 2687 1454 2759; x_wconf 89' lang='lat' dir='ltr'><strong>prout</strong></span> <span class='ocrx_word' id='word_1_450' title='bbox 1468 2681 1500 2741; x_wconf 92' lang='lat' dir='ltr'><strong>in</strong></span> <span class='ocrx_word' id='word_1_451' title='bbox 1516 2681 1655 2742; x_wconf 90' lang='lat' dir='ltr'><strong>eiusdem</strong></span> <span class='ocrx_word' id='word_1_452' title='bbox 1677 2679 1845 2744; x_wconf 88' lang='lat' dir='ltr'><strong>Clementis</strong></span> <span class='ocrx_word' id='word_1_453' title='bbox 1867 2681 2107 2758; x_wconf 89' lang='lat' dir='ltr'><strong>praedecessoris</strong></span> 
     </span>
    </p>

    <p class='ocr_par' dir='ltr' id='par_1_47' title="bbox 1362 2773 2105 2853">
     <span class='ocr_line' id='line_1_85' title="bbox 1362 2773 2105 2853; baseline 0.003 -20"><span class='ocrx_word' id='word_1_454' title='bbox 1362 2773 1470 2847; x_wconf 89' lang='lat' dir='ltr'><strong>literis,</strong></span> <span class='ocrx_word' id='word_1_455' title='bbox 1494 2790 1627 2853; x_wconf 86' lang='lat' dir='ltr'><strong>quarum</strong></span> <span class='ocrx_word' id='word_1_456' title='bbox 1658 2782 1781 2836; x_wconf 90' lang='lat' dir='ltr'><strong>tenores</strong></span> <span class='ocrx_word' id='word_1_457' title='bbox 1808 2774 2021 2852; x_wconf 91' lang='lat' dir='ltr'><strong>praesentibus</strong></span> <span class='ocrx_word' id='word_1_458' title='bbox 2051 2789 2105 2852; x_wconf 89' lang='lat' dir='ltr'><strong>pro</strong></span> 
     </span>
    </p>

    <p class='ocr_par' dir='ltr' id='par_1_48' title="bbox 1360 2867 2105 2946">
     <span class='ocr_line' id='line_1_86' title="bbox 1360 2867 2105 2946; baseline 0.001 -18"><span class='ocrx_word' id='word_1_459' title='bbox 1360 2867 1451 2946; x_wconf 90' lang='lat' dir='ltr'><strong>plene</strong></span> <span class='ocrx_word' id='word_1_460' title='bbox 1472 2875 1503 2930; x_wconf 88' lang='lat' dir='ltr'><strong>et</strong></span> <span class='ocrx_word' id='word_1_461' title='bbox 1523 2868 1714 2930; x_wconf 83' lang='lat' dir='ltr'><strong>sufficienter</strong></span> <span class='ocrx_word' id='word_1_462' title='bbox 1735 2869 1943 2946; x_wconf 63' lang='lat' dir='ltr'><strong>expressisse</strong></span> <span class='ocrx_word' id='word_1_463' title='bbox 1958 2869 1995 2930; x_wconf 90' lang='lat' dir='ltr'><strong>de</strong></span> <span class='ocrx_word' id='word_1_464' title='bbox 2010 2870 2105 2930; x_wconf 88' lang='lat' dir='ltr'><strong>verbo</strong></span> 
     </span>
    </p>

    <p class='ocr_par' dir='ltr' id='par_1_49' title="bbox 1360 2960 2104 3037">
     <span class='ocr_line' id='line_1_87' title="bbox 1360 2960 2104 3037; baseline 0.001 -16"><span class='ocrx_word' id='word_1_465' title='bbox 1360 2960 1396 3022; x_wconf 90' lang='lat' dir='ltr'><strong>ad</strong></span> <span class='ocrx_word' id='word_1_466' title='bbox 1418 2961 1551 3024; x_wconf 88' lang='lat' dir='ltr'><strong>verbum</strong></span> <span class='ocrx_word' id='word_1_467' title='bbox 1575 2962 1701 3024; x_wconf 89' lang='lat' dir='ltr'><strong>insertis</strong></span> <span class='ocrx_word' id='word_1_468' title='bbox 1722 2961 1827 3024; x_wconf 89' lang='lat' dir='ltr'><strong>baberi</strong></span> <span class='ocrx_word' id='word_1_469' title='bbox 1849 2962 2008 3037; x_wconf 90' lang='lat' dir='ltr'><strong>volumus,</strong></span> <span class='ocrx_word' id='word_1_470' title='bbox 2031 2963 2104 3023; x_wconf 93' lang='lat' dir='ltr'><strong>ube-</strong></span> 
     </span>
    </p>

    <p class='ocr_par' dir='ltr' id='par_1_50' title="bbox 1360 3055 2104 3130">
     <span class='ocr_line' id='line_1_88' title="bbox 1360 3055 2104 3130; baseline 0.001 -15"><span class='ocrx_word' id='word_1_471' title='bbox 1360 3055 1425 3116; x_wconf 91' lang='lat' dir='ltr'><strong>rius</strong></span> <span class='ocrx_word' id='word_1_472' title='bbox 1446 3055 1634 3117; x_wconf 89' lang='lat' dir='ltr'><strong>continetur.</strong></span> <span class='ocrx_word' id='word_1_473' title='bbox 1660 3057 1739 3118; x_wconf 86' lang='lat' dir='ltr'><strong>Gum</strong></span> <span class='ocrx_word' id='word_1_474' title='bbox 1761 3063 1876 3130; x_wconf 88' lang='lat' dir='ltr'><strong>autem,</strong></span> <span class='ocrx_word' id='word_1_475' title='bbox 1896 3055 1977 3116; x_wconf 91' lang='lat' dir='ltr'><strong>sicut</strong></span> <span class='ocrx_word' id='word_1_476' title='bbox 1997 3057 2104 3117; x_wconf 82' lang='lat' dir='ltr'><strong>eadem</strong></span> 
     </span>
    </p>

    <p class='ocr_par' dir='ltr' id='par_1_51' title="bbox 1359 3148 2105 3226">
     <span class='ocr_line' id='line_1_89' title="bbox 1359 3148 2105 3226; baseline 0.003 -19"><span class='ocrx_word' id='word_1_477' title='bbox 1359 3148 1510 3226; x_wconf 84' lang='lat' dir='ltr'><strong>expositio</strong></span> <span class='ocrx_word' id='word_1_478' title='bbox 1523 3148 1739 3224; x_wconf 85' lang='lat' dir='ltr'><strong>subiungebat,</strong></span> <span class='ocrx_word' id='word_1_479' title='bbox 1756 3150 1981 3226; x_wconf 83' lang='lat' dir='ltr'><strong>praedictarum</strong></span> <span class='ocrx_word' id='word_1_480' title='bbox 2005 3149 2105 3211; x_wconf 91' lang='lat' dir='ltr'><strong>litera·</strong></span> 
     </span>
    </p>

    <p class='ocr_par' dir='ltr' id='par_1_52' title="bbox 1360 3241 2104 3320">
     <span class='ocr_line' id='line_1_90' title="bbox 1360 3241 2104 3320; baseline 0.004 -19"><span class='ocrx_word' id='word_1_481' title='bbox 1360 3241 2104 3320; x_wconf 89' lang='lat' dir='ltr'><strong>rumdispositioindesuetudinemabiissenunc</strong></span> 
     </span>
    </p>

    <p class='ocr_par' dir='ltr' id='par_1_53' title="bbox 1358 3335 2105 3415">
     <span class='ocr_line' id='line_1_91' title="bbox 1358 3335 2105 3415; baseline 0.003 -19"><span class='ocrx_word' id='word_1_482' title='bbox 1358 3335 1568 3411; x_wconf 81' lang='lat' dir='ltr'><strong>dignoscatur,</strong></span> <span class='ocrx_word' id='word_1_483' title='bbox 1581 3335 1661 3413; x_wconf 89' lang='lat' dir='ltr'><strong>ipsae</strong></span> <span class='ocrx_word' id='word_1_484' title='bbox 1673 3351 1747 3396; x_wconf 89' lang='lat' dir='ltr'><strong>veru</strong></span> <span class='ocrx_word' id='word_1_485' title='bbox 1759 3343 1960 3415; x_wconf 89' lang='lat' dir='ltr'><strong>exponentes,</strong></span> <span class='ocrx_word' id='word_1_486' title='bbox 1975 3343 2009 3396; x_wconf 92' lang='lat' dir='ltr'><strong>ut</strong></span> <span class='ocrx_word' id='word_1_487' title='bbox 2023 3336 2105 3398; x_wconf 90' lang='lat' dir='ltr'><strong>clau-</strong></span> 
     </span>
    </p>

    <p class='ocr_par' dir='ltr' id='par_1_54' title="bbox 1358 3429 2106 3508">
     <span class='ocr_line' id='line_1_92' title="bbox 1358 3429 2106 3508; baseline 0.003 -18"><span class='ocrx_word' id='word_1_488' title='bbox 1358 3445 1428 3491; x_wconf 90' lang='lat' dir='ltr'><strong>sura</strong></span> <span class='ocrx_word' id='word_1_489' title='bbox 1450 3436 1480 3490; x_wconf 88' lang='lat' dir='ltr'><strong>et</strong></span> <span class='ocrx_word' id='word_1_490' title='bbox 1503 3429 1682 3491; x_wconf 83' lang='lat' dir='ltr'><strong>monosterii</strong></span> <span class='ocrx_word' id='word_1_491' title='bbox 1707 3429 1866 3508; x_wconf 86' lang='lat' dir='ltr'><strong>disciplina</strong></span> <span class='ocrx_word' id='word_1_492' title='bbox 1894 3431 2030 3505; x_wconf 89' lang='lat' dir='ltr'><strong>rigorose</strong></span> <span class='ocrx_word' id='word_1_493' title='bbox 2052 3430 2106 3492; x_wconf 94' lang='lat' dir='ltr'><strong>ob·</strong></span> 
     </span>
    </p>

    <p class='ocr_par' dir='ltr' id='par_1_55' title="bbox 1358 3523 2102 3602">
     <span class='ocr_line' id='line_1_93' title="bbox 1358 3523 2102 3602; baseline 0.005 -20"><span class='ocrx_word' id='word_1_494' title='bbox 1358 3531 1512 3599; x_wconf 90' lang='lat' dir='ltr'><strong>servetur,</strong></span> <span class='ocrx_word' id='word_1_495' title='bbox 1536 3531 1566 3586; x_wconf 92' lang='lat' dir='ltr'><strong>et</strong></span> <span class='ocrx_word' id='word_1_496' title='bbox 1587 3524 1747 3600; x_wconf 79' lang='lat' dir='ltr'><strong>religiosae</strong></span> <span class='ocrx_word' id='word_1_497' title='bbox 1778 3539 1883 3586; x_wconf 84' lang='lat' dir='ltr'><strong>earum</strong></span> <span class='ocrx_word' id='word_1_498' title='bbox 1913 3523 2009 3602; x_wconf 91' lang='lat' dir='ltr'><strong>quieti</strong></span> <span class='ocrx_word' id='word_1_499' title='bbox 2032 3542 2102 3586; x_wconf 88' lang='lat' dir='ltr'><strong>con-</strong></span> 
     </span>
    </p>

    <p class='ocr_par' dir='ltr' id='par_1_56' title="bbox 1358 3617 2103 3695">
     <span class='ocr_line' id='line_1_94' title="bbox 1358 3617 2103 3695; baseline 0.001 -17"><span class='ocrx_word' id='word_1_500' title='bbox 1358 3617 1477 3679; x_wconf 91' lang='lat' dir='ltr'><strong>sultum</strong></span> <span class='ocrx_word' id='word_1_501' title='bbox 1498 3618 1550 3691; x_wconf 89' lang='lat' dir='ltr'><strong>sit,</strong></span> <span class='ocrx_word' id='word_1_502' title='bbox 1573 3617 1735 3695; x_wconf 91' lang='lat' dir='ltr'><strong>omnisque</strong></span> <span class='ocrx_word' id='word_1_503' title='bbox 1763 3617 1968 3678; x_wconf 85' lang='lat' dir='ltr'><strong>distractionis</strong></span> <span class='ocrx_word' id='word_1_504' title='bbox 1989 3619 2103 3695; x_wconf 88' lang='lat' dir='ltr'><strong>praeci-</strong></span> 
     </span>
    </p>

    <p class='ocr_par' dir='ltr' id='par_1_57' title="bbox 1358 3710 2102 3790">
     <span class='ocr_line' id='line_1_95' title="bbox 1358 3710 2102 3790; baseline 0.004 -21"><span class='ocrx_word' id='word_1_505' title='bbox 1358 3710 1448 3772; x_wconf 85' lang='lat' dir='ltr'><strong>datur</strong></span> <span class='ocrx_word' id='word_1_506' title='bbox 1470 3711 1597 3785; x_wconf 88' lang='lat' dir='ltr'><strong>occasio,</strong></span> <span class='ocrx_word' id='word_1_507' title='bbox 1621 3719 1795 3788; x_wconf 91' lang='lat' dir='ltr'><strong>opportune</strong></span> <span class='ocrx_word' id='word_1_508' title='bbox 1816 3726 1832 3770; x_wconf 90' lang='lat' dir='ltr'><strong>a</strong></span> <span class='ocrx_word' id='word_1_509' title='bbox 1854 3710 1942 3772; x_wconf 90' lang='lat' dir='ltr'><strong>uobis</strong></span> <span class='ocrx_word' id='word_1_510' title='bbox 1965 3711 1996 3772; x_wconf 91' lang='lat' dir='ltr'><strong>in</strong></span> <span class='ocrx_word' id='word_1_511' title='bbox 2019 3728 2102 3790; x_wconf 84' lang='lat' dir='ltr'><strong>pree-</strong></span> 
     </span>
    </p>

    <p class='ocr_par' dir='ltr' id='par_1_58' title="bbox 1358 3803 2102 3884">
     <span class='ocr_line' id='line_1_96' title="bbox 1358 3803 2102 3884; baseline 0.001 -18"><span class='ocrx_word' id='word_1_512' title='bbox 1358 3805 1459 3866; x_wconf 89' lang='lat' dir='ltr'><strong>missis</strong></span> <span class='ocrx_word' id='word_1_513' title='bbox 1481 3803 1649 3884; x_wconf 88' lang='lat' dir='ltr'><strong>provideri,</strong></span> <span class='ocrx_word' id='word_1_514' title='bbox 1666 3811 1697 3865; x_wconf 91' lang='lat' dir='ltr'><strong>et</strong></span> <span class='ocrx_word' id='word_1_515' title='bbox 1712 3812 1747 3865; x_wconf 92' lang='lat' dir='ltr'><strong>ut</strong></span> <span class='ocrx_word' id='word_1_516' title='bbox 1759 3804 1837 3865; x_wconf 83' lang='lat' dir='ltr'><strong>inira</strong></span> <span class='ocrx_word' id='word_1_517' title='bbox 1853 3803 2007 3882; x_wconf 90' lang='lat' dir='ltr'><strong>indulgeri</strong></span> <span class='ocrx_word' id='word_1_518' title='bbox 2018 3821 2102 3867; x_wconf 93' lang='lat' dir='ltr'><strong>sum·</strong></span> 
     </span>
    </p>

    <p class='ocr_par' dir='ltr' id='par_1_59' title="bbox 1358 3898 2349 4076">
     <span class='ocr_line' id='line_1_97' title="bbox 1358 3898 2349 3982; baseline -0.002 -22"><span class='ocrx_word' id='word_1_519' title='bbox 1358 3913 1484 3976; x_wconf 88' lang='lat' dir='ltr'><strong>mopere</strong></span> <span class='ocrx_word' id='word_1_520' title='bbox 1505 3898 1692 3973; x_wconf 89' lang='lat' dir='ltr'><strong>desiderent,</strong></span> <span class='ocrx_word' id='word_1_521' title='bbox 2348 3945 2349 3982; x_wconf 69' lang='lat'>3</span> 
     </span>
     <span class='ocr_line' id='line_1_98' title="bbox 1396 3990 2349 4076; baseline 0.002 -23"><span class='ocrx_word' id='word_1_522' title='bbox 1396 3991 1465 4066; x_wconf 69' lang='lat'><strong>§2⁴-</strong></span> <span class='ocrx_word' id='word_1_523' title='bbox 1494 3990 1553 4052; x_wconf 91' lang='lat' dir='ltr'><strong>Nos</strong></span> <span class='ocrx_word' id='word_1_524' title='bbox 1580 3991 1636 4070; x_wconf 90' lang='lat' dir='ltr'><strong>piis</strong></span> <span class='ocrx_word' id='word_1_525' title='bbox 1664 3995 1843 4055; x_wconf 86' lang='lat' dir='ltr'><strong>earumdem</strong></span> <span class='ocrx_word' id='word_1_526' title='bbox 1876 3994 2101 4072; x_wconf 88' lang='lat' dir='ltr'><strong>exponentium</strong></span> <span class='ocrx_word' id='word_1_527' title='bbox 2165 3997 2349 4076; x_wconf 57' lang='lat' dir='ltr'><strong>copulemur}</strong></span> 
     </span>
    </p>

    <p class='ocr_par' dir='ltr' id='par_1_60' title="bbox 1358 4068 2349 4165">
     <span class='ocr_line' id='line_1_99' title="bbox 1358 4068 2349 4165; baseline 0.004 -20"><span class='ocrx_word' id='word_1_528' title='bbox 1358 4086 1448 4161; x_wconf 91' lang='lat' dir='ltr'><strong>votis,</strong></span> <span class='ocrx_word' id='word_1_529' title='bbox 1461 4091 1614 4163; x_wconf 86' lang='lat' dir='ltr'><strong>quantum</strong></span> <span class='ocrx_word' id='word_1_530' title='bbox 1637 4100 1709 4146; x_wconf 91' lang='lat' dir='ltr'><strong>cum</strong></span> <span class='ocrx_word' id='word_1_531' title='bbox 1730 4086 1861 4148; x_wconf 86' lang='lat' dir='ltr'><strong>Domino</strong></span> <span class='ocrx_word' id='word_1_532' title='bbox 1883 4103 2045 4165; x_wconf 90' lang='lat' dir='ltr'><strong>possumus</strong></span> <span class='ocrx_word' id='word_1_533' title='bbox 2061 4086 2101 4148; x_wconf 86' lang='lat' dir='ltr'><strong>le·</strong></span> <span class='ocrx_word' id='word_1_534' title='bbox 2120 4068 2325 4164; x_wconf 50' lang='lat' dir='ltr'><strong>{ffiffiuglssaffi</strong></span> <span class='ocrx_word' id='word_1_535' title='bbox 2348 4103 2349 4110; x_wconf 53' lang='lat'>¹</span> 
     </span>
    </p>

    <p class='ocr_par' dir='ltr' id='par_1_61' title="bbox 1357 4173 2349 4271">
     <span class='ocr_line' id='line_1_100' title="bbox 1357 4173 2349 4271; baseline 0.005 -30"><span class='ocrx_word' id='word_1_536' title='bbox 1357 4180 1536 4242; x_wconf 90' lang='lat' dir='ltr'><strong>vorabiliter</strong></span> <span class='ocrx_word' id='word_1_537' title='bbox 1550 4194 1700 4254; x_wconf 90' lang='lat' dir='ltr'><strong>annuere,</strong></span> <span class='ocrx_word' id='word_1_538' title='bbox 1713 4195 1824 4258; x_wconf 81' lang='lat' dir='ltr'><strong>easque</strong></span> <span class='ocrx_word' id='word_1_539' title='bbox 1844 4180 1983 4259; x_wconf 90' lang='lat' dir='ltr'><strong>specialis</strong></span> <span class='ocrx_word' id='word_1_540' title='bbox 1998 4181 2102 4242; x_wconf 89' lang='lat' dir='ltr'><strong>lavore</strong></span> <span class='ocrx_word' id='word_1_541' title='bbox 2120 4173 2247 4271; x_wconf 57' lang='lat' dir='ltr'><strong>{ffgffi‘effl‘</strong></span> <span class='ocrx_word' id='word_1_542' title='bbox 2268 4183 2323 4216; x_wconf 75' lang='lat'>⁶²¹¹·</span> <span class='ocrx_word' id='word_1_543' title='bbox 2348 4213 2349 4246; x_wconf 82' lang='grc'>;</span> 
     </span>
    </p>

    <p class='ocr_par' dir='ltr' id='par_1_62' title="bbox 1359 4261 2349 4351">
     <span class='ocr_line' id='line_1_101' title="bbox 1359 4261 2349 4351; baseline 0.004 -16"><span class='ocrx_word' id='word_1_544' title='bbox 1359 4273 1473 4351; x_wconf 80' lang='lat' dir='ltr'><strong>gratiae</strong></span> <span class='ocrx_word' id='word_1_545' title='bbox 1494 4272 1635 4350; x_wconf 90' lang='lat' dir='ltr'><strong>prosequi</strong></span> <span class='ocrx_word' id='word_1_546' title='bbox 1659 4271 1810 4348; x_wconf 90' lang='lat' dir='ltr'><strong>volentes,</strong></span> <span class='ocrx_word' id='word_1_547' title='bbox 1826 4280 1975 4336; x_wconf 78' lang='lat' dir='ltr'><strong>eteorum</strong></span> <span class='ocrx_word' id='word_1_548' title='bbox 1995 4275 2102 4351; x_wconf 88' lang='lat' dir='ltr'><strong>singu·</strong></span> <span class='ocrx_word' id='word_1_549' title='bbox 2211 4261 2215 4269; x_wconf 71' lang='grc'>’</span> <span class='ocrx_word' id='word_1_550' title='bbox 2348 4263 2349 4266; x_wconf 37' lang='grc'><em>“</em></span> 
     </span>
    </p>

    <p class='ocr_par' dir='ltr' id='par_1_63' title="bbox 1358 4366 2102 4446">
     <span class='ocr_line' id='line_1_102' title="bbox 1358 4366 2102 4446; baseline 0.001 -18"><span class='ocrx_word' id='word_1_551' title='bbox 1358 4367 1436 4429; x_wconf 86' lang='lat' dir='ltr'><strong>lures</strong></span> <span class='ocrx_word' id='word_1_552' title='bbox 1457 4383 1601 4446; x_wconf 84' lang='lat' dir='ltr'><strong>personas</strong></span> <span class='ocrx_word' id='word_1_553' title='bbox 1625 4383 1641 4427; x_wconf 82' lang='lat' dir='ltr'>a</span> <span class='ocrx_word' id='word_1_554' title='bbox 1668 4366 1827 4444; x_wconf 85' lang='lat' dir='ltr'><strong>quibusvis</strong></span> <span class='ocrx_word' id='word_1_555' title='bbox 1853 4369 2102 4430; x_wconf 84' lang='lat' dir='ltr'><strong>excommunice-</strong></span> 
     </span>
    </p>

    <p class='ocr_par' dir='ltr' id='par_1_64' title="bbox 1358 4460 2102 4540">
     <span class='ocr_line' id='line_1_103' title="bbox 1358 4460 2102 4540; baseline 0.001 -18"><span class='ocrx_word' id='word_1_556' title='bbox 1358 4461 1450 4522; x_wconf 90' lang='lat' dir='ltr'><strong>tiouis</strong></span> <span class='ocrx_word' id='word_1_557' title='bbox 1477 4469 1508 4522; x_wconf 88' lang='lat' dir='ltr'><strong>et</strong></span> <span class='ocrx_word' id='word_1_558' title='bbox 1536 4460 1707 4536; x_wconf 90' lang='lat' dir='ltr'><strong>interdicti,</strong></span> <span class='ocrx_word' id='word_1_559' title='bbox 1735 4460 1864 4540; x_wconf 90' lang='lat' dir='ltr'><strong>aliisque</strong></span> <span class='ocrx_word' id='word_1_560' title='bbox 1891 4461 2102 4524; x_wconf 89' lang='lat' dir='ltr'><strong>ecclesiasticis</strong></span> 
     </span>
    </p>

    <p class='ocr_par' dir='ltr' id='par_1_65' title="bbox 1358 4554 2101 4634">
     <span class='ocr_line' id='line_1_104' title="bbox 1358 4554 2101 4634; baseline 0 -18"><span class='ocrx_word' id='word_1_561' title='bbox 1358 4555 1508 4629; x_wconf 92' lang='lat' dir='ltr'><strong>censuris,</strong></span> <span class='ocrx_word' id='word_1_562' title='bbox 1532 4554 1697 4616; x_wconf 90' lang='lat' dir='ltr'><strong>sententiis</strong></span> <span class='ocrx_word' id='word_1_563' title='bbox 1710 4563 1741 4616; x_wconf 89' lang='lat' dir='ltr'><strong>et</strong></span> <span class='ocrx_word' id='word_1_564' title='bbox 1757 4555 1864 4634; x_wconf 88' lang='lat' dir='ltr'><strong>poenis</strong></span> <span class='ocrx_word' id='word_1_565' title='bbox 1879 4557 1987 4633; x_wconf 90' lang='lat' dir='ltr'><strong>quovis</strong></span> <span class='ocrx_word' id='word_1_566' title='bbox 2009 4558 2101 4618; x_wconf 91' lang='lat' dir='ltr'><strong>modo</strong></span> 
     </span>
    </p>

    <p class='ocr_par' dir='ltr' id='par_1_66' title="bbox 1359 4646 2101 4728">
     <span class='ocr_line' id='line_1_105' title="bbox 1359 4646 2101 4728; baseline 0.003 -20"><span class='ocrx_word' id='word_1_567' title='bbox 1359 4653 1389 4708; x_wconf 92' lang='lat' dir='ltr'><strong>et</strong></span> <span class='ocrx_word' id='word_1_568' title='bbox 1411 4661 1606 4725; x_wconf 90' lang='lat' dir='ltr'><strong>quacumque</strong></span> <span class='ocrx_word' id='word_1_569' title='bbox 1621 4646 1659 4708; x_wconf 90' lang='lat' dir='ltr'><strong>de</strong></span> <span class='ocrx_word' id='word_1_570' title='bbox 1674 4663 1759 4709; x_wconf 84' lang='lat' dir='ltr'><strong>causa</strong></span> <span class='ocrx_word' id='word_1_571' title='bbox 1776 4647 1857 4724; x_wconf 91' lang='lat' dir='ltr'><strong>latis,</strong></span> <span class='ocrx_word' id='word_1_572' title='bbox 1877 4649 1903 4710; x_wconf 93' lang='lat' dir='ltr'><strong>si</strong></span> <span class='ocrx_word' id='word_1_573' title='bbox 1924 4655 1999 4728; x_wconf 88' lang='lat' dir='ltr'><strong>qu&#39;as</strong></span> <span class='ocrx_word' id='word_1_574' title='bbox 2021 4649 2101 4712; x_wconf 90' lang='lat' dir='ltr'><strong>lorte</strong></span> 
     </span>
    </p>

    <p class='ocr_par' dir='ltr' id='par_1_67' title="bbox 1358 4741 2101 4819">
     <span class='ocr_line' id='line_1_106' title="bbox 1358 4741 2101 4819; baseline 0.004 -16"><span class='ocrx_word' id='word_1_575' title='bbox 1358 4743 1572 4815; x_wconf 89' lang='lat' dir='ltr'><strong>incurrerunt,</strong></span> <span class='ocrx_word' id='word_1_576' title='bbox 1599 4741 1692 4802; x_wconf 90' lang='lat' dir='ltr'><strong>buius</strong></span> <span class='ocrx_word' id='word_1_577' title='bbox 1714 4747 1836 4802; x_wconf 88' lang='lat' dir='ltr'><strong>tantum</strong></span> <span class='ocrx_word' id='word_1_578' title='bbox 1858 4743 1904 4803; x_wconf 91' lang='lat' dir='ltr'><strong>rei</strong></span> <span class='ocrx_word' id='word_1_579' title='bbox 1930 4743 2025 4819; x_wconf 87' lang='lat' dir='ltr'><strong>gratia</strong></span> <span class='ocrx_word' id='word_1_580' title='bbox 2050 4745 2101 4806; x_wconf 91' lang='lat' dir='ltr'><strong>ab·</strong></span> 
     </span>
    </p>

    <p class='ocr_par' dir='ltr' id='par_1_68' title="bbox 1357 4832 2100 4917">
     <span class='ocr_line' id='line_1_107' title="bbox 1357 4832 2100 4917; baseline 0.003 -20"><span class='ocrx_word' id='word_1_581' title='bbox 1357 4836 1512 4898; x_wconf 90' lang='lat' dir='ltr'><strong>solventes</strong></span> <span class='ocrx_word' id='word_1_582' title='bbox 1527 4843 1558 4898; x_wconf 89' lang='lat' dir='ltr'><strong>et</strong></span> <span class='ocrx_word' id='word_1_583' title='bbox 1578 4835 1729 4897; x_wconf 90' lang='lat' dir='ltr'><strong>absolutas</strong></span> <span class='ocrx_word' id='word_1_584' title='bbox 1755 4832 1820 4895; x_wconf 91' lang='lat' dir='ltr'><strong>lore</strong></span> <span class='ocrx_word' id='word_1_585' title='bbox 1835 4844 2007 4911; x_wconf 90' lang='lat' dir='ltr'><strong>censentes,</strong></span> <span class='ocrx_word' id='word_1_586' title='bbox 2030 4854 2100 4917; x_wconf 91' lang='lat' dir='ltr'><strong>sup·</strong></span> 
     </span>
    </p>

    <p class='ocr_par' dir='ltr' id='par_1_69' title="bbox 1358 4927 2102 5008">
     <span class='ocr_line' id='line_1_108' title="bbox 1358 4927 2102 5008; baseline 0.003 -17"><span class='ocrx_word' id='word_1_587' title='bbox 1358 4929 1573 5008; x_wconf 88' lang='lat' dir='ltr'><strong>plicatiouibus</strong></span> <span class='ocrx_word' id='word_1_588' title='bbox 1593 4943 1700 4988; x_wconf 83' lang='lat' dir='ltr'><strong>earum</strong></span> <span class='ocrx_word' id='word_1_589' title='bbox 1716 4927 1846 4990; x_wconf 89' lang='lat' dir='ltr'><strong>nomine</strong></span> <span class='ocrx_word' id='word_1_590' title='bbox 1867 4929 1955 4992; x_wconf 92' lang='lat' dir='ltr'><strong>nobis</strong></span> <span class='ocrx_word' id='word_1_591' title='bbox 1975 4930 2102 4993; x_wconf 89' lang='lat' dir='ltr'><strong>bumili-</strong></span> 
     </span>
    </p>

    <p class='ocr_par' dir='ltr' id='par_1_70' title="bbox 1360 5020 2098 5101">
     <span class='ocr_line' id='line_1_109' title="bbox 1360 5020 2098 5101; baseline 0.001 -17"><span class='ocrx_word' id='word_1_592' title='bbox 1360 5031 1407 5085; x_wconf 88' lang='lat' dir='ltr'><strong>ter</strong></span> <span class='ocrx_word' id='word_1_593' title='bbox 1428 5021 1576 5101; x_wconf 88' lang='lat' dir='ltr'><strong>porrectis</strong></span> <span class='ocrx_word' id='word_1_594' title='bbox 1591 5020 1742 5096; x_wconf 90' lang='lat' dir='ltr'><strong>inclinati,</strong></span> <span class='ocrx_word' id='word_1_595' title='bbox 1758 5031 1942 5084; x_wconf 90' lang='lat' dir='ltr'><strong>memoratas</strong></span> <span class='ocrx_word' id='word_1_596' title='bbox 1954 5024 2098 5101; x_wconf 81' lang='lat' dir='ltr'><strong>praedicti</strong></span> 
     </span>
    </p>

    <p class='ocr_par' dir='ltr' id='par_1_71' title="bbox 1358 5114 2101 5195">
     <span class='ocr_line' id='line_1_110' title="bbox 1358 5114 2101 5195; baseline -0.003 -14"><span class='ocrx_word' id='word_1_597' title='bbox 1358 5117 1528 5181; x_wconf 81' lang='lat' dir='ltr'><strong>Clementis</strong></span> <span class='ocrx_word' id='word_1_598' title='bbox 1549 5114 1786 5194; x_wconf 87' lang='lat' dir='ltr'><strong>praedecessoris</strong></span> <span class='ocrx_word' id='word_1_599' title='bbox 1807 5115 1909 5178; x_wconf 90' lang='lat' dir='ltr'><strong>literas</strong></span> <span class='ocrx_word' id='word_1_600' title='bbox 1920 5117 2101 5195; x_wconf 89' lang='lat' dir='ltr'><strong>probibitio-</strong></span> 
     </span>
    </p>

    <p class='ocr_par' dir='ltr' id='par_1_72' title="bbox 1358 5207 2100 5284">
     <span class='ocr_line' id='line_1_111' title="bbox 1358 5207 2100 5284; baseline 0 -10"><span class='ocrx_word' id='word_1_601' title='bbox 1358 5227 1433 5274; x_wconf 93' lang='lat' dir='ltr'><strong>nem</strong></span> <span class='ocrx_word' id='word_1_602' title='bbox 1462 5207 1640 5272; x_wconf 86' lang='lat' dir='ltr'><strong>huiusmodi</strong></span> <span class='ocrx_word' id='word_1_603' title='bbox 1670 5210 1887 5284; x_wconf 88' lang='lat' dir='ltr'><strong>continentes,</strong></span> <span class='ocrx_word' id='word_1_604' title='bbox 1920 5211 2100 5274; x_wconf 88' lang='lat' dir='ltr'><strong>auctoritate</strong></span> 
     </span>
    </p>

    <p class='ocr_par' dir='ltr' id='par_1_73' title="bbox 1358 5301 2100 5385">
     <span class='ocr_line' id='line_1_112' title="bbox 1358 5301 2100 5385; baseline -0.004 -18"><span class='ocrx_word' id='word_1_605' title='bbox 1358 5303 1520 5385; x_wconf 82' lang='lat' dir='ltr'><strong>apostolice</strong></span> <span class='ocrx_word' id='word_1_606' title='bbox 1557 5311 1665 5365; x_wconf 90' lang='lat' dir='ltr'><strong>tenore</strong></span> <span class='ocrx_word' id='word_1_607' title='bbox 1696 5301 1906 5380; x_wconf 88' lang='lat' dir='ltr'><strong>praesentium</strong></span> <span class='ocrx_word' id='word_1_608' title='bbox 1938 5305 2100 5366; x_wconf 83' lang='lat' dir='ltr'><strong>confirma-</strong></span> 
     </span>
    </p>

    <p class='ocr_par' dir='ltr' id='par_1_74' title="bbox 1357 5395 2100 5474">
     <span class='ocr_line' id='line_1_113' title="bbox 1357 5395 2100 5474; baseline -0.003 -12"><span class='ocrx_word' id='word_1_609' title='bbox 1357 5415 1427 5462; x_wconf 91' lang='lat' dir='ltr'><strong>mus</strong></span> <span class='ocrx_word' id='word_1_610' title='bbox 1449 5406 1479 5460; x_wconf 90' lang='lat' dir='ltr'><strong>et</strong></span> <span class='ocrx_word' id='word_1_611' title='bbox 1501 5399 1699 5472; x_wconf 84' lang='lat' dir='ltr'><strong>innovemus,</strong></span> <span class='ocrx_word' id='word_1_612' title='bbox 1715 5395 1838 5474; x_wconf 90' lang='lat' dir='ltr'><strong>illisque</strong></span> <span class='ocrx_word' id='word_1_613' title='bbox 1853 5396 2034 5474; x_wconf 72' lang='lat' dir='ltr'><strong>apostolicae</strong></span> <span class='ocrx_word' id='word_1_614' title='bbox 2049 5399 2100 5459; x_wconf 85' lang='lat' dir='ltr'><strong>br·</strong></span> 
     </span>
    </p>

    <p class='ocr_par' dir='ltr' id='par_1_75' title="bbox 1357 5489 2100 5568">
     <span class='ocr_line' id='line_1_114' title="bbox 1357 5489 2100 5568; baseline -0.003 -14"><span class='ocrx_word' id='word_1_615' title='bbox 1357 5493 1472 5555; x_wconf 90' lang='lat' dir='ltr'><strong>mitatis</strong></span> <span class='ocrx_word' id='word_1_616' title='bbox 1498 5491 1576 5565; x_wconf 92' lang='lat' dir='ltr'><strong>vim,</strong></span> <span class='ocrx_word' id='word_1_617' title='bbox 1599 5489 1694 5552; x_wconf 89' lang='lat' dir='ltr'><strong>robur</strong></span> <span class='ocrx_word' id='word_1_618' title='bbox 1715 5496 1745 5550; x_wconf 90' lang='lat' dir='ltr'><strong>et</strong></span> <span class='ocrx_word' id='word_1_619' title='bbox 1767 5489 1930 5552; x_wconf 85' lang='lat' dir='ltr'><strong>eliicaciam</strong></span> <span class='ocrx_word' id='word_1_620' title='bbox 1959 5491 2100 5568; x_wconf 88' lang='lat' dir='ltr'><strong>adiungi-</strong></span> 
     </span>
    </p>

    <p class='ocr_par' dir='ltr' id='par_1_76' title="bbox 1356 5583 2180 5662">
     <span class='ocr_line' id='line_1_115' title="bbox 1356 5583 2180 5662; baseline -0.002 -14"><span class='ocrx_word' id='word_1_621' title='bbox 1356 5603 1438 5661; x_wconf 91' lang='lat' dir='ltr'><strong>mus,</strong></span> <span class='ocrx_word' id='word_1_622' title='bbox 1461 5602 1495 5647; x_wconf 84' lang='lat' dir='ltr'><strong>ac</strong></span> <span class='ocrx_word' id='word_1_623' title='bbox 1516 5583 1620 5646; x_wconf 82' lang='lat' dir='ltr'><strong>literas</strong></span> <span class='ocrx_word' id='word_1_624' title='bbox 1648 5583 1827 5662; x_wconf 83' lang='lat' dir='ltr'><strong>praedictas,</strong></span> <span class='ocrx_word' id='word_1_625' title='bbox 1850 5591 1881 5644; x_wconf 88' lang='lat' dir='ltr'><strong>et</strong></span> <span class='ocrx_word' id='word_1_626' title='bbox 1903 5583 1935 5645; x_wconf 93' lang='lat' dir='ltr'><strong>iu</strong></span> <span class='ocrx_word' id='word_1_627' title='bbox 1962 5585 2006 5645; x_wconf 92' lang='lat' dir='ltr'><strong>eis</strong></span> <span class='ocrx_word' id='word_1_628' title='bbox 2028 5601 2099 5646; x_wconf 91' lang='lat' dir='ltr'><strong>con·</strong></span> <span class='ocrx_word' id='word_1_629' title='bbox 2178 5653 2180 5656; x_wconf 56' lang='grc'><strong>,</strong></span> 
     </span>
    </p>

    <p class='ocr_par' dir='ltr' id='par_1_77' title="bbox 1357 5675 2099 5756">
     <span class='ocr_line' id='line_1_116' title="bbox 1357 5675 2099 5756; baseline -0.003 -16"><span class='ocrx_word' id='word_1_630' title='bbox 1357 5686 1439 5740; x_wconf 83' lang='lat' dir='ltr'><strong>tenta</strong></span> <span class='ocrx_word' id='word_1_631' title='bbox 1461 5693 1687 5756; x_wconf 84' lang='lat' dir='ltr'><strong>quaecumque,</strong></span> <span class='ocrx_word' id='word_1_632' title='bbox 1703 5675 1849 5738; x_wconf 86' lang='lat' dir='ltr'><strong>adversus</strong></span> <span class='ocrx_word' id='word_1_633' title='bbox 1870 5692 2099 5756; x_wconf 87' lang='lat' dir='ltr'><strong>quemcumque.</strong></span> 
     </span>
    </p>

    <p class='ocr_par' dir='ltr' id='par_1_78' title="bbox 1356 5769 2100 5846">
     <span class='ocr_line' id='line_1_117' title="bbox 1356 5769 2100 5846; baseline -0.001 -11"><span class='ocrx_word' id='word_1_634' title='bbox 1356 5789 1419 5836; x_wconf 92' lang='lat' dir='ltr'><strong>non</strong></span> <span class='ocrx_word' id='word_1_635' title='bbox 1442 5786 1545 5846; x_wconf 91' lang='lat' dir='ltr'><strong>usum,</strong></span> <span class='ocrx_word' id='word_1_636' title='bbox 1568 5787 1622 5832; x_wconf 91' lang='lat' dir='ltr'><strong>seu</strong></span> <span class='ocrx_word' id='word_1_637' title='bbox 1644 5769 1895 5845; x_wconf 89' lang='lat' dir='ltr'><strong>desuetudinem,</strong></span> <span class='ocrx_word' id='word_1_638' title='bbox 1911 5778 1942 5832; x_wconf 90' lang='lat' dir='ltr'><strong>et</strong></span> <span class='ocrx_word' id='word_1_639' title='bbox 1963 5771 2100 5834; x_wconf 89' lang='lat' dir='ltr'><strong>inobser-</strong></span> 
     </span>
    </p>

    <p class='ocr_par' dir='ltr' id='par_1_79' title="bbox 1355 5863 2099 5942">
     <span class='ocr_line' id='line_1_118' title="bbox 1355 5863 2099 5942; baseline -0.004 -12"><span class='ocrx_word' id='word_1_640' title='bbox 1355 5867 1504 5942; x_wconf 87' lang='lat' dir='ltr'><strong>vantiem,</strong></span> <span class='ocrx_word' id='word_1_641' title='bbox 1522 5880 1579 5927; x_wconf 92' lang='lat' dir='ltr'><strong>nec</strong></span> <span class='ocrx_word' id='word_1_642' title='bbox 1595 5880 1658 5925; x_wconf 95' lang='lat' dir='ltr'><strong>non</strong></span> <span class='ocrx_word' id='word_1_643' title='bbox 1674 5863 1816 5942; x_wconf 89' lang='lat' dir='ltr'><strong>quemvis</strong></span> <span class='ocrx_word' id='word_1_644' title='bbox 1837 5864 1967 5926; x_wconf 88' lang='lat' dir='ltr'><strong>abusum</strong></span> <span class='ocrx_word' id='word_1_645' title='bbox 1981 5871 2013 5926; x_wconf 91' lang='lat' dir='ltr'><strong>et</strong></span> <span class='ocrx_word' id='word_1_646' title='bbox 2027 5881 2099 5927; x_wconf 91' lang='lat' dir='ltr'><strong>con·</strong></span> 
     </span>
    </p>
   </div>
   <div class='ocr_carea' id='block_1_30' title="bbox 1355 5957 2099 6038">
    <p class='ocr_par' dir='ltr' id='par_1_80' title="bbox 1355 5957 2099 6038">
     <span class='ocr_line' id='line_1_119' title="bbox 1355 5957 2099 6038; baseline -0.004 -14"><span class='ocrx_word' id='word_1_647' title='bbox 1355 5961 1486 6024; x_wconf 88' lang='lat' dir='ltr'><strong>trarium</strong></span> <span class='ocrx_word' id='word_1_648' title='bbox 1518 5973 1623 6033; x_wconf 91' lang='lat' dir='ltr'><strong>usum,</strong></span> <span class='ocrx_word' id='word_1_649' title='bbox 1653 5957 1904 6038; x_wconf 88' lang='lat' dir='ltr'><strong>contrariamque</strong></span> <span class='ocrx_word' id='word_1_650' title='bbox 1934 5959 2099 6022; x_wconf 85' lang='lat' dir='ltr'><strong>observen-</strong></span> 
     </span>
    </p>
   </div>
   <div class='ocr_carea' id='block_1_31' title="bbox 0 0 2374 6962">
    <p class='ocr_par' dir='ltr' id='par_1_81' title="bbox 0 0 2374 6962">
     <span class='ocr_line' id='line_1_120' title="bbox 0 0 2374 6962; baseline 0 3"><span class='ocrx_word' id='word_1_651' title='bbox 0 0 2374 6962; x_wconf 95' lang='lat' dir='ltr'><strong> </strong></span> 
     </span>
    </p>
   </div>
  </div>
 </body>
</html>
