<?xml version="1.0" encoding="UTF-8"?>
<!DOCTYPE html PUBLIC "-//W3C//DTD XHTML 1.0 Transitional//EN"
    "http://www.w3.org/TR/xhtml1/DTD/xhtml1-transitional.dtd">
<html xmlns="http://www.w3.org/1999/xhtml" xml:lang="en" lang="en">
 <head>
  <title>
</title>
<meta http-equiv="Content-Type" content="text/html;charset=utf-8" />
  <meta name='ocr-system' content='tesseract 3.04.00' />
  <meta name='ocr-capabilities' content='ocr_page ocr_carea ocr_par ocr_line ocrx_word'/>
</head>
<body>
  <div class='ocr_page' id='page_1' title='image "./iurispontificii00martgoog_0720.png"; bbox 0 0 4856 7010; ppageno 0'>
   <div class='ocr_carea' id='block_1_1' title="bbox 10 1331 310 1411">
    <p class='ocr_par' dir='ltr' id='par_1_1' title="bbox 10 1331 310 1411">
     <span class='ocr_line' id='line_1_1' title="bbox 10 1331 310 1411; baseline 0 -3"><span class='ocrx_word' id='word_1_1' title='bbox 10 1331 17 1409; x_wconf 38' lang='lat'><strong>¹,</strong></span> <span class='ocrx_word' id='word_1_2' title='bbox 113 1362 256 1411; x_wconf 79' lang='lat' dir='ltr'><strong>Ordinatio</strong></span> <span class='ocrx_word' id='word_1_3' title='bbox 274 1373 310 1408; x_wconf 85' lang='lat' dir='ltr'><strong>se·</strong></span> 
     </span>
    </p>
   </div>
   <div class='ocr_carea' id='block_1_2' title="bbox 11 1417 309 1474">
    <p class='ocr_par' dir='ltr' id='par_1_2' title="bbox 11 1417 309 1474">
     <span class='ocr_line' id='line_1_2' title="bbox 11 1417 309 1474; baseline 0.013 -14"><span class='ocrx_word' id='word_1_4' title='bbox 11 1421 25 1443; x_wconf 87' lang='grc'><strong>-·</strong></span> <span class='ocrx_word' id='word_1_5' title='bbox 86 1417 228 1464; x_wconf 80' lang='lat' dir='ltr'><strong>minarlor.</strong></span> <span class='ocrx_word' id='word_1_6' title='bbox 245 1427 309 1474; x_wconf 86' lang='lat' dir='ltr'><strong>pue-</strong></span> 
     </span>
    </p>
   </div>
   <div class='ocr_carea' id='block_1_3' title="bbox 87 1480 258 1516">
    <p class='ocr_par' dir='ltr' id='par_1_3' title="bbox 87 1480 258 1516">
     <span class='ocr_line' id='line_1_3' title="bbox 87 1480 258 1516; baseline 0.012 -2"><span class='ocrx_word' id='word_1_7' title='bbox 87 1480 189 1516; x_wconf 75' lang='grc' dir='ltr'><strong>ΙὉΠΙΙΠ.</strong></span> <span class='ocrx_word' id='word_1_8' title='bbox 255 1491 258 1498; x_wconf 88' lang='grc'><strong><em>·</em></strong></span> 
     </span>
    </p>
   </div>
   <div class='ocr_carea' id='block_1_4' title="bbox 110 4273 309 4322">
    <p class='ocr_par' dir='ltr' id='par_1_4' title="bbox 110 4273 309 4322">
     <span class='ocr_line' id='line_1_4' title="bbox 110 4273 309 4322; baseline 0.015 -3"><span class='ocrx_word' id='word_1_9' title='bbox 110 4273 218 4320; x_wconf 84' lang='lat' dir='ltr'><strong>Dotatio</strong></span> <span class='ocrx_word' id='word_1_10' title='bbox 232 4284 309 4322; x_wconf 79' lang='lat' dir='ltr'><strong>nove·</strong></span> 
     </span>
    </p>
   </div>
   <div class='ocr_carea' id='block_1_5' title="bbox 89 4326 275 4375">
    <p class='ocr_par' dir='ltr' id='par_1_5' title="bbox 89 4326 275 4375">
     <span class='ocr_line' id='line_1_5' title="bbox 89 4326 275 4375; baseline 0.016 -5"><span class='ocrx_word' id='word_1_11' title='bbox 89 4335 148 4373; x_wconf 85' lang='lat' dir='ltr'><strong>rnna</strong></span> <span class='ocrx_word' id='word_1_12' title='bbox 164 4326 275 4375; x_wconf 84' lang='lat' dir='ltr'><strong>sedium.</strong></span> 
     </span>
    </p>
   </div>
   <div class='ocr_carea' id='block_1_6' title="bbox 993 577 1203 636">
    <p class='ocr_par' dir='ltr' id='par_1_6' title="bbox 993 577 1203 636">
     <span class='ocr_line' id='line_1_6' title="bbox 993 577 1203 636; baseline -0.014 -2"><span class='ocrx_word' id='word_1_13' title='bbox 993 579 1050 636; x_wconf 80' lang='lat' dir='ltr'><strong>cbo</strong></span> <span class='ocrx_word' id='word_1_14' title='bbox 1071 581 1121 636; x_wconf 78' lang='lat' dir='ltr'><strong>Pl’.</strong></span> <span class='ocrx_word' id='word_1_15' title='bbox 1145 577 1203 634; x_wconf 79' lang='lat' dir='ltr'><strong>titt.</strong></span> 
     </span>
    </p>
   </div>
   <div class='ocr_carea' id='block_1_7' title="bbox 325 700 1071 970">
    <p class='ocr_par' dir='ltr' id='par_1_7' title="bbox 325 700 1071 970">
     <span class='ocr_line' id='line_1_7' title="bbox 326 700 1071 787; baseline 0.004 -22"><span class='ocrx_word' id='word_1_16' title='bbox 326 702 487 785; x_wconf 87' lang='lat' dir='ltr'><strong>uentibus)</strong></span> <span class='ocrx_word' id='word_1_17' title='bbox 517 700 752 787; x_wconf 80' lang='lat' dir='ltr'><strong>Archiepiscopo</strong></span> <span class='ocrx_word' id='word_1_18' title='bbox 781 705 917 771; x_wconf 90' lang='lat' dir='ltr'><strong>ladrcnsi</strong></span> <span class='ocrx_word' id='word_1_19' title='bbox 947 723 981 769; x_wconf 92' lang='lat' dir='ltr'><strong>ac</strong></span> <span class='ocrx_word' id='word_1_20' title='bbox 1002 706 1071 785; x_wconf 83' lang='lat' dir='ltr'><strong>Epi-</strong></span> 
     </span>
     <span class='ocr_line' id='line_1_8' title="bbox 325 797 1070 879; baseline 0.003 -21"><span class='ocrx_word' id='word_1_21' title='bbox 325 799 424 877; x_wconf 91' lang='lat' dir='ltr'><strong>scopis</strong></span> <span class='ocrx_word' id='word_1_22' title='bbox 454 797 637 878; x_wconf 77' lang='lat' dir='ltr'><strong>spalatensi,</strong></span> <span class='ocrx_word' id='word_1_23' title='bbox 666 801 832 879; x_wconf 83' lang='lat' dir='ltr'><strong>llagusino,</strong></span> <span class='ocrx_word' id='word_1_24' title='bbox 861 801 1070 878; x_wconf 90' lang='lat' dir='ltr'><strong>Sebenioensi,</strong></span> 
     </span>
     <span class='ocr_line' id='line_1_9' title="bbox 326 889 1071 970; baseline 0.007 -19"><span class='ocrx_word' id='word_1_25' title='bbox 326 889 486 967; x_wconf 73' lang='lat' dir='ltr'><strong>pharensi,</strong></span> <span class='ocrx_word' id='word_1_26' title='bbox 517 893 699 970; x_wconf 85' lang='lat' dir='ltr'><strong>Cattarensi,</strong></span> <span class='ocrx_word' id='word_1_27' title='bbox 722 895 887 959; x_wconf 84' lang='lat' dir='ltr'><strong>Goritiensi</strong></span> <span class='ocrx_word' id='word_1_28' title='bbox 917 911 972 958; x_wconf 90' lang='lat' dir='ltr'><strong>seu</strong></span> <span class='ocrx_word' id='word_1_29' title='bbox 1000 895 1071 958; x_wconf 89' lang='lat' dir='ltr'><strong>Gra·</strong></span> 
     </span>
    </p>
   </div>
   <div class='ocr_carea' id='block_1_8' title="bbox 327 984 2106 1064">
    <p class='ocr_par' dir='ltr' id='par_1_8' title="bbox 327 984 2106 1064">
     <span class='ocr_line' id='line_1_10' title="bbox 327 984 2106 1064; baseline -0.002 -18"><span class='ocrx_word' id='word_1_30' title='bbox 327 984 461 1062; x_wconf 89' lang='lat' dir='ltr'><strong>discano,</strong></span> <span class='ocrx_word' id='word_1_31' title='bbox 485 986 679 1063; x_wconf 76' lang='lat' dir='ltr'><strong>Tergestinu</strong></span> <span class='ocrx_word' id='word_1_32' title='bbox 698 987 864 1051; x_wconf 87' lang='lat' dir='ltr'><strong>Parentino</strong></span> <span class='ocrx_word' id='word_1_33' title='bbox 878 995 909 1050; x_wconf 92' lang='lat' dir='ltr'><strong>et</strong></span> <span class='ocrx_word' id='word_1_34' title='bbox 924 986 1071 1064; x_wconf 75' lang='lat' dir='ltr'>veglensi</span> <span class='ocrx_word' id='word_1_35' title='bbox 1166 987 1254 1062; x_wconf 63' lang='lat' dir='ltr'><strong>§ab</strong></span> <span class='ocrx_word' id='word_1_36' title='bbox 1279 987 1322 1049; x_wconf 88' lang='lat' dir='ltr'><strong>lle</strong></span> <span class='ocrx_word' id='word_1_37' title='bbox 1342 985 1549 1064; x_wconf 90' lang='lat' dir='ltr'><strong>capitulorum</strong></span> <span class='ocrx_word' id='word_1_38' title='bbox 1578 1002 1653 1048; x_wconf 84' lang='lat' dir='ltr'><strong>vero</strong></span> <span class='ocrx_word' id='word_1_39' title='bbox 1682 1001 1777 1049; x_wconf 90' lang='lat' dir='ltr'><strong>censu</strong></span> <span class='ocrx_word' id='word_1_40' title='bbox 1799 985 1873 1046; x_wconf 89' lang='lat' dir='ltr'><strong>haec</strong></span> <span class='ocrx_word' id='word_1_41' title='bbox 1918 995 2020 1042; x_wconf 78' lang='lat' dir='ltr'><strong>notatio</strong></span> <span class='ocrx_word' id='word_1_42' title='bbox 2039 998 2106 1054; x_wconf 76' lang='lat' dir='ltr'><strong>eapr-</strong></span> 
     </span>
    </p>
   </div>
   <div class='ocr_carea' id='block_1_9' title="bbox 324 1079 1074 5095">
    <p class='ocr_par' dir='ltr' id='par_1_9' title="bbox 326 1079 1072 1348">
     <span class='ocr_line' id='line_1_11' title="bbox 326 1079 1071 1159; baseline 0.005 -19"><span class='ocrx_word' id='word_1_43' title='bbox 326 1093 382 1156; x_wconf 93' lang='lat' dir='ltr'><strong>pro</strong></span> <span class='ocrx_word' id='word_1_44' title='bbox 403 1079 467 1141; x_wconf 89' lang='lat' dir='ltr'><strong>suis</strong></span> <span class='ocrx_word' id='word_1_45' title='bbox 495 1079 664 1159; x_wconf 80' lang='lat' dir='ltr'><strong>respective</strong></span> <span class='ocrx_word' id='word_1_46' title='bbox 695 1082 821 1144; x_wconf 89' lang='lat' dir='ltr'><strong>civitate</strong></span> <span class='ocrx_word' id='word_1_47' title='bbox 848 1090 880 1145; x_wconf 90' lang='lat' dir='ltr'><strong>et</strong></span> <span class='ocrx_word' id='word_1_48' title='bbox 903 1082 1071 1156; x_wconf 87' lang='lat' dir='ltr'><strong>territorio,</strong></span> 
     </span>
     <span class='ocr_line' id='line_1_12' title="bbox 326 1171 1072 1254; baseline 0 -20"><span class='ocrx_word' id='word_1_49' title='bbox 326 1171 468 1248; x_wconf 89' lang='lat' dir='ltr'><strong>dioecesi,</strong></span> <span class='ocrx_word' id='word_1_50' title='bbox 484 1172 567 1236; x_wconf 91' lang='lat' dir='ltr'><strong>clero</strong></span> <span class='ocrx_word' id='word_1_51' title='bbox 588 1191 620 1237; x_wconf 90' lang='lat' dir='ltr'><strong>ac</strong></span> <span class='ocrx_word' id='word_1_52' title='bbox 641 1174 756 1252; x_wconf 92' lang='lat' dir='ltr'><strong>populo</strong></span> <span class='ocrx_word' id='word_1_53' title='bbox 771 1181 920 1254; x_wconf 85' lang='lat' dir='ltr'><strong>perpetuo</strong></span> <span class='ocrx_word' id='word_1_54' title='bbox 935 1173 1072 1250; x_wconf 86' lang='lat' dir='ltr'><strong>adsigna·</strong></span> 
     </span>
     <span class='ocr_line' id='line_1_13' title="bbox 327 1267 960 1348; baseline -0.002 -21"><span class='ocrx_word' id='word_1_55' title='bbox 327 1281 409 1339; x_wconf 91' lang='lat' dir='ltr'><strong>mus,</strong></span> <span class='ocrx_word' id='word_1_56' title='bbox 431 1267 636 1345; x_wconf 76' lang='lat' dir='ltr'><strong>supponimus</strong></span> <span class='ocrx_word' id='word_1_57' title='bbox 657 1277 749 1348; x_wconf 84' lang='lat' dir='ltr'><strong>atque</strong></span> <span class='ocrx_word' id='word_1_58' title='bbox 768 1268 960 1331; x_wconf 81' lang='lat' dir='ltr'><strong>subiicimus</strong></span> 
     </span>
    </p>

    <p class='ocr_par' dir='ltr' id='par_1_10' title="bbox 325 1359 1074 4251">
     <span class='ocr_line' id='line_1_14' title="bbox 367 1359 1072 1439; baseline 0 -17"><span class='ocrx_word' id='word_1_59' title='bbox 367 1361 456 1436; x_wconf 70' lang='lat'><strong>522.</strong></span> <span class='ocrx_word' id='word_1_60' title='bbox 480 1360 650 1424; x_wconf 81' lang='lat' dir='ltr'><strong>seminaria</strong></span> <span class='ocrx_word' id='word_1_61' title='bbox 679 1376 849 1439; x_wconf 89' lang='lat' dir='ltr'><strong>puerorum</strong></span> <span class='ocrx_word' id='word_1_62' title='bbox 872 1359 1072 1424; x_wconf 86' lang='lat' dir='ltr'><strong>ecclesiastica</strong></span> 
     </span>
     <span class='ocr_line' id='line_1_15' title="bbox 329 1453 1072 1532; baseline 0.001 -17"><span class='ocrx_word' id='word_1_63' title='bbox 329 1453 438 1516; x_wconf 91' lang='lat' dir='ltr'><strong>idoneo</strong></span> <span class='ocrx_word' id='word_1_64' title='bbox 459 1469 553 1518; x_wconf 87' lang='lat' dir='ltr'><strong>censu</strong></span> <span class='ocrx_word' id='word_1_65' title='bbox 573 1470 613 1516; x_wconf 80' lang='lat' dir='ltr'><strong>cr</strong></span> <span class='ocrx_word' id='word_1_66' title='bbox 632 1470 669 1518; x_wconf 86' lang='lat' dir='ltr'><strong>eo</strong></span> <span class='ocrx_word' id='word_1_67' title='bbox 689 1454 771 1532; x_wconf 83' lang='lat' dir='ltr'><strong>quod</strong></span> <span class='ocrx_word' id='word_1_68' title='bbox 791 1456 823 1518; x_wconf 89' lang='lat' dir='ltr'><strong>in</strong></span> <span class='ocrx_word' id='word_1_69' title='bbox 839 1456 885 1518; x_wconf 90' lang='lat' dir='ltr'><strong>rei</strong></span> <span class='ocrx_word' id='word_1_70' title='bbox 898 1471 1000 1518; x_wconf 88' lang='lat' dir='ltr'><strong>sacrae</strong></span> <span class='ocrx_word' id='word_1_71' title='bbox 1015 1453 1072 1516; x_wconf 92' lang='lat' dir='ltr'><strong>im·</strong></span> 
     </span>
     <span class='ocr_line' id='line_1_16' title="bbox 328 1546 1073 1627; baseline -0.001 -17"><span class='ocrx_word' id='word_1_72' title='bbox 328 1564 436 1627; x_wconf 91' lang='lat' dir='ltr'><strong>pensas</strong></span> <span class='ocrx_word' id='word_1_73' title='bbox 457 1546 626 1626; x_wconf 90' lang='lat' dir='ltr'><strong>imperialis</strong></span> <span class='ocrx_word' id='word_1_74' title='bbox 648 1556 679 1610; x_wconf 89' lang='lat' dir='ltr'><strong>et</strong></span> <span class='ocrx_word' id='word_1_75' title='bbox 694 1549 778 1625; x_wconf 85' lang='lat' dir='ltr'><strong>regia</strong></span> <span class='ocrx_word' id='word_1_76' title='bbox 793 1549 936 1612; x_wconf 89' lang='lat' dir='ltr'><strong>maiestas</strong></span> <span class='ocrx_word' id='word_1_77' title='bbox 949 1565 1003 1610; x_wconf 89' lang='lat' dir='ltr'><strong>sua</strong></span> <span class='ocrx_word' id='word_1_78' title='bbox 1019 1547 1073 1609; x_wconf 91' lang='lat' dir='ltr'><strong>tri-</strong></span> 
     </span>
     <span class='ocr_line' id='line_1_17' title="bbox 327 1634 1072 1721; baseline 0.001 -17"><span class='ocrx_word' id='word_1_79' title='bbox 327 1643 439 1705; x_wconf 90' lang='lat' dir='ltr'><strong>butum</strong></span> <span class='ocrx_word' id='word_1_80' title='bbox 463 1642 575 1718; x_wconf 86' lang='lat' dir='ltr'><strong>voluit,</strong></span> <span class='ocrx_word' id='word_1_81' title='bbox 598 1649 773 1721; x_wconf 78' lang='lat' dir='ltr'><strong>opportune</strong></span> <span class='ocrx_word' id='word_1_82' title='bbox 801 1643 924 1707; x_wconf 91' lang='lat' dir='ltr'><strong>ditanda</strong></span> <span class='ocrx_word' id='word_1_83' title='bbox 951 1634 983 1704; x_wconf 87' lang='lat' dir='ltr'><strong>in</strong></span> <span class='ocrx_word' id='word_1_84' title='bbox 1008 1658 1072 1705; x_wconf 91' lang='lat' dir='ltr'><strong>me·</strong></span> 
     </span>
     <span class='ocr_line' id='line_1_18' title="bbox 327 1734 1074 1814; baseline -0.001 -17"><span class='ocrx_word' id='word_1_85' title='bbox 327 1735 510 1814; x_wconf 88' lang='lat' dir='ltr'><strong>tropolitana</strong></span> <span class='ocrx_word' id='word_1_86' title='bbox 538 1734 674 1798; x_wconf 86' lang='lat' dir='ltr'><strong>ladrcnsi</strong></span> <span class='ocrx_word' id='word_1_87' title='bbox 700 1743 730 1799; x_wconf 91' lang='lat' dir='ltr'><strong>et</strong></span> <span class='ocrx_word' id='word_1_88' title='bbox 758 1737 790 1797; x_wconf 93' lang='lat' dir='ltr'><strong>in</strong></span> <span class='ocrx_word' id='word_1_89' title='bbox 814 1735 975 1814; x_wconf 91' lang='lat' dir='ltr'><strong>episcopali</strong></span> <span class='ocrx_word' id='word_1_90' title='bbox 1002 1734 1074 1812; x_wconf 87' lang='lat' dir='ltr'><strong>spa-</strong></span> 
     </span>
     <span class='ocr_line' id='line_1_19' title="bbox 327 1827 1072 1905; baseline 0 -15"><span class='ocrx_word' id='word_1_91' title='bbox 327 1828 437 1891; x_wconf 88' lang='lat' dir='ltr'><strong>latensi</strong></span> <span class='ocrx_word' id='word_1_92' title='bbox 459 1829 594 1891; x_wconf 89' lang='lat' dir='ltr'><strong>ecclesiis</strong></span> <span class='ocrx_word' id='word_1_93' title='bbox 624 1828 866 1905; x_wconf 68' lang='lat' dir='ltr'><strong>constituentur,</strong></span> <span class='ocrx_word' id='word_1_94' title='bbox 897 1837 931 1891; x_wconf 92' lang='lat' dir='ltr'><strong>ut</strong></span> <span class='ocrx_word' id='word_1_95' title='bbox 959 1827 1072 1891; x_wconf 91' lang='lat' dir='ltr'><strong>ibidem</strong></span> 
     </span>
     <span class='ocr_line' id='line_1_20' title="bbox 327 1921 1073 2002; baseline -0.003 -19"><span class='ocrx_word' id='word_1_96' title='bbox 327 1921 413 1984; x_wconf 84' lang='lat' dir='ltr'><strong>iuxta</strong></span> <span class='ocrx_word' id='word_1_97' title='bbox 428 1921 557 1987; x_wconf 82' lang='lat' dir='ltr'><strong>Consilii</strong></span> <span class='ocrx_word' id='word_1_98' title='bbox 572 1921 746 1985; x_wconf 83' lang='lat' dir='ltr'><strong>Tridentini</strong></span> <span class='ocrx_word' id='word_1_99' title='bbox 760 1922 1014 2002; x_wconf 84' lang='lat' dir='ltr'><strong>praescriptiones</strong></span> <span class='ocrx_word' id='word_1_100' title='bbox 1029 1937 1073 1982; x_wconf 87' lang='lat' dir='ltr'><strong>sa-</strong></span> 
     </span>
     <span class='ocr_line' id='line_1_21' title="bbox 326 2015 1073 2094; baseline -0.003 -16"><span class='ocrx_word' id='word_1_101' title='bbox 326 2018 386 2079; x_wconf 80' lang='lat' dir='ltr'><strong>cris</strong></span> <span class='ocrx_word' id='word_1_102' title='bbox 417 2015 585 2094; x_wconf 92' lang='lat' dir='ltr'><strong>disciplinis</strong></span> <span class='ocrx_word' id='word_1_103' title='bbox 612 2016 647 2078; x_wconf 91' lang='lat' dir='ltr'><strong>ad</strong></span> <span class='ocrx_word' id='word_1_104' title='bbox 673 2016 875 2078; x_wconf 88' lang='lat' dir='ltr'><strong>ecclesiastica</strong></span> <span class='ocrx_word' id='word_1_105' title='bbox 901 2015 1073 2078; x_wconf 85' lang='lat' dir='ltr'><strong>ministeria</strong></span> 
     </span>
     <span class='ocr_line' id='line_1_22' title="bbox 327 2108 1071 2184; baseline 0 -14"><span class='ocrx_word' id='word_1_106' title='bbox 327 2110 387 2172; x_wconf 89' lang='lat' dir='ltr'><strong>rite</strong></span> <span class='ocrx_word' id='word_1_107' title='bbox 408 2109 603 2184; x_wconf 88' lang='lat' dir='ltr'><strong>erudiantur,</strong></span> <span class='ocrx_word' id='word_1_108' title='bbox 620 2110 737 2172; x_wconf 88' lang='lat' dir='ltr'><strong>nedum</strong></span> <span class='ocrx_word' id='word_1_109' title='bbox 752 2108 925 2172; x_wconf 87' lang='lat' dir='ltr'><strong>dioecesani</strong></span> <span class='ocrx_word' id='word_1_110' title='bbox 939 2109 1071 2184; x_wconf 86' lang='lat' dir='ltr'><strong>alumni,</strong></span> 
     </span>
     <span class='ocr_line' id='line_1_23' title="bbox 325 2202 1072 2278; baseline 0 -12"><span class='ocrx_word' id='word_1_111' title='bbox 325 2205 378 2267; x_wconf 87' lang='lat' dir='ltr'><strong>sed</strong></span> <span class='ocrx_word' id='word_1_112' title='bbox 396 2205 491 2266; x_wconf 88' lang='lat' dir='ltr'><strong>ctiam</strong></span> <span class='ocrx_word' id='word_1_113' title='bbox 505 2203 636 2266; x_wconf 91' lang='lat' dir='ltr'><strong>aliarum</strong></span> <span class='ocrx_word' id='word_1_114' title='bbox 651 2202 839 2266; x_wconf 83' lang='lat' dir='ltr'><strong>dioecesium</strong></span> <span class='ocrx_word' id='word_1_115' title='bbox 854 2202 1072 2278; x_wconf 91' lang='lat' dir='ltr'><strong>adolescentes,</strong></span> 
     </span>
     <span class='ocr_line' id='line_1_24' title="bbox 327 2295 1073 2377; baseline -0.007 -14"><span class='ocrx_word' id='word_1_116' title='bbox 327 2313 405 2377; x_wconf 82' lang='lat' dir='ltr'><strong>qliae</strong></span> <span class='ocrx_word' id='word_1_117' title='bbox 425 2297 592 2360; x_wconf 87' lang='lat' dir='ltr'><strong>seminario</strong></span> <span class='ocrx_word' id='word_1_118' title='bbox 613 2303 746 2371; x_wconf 87' lang='lat' dir='ltr'><strong>careant,</strong></span> <span class='ocrx_word' id='word_1_119' title='bbox 765 2297 885 2370; x_wconf 88' lang='lat' dir='ltr'><strong>iisdem,</strong></span> <span class='ocrx_word' id='word_1_120' title='bbox 908 2295 1006 2375; x_wconf 86' lang='lat' dir='ltr'><strong>quoad</strong></span> <span class='ocrx_word' id='word_1_121' title='bbox 1028 2297 1073 2358; x_wconf 85' lang='lat' dir='ltr'><strong>vi·</strong></span> 
     </span>
     <span class='ocr_line' id='line_1_25' title="bbox 327 2389 1073 2469; baseline 0 -17"><span class='ocrx_word' id='word_1_122' title='bbox 327 2407 376 2452; x_wconf 89' lang='lat' dir='ltr'><strong>res</strong></span> <span class='ocrx_word' id='word_1_123' title='bbox 397 2397 572 2469; x_wconf 90' lang='lat' dir='ltr'><strong>suppetant,</strong></span> <span class='ocrx_word' id='word_1_124' title='bbox 595 2389 752 2452; x_wconf 82' lang='lat' dir='ltr'><strong>favoribus</strong></span> <span class='ocrx_word' id='word_1_125' title='bbox 773 2407 806 2453; x_wconf 90' lang='lat' dir='ltr'><strong>ac</strong></span> <span class='ocrx_word' id='word_1_126' title='bbox 826 2390 995 2453; x_wconf 89' lang='lat' dir='ltr'><strong>dioecesani</strong></span> <span class='ocrx_word' id='word_1_127' title='bbox 1017 2404 1073 2467; x_wconf 91' lang='lat' dir='ltr'><strong>pro</strong></span> 
     </span>
     <span class='ocr_line' id='line_1_26' title="bbox 327 2483 1074 2562; baseline -0.003 -16"><span class='ocrx_word' id='word_1_128' title='bbox 327 2485 539 2562; x_wconf 89' lang='lat' dir='ltr'><strong>impensarum</strong></span> <span class='ocrx_word' id='word_1_129' title='bbox 560 2483 780 2546; x_wconf 87' lang='lat' dir='ltr'><strong>imminutione</strong></span> <span class='ocrx_word' id='word_1_130' title='bbox 802 2483 996 2562; x_wconf 89' lang='lat' dir='ltr'><strong>protegendi,</strong></span> <span class='ocrx_word' id='word_1_131' title='bbox 1016 2483 1074 2546; x_wconf 89' lang='lat' dir='ltr'><strong>Go-</strong></span> 
     </span>
     <span class='ocr_line' id='line_1_27' title="bbox 327 2577 1072 2654; baseline 0 -16"><span class='ocrx_word' id='word_1_132' title='bbox 327 2577 463 2640; x_wconf 87' lang='lat' dir='ltr'><strong>ritiensis</strong></span> <span class='ocrx_word' id='word_1_133' title='bbox 482 2585 587 2642; x_wconf 89' lang='lat' dir='ltr'><strong>antem</strong></span> <span class='ocrx_word' id='word_1_134' title='bbox 602 2594 657 2640; x_wconf 91' lang='lat' dir='ltr'><strong>seu</strong></span> <span class='ocrx_word' id='word_1_135' title='bbox 671 2577 863 2653; x_wconf 83' lang='lat' dir='ltr'><strong>Gradiscano,</strong></span> <span class='ocrx_word' id='word_1_136' title='bbox 879 2577 1072 2654; x_wconf 84' lang='lat' dir='ltr'><strong>Tergestina,</strong></span> 
     </span>
     <span class='ocr_line' id='line_1_28' title="bbox 328 2669 1073 2750; baseline 0 -18"><span class='ocrx_word' id='word_1_137' title='bbox 328 2671 502 2747; x_wconf 87' lang='lat' dir='ltr'><strong>Parentina,</strong></span> <span class='ocrx_word' id='word_1_138' title='bbox 526 2679 557 2733; x_wconf 89' lang='lat' dir='ltr'><strong>et</strong></span> <span class='ocrx_word' id='word_1_139' title='bbox 585 2669 748 2748; x_wconf 80' lang='lat' dir='ltr'><strong>veglensis</strong></span> <span class='ocrx_word' id='word_1_140' title='bbox 777 2670 921 2734; x_wconf 88' lang='lat' dir='ltr'><strong>ecclesiae</strong></span> <span class='ocrx_word' id='word_1_141' title='bbox 952 2670 1073 2750; x_wconf 88' lang='lat' dir='ltr'><strong>propria</strong></span> 
     </span>
     <span class='ocr_line' id='line_1_29' title="bbox 326 2759 1072 2844; baseline 0.001 -17"><span class='ocrx_word' id='word_1_142' title='bbox 326 2766 511 2829; x_wconf 86' lang='lat' dir='ltr'><strong>retinebunt</strong></span> <span class='ocrx_word' id='word_1_143' title='bbox 532 2759 713 2841; x_wconf 68' lang='lat' dir='ltr'><strong>seminaria(</strong></span> <span class='ocrx_word' id='word_1_144' title='bbox 724 2781 860 2844; x_wconf 88' lang='lat' dir='ltr'><strong>quorum</strong></span> <span class='ocrx_word' id='word_1_145' title='bbox 881 2765 1020 2829; x_wconf 89' lang='lat' dir='ltr'><strong>redditus</strong></span> <span class='ocrx_word' id='word_1_146' title='bbox 1035 2781 1072 2828; x_wconf 80' lang='lat' dir='ltr'><strong>ex</strong></span> 
     </span>
     <span class='ocr_line' id='line_1_30' title="bbox 326 2857 1074 2923; baseline -0.004 0"><span class='ocrx_word' id='word_1_147' title='bbox 326 2858 473 2923; x_wconf 88' lang='lat' dir='ltr'><strong>uniendis</strong></span> <span class='ocrx_word' id='word_1_148' title='bbox 486 2860 674 2923; x_wconf 83' lang='lat' dir='ltr'><strong>adiecturum</strong></span> <span class='ocrx_word' id='word_1_149' title='bbox 689 2859 888 2922; x_wconf 87' lang='lat' dir='ltr'><strong>ecclesiarum</strong></span> <span class='ocrx_word' id='word_1_150' title='bbox 902 2857 1074 2922; x_wconf 88' lang='lat' dir='ltr'><strong>seminariis</strong></span> 
     </span>
     <span class='ocr_line' id='line_1_31' title="bbox 326 2951 1073 3031; baseline 0.003 -18"><span class='ocrx_word' id='word_1_151' title='bbox 326 2954 536 3031; x_wconf 86' lang='lat' dir='ltr'><strong>augebuntur.</strong></span> <span class='ocrx_word' id='word_1_152' title='bbox 566 2953 599 3014; x_wconf 94' lang='lat' dir='ltr'><strong>ln</strong></span> <span class='ocrx_word' id='word_1_153' title='bbox 627 2951 807 3014; x_wconf 91' lang='lat' dir='ltr'><strong>huiusmodi</strong></span> <span class='ocrx_word' id='word_1_154' title='bbox 833 2953 1073 3015; x_wconf 88' lang='lat' dir='ltr'><strong>seminariorum</strong></span> 
     </span>
     <span class='ocr_line' id='line_1_32' title="bbox 327 3044 1072 3126; baseline 0 -16"><span class='ocrx_word' id='word_1_155' title='bbox 327 3047 493 3126; x_wconf 88' lang='lat' dir='ltr'><strong>regimine,</strong></span> <span class='ocrx_word' id='word_1_156' title='bbox 516 3054 584 3109; x_wconf 91' lang='lat' dir='ltr'><strong>tom</strong></span> <span class='ocrx_word' id='word_1_157' title='bbox 613 3044 712 3124; x_wconf 85' lang='lat' dir='ltr'><strong>quoad</strong></span> <span class='ocrx_word' id='word_1_158' title='bbox 734 3053 850 3107; x_wconf 87' lang='lat' dir='ltr'><strong>rectam</strong></span> <span class='ocrx_word' id='word_1_159' title='bbox 870 3045 1072 3110; x_wconf 90' lang='lat' dir='ltr'><strong>alumnorum</strong></span> 
     </span>
     <span class='ocr_line' id='line_1_33' title="bbox 326 3138 1073 3220; baseline -0.001 -17"><span class='ocrx_word' id='word_1_160' title='bbox 326 3141 565 3205; x_wconf 85' lang='lat' dir='ltr'><strong>instructionem</strong></span> <span class='ocrx_word' id='word_1_161' title='bbox 587 3155 621 3202; x_wconf 92' lang='lat' dir='ltr'><strong>ac</strong></span> <span class='ocrx_word' id='word_1_162' title='bbox 643 3138 847 3216; x_wconf 88' lang='lat' dir='ltr'><strong>disciplinam,</strong></span> <span class='ocrx_word' id='word_1_163' title='bbox 876 3145 943 3201; x_wconf 91' lang='lat' dir='ltr'><strong>tum</strong></span> <span class='ocrx_word' id='word_1_164' title='bbox 973 3138 1073 3220; x_wconf 86' lang='lat' dir='ltr'><strong>quoad</strong></span> 
     </span>
     <span class='ocr_line' id='line_1_34' title="bbox 327 3232 1072 3312; baseline -0.003 -14"><span class='ocrx_word' id='word_1_165' title='bbox 327 3235 437 3298; x_wconf 90' lang='lat' dir='ltr'><strong>utilem</strong></span> <span class='ocrx_word' id='word_1_166' title='bbox 458 3249 567 3296; x_wconf 89' lang='lat' dir='ltr'><strong>census</strong></span> <span class='ocrx_word' id='word_1_167' title='bbox 593 3232 843 3310; x_wconf 88' lang='lat' dir='ltr'><strong>procurationem</strong></span> <span class='ocrx_word' id='word_1_168' title='bbox 870 3233 937 3295; x_wconf 89' lang='lat' dir='ltr'><strong>iura</strong></span> <span class='ocrx_word' id='word_1_169' title='bbox 959 3235 1072 3312; x_wconf 90' lang='lat' dir='ltr'><strong>cpisco-</strong></span> 
     </span>
     <span class='ocr_line' id='line_1_35' title="bbox 326 3325 1073 3408; baseline -0.001 -18"><span class='ocrx_word' id='word_1_170' title='bbox 326 3343 438 3408; x_wconf 91' lang='lat' dir='ltr'><strong>porum</strong></span> <span class='ocrx_word' id='word_1_171' title='bbox 458 3329 494 3390; x_wconf 94' lang='lat' dir='ltr'><strong>ad</strong></span> <span class='ocrx_word' id='word_1_172' title='bbox 523 3326 655 3388; x_wconf 89' lang='lat' dir='ltr'><strong>lormam</strong></span> <span class='ocrx_word' id='word_1_173' title='bbox 686 3325 816 3389; x_wconf 87' lang='lat' dir='ltr'><strong>Concilii</strong></span> <span class='ocrx_word' id='word_1_174' title='bbox 845 3325 1020 3389; x_wconf 84' lang='lat' dir='ltr'><strong>Tridentini</strong></span> <span class='ocrx_word' id='word_1_175' title='bbox 1043 3336 1073 3390; x_wconf 89' lang='lat' dir='ltr'><strong>et</strong></span> 
     </span>
     <span class='ocr_line' id='line_1_36' title="bbox 326 3419 1072 3502; baseline 0.004 -20"><span class='ocrx_word' id='word_1_176' title='bbox 326 3420 561 3502; x_wconf 89' lang='lat' dir='ltr'><strong>apostolicarum</strong></span> <span class='ocrx_word' id='word_1_177' title='bbox 592 3419 854 3483; x_wconf 89' lang='lat' dir='ltr'><strong>constitutionum</strong></span> <span class='ocrx_word' id='word_1_178' title='bbox 883 3426 964 3482; x_wconf 92' lang='lat' dir='ltr'><strong>sarta</strong></span> <span class='ocrx_word' id='word_1_179' title='bbox 993 3426 1072 3484; x_wconf 88' lang='lat' dir='ltr'><strong>tecta</strong></span> 
     </span>
     <span class='ocr_line' id='line_1_37' title="bbox 326 3513 1074 3594; baseline -0.003 -16"><span class='ocrx_word' id='word_1_180' title='bbox 326 3515 509 3578; x_wconf 89' lang='lat' dir='ltr'><strong>manebunt.</strong></span> <span class='ocrx_word' id='word_1_181' title='bbox 518 3513 644 3578; x_wconf 89' lang='lat' dir='ltr'><strong>lllarum</strong></span> <span class='ocrx_word' id='word_1_182' title='bbox 657 3514 783 3592; x_wconf 89' lang='lat' dir='ltr'><strong>iusuper</strong></span> <span class='ocrx_word' id='word_1_183' title='bbox 794 3514 990 3577; x_wconf 89' lang='lat' dir='ltr'><strong>ecclesiarum</strong></span> <span class='ocrx_word' id='word_1_184' title='bbox 1002 3514 1074 3594; x_wconf 86' lang='lat' dir='ltr'><strong>Epi·</strong></span> 
     </span>
     <span class='ocr_line' id='line_1_38' title="bbox 326 3608 1072 3688; baseline -0.003 -16"><span class='ocrx_word' id='word_1_185' title='bbox 326 3609 420 3687; x_wconf 91' lang='lat' dir='ltr'><strong>scopi,</strong></span> <span class='ocrx_word' id='word_1_186' title='bbox 443 3625 521 3688; x_wconf 87' lang='lat' dir='ltr'><strong>quae</strong></span> <span class='ocrx_word' id='word_1_187' title='bbox 540 3608 714 3671; x_wconf 87' lang='lat' dir='ltr'><strong>seminariis</strong></span> <span class='ocrx_word' id='word_1_188' title='bbox 728 3615 845 3680; x_wconf 90' lang='lat' dir='ltr'><strong>carent,</strong></span> <span class='ocrx_word' id='word_1_189' title='bbox 862 3614 1010 3686; x_wconf 86' lang='lat' dir='ltr'><strong>poterunt</strong></span> <span class='ocrx_word' id='word_1_190' title='bbox 1024 3623 1072 3670; x_wconf 92' lang='lat' dir='ltr'><strong>ea-</strong></span> 
     </span>
     <span class='ocr_line' id='line_1_39' title="bbox 326 3699 1072 3780; baseline 0.001 -16"><span class='ocrx_word' id='word_1_191' title='bbox 326 3703 398 3766; x_wconf 91' lang='lat' dir='ltr'><strong>dem</strong></span> <span class='ocrx_word' id='word_1_192' title='bbox 420 3699 552 3778; x_wconf 87' lang='lat' dir='ltr'><strong>ersgere,</strong></span> <span class='ocrx_word' id='word_1_193' title='bbox 575 3702 600 3764; x_wconf 90' lang='lat' dir='ltr'><strong>si</strong></span> <span class='ocrx_word' id='word_1_194' title='bbox 622 3701 705 3763; x_wconf 86' lang='lat' dir='ltr'><strong>vires</strong></span> <span class='ocrx_word' id='word_1_195' title='bbox 724 3707 900 3780; x_wconf 89' lang='lat' dir='ltr'><strong>suppetant,</strong></span> <span class='ocrx_word' id='word_1_196' title='bbox 919 3703 1000 3766; x_wconf 88' lang='lat' dir='ltr'><strong>haud</strong></span> <span class='ocrx_word' id='word_1_197' title='bbox 1021 3704 1072 3765; x_wconf 86' lang='lat' dir='ltr'><strong>ab</strong></span> 
     </span>
     <span class='ocr_line' id='line_1_40' title="bbox 326 3794 1074 3875; baseline -0.005 -14"><span class='ocrx_word' id='word_1_198' title='bbox 326 3803 445 3861; x_wconf 88' lang='lat' dir='ltr'><strong>noento</strong></span> <span class='ocrx_word' id='word_1_199' title='bbox 465 3810 521 3874; x_wconf 87' lang='lat' dir='ltr'><strong>pro</strong></span> <span class='ocrx_word' id='word_1_200' title='bbox 541 3811 597 3858; x_wconf 92' lang='lat' dir='ltr'><strong>suo</strong></span> <span class='ocrx_word' id='word_1_201' title='bbox 618 3794 740 3875; x_wconf 88' lang='lat' dir='ltr'><strong>pietatis</strong></span> <span class='ocrx_word' id='word_1_202' title='bbox 761 3795 862 3858; x_wconf 91' lang='lat' dir='ltr'><strong>studio</strong></span> <span class='ocrx_word' id='word_1_203' title='bbox 876 3795 1074 3858; x_wconf 82' lang='lat' dir='ltr'><strong>serenissimo</strong></span> 
     </span>
     <span class='ocr_line' id='line_1_41' title="bbox 327 3889 1074 3969; baseline 0 -16"><span class='ocrx_word' id='word_1_204' title='bbox 327 3889 524 3969; x_wconf 88' lang='lat' dir='ltr'><strong>imperatore,</strong></span> <span class='ocrx_word' id='word_1_205' title='bbox 546 3905 579 3952; x_wconf 92' lang='lat' dir='ltr'><strong>ac</strong></span> <span class='ocrx_word' id='word_1_206' title='bbox 606 3889 760 3966; x_wconf 87' lang='lat' dir='ltr'><strong>religione</strong></span> <span class='ocrx_word' id='word_1_207' title='bbox 779 3891 814 3950; x_wconf 91' lang='lat' dir='ltr'><strong>in</strong></span> <span class='ocrx_word' id='word_1_208' title='bbox 836 3891 866 3952; x_wconf 93' lang='lat' dir='ltr'><strong>id</strong></span> <span class='ocrx_word' id='word_1_209' title='bbox 892 3890 1074 3953; x_wconf 91' lang='lat' dir='ltr'><strong>connitente</strong></span> 
     </span>
     <span class='ocr_line' id='line_1_42' title="bbox 326 3982 1073 4063; baseline -0.003 -15"><span class='ocrx_word' id='word_1_210' title='bbox 326 3984 478 4061; x_wconf 85' lang='lat' dir='ltr'><strong>fidelium,</strong></span> <span class='ocrx_word' id='word_1_211' title='bbox 501 3983 614 4063; x_wconf 87' lang='lat' dir='ltr'><strong>quibus</strong></span> <span class='ocrx_word' id='word_1_212' title='bbox 643 3982 776 4047; x_wconf 88' lang='lat' dir='ltr'><strong>liberum</strong></span> <span class='ocrx_word' id='word_1_213' title='bbox 798 3983 857 4046; x_wconf 88' lang='lat' dir='ltr'><strong>erit</strong></span> <span class='ocrx_word' id='word_1_214' title='bbox 887 4000 949 4063; x_wconf 85' lang='lat' dir='ltr'><strong>quo</strong></span> <span class='ocrx_word' id='word_1_215' title='bbox 970 3984 1073 4048; x_wconf 83' lang='lat' dir='ltr'><strong>lubeat</strong></span> 
     </span>
     <span class='ocr_line' id='line_1_43' title="bbox 325 4076 1074 4154; baseline -0.004 -11"><span class='ocrx_word' id='word_1_216' title='bbox 325 4087 395 4143; x_wconf 88' lang='lat' dir='ltr'><strong>actu</strong></span> <span class='ocrx_word' id='word_1_217' title='bbox 416 4077 590 4140; x_wconf 88' lang='lat' dir='ltr'><strong>seminariis</strong></span> <span class='ocrx_word' id='word_1_218' title='bbox 611 4076 661 4139; x_wconf 87' lang='lat' dir='ltr'><strong>vel</strong></span> <span class='ocrx_word' id='word_1_219' title='bbox 676 4077 832 4154; x_wconf 78' lang='lat' dir='ltr'><strong>erigendis</strong></span> <span class='ocrx_word' id='word_1_220' title='bbox 846 4077 898 4140; x_wconf 86' lang='lat' dir='ltr'><strong>vel</strong></span> <span class='ocrx_word' id='word_1_221' title='bbox 911 4093 1006 4140; x_wconf 90' lang='lat' dir='ltr'><strong>censu</strong></span> <span class='ocrx_word' id='word_1_222' title='bbox 1021 4095 1074 4140; x_wconf 90' lang='lat' dir='ltr'><strong>au·</strong></span> 
     </span>
     <span class='ocr_line' id='line_1_44' title="bbox 327 4171 628 4251; baseline -0.017 -15"><span class='ocrx_word' id='word_1_223' title='bbox 327 4173 436 4251; x_wconf 89' lang='lat' dir='ltr'><strong>gendis</strong></span> <span class='ocrx_word' id='word_1_224' title='bbox 457 4171 628 4234; x_wconf 88' lang='lat' dir='ltr'><strong>consulere.</strong></span> 
     </span>
    </p>

    <p class='ocr_par' dir='ltr' id='par_1_11' title="bbox 324 4266 1074 5095">
     <span class='ocr_line' id='line_1_45' title="bbox 367 4266 1074 4346; baseline 0 -16"><span class='ocrx_word' id='word_1_225' title='bbox 367 4266 456 4342; x_wconf 72' lang='lat'><strong>523.</strong></span> <span class='ocrx_word' id='word_1_226' title='bbox 481 4266 528 4328; x_wconf 72' lang='lat' dir='ltr'><strong>Ex&#39;</strong></span> <span class='ocrx_word' id='word_1_227' title='bbox 549 4266 791 4343; x_wconf 85' lang='lat' dir='ltr'><strong>episcopatuum,</strong></span> <span class='ocrx_word' id='word_1_228' title='bbox 813 4267 1020 4346; x_wconf 90' lang='lat' dir='ltr'><strong>capitulorum</strong></span> <span class='ocrx_word' id='word_1_229' title='bbox 1042 4273 1074 4337; x_wconf 84' lang='lat' dir='ltr'><strong>et</strong></span> 
     </span>
     <span class='ocr_line' id='line_1_46' title="bbox 325 4357 1073 4438; baseline -0.004 -14"><span class='ocrx_word' id='word_1_230' title='bbox 325 4358 547 4424; x_wconf 85' lang='lat' dir='ltr'><strong>cathedralium</strong></span> <span class='ocrx_word' id='word_1_231' title='bbox 570 4357 767 4422; x_wconf 90' lang='lat' dir='ltr'><strong>ecclesiarum</strong></span> <span class='ocrx_word' id='word_1_232' title='bbox 788 4359 983 4438; x_wconf 90' lang='lat' dir='ltr'><strong>patrimoniis</strong></span> <span class='ocrx_word' id='word_1_233' title='bbox 1004 4367 1073 4424; x_wconf 87' lang='lat' dir='ltr'><strong>actu</strong></span> 
     </span>
     <span class='ocr_line' id='line_1_47' title="bbox 327 4452 1074 4532; baseline -0.003 -14"><span class='ocrx_word' id='word_1_234' title='bbox 327 4452 542 4530; x_wconf 79' lang='lat' dir='ltr'><strong>existentibus,</strong></span> <span class='ocrx_word' id='word_1_235' title='bbox 565 4467 623 4515; x_wconf 90' lang='lat' dir='ltr'><strong>nec</strong></span> <span class='ocrx_word' id='word_1_236' title='bbox 646 4467 710 4514; x_wconf 94' lang='lat' dir='ltr'><strong>uon</strong></span> <span class='ocrx_word' id='word_1_237' title='bbox 731 4467 770 4514; x_wconf 80' lang='lat' dir='ltr'><strong>ex</strong></span> <span class='ocrx_word' id='word_1_238' title='bbox 791 4452 973 4527; x_wconf 87' lang='lat' dir='ltr'><strong>redditibus,</strong></span> <span class='ocrx_word' id='word_1_239' title='bbox 996 4469 1074 4532; x_wconf 82' lang='lat' dir='ltr'><strong>quos</strong></span> 
     </span>
     <span class='ocr_line' id='line_1_48' title="bbox 324 4545 1072 4625; baseline 0.001 -16"><span class='ocrx_word' id='word_1_240' title='bbox 324 4546 360 4609; x_wconf 91' lang='lat' dir='ltr'><strong>ad</strong></span> <span class='ocrx_word' id='word_1_241' title='bbox 381 4545 656 4623; x_wconf 84' lang='lat' dir='ltr'><strong>archiepiscopatus</strong></span> <span class='ocrx_word' id='word_1_242' title='bbox 671 4551 702 4607; x_wconf 91' lang='lat' dir='ltr'><strong>et</strong></span> <span class='ocrx_word' id='word_1_243' title='bbox 716 4545 960 4625; x_wconf 88' lang='lat' dir='ltr'><strong>episcopatuum,</strong></span> <span class='ocrx_word' id='word_1_244' title='bbox 977 4546 1072 4610; x_wconf 90' lang='lat' dir='ltr'><strong>eccle-</strong></span> 
     </span>
     <span class='ocr_line' id='line_1_49' title="bbox 324 4637 1073 4720; baseline -0.001 -17"><span class='ocrx_word' id='word_1_245' title='bbox 324 4641 503 4720; x_wconf 87' lang='lat' dir='ltr'><strong>siarumque</strong></span> <span class='ocrx_word' id='word_1_246' title='bbox 517 4637 741 4702; x_wconf 88' lang='lat' dir='ltr'><strong>cathedralium</strong></span> <span class='ocrx_word' id='word_1_247' title='bbox 751 4649 782 4700; x_wconf 91' lang='lat' dir='ltr'><strong>et</strong></span> <span class='ocrx_word' id='word_1_248' title='bbox 793 4639 999 4718; x_wconf 90' lang='lat' dir='ltr'><strong>capitulorum</strong></span> <span class='ocrx_word' id='word_1_249' title='bbox 1012 4642 1073 4704; x_wconf 91' lang='lat' dir='ltr'><strong>tni-</strong></span> 
     </span>
     <span class='ocr_line' id='line_1_50' title="bbox 325 4730 1072 4812; baseline 0.001 -15"><span class='ocrx_word' id='word_1_250' title='bbox 325 4735 443 4798; x_wconf 90' lang='lat' dir='ltr'><strong>tionem</strong></span> <span class='ocrx_word' id='word_1_251' title='bbox 465 4735 498 4796; x_wconf 91' lang='lat' dir='ltr'><strong>in</strong></span> <span class='ocrx_word' id='word_1_252' title='bbox 512 4734 767 4812; x_wconf 88' lang='lat' dir='ltr'><strong>supplementum</strong></span> <span class='ocrx_word' id='word_1_253' title='bbox 783 4730 1072 4798; x_wconf 85' lang='lat' dir='ltr'><strong>necessarii‘census</strong></span> 
     </span>
     <span class='ocr_line' id='line_1_51' title="bbox 324 4825 1070 4907; baseline 0.001 -18"><span class='ocrx_word' id='word_1_254' title='bbox 324 4827 493 4907; x_wconf 88' lang='lat' dir='ltr'><strong>imperialis</strong></span> <span class='ocrx_word' id='word_1_255' title='bbox 518 4826 602 4904; x_wconf 87' lang='lat' dir='ltr'><strong>regia</strong></span> <span class='ocrx_word' id='word_1_256' title='bbox 623 4825 763 4888; x_wconf 88' lang='lat' dir='ltr'><strong>maiestas</strong></span> <span class='ocrx_word' id='word_1_257' title='bbox 792 4843 845 4905; x_wconf 91' lang='lat' dir='ltr'><strong>pro</strong></span> <span class='ocrx_word' id='word_1_258' title='bbox 864 4843 922 4889; x_wconf 93' lang='lat' dir='ltr'><strong>suo</strong></span> <span class='ocrx_word' id='word_1_259' title='bbox 944 4827 977 4890; x_wconf 91' lang='lat' dir='ltr'><strong>iu</strong></span> <span class='ocrx_word' id='word_1_260' title='bbox 999 4828 1070 4892; x_wconf 89' lang='lat' dir='ltr'><strong>reli-</strong></span> 
     </span>
     <span class='ocr_line' id='line_1_52' title="bbox 324 4920 1071 5001; baseline 0.003 -17"><span class='ocrx_word' id='word_1_261' title='bbox 324 4923 451 5001; x_wconf 90' lang='lat' dir='ltr'><strong>gionem</strong></span> <span class='ocrx_word' id='word_1_262' title='bbox 472 4923 574 4986; x_wconf 91' lang='lat' dir='ltr'><strong>studio</strong></span> <span class='ocrx_word' id='word_1_263' title='bbox 595 4920 764 4986; x_wconf 87' lang='lat' dir='ltr'><strong>liberaliter</strong></span> <span class='ocrx_word' id='word_1_264' title='bbox 778 4931 824 4986; x_wconf 90' lang='lat' dir='ltr'><strong>est</strong></span> <span class='ocrx_word' id='word_1_265' title='bbox 838 4923 983 5000; x_wconf 88' lang='lat' dir='ltr'><strong>pollicita,</strong></span> <span class='ocrx_word' id='word_1_266' title='bbox 999 4940 1071 4986; x_wconf 90' lang='lat' dir='ltr'><strong>con·</strong></span> 
     </span>
     <span class='ocr_line' id='line_1_53' title="bbox 324 5014 1068 5095; baseline 0.004 -17"><span class='ocrx_word' id='word_1_267' title='bbox 324 5031 420 5092; x_wconf 86' lang='lat' dir='ltr'><strong>grnae</strong></span> <span class='ocrx_word' id='word_1_268' title='bbox 435 5014 623 5095; x_wconf 88' lang='lat' dir='ltr'><strong>respectivae</strong></span> <span class='ocrx_word' id='word_1_269' title='bbox 637 5016 722 5078; x_wconf 88' lang='lat' dir='ltr'><strong>dotes</strong></span> <span class='ocrx_word' id='word_1_270' title='bbox 737 5015 987 5094; x_wconf 90' lang='lat' dir='ltr'><strong>assignabuntur,</strong></span> <span class='ocrx_word' id='word_1_271' title='bbox 1003 5035 1068 5081; x_wconf 90' lang='lat' dir='ltr'><strong>eae·</strong></span> 
     </span>
    </p>
   </div>
   <div class='ocr_carea' id='block_1_10' title="bbox 242 5108 1070 5188">
    <p class='ocr_par' dir='ltr' id='par_1_12' title="bbox 242 5108 1070 5188">
     <span class='ocr_line' id='line_1_54' title="bbox 242 5108 1070 5188; baseline 0.007 -19"><span class='ocrx_word' id='word_1_272' title='bbox 242 5165 244 5169; x_wconf 85' lang='lat'><strong>.</strong></span> <span class='ocrx_word' id='word_1_273' title='bbox 323 5109 457 5188; x_wconf 82' lang='lat' dir='ltr'><strong>demque</strong></span> <span class='ocrx_word' id='word_1_274' title='bbox 478 5117 513 5172; x_wconf 94' lang='lat' dir='ltr'><strong>ut</strong></span> <span class='ocrx_word' id='word_1_275' title='bbox 534 5109 566 5170; x_wconf 90' lang='lat' dir='ltr'><strong>in</strong></span> <span class='ocrx_word' id='word_1_276' title='bbox 588 5108 691 5176; x_wconf 90' lang='lat' dir='ltr'><strong>lundis</strong></span> <span class='ocrx_word' id='word_1_277' title='bbox 711 5109 869 5173; x_wconf 89' lang='lat' dir='ltr'><strong>stabilibus</strong></span> <span class='ocrx_word' id='word_1_278' title='bbox 895 5112 1070 5188; x_wconf 91' lang='lat' dir='ltr'><strong>tradantur,</strong></span> 
     </span>
    </p>
   </div>
   <div class='ocr_carea' id='block_1_11' title="bbox 323 5203 1071 5752">
    <p class='ocr_par' dir='ltr' id='par_1_13' title="bbox 323 5203 1071 5752">
     <span class='ocr_line' id='line_1_55' title="bbox 324 5203 1071 5282; baseline 0.003 -16"><span class='ocrx_word' id='word_1_279' title='bbox 324 5220 396 5267; x_wconf 90' lang='lat' dir='ltr'><strong>cum</strong></span> <span class='ocrx_word' id='word_1_280' title='bbox 418 5203 525 5282; x_wconf 92' lang='lat' dir='ltr'><strong>primis</strong></span> <span class='ocrx_word' id='word_1_281' title='bbox 546 5203 716 5266; x_wconf 87' lang='lat' dir='ltr'><strong>curabitur.</strong></span> <span class='ocrx_word' id='word_1_282' title='bbox 739 5203 857 5266; x_wconf 88' lang='lat' dir='ltr'><strong>Census</strong></span> <span class='ocrx_word' id='word_1_283' title='bbox 874 5219 931 5282; x_wconf 91' lang='lat' dir='ltr'><strong>pro</strong></span> <span class='ocrx_word' id='word_1_284' title='bbox 944 5206 1071 5270; x_wconf 69' lang='lat' dir='ltr'><strong>archic-</strong></span> 
     </span>
     <span class='ocr_line' id='line_1_56' title="bbox 323 5296 1068 5378; baseline 0.004 -18"><span class='ocrx_word' id='word_1_285' title='bbox 323 5298 447 5378; x_wconf 91' lang='lat' dir='ltr'><strong>piscopo</strong></span> <span class='ocrx_word' id='word_1_286' title='bbox 468 5297 602 5360; x_wconf 91' lang='lat' dir='ltr'><strong>ladrensi</strong></span> <span class='ocrx_word' id='word_1_287' title='bbox 632 5296 792 5360; x_wconf 88' lang='lat' dir='ltr'><strong>duodecim</strong></span> <span class='ocrx_word' id='word_1_288' title='bbox 814 5299 902 5360; x_wconf 90' lang='lat' dir='ltr'><strong>mille</strong></span> <span class='ocrx_word' id='word_1_289' title='bbox 931 5300 1068 5378; x_wconf 80' lang='lat' dir='ltr'><strong>florenis,</strong></span> 
     </span>
     <span class='ocr_line' id='line_1_57' title="bbox 323 5391 1070 5472; baseline 0.005 -18"><span class='ocrx_word' id='word_1_290' title='bbox 323 5408 379 5470; x_wconf 92' lang='lat' dir='ltr'><strong>pro</strong></span> <span class='ocrx_word' id='word_1_291' title='bbox 400 5391 556 5468; x_wconf 82' lang='lat' dir='ltr'><strong>Ragusiuo</strong></span> <span class='ocrx_word' id='word_1_292' title='bbox 577 5399 607 5454; x_wconf 87' lang='lat' dir='ltr'><strong>et</strong></span> <span class='ocrx_word' id='word_1_293' title='bbox 629 5391 798 5470; x_wconf 88' lang='lat' dir='ltr'><strong>Spalatensi</strong></span> <span class='ocrx_word' id='word_1_294' title='bbox 825 5393 980 5472; x_wconf 85' lang='lat' dir='ltr'><strong>Episcopis</strong></span> <span class='ocrx_word' id='word_1_295' title='bbox 1001 5403 1070 5458; x_wconf 93' lang='lat' dir='ltr'><strong>octo</strong></span> 
     </span>
     <span class='ocr_line' id='line_1_58' title="bbox 323 5484 1069 5563; baseline 0.004 -16"><span class='ocrx_word' id='word_1_296' title='bbox 323 5485 411 5548; x_wconf 91' lang='lat' dir='ltr'><strong>mille</strong></span> <span class='ocrx_word' id='word_1_297' title='bbox 422 5485 564 5560; x_wconf 88' lang='lat' dir='ltr'><strong>llorenis;</strong></span> <span class='ocrx_word' id='word_1_298' title='bbox 579 5500 635 5563; x_wconf 91' lang='lat' dir='ltr'><strong>pm</strong></span> <span class='ocrx_word' id='word_1_299' title='bbox 650 5484 850 5549; x_wconf 86' lang='lat' dir='ltr'><strong>Sebenioensi</strong></span> <span class='ocrx_word' id='word_1_300' title='bbox 863 5487 989 5550; x_wconf 84' lang='lat' dir='ltr'><strong>florenis</strong></span> <span class='ocrx_word' id='word_1_301' title='bbox 1003 5503 1069 5550; x_wconf 83' lang='lat' dir='ltr'><strong>sex-</strong></span> 
     </span>
     <span class='ocr_line' id='line_1_59' title="bbox 324 5577 1071 5658; baseline 0.003 -18"><span class='ocrx_word' id='word_1_302' title='bbox 324 5578 422 5654; x_wconf 88' lang='lat' dir='ltr'><strong>mille,</strong></span> <span class='ocrx_word' id='word_1_303' title='bbox 444 5585 475 5642; x_wconf 86' lang='lat' dir='ltr'><strong>et</strong></span> <span class='ocrx_word' id='word_1_304' title='bbox 497 5577 637 5656; x_wconf 87' lang='lat' dir='ltr'><strong>quinque</strong></span> <span class='ocrx_word' id='word_1_305' title='bbox 658 5578 745 5654; x_wconf 85' lang='lat' dir='ltr'><strong>mille</strong></span> <span class='ocrx_word' id='word_1_306' title='bbox 758 5578 886 5642; x_wconf 86' lang='lat' dir='ltr'><strong>florenis</strong></span> <span class='ocrx_word' id='word_1_307' title='bbox 899 5595 956 5658; x_wconf 90' lang='lat' dir='ltr'><strong>pro</strong></span> <span class='ocrx_word' id='word_1_308' title='bbox 972 5582 1071 5645; x_wconf 86' lang='lat' dir='ltr'><strong>Catta-</strong></span> 
     </span>
     <span class='ocr_line' id='line_1_60' title="bbox 323 5671 1070 5752; baseline 0.004 -17"><span class='ocrx_word' id='word_1_309' title='bbox 323 5671 407 5735; x_wconf 90' lang='lat' dir='ltr'><strong>rensi</strong></span> <span class='ocrx_word' id='word_1_310' title='bbox 428 5672 598 5750; x_wconf 86' lang='lat' dir='ltr'><strong>respective</strong></span> <span class='ocrx_word' id='word_1_311' title='bbox 613 5671 773 5736; x_wconf 89' lang='lat' dir='ltr'><strong>constabit.</strong></span> <span class='ocrx_word' id='word_1_312' title='bbox 797 5673 933 5736; x_wconf 75' lang='lat' dir='ltr'><strong>(laeteris</strong></span> <span class='ocrx_word' id='word_1_313' title='bbox 949 5675 1070 5752; x_wconf 82' lang='lat' dir='ltr'><strong>Episco-</strong></span> 
     </span>
    </p>
   </div>
   <div class='ocr_carea' id='block_1_12' title="bbox 308 5766 1070 5845">
    <p class='ocr_par' dir='ltr' id='par_1_14' title="bbox 308 5766 1070 5845">
     <span class='ocr_line' id='line_1_61' title="bbox 308 5766 1070 5845; baseline 0.007 -18"><span class='ocrx_word' id='word_1_314' title='bbox 308 5836 310 5841; x_wconf 20' lang='lat'><strong>¹</strong></span> <span class='ocrx_word' id='word_1_315' title='bbox 323 5766 368 5845; x_wconf 89' lang='lat' dir='ltr'><strong>pis</strong></span> <span class='ocrx_word' id='word_1_316' title='bbox 380 5767 538 5844; x_wconf 87' lang='lat' dir='ltr'><strong>Pharensi,</strong></span> <span class='ocrx_word' id='word_1_317' title='bbox 550 5767 713 5831; x_wconf 87' lang='lat' dir='ltr'><strong>Goritiensi</strong></span> <span class='ocrx_word' id='word_1_318' title='bbox 724 5784 779 5830; x_wconf 91' lang='lat' dir='ltr'><strong>seu</strong></span> <span class='ocrx_word' id='word_1_319' title='bbox 790 5767 985 5844; x_wconf 84' lang='lat' dir='ltr'><strong>Gradiscano,</strong></span> <span class='ocrx_word' id='word_1_320' title='bbox 997 5770 1070 5832; x_wconf 83' lang='lat' dir='ltr'><strong>Ter·</strong></span> 
     </span>
    </p>
   </div>
   <div class='ocr_carea' id='block_1_13' title="bbox 324 5860 1070 6036">
    <p class='ocr_par' dir='ltr' id='par_1_15' title="bbox 324 5860 1070 6036">
     <span class='ocr_line' id='line_1_62' title="bbox 324 5860 1070 5942; baseline 0 -18"><span class='ocrx_word' id='word_1_321' title='bbox 324 5861 458 5939; x_wconf 88' lang='lat' dir='ltr'><strong>gestino,</strong></span> <span class='ocrx_word' id='word_1_322' title='bbox 475 5861 641 5925; x_wconf 90' lang='lat' dir='ltr'><strong>Parentino</strong></span> <span class='ocrx_word' id='word_1_323' title='bbox 662 5877 695 5924; x_wconf 90' lang='lat' dir='ltr'><strong>ac</strong></span> <span class='ocrx_word' id='word_1_324' title='bbox 716 5860 862 5939; x_wconf 80' lang='lat' dir='ltr'><strong>veglensi</strong></span> <span class='ocrx_word' id='word_1_325' title='bbox 882 5861 986 5938; x_wconf 90' lang='lat' dir='ltr'><strong>iidem,</strong></span> <span class='ocrx_word' id='word_1_326' title='bbox 1003 5863 1070 5942; x_wconf 90' lang='lat' dir='ltr'><strong>qui·</strong></span> 
     </span>
     <span class='ocr_line' id='line_1_63' title="bbox 324 5953 1069 6036; baseline 0 -18"><span class='ocrx_word' id='word_1_327' title='bbox 324 5955 381 6018; x_wconf 88' lang='lat' dir='ltr'><strong>bus</strong></span> <span class='ocrx_word' id='word_1_328' title='bbox 402 5970 488 6018; x_wconf 91' lang='lat' dir='ltr'><strong>nuuc</strong></span> <span class='ocrx_word' id='word_1_329' title='bbox 509 5953 660 6019; x_wconf 90' lang='lat' dir='ltr'><strong>lrunntur</strong></span> <span class='ocrx_word' id='word_1_330' title='bbox 681 5972 791 6019; x_wconf 91' lang='lat' dir='ltr'><strong>census</strong></span> <span class='ocrx_word' id='word_1_331' title='bbox 808 5955 922 6036; x_wconf 91' lang='lat' dir='ltr'><strong>absque</strong></span> <span class='ocrx_word' id='word_1_332' title='bbox 937 5955 998 6018; x_wconf 92' lang='lat' dir='ltr'><strong>ulla</strong></span> <span class='ocrx_word' id='word_1_333' title='bbox 1014 5957 1069 6018; x_wconf 91' lang='lat' dir='ltr'><strong>im-</strong></span> 
     </span>
    </p>
   </div>
   <div class='ocr_carea' id='block_1_14' title="bbox 1795 553 1852 630">
    <p class='ocr_par' dir='ltr' id='par_1_16' title="bbox 1795 553 1852 630">
     <span class='ocr_line' id='line_1_64' title="bbox 1795 553 1852 630; baseline 0.018 -1"><span class='ocrx_word' id='word_1_334' title='bbox 1795 553 1852 630; x_wconf 78' lang='lat' dir='ltr'><strong>llll</strong></span> 
     </span>
    </p>
   </div>
   <div class='ocr_carea' id='block_1_15' title="bbox 1126 700 1872 972">
    <p class='ocr_par' dir='ltr' id='par_1_17' title="bbox 1126 700 1872 972">
     <span class='ocr_line' id='line_1_65' title="bbox 1126 700 1872 785; baseline -0.003 -17"><span class='ocrx_word' id='word_1_335' title='bbox 1126 706 1299 771; x_wconf 91' lang='lat' dir='ltr'><strong>mutatione</strong></span> <span class='ocrx_word' id='word_1_336' title='bbox 1313 701 1547 784; x_wconf 86' lang='lat' dir='ltr'><strong>relinquuntur,</strong></span> <span class='ocrx_word' id='word_1_337' title='bbox 1563 700 1630 785; x_wconf 85' lang='lat' dir='ltr'><strong>qui,</strong></span> <span class='ocrx_word' id='word_1_338' title='bbox 1642 705 1667 768; x_wconf 91' lang='lat' dir='ltr'><strong>si</strong></span> <span class='ocrx_word' id='word_1_339' title='bbox 1681 705 1872 768; x_wconf 88' lang='lat' dir='ltr'><strong>sustinendis</strong></span> 
     </span>
     <span class='ocr_line' id='line_1_66' title="bbox 1126 797 1872 879; baseline -0.003 -19"><span class='ocrx_word' id='word_1_340' title='bbox 1126 800 1315 879; x_wconf 87' lang='lat' dir='ltr'><strong>episcopatus</strong></span> <span class='ocrx_word' id='word_1_341' title='bbox 1330 799 1476 863; x_wconf 90' lang='lat' dir='ltr'><strong>oneribus</strong></span> <span class='ocrx_word' id='word_1_342' title='bbox 1491 800 1623 879; x_wconf 90' lang='lat' dir='ltr'><strong>impares</strong></span> <span class='ocrx_word' id='word_1_343' title='bbox 1636 800 1711 875; x_wconf 91' lang='lat' dir='ltr'><strong>siut,</strong></span> <span class='ocrx_word' id='word_1_344' title='bbox 1726 797 1872 875; x_wconf 80' lang='lat' dir='ltr'><strong>congruis</strong></span> 
     </span>
     <span class='ocr_line' id='line_1_67' title="bbox 1126 892 1578 972; baseline -0.002 -19"><span class='ocrx_word' id='word_1_345' title='bbox 1126 892 1348 972; x_wconf 88' lang='lat' dir='ltr'><strong>supplementis</strong></span> <span class='ocrx_word' id='word_1_346' title='bbox 1369 893 1578 970; x_wconf 86' lang='lat' dir='ltr'><strong>augebuntur.</strong></span> 
     </span>
    </p>
   </div>
   <div class='ocr_carea' id='block_1_16' title="bbox 1125 1054 1902 2563">
    <p class='ocr_par' dir='ltr' id='par_1_18' title="bbox 1125 1054 1902 2563">
     <span class='ocr_line' id='line_1_68' title="bbox 1126 1054 1902 1158; baseline -0.003 -16"><span class='ocrx_word' id='word_1_347' title='bbox 1126 1088 1214 1142; x_wconf 90' lang='lat' dir='ltr'><strong>cauta</strong></span> <span class='ocrx_word' id='word_1_348' title='bbox 1233 1087 1321 1142; x_wconf 90' lang='lat' dir='ltr'><strong>sunt:</strong></span> <span class='ocrx_word' id='word_1_349' title='bbox 1346 1095 1401 1158; x_wconf 88' lang='lat' dir='ltr'><strong>pro</strong></span> <span class='ocrx_word' id='word_1_350' title='bbox 1422 1079 1573 1142; x_wconf 90' lang='lat' dir='ltr'><strong>ladrcnsis</strong></span> <span class='ocrx_word' id='word_1_351' title='bbox 1599 1079 1726 1158; x_wconf 92' lang='lat' dir='ltr'><strong>capituli</strong></span> <span class='ocrx_word' id='word_1_352' title='bbox 1747 1054 1902 1158; x_wconf 72' lang='lat' dir='ltr'><strong>praepo-²</strong></span> 
     </span>
     <span class='ocr_line' id='line_1_69' title="bbox 1125 1172 1875 1251; baseline 0.004 -17"><span class='ocrx_word' id='word_1_353' title='bbox 1125 1173 1222 1235; x_wconf 88' lang='lat' dir='ltr'><strong>situra</strong></span> <span class='ocrx_word' id='word_1_354' title='bbox 1238 1173 1336 1251; x_wconf 92' lang='lat' dir='ltr'><strong>prima</strong></span> <span class='ocrx_word' id='word_1_355' title='bbox 1351 1172 1502 1250; x_wconf 81' lang='lat' dir='ltr'><strong>dignitate</strong></span> <span class='ocrx_word' id='word_1_356' title='bbox 1517 1173 1626 1236; x_wconf 87' lang='lat' dir='ltr'><strong>doreni</strong></span> <span class='ocrx_word' id='word_1_357' title='bbox 1645 1173 1731 1234; x_wconf 93' lang='lat' dir='ltr'><strong>mille</strong></span> <span class='ocrx_word' id='word_1_358' title='bbox 1742 1179 1774 1235; x_wconf 90' lang='lat' dir='ltr'><strong>et</strong></span> <span class='ocrx_word' id='word_1_359' title='bbox 1785 1172 1875 1250; x_wconf 83' lang='lat' dir='ltr'><strong>quin·</strong></span> 
     </span>
     <span class='ocr_line' id='line_1_70' title="bbox 1127 1266 1875 1345; baseline 0.005 -17"><span class='ocrx_word' id='word_1_360' title='bbox 1127 1266 1225 1343; x_wconf 87' lang='lat' dir='ltr'><strong>gcnti,</strong></span> <span class='ocrx_word' id='word_1_361' title='bbox 1241 1282 1297 1345; x_wconf 92' lang='lat' dir='ltr'><strong>pro</strong></span> <span class='ocrx_word' id='word_1_362' title='bbox 1317 1268 1451 1329; x_wconf 90' lang='lat' dir='ltr'><strong>secunda</strong></span> <span class='ocrx_word' id='word_1_363' title='bbox 1466 1267 1728 1330; x_wconf 88' lang='lat' dir='ltr'><strong>archidiaconatus</strong></span> <span class='ocrx_word' id='word_1_364' title='bbox 1743 1266 1829 1330; x_wconf 86' lang='lat' dir='ltr'><strong>mille</strong></span> <span class='ocrx_word' id='word_1_365' title='bbox 1844 1277 1875 1332; x_wconf 89' lang='lat' dir='ltr'><strong>et</strong></span> 
     </span>
     <span class='ocr_line' id='line_1_71' title="bbox 1127 1359 1875 1438; baseline 0.004 -17"><span class='ocrx_word' id='word_1_366' title='bbox 1127 1368 1260 1438; x_wconf 87' lang='lat' dir='ltr'><strong>quatuor</strong></span> <span class='ocrx_word' id='word_1_367' title='bbox 1291 1367 1430 1434; x_wconf 89' lang='lat' dir='ltr'><strong>centurn,</strong></span> <span class='ocrx_word' id='word_1_368' title='bbox 1453 1377 1486 1422; x_wconf 89' lang='lat' dir='ltr'><strong>ac</strong></span> <span class='ocrx_word' id='word_1_369' title='bbox 1514 1374 1569 1437; x_wconf 91' lang='lat' dir='ltr'><strong>pro</strong></span> <span class='ocrx_word' id='word_1_370' title='bbox 1593 1359 1683 1424; x_wconf 92' lang='lat' dir='ltr'><strong>tertia</strong></span> <span class='ocrx_word' id='word_1_371' title='bbox 1712 1361 1875 1424; x_wconf 91' lang='lat' dir='ltr'><strong>decanatus</strong></span> 
     </span>
     <span class='ocr_line' id='line_1_72' title="bbox 1128 1453 1875 1536; baseline 0 -19"><span class='ocrx_word' id='word_1_372' title='bbox 1128 1455 1279 1532; x_wconf 90' lang='lat' dir='ltr'><strong>dignitate</strong></span> <span class='ocrx_word' id='word_1_373' title='bbox 1308 1453 1394 1516; x_wconf 89' lang='lat' dir='ltr'><strong>mille</strong></span> <span class='ocrx_word' id='word_1_374' title='bbox 1415 1462 1446 1516; x_wconf 89' lang='lat' dir='ltr'><strong>et</strong></span> <span class='ocrx_word' id='word_1_375' title='bbox 1468 1455 1641 1517; x_wconf 88' lang='lat' dir='ltr'><strong>biscentutn</strong></span> <span class='ocrx_word' id='word_1_376' title='bbox 1671 1456 1796 1530; x_wconf 81' lang='lat' dir='ltr'><strong>duceni,</strong></span> <span class='ocrx_word' id='word_1_377' title='bbox 1820 1473 1875 1536; x_wconf 86' lang='lat' dir='ltr'><strong>pro</strong></span> 
     </span>
     <span class='ocr_line' id='line_1_73' title="bbox 1127 1547 1873 1628; baseline 0 -18"><span class='ocrx_word' id='word_1_378' title='bbox 1127 1548 1257 1627; x_wconf 89' lang='lat' dir='ltr'><strong>singulis</strong></span> <span class='ocrx_word' id='word_1_379' title='bbox 1279 1564 1354 1610; x_wconf 84' lang='lat' dir='ltr'><strong>vero</strong></span> <span class='ocrx_word' id='word_1_380' title='bbox 1376 1547 1514 1627; x_wconf 85' lang='lat' dir='ltr'><strong>quinque</strong></span> <span class='ocrx_word' id='word_1_381' title='bbox 1541 1548 1736 1611; x_wconf 85' lang='lat' dir='ltr'><strong>canonicatus</strong></span> <span class='ocrx_word' id='word_1_382' title='bbox 1763 1550 1873 1628; x_wconf 80' lang='lat' dir='ltr'><strong>dorent</strong></span> 
     </span>
     <span class='ocr_line' id='line_1_74' title="bbox 1127 1641 1876 1720; baseline 0 -16"><span class='ocrx_word' id='word_1_383' title='bbox 1127 1641 1214 1704; x_wconf 90' lang='lat' dir='ltr'><strong>mille</strong></span> <span class='ocrx_word' id='word_1_384' title='bbox 1235 1655 1377 1704; x_wconf 89' lang='lat' dir='ltr'><strong>annuum</strong></span> <span class='ocrx_word' id='word_1_385' title='bbox 1399 1641 1553 1704; x_wconf 83' lang='lat' dir='ltr'><strong>redditum</strong></span> <span class='ocrx_word' id='word_1_386' title='bbox 1569 1643 1770 1706; x_wconf 91' lang='lat' dir='ltr'><strong>constituent.</strong></span> <span class='ocrx_word' id='word_1_387' title='bbox 1788 1643 1876 1720; x_wconf 84' lang='lat' dir='ltr'><strong>Capi·</strong></span> 
     </span>
     <span class='ocr_line' id='line_1_75' title="bbox 1129 1733 1875 1816; baseline 0 -19"><span class='ocrx_word' id='word_1_388' title='bbox 1129 1734 1266 1797; x_wconf 83' lang='lat' dir='ltr'><strong>inlocum</strong></span> <span class='ocrx_word' id='word_1_389' title='bbox 1289 1735 1436 1811; x_wconf 86' lang='lat' dir='ltr'><strong>Ragusini</strong></span> <span class='ocrx_word' id='word_1_390' title='bbox 1457 1743 1488 1797; x_wconf 92' lang='lat' dir='ltr'><strong>et</strong></span> <span class='ocrx_word' id='word_1_391' title='bbox 1509 1733 1693 1813; x_wconf 80' lang='lat' dir='ltr'><strong>spalatensis</strong></span> <span class='ocrx_word' id='word_1_392' title='bbox 1722 1736 1875 1816; x_wconf 91' lang='lat' dir='ltr'><strong>praeposi-</strong></span> 
     </span>
     <span class='ocr_line' id='line_1_76' title="bbox 1128 1828 1873 1904; baseline 0 -14"><span class='ocrx_word' id='word_1_393' title='bbox 1128 1837 1215 1890; x_wconf 87' lang='lat' dir='ltr'><strong>turae</strong></span> <span class='ocrx_word' id='word_1_394' title='bbox 1246 1828 1332 1890; x_wconf 91' lang='lat' dir='ltr'><strong>mille</strong></span> <span class='ocrx_word' id='word_1_395' title='bbox 1363 1829 1536 1892; x_wconf 90' lang='lat' dir='ltr'><strong>biscentum</strong></span> <span class='ocrx_word' id='word_1_396' title='bbox 1567 1829 1690 1904; x_wconf 84' lang='lat' dir='ltr'><strong>lloreni,</strong></span> <span class='ocrx_word' id='word_1_397' title='bbox 1713 1829 1873 1892; x_wconf 89' lang='lat' dir='ltr'><strong>decanatui</strong></span> 
     </span>
     <span class='ocr_line' id='line_1_77' title="bbox 1129 1922 1875 2000; baseline -0.003 -16"><span class='ocrx_word' id='word_1_398' title='bbox 1129 1923 1238 1984; x_wconf 87' lang='lat' dir='ltr'><strong>doreni</strong></span> <span class='ocrx_word' id='word_1_399' title='bbox 1259 1922 1357 1999; x_wconf 88' lang='lat' dir='ltr'><strong>mille,</strong></span> <span class='ocrx_word' id='word_1_400' title='bbox 1379 1931 1410 1984; x_wconf 90' lang='lat' dir='ltr'><strong>ct</strong></span> <span class='ocrx_word' id='word_1_401' title='bbox 1431 1922 1558 1985; x_wconf 90' lang='lat' dir='ltr'><strong>cuilibet</strong></span> <span class='ocrx_word' id='word_1_402' title='bbox 1579 1938 1617 1984; x_wconf 80' lang='lat' dir='ltr'><strong>ex</strong></span> <span class='ocrx_word' id='word_1_403' title='bbox 1637 1930 1771 2000; x_wconf 83' lang='lat' dir='ltr'><strong>quatuor</strong></span> <span class='ocrx_word' id='word_1_404' title='bbox 1785 1937 1875 1984; x_wconf 91' lang='lat' dir='ltr'><strong>cano·</strong></span> 
     </span>
     <span class='ocr_line' id='line_1_78' title="bbox 1129 2015 1875 2092; baseline 0.003 -16"><span class='ocrx_word' id='word_1_405' title='bbox 1129 2015 1278 2078; x_wconf 88' lang='lat' dir='ltr'><strong>nicatibns</strong></span> <span class='ocrx_word' id='word_1_406' title='bbox 1310 2016 1482 2092; x_wconf 90' lang='lat' dir='ltr'><strong>octingenti</strong></span> <span class='ocrx_word' id='word_1_407' title='bbox 1512 2015 1622 2078; x_wconf 83' lang='lat' dir='ltr'><strong>dorent</strong></span> <span class='ocrx_word' id='word_1_408' title='bbox 1643 2016 1805 2078; x_wconf 88' lang='lat' dir='ltr'><strong>annuatim</strong></span> <span class='ocrx_word' id='word_1_409' title='bbox 1828 2031 1875 2078; x_wconf 89' lang='lat' dir='ltr'><strong>re·</strong></span> 
     </span>
     <span class='ocr_line' id='line_1_79' title="bbox 1127 2109 1875 2190; baseline 0.003 -20"><span class='ocrx_word' id='word_1_410' title='bbox 1127 2109 1262 2190; x_wconf 89' lang='lat' dir='ltr'><strong>spective</strong></span> <span class='ocrx_word' id='word_1_411' title='bbox 1272 2110 1484 2187; x_wconf 72' lang='lat' dir='ltr'><strong>assignantur,</strong></span> <span class='ocrx_word' id='word_1_412' title='bbox 1498 2125 1553 2188; x_wconf 91' lang='lat' dir='ltr'><strong>pro</strong></span> <span class='ocrx_word' id='word_1_413' title='bbox 1565 2109 1777 2173; x_wconf 88' lang='lat' dir='ltr'><strong>Sebenioensis</strong></span> <span class='ocrx_word' id='word_1_414' title='bbox 1789 2126 1875 2188; x_wconf 90' lang='lat' dir='ltr'><strong>prae·</strong></span> 
     </span>
     <span class='ocr_line' id='line_1_80' title="bbox 1126 2202 1875 2285; baseline -0.004 -17"><span class='ocrx_word' id='word_1_415' title='bbox 1126 2206 1273 2285; x_wconf 92' lang='lat' dir='ltr'><strong>positura,</strong></span> <span class='ocrx_word' id='word_1_416' title='bbox 1294 2205 1392 2281; x_wconf 85' lang='lat' dir='ltr'><strong>prima</strong></span> <span class='ocrx_word' id='word_1_417' title='bbox 1414 2203 1566 2280; x_wconf 88' lang='lat' dir='ltr'><strong>dignitate</strong></span> <span class='ocrx_word' id='word_1_418' title='bbox 1579 2203 1690 2265; x_wconf 88' lang='lat' dir='ltr'><strong>boreni</strong></span> <span class='ocrx_word' id='word_1_419' title='bbox 1706 2202 1803 2278; x_wconf 89' lang='lat' dir='ltr'><strong>mille,</strong></span> <span class='ocrx_word' id='word_1_420' title='bbox 1819 2218 1875 2281; x_wconf 89' lang='lat' dir='ltr'><strong>pro</strong></span> 
     </span>
     <span class='ocr_line' id='line_1_81' title="bbox 1127 2296 1875 2374; baseline -0.001 -13"><span class='ocrx_word' id='word_1_421' title='bbox 1127 2299 1259 2362; x_wconf 88' lang='lat' dir='ltr'><strong>secunda</strong></span> <span class='ocrx_word' id='word_1_422' title='bbox 1290 2297 1442 2374; x_wconf 83' lang='lat' dir='ltr'><strong>nongenti</strong></span> <span class='ocrx_word' id='word_1_423' title='bbox 1470 2297 1601 2370; x_wconf 88' lang='lat' dir='ltr'><strong>lloreni,</strong></span> <span class='ocrx_word' id='word_1_424' title='bbox 1629 2304 1660 2359; x_wconf 91' lang='lat' dir='ltr'><strong>et</strong></span> <span class='ocrx_word' id='word_1_425' title='bbox 1689 2312 1744 2374; x_wconf 93' lang='lat' dir='ltr'><strong>pro</strong></span> <span class='ocrx_word' id='word_1_426' title='bbox 1768 2296 1875 2372; x_wconf 91' lang='lat' dir='ltr'><strong>singu·</strong></span> 
     </span>
     <span class='ocr_line' id='line_1_82' title="bbox 1128 2389 1875 2470; baseline -0.005 -16"><span class='ocrx_word' id='word_1_427' title='bbox 1128 2393 1164 2454; x_wconf 88' lang='lat' dir='ltr'><strong>lis</strong></span> <span class='ocrx_word' id='word_1_428' title='bbox 1186 2409 1223 2455; x_wconf 81' lang='lat' dir='ltr'><strong>ea</strong></span> <span class='ocrx_word' id='word_1_429' title='bbox 1245 2399 1378 2470; x_wconf 87' lang='lat' dir='ltr'><strong>quatuor</strong></span> <span class='ocrx_word' id='word_1_430' title='bbox 1399 2390 1629 2454; x_wconf 92' lang='lat' dir='ltr'><strong>canonicatibus</strong></span> <span class='ocrx_word' id='word_1_431' title='bbox 1649 2390 1749 2452; x_wconf 91' lang='lat' dir='ltr'><strong>annui</strong></span> <span class='ocrx_word' id='word_1_432' title='bbox 1764 2389 1875 2452; x_wconf 90' lang='lat' dir='ltr'><strong>lloreni</strong></span> 
     </span>
     <span class='ocr_line' id='line_1_83' title="bbox 1126 2479 1875 2563; baseline -0.003 -15"><span class='ocrx_word' id='word_1_433' title='bbox 1126 2487 1265 2548; x_wconf 80' lang='lat' dir='ltr'><strong>sexcenti</strong></span> <span class='ocrx_word' id='word_1_434' title='bbox 1295 2485 1518 2548; x_wconf 84' lang='lat' dir='ltr'><strong>decernuntur.</strong></span> <span class='ocrx_word' id='word_1_435' title='bbox 1543 2479 1715 2548; x_wconf 85' lang='lat' dir='ltr'><strong>Cattarensi</strong></span> <span class='ocrx_word' id='word_1_436' title='bbox 1740 2483 1875 2563; x_wconf 89' lang='lat' dir='ltr'><strong>capitulo</strong></span> 
     </span>
    </p>
   </div>
   <div class='ocr_carea' id='block_1_17' title="bbox 1903 555 2093 623">
    <p class='ocr_par' dir='ltr' id='par_1_19' title="bbox 1903 555 2093 623">
     <span class='ocr_line' id='line_1_84' title="bbox 1903 555 2093 623; baseline -0.016 -1"><span class='ocrx_word' id='word_1_437' title='bbox 1903 556 1957 622; x_wconf 66' lang='lat' dir='ltr'><strong>Aa.</strong></span> <span class='ocrx_word' id='word_1_438' title='bbox 1971 565 2002 623; x_wconf 84' lang='lat' dir='ltr'><strong>d.</strong></span> <span class='ocrx_word' id='word_1_439' title='bbox 2023 555 2093 621; x_wconf 75' lang='lat' dir='ltr'><strong>teat</strong></span> 
     </span>
    </p>
   </div>
   <div class='ocr_carea' id='block_1_18' title="bbox 1904 1049 2015 1096">
    <p class='ocr_par' dir='ltr' id='par_1_20' title="bbox 1904 1049 2015 1096">
     <span class='ocr_line' id='line_1_85' title="bbox 1904 1049 2015 1096; baseline -0.009 -1"><span class='ocrx_word' id='word_1_440' title='bbox 1904 1049 2015 1096; x_wconf 85' lang='lat' dir='ltr'><strong>olorum.</strong></span> 
     </span>
    </p>
   </div>
   <div class='ocr_carea' id='block_1_19' title="bbox 1127 2575 1975 2658">
    <p class='ocr_par' dir='ltr' id='par_1_21' title="bbox 1127 2575 1975 2658">
     <span class='ocr_line' id='line_1_86' title="bbox 1127 2575 1975 2658; baseline -0.002 -16"><span class='ocrx_word' id='word_1_441' title='bbox 1127 2595 1183 2657; x_wconf 87' lang='lat' dir='ltr'><strong>pro</strong></span> <span class='ocrx_word' id='word_1_442' title='bbox 1204 2577 1413 2658; x_wconf 88' lang='lat' dir='ltr'><strong>praepositura</strong></span> <span class='ocrx_word' id='word_1_443' title='bbox 1434 2575 1618 2654; x_wconf 87' lang='lat' dir='ltr'><strong>octingenti,</strong></span> <span class='ocrx_word' id='word_1_444' title='bbox 1648 2593 1701 2655; x_wconf 87' lang='lat' dir='ltr'><strong>pro</strong></span> <span class='ocrx_word' id='word_1_445' title='bbox 1724 2576 1874 2640; x_wconf 91' lang='lat' dir='ltr'><strong>decanatu</strong></span> <span class='ocrx_word' id='word_1_446' title='bbox 1974 2623 1975 2627; x_wconf 17' lang='grc' dir='ltr'>η</span> 
     </span>
    </p>
   </div>
   <div class='ocr_carea' id='block_1_20' title="bbox 1126 2669 1876 4250">
    <p class='ocr_par' dir='ltr' id='par_1_22' title="bbox 1126 2669 1876 4250">
     <span class='ocr_line' id='line_1_87' title="bbox 1126 2669 1874 2750; baseline -0.003 -16"><span class='ocrx_word' id='word_1_447' title='bbox 1126 2673 1330 2750; x_wconf 88' lang='lat' dir='ltr'><strong>septingenti,</strong></span> <span class='ocrx_word' id='word_1_448' title='bbox 1357 2678 1390 2732; x_wconf 88' lang='lat' dir='ltr'><strong>et</strong></span> <span class='ocrx_word' id='word_1_449' title='bbox 1420 2686 1474 2748; x_wconf 95' lang='lat' dir='ltr'><strong>pro</strong></span> <span class='ocrx_word' id='word_1_450' title='bbox 1505 2669 1645 2748; x_wconf 88' lang='lat' dir='ltr'><strong>quolibet</strong></span> <span class='ocrx_word' id='word_1_451' title='bbox 1674 2685 1714 2732; x_wconf 84' lang='lat' dir='ltr'><strong>ex</strong></span> <span class='ocrx_word' id='word_1_452' title='bbox 1742 2677 1874 2748; x_wconf 87' lang='lat' dir='ltr'><strong>quatuor</strong></span> 
     </span>
     <span class='ocr_line' id='line_1_88' title="bbox 1126 2763 1873 2830; baseline -0.008 0"><span class='ocrx_word' id='word_1_453' title='bbox 1126 2765 1357 2830; x_wconf 89' lang='lat' dir='ltr'><strong>canonicatibus</strong></span> <span class='ocrx_word' id='word_1_454' title='bbox 1391 2763 1529 2826; x_wconf 79' lang='lat' dir='ltr'><strong>sescenti</strong></span> <span class='ocrx_word' id='word_1_455' title='bbox 1564 2763 1675 2825; x_wconf 89' lang='lat' dir='ltr'><strong>lloreni</strong></span> <span class='ocrx_word' id='word_1_456' title='bbox 1709 2763 1873 2826; x_wconf 90' lang='lat' dir='ltr'><strong>annuatim</strong></span> 
     </span>
     <span class='ocr_line' id='line_1_89' title="bbox 1127 2856 1874 2934; baseline -0.007 -11"><span class='ocrx_word' id='word_1_457' title='bbox 1127 2859 1372 2924; x_wconf 86' lang='lat' dir='ltr'><strong>constituuntur.</strong></span> <span class='ocrx_word' id='word_1_458' title='bbox 1397 2858 1454 2918; x_wconf 85' lang='lat' dir='ltr'><strong>Pro</strong></span> <span class='ocrx_word' id='word_1_459' title='bbox 1481 2858 1609 2919; x_wconf 89' lang='lat' dir='ltr'><strong>caeteris</strong></span> <span class='ocrx_word' id='word_1_460' title='bbox 1631 2873 1704 2920; x_wconf 90' lang='lat' dir='ltr'><strong>vero</strong></span> <span class='ocrx_word' id='word_1_461' title='bbox 1732 2856 1874 2934; x_wconf 87' lang='lat' dir='ltr'><strong>capitulis</strong></span> 
     </span>
     <span class='ocr_line' id='line_1_90' title="bbox 1128 2948 1875 3026; baseline 0 -12"><span class='ocrx_word' id='word_1_462' title='bbox 1128 2952 1287 3026; x_wconf 88' lang='lat' dir='ltr'><strong>Pharensi,</strong></span> <span class='ocrx_word' id='word_1_463' title='bbox 1317 2950 1482 3014; x_wconf 84' lang='lat' dir='ltr'><strong>Goritiensi</strong></span> <span class='ocrx_word' id='word_1_464' title='bbox 1503 2967 1559 3012; x_wconf 88' lang='lat' dir='ltr'><strong>seu</strong></span> <span class='ocrx_word' id='word_1_465' title='bbox 1580 2948 1777 3026; x_wconf 89' lang='lat' dir='ltr'><strong>Gradiscano,</strong></span> <span class='ocrx_word' id='word_1_466' title='bbox 1800 2951 1875 3014; x_wconf 82' lang='lat' dir='ltr'><strong>Ter·</strong></span> 
     </span>
     <span class='ocr_line' id='line_1_91' title="bbox 1128 3042 1875 3123; baseline -0.005 -14"><span class='ocrx_word' id='word_1_467' title='bbox 1128 3046 1260 3123; x_wconf 84' lang='lat' dir='ltr'><strong>gestino,</strong></span> <span class='ocrx_word' id='word_1_468' title='bbox 1291 3045 1455 3107; x_wconf 89' lang='lat' dir='ltr'><strong>Parentino</strong></span> <span class='ocrx_word' id='word_1_469' title='bbox 1486 3051 1518 3107; x_wconf 92' lang='lat' dir='ltr'><strong>et</strong></span> <span class='ocrx_word' id='word_1_470' title='bbox 1549 3042 1708 3121; x_wconf 70' lang='lat' dir='ltr'><strong>veglensi,</strong></span> <span class='ocrx_word' id='word_1_471' title='bbox 1736 3043 1875 3122; x_wconf 89' lang='lat' dir='ltr'><strong>inspecto</strong></span> 
     </span>
     <span class='ocr_line' id='line_1_92' title="bbox 1127 3135 1875 3218; baseline -0.005 -14"><span class='ocrx_word' id='word_1_472' title='bbox 1127 3140 1237 3204; x_wconf 89' lang='lat' dir='ltr'><strong>actuali</strong></span> <span class='ocrx_word' id='word_1_473' title='bbox 1259 3140 1398 3218; x_wconf 87' lang='lat' dir='ltr'><strong>ipsorum</strong></span> <span class='ocrx_word' id='word_1_474' title='bbox 1419 3137 1617 3217; x_wconf 89' lang='lat' dir='ltr'><strong>patrimonio,</strong></span> <span class='ocrx_word' id='word_1_475' title='bbox 1646 3135 1875 3202; x_wconf 87' lang='lat' dir='ltr'><strong>inlradiccudus</strong></span> 
     </span>
     <span class='ocr_line' id='line_1_93' title="bbox 1127 3232 1876 3314; baseline -0.004 -17"><span class='ocrx_word' id='word_1_476' title='bbox 1127 3240 1301 3314; x_wconf 81' lang='lat' dir='ltr'><strong>exequutor·</strong></span> <span class='ocrx_word' id='word_1_477' title='bbox 1322 3246 1494 3309; x_wconf 86' lang='lat' dir='ltr'><strong>congruam</strong></span> <span class='ocrx_word' id='word_1_478' title='bbox 1516 3232 1602 3294; x_wconf 80' lang='lat' dir='ltr'><strong>iuxta</strong></span> <span class='ocrx_word' id='word_1_479' title='bbox 1622 3232 1767 3311; x_wconf 91' lang='lat' dir='ltr'><strong>superius</strong></span> <span class='ocrx_word' id='word_1_480' title='bbox 1787 3247 1876 3310; x_wconf 91' lang='lat' dir='ltr'><strong>prae·</strong></span> 
     </span>
     <span class='ocr_line' id='line_1_94' title="bbox 1129 3325 1874 3406; baseline -0.004 -14"><span class='ocrx_word' id='word_1_481' title='bbox 1129 3331 1252 3394; x_wconf 83' lang='lat' dir='ltr'><strong>finitum</strong></span> <span class='ocrx_word' id='word_1_482' title='bbox 1267 3326 1484 3406; x_wconf 88' lang='lat' dir='ltr'><strong>capitularium</strong></span> <span class='ocrx_word' id='word_1_483' title='bbox 1500 3342 1669 3388; x_wconf 88' lang='lat' dir='ltr'><strong>numerum</strong></span> <span class='ocrx_word' id='word_1_484' title='bbox 1684 3325 1874 3390; x_wconf 90' lang='lat' dir='ltr'><strong>distributio·</strong></span> 
     </span>
     <span class='ocr_line' id='line_1_95' title="bbox 1128 3420 1874 3500; baseline -0.005 -12"><span class='ocrx_word' id='word_1_485' title='bbox 1128 3441 1201 3488; x_wconf 90' lang='lat' dir='ltr'><strong>nem</strong></span> <span class='ocrx_word' id='word_1_486' title='bbox 1222 3422 1400 3486; x_wconf 88' lang='lat' dir='ltr'><strong>reddituum</strong></span> <span class='ocrx_word' id='word_1_487' title='bbox 1421 3435 1475 3500; x_wconf 90' lang='lat' dir='ltr'><strong>pro</strong></span> <span class='ocrx_word' id='word_1_488' title='bbox 1498 3420 1679 3498; x_wconf 89' lang='lat' dir='ltr'><strong>respectivis</strong></span> <span class='ocrx_word' id='word_1_489' title='bbox 1695 3420 1874 3500; x_wconf 87' lang='lat' dir='ltr'><strong>praebendis</strong></span> 
     </span>
     <span class='ocr_line' id='line_1_96' title="bbox 1127 3514 1874 3594; baseline -0.008 -12"><span class='ocrx_word' id='word_1_490' title='bbox 1127 3519 1283 3590; x_wconf 87' lang='lat' dir='ltr'><strong>decernet,</strong></span> <span class='ocrx_word' id='word_1_491' title='bbox 1305 3531 1383 3594; x_wconf 88' lang='lat' dir='ltr'><strong>quae</strong></span> <span class='ocrx_word' id='word_1_492' title='bbox 1404 3514 1581 3578; x_wconf 90' lang='lat' dir='ltr'><strong>distributio</strong></span> <span class='ocrx_word' id='word_1_493' title='bbox 1601 3515 1718 3578; x_wconf 88' lang='lat' dir='ltr'><strong>sensim</strong></span> <span class='ocrx_word' id='word_1_494' title='bbox 1739 3523 1874 3594; x_wconf 87' lang='lat' dir='ltr'><strong>prorata</strong></span> 
     </span>
     <span class='ocr_line' id='line_1_97' title="bbox 1127 3606 1875 3687; baseline -0.003 -14"><span class='ocrx_word' id='word_1_495' title='bbox 1127 3609 1305 3674; x_wconf 81' lang='lat' dir='ltr'><strong>executioni</strong></span> <span class='ocrx_word' id='word_1_496' title='bbox 1327 3606 1573 3682; x_wconf 90' lang='lat' dir='ltr'><strong>demandabitur,</strong></span> <span class='ocrx_word' id='word_1_497' title='bbox 1595 3615 1688 3687; x_wconf 92' lang='lat' dir='ltr'><strong>prout</strong></span> <span class='ocrx_word' id='word_1_498' title='bbox 1714 3625 1752 3672; x_wconf 80' lang='lat' dir='ltr'><strong>cn</strong></span> <span class='ocrx_word' id='word_1_499' title='bbox 1774 3608 1875 3686; x_wconf 89' lang='lat' dir='ltr'><strong>legiti-</strong></span> 
     </span>
     <span class='ocr_line' id='line_1_98' title="bbox 1128 3700 1875 3780; baseline -0.001 -13"><span class='ocrx_word' id='word_1_500' title='bbox 1128 3720 1179 3767; x_wconf 92' lang='lat' dir='ltr'><strong>mo</strong></span> <span class='ocrx_word' id='word_1_501' title='bbox 1200 3707 1269 3765; x_wconf 86' lang='lat' dir='ltr'><strong>iure</strong></span> <span class='ocrx_word' id='word_1_502' title='bbox 1291 3700 1416 3763; x_wconf 89' lang='lat' dir='ltr'><strong>illorum</strong></span> <span class='ocrx_word' id='word_1_503' title='bbox 1439 3701 1587 3764; x_wconf 84' lang='lat' dir='ltr'><strong>beneficia</strong></span> <span class='ocrx_word' id='word_1_504' title='bbox 1608 3717 1717 3765; x_wconf 88' lang='lat' dir='ltr'><strong>vacare</strong></span> <span class='ocrx_word' id='word_1_505' title='bbox 1738 3702 1875 3780; x_wconf 92' lang='lat' dir='ltr'><strong>contige·</strong></span> 
     </span>
     <span class='ocr_line' id='line_1_99' title="bbox 1127 3795 1875 3876; baseline -0.003 -16"><span class='ocrx_word' id='word_1_506' title='bbox 1127 3798 1180 3873; x_wconf 87' lang='lat' dir='ltr'><strong>rit,</strong></span> <span class='ocrx_word' id='word_1_507' title='bbox 1196 3797 1251 3876; x_wconf 88' lang='lat' dir='ltr'><strong>qui</strong></span> <span class='ocrx_word' id='word_1_508' title='bbox 1266 3797 1347 3860; x_wconf 87' lang='lat' dir='ltr'><strong>ultra</strong></span> <span class='ocrx_word' id='word_1_509' title='bbox 1364 3801 1515 3858; x_wconf 88' lang='lat' dir='ltr'><strong>statutum</strong></span> <span class='ocrx_word' id='word_1_510' title='bbox 1533 3795 1750 3874; x_wconf 90' lang='lat' dir='ltr'><strong>capitularium</strong></span> <span class='ocrx_word' id='word_1_511' title='bbox 1766 3811 1875 3858; x_wconf 91' lang='lat' dir='ltr'><strong>nume·</strong></span> 
     </span>
     <span class='ocr_line' id='line_1_100' title="bbox 1128 3888 1876 3968; baseline -0.003 -14"><span class='ocrx_word' id='word_1_512' title='bbox 1128 3889 1439 3956; x_wconf 71' lang='lat' dir='ltr'><strong>comessatoribus</strong></span> <span class='ocrx_word' id='word_1_513' title='bbox 1465 3888 1745 3968; x_wconf 89' lang='lat' dir='ltr'><strong>percensebuntur‚</strong></span> <span class='ocrx_word' id='word_1_514' title='bbox 1772 3904 1876 3952; x_wconf 90' lang='lat' dir='ltr'><strong>suam·</strong></span> 
     </span>
     <span class='ocr_line' id='line_1_101' title="bbox 1128 3980 1874 4066; baseline -0.005 -17"><span class='ocrx_word' id='word_1_515' title='bbox 1128 4002 1189 4066; x_wconf 79' lang='lat' dir='ltr'><strong>nuc</strong></span> <span class='ocrx_word' id='word_1_516' title='bbox 1209 3983 1371 4064; x_wconf 91' lang='lat' dir='ltr'><strong>pristinam</strong></span> <span class='ocrx_word' id='word_1_517' title='bbox 1395 3980 1597 4061; x_wconf 88' lang='lat' dir='ltr'><strong>praebendam</strong></span> <span class='ocrx_word' id='word_1_518' title='bbox 1619 3982 1810 4046; x_wconf 89' lang='lat' dir='ltr'><strong>retinebunt.</strong></span> <span class='ocrx_word' id='word_1_519' title='bbox 1827 3982 1874 4046; x_wconf 82' lang='lat' dir='ltr'><strong>Ex</strong></span> 
     </span>
     <span class='ocr_line' id='line_1_102' title="bbox 1128 4075 1875 4155; baseline -0.007 -13"><span class='ocrx_word' id='word_1_520' title='bbox 1128 4084 1299 4142; x_wconf 87' lang='lat' dir='ltr'><strong>memorato</strong></span> <span class='ocrx_word' id='word_1_521' title='bbox 1320 4076 1404 4138; x_wconf 90' lang='lat' dir='ltr'><strong>enim</strong></span> <span class='ocrx_word' id='word_1_522' title='bbox 1425 4091 1520 4138; x_wconf 89' lang='lat' dir='ltr'><strong>censu</strong></span> <span class='ocrx_word' id='word_1_523' title='bbox 1537 4075 1670 4138; x_wconf 90' lang='lat' dir='ltr'><strong>actuales</strong></span> <span class='ocrx_word' id='word_1_524' title='bbox 1684 4076 1875 4155; x_wconf 90' lang='lat' dir='ltr'><strong>praebendae</strong></span> 
     </span>
     <span class='ocr_line' id='line_1_103' title="bbox 1127 4159 1874 4250; baseline -0.005 -12"><span class='ocrx_word' id='word_1_525' title='bbox 1127 4171 1335 4238; x_wconf 88' lang='lat' dir='ltr'><strong>desumendac</strong></span> <span class='ocrx_word' id='word_1_526' title='bbox 1355 4179 1448 4232; x_wconf 89' lang='lat' dir='ltr'><strong>erunt</strong></span> <span class='ocrx_word' id='word_1_527' title='bbox 1472 4168 1556 4232; x_wconf 78' lang='lat' dir='ltr'><strong>iusta</strong></span> <span class='ocrx_word' id='word_1_528' title='bbox 1577 4177 1718 4249; x_wconf 79' lang='lat' dir='ltr'><strong>ea‚·quue</strong></span> <span class='ocrx_word' id='word_1_529' title='bbox 1731 4159 1874 4250; x_wconf 89' lang='lat' dir='ltr'><strong>superius</strong></span> 
     </span>
    </p>
   </div>
   <div class='ocr_carea' id='block_1_21' title="bbox 1126 4253 1942 4343">
    <p class='ocr_par' dir='ltr' id='par_1_23' title="bbox 1126 4253 1942 4343">
     <span class='ocr_line' id='line_1_104' title="bbox 1126 4253 1942 4343; baseline -0.004 -15"><span class='ocrx_word' id='word_1_530' title='bbox 1126 4266 1256 4330; x_wconf 90' lang='lat' dir='ltr'><strong>luerunt</strong></span> <span class='ocrx_word' id='word_1_531' title='bbox 1280 4263 1432 4324; x_wconf 88' lang='lat' dir='ltr'><strong>adnotata.</strong></span> <span class='ocrx_word' id='word_1_532' title='bbox 1455 4253 1595 4341; x_wconf 76' lang='lat' dir='ltr'><strong>capitula</strong></span> <span class='ocrx_word' id='word_1_533' title='bbox 1618 4277 1704 4340; x_wconf 88' lang='lat' dir='ltr'><strong>vero,</strong></span> <span class='ocrx_word' id='word_1_534' title='bbox 1727 4280 1807 4343; x_wconf 88' lang='lat' dir='ltr'><strong>qnae</strong></span> <span class='ocrx_word' id='word_1_535' title='bbox 1827 4265 1873 4328; x_wconf 91' lang='lat' dir='ltr'><strong>uti</strong></span> <span class='ocrx_word' id='word_1_536' title='bbox 1941 4291 1942 4296; x_wconf 12' lang='grc' dir='ltr'><strong>κ</strong></span> 
     </span>
    </p>
   </div>
   <div class='ocr_carea' id='block_1_22' title="bbox 1122 4355 1874 6020">
    <p class='ocr_par' dir='ltr' id='par_1_24' title="bbox 1122 4355 1874 6020">
     <span class='ocr_line' id='line_1_105' title="bbox 1126 4355 1873 4436; baseline -0.003 -13"><span class='ocrx_word' id='word_1_537' title='bbox 1126 4355 1370 4423; x_wconf 86' lang='lat' dir='ltr'><strong>concathedratia</strong></span> <span class='ocrx_word' id='word_1_538' title='bbox 1401 4355 1597 4435; x_wconf 86' lang='lat' dir='ltr'><strong>perstabunt,</strong></span> <span class='ocrx_word' id='word_1_539' title='bbox 1619 4367 1650 4419; x_wconf 90' lang='lat' dir='ltr'><strong>et</strong></span> <span class='ocrx_word' id='word_1_540' title='bbox 1671 4372 1719 4434; x_wconf 90' lang='lat' dir='ltr'><strong>ea,</strong></span> <span class='ocrx_word' id='word_1_541' title='bbox 1741 4359 1873 4436; x_wconf 83' lang='lat' dir='ltr'><strong>quaein</strong></span> 
     </span>
     <span class='ocr_line' id='line_1_106' title="bbox 1126 4449 1873 4531; baseline -0.001 -15"><span class='ocrx_word' id='word_1_542' title='bbox 1126 4451 1301 4528; x_wconf 84' lang='lat' dir='ltr'><strong>collegiatus</strong></span> <span class='ocrx_word' id='word_1_543' title='bbox 1333 4449 1474 4513; x_wconf 85' lang='lat' dir='ltr'><strong>ecclesias</strong></span> <span class='ocrx_word' id='word_1_544' title='bbox 1508 4449 1709 4528; x_wconf 89' lang='lat' dir='ltr'><strong>redigentur,</strong></span> <span class='ocrx_word' id='word_1_545' title='bbox 1742 4450 1873 4531; x_wconf 88' lang='lat' dir='ltr'><strong>pristino</strong></span> 
     </span>
     <span class='ocr_line' id='line_1_107' title="bbox 1126 4542 1874 4624; baseline 0.001 -16"><span class='ocrx_word' id='word_1_546' title='bbox 1126 4545 1307 4624; x_wconf 86' lang='lat' dir='ltr'><strong>gaudebunt</strong></span> <span class='ocrx_word' id='word_1_547' title='bbox 1329 4542 1527 4623; x_wconf 88' lang='lat' dir='ltr'><strong>patrimonio,</strong></span> <span class='ocrx_word' id='word_1_548' title='bbox 1550 4542 1631 4622; x_wconf 88' lang='lat' dir='ltr'><strong>qnod</strong></span> <span class='ocrx_word' id='word_1_549' title='bbox 1653 4545 1690 4608; x_wconf 92' lang='lat' dir='ltr'><strong>ab</strong></span> <span class='ocrx_word' id='word_1_550' title='bbox 1711 4544 1824 4610; x_wconf 91' lang='lat' dir='ltr'><strong>harum</strong></span> <span class='ocrx_word' id='word_1_551' title='bbox 1839 4547 1874 4609; x_wconf 92' lang='lat' dir='ltr'><strong>li·</strong></span> 
     </span>
     <span class='ocr_line' id='line_1_108' title="bbox 1126 4635 1873 4719; baseline 0.001 -17"><span class='ocrx_word' id='word_1_552' title='bbox 1126 4649 1265 4702; x_wconf 87' lang='lat' dir='ltr'><strong>terarum</strong></span> <span class='ocrx_word' id='word_1_553' title='bbox 1279 4641 1471 4714; x_wconf 78' lang='lat' dir='ltr'><strong>exequutore</strong></span> <span class='ocrx_word' id='word_1_554' title='bbox 1486 4635 1602 4699; x_wconf 91' lang='lat' dir='ltr'><strong>collatis</strong></span> <span class='ocrx_word' id='word_1_555' title='bbox 1613 4653 1686 4700; x_wconf 91' lang='lat' dir='ltr'><strong>cum</strong></span> <span class='ocrx_word' id='word_1_556' title='bbox 1700 4641 1873 4719; x_wconf 86' lang='lat' dir='ltr'><strong>respectivo</strong></span> 
     </span>
     <span class='ocr_line' id='line_1_109' title="bbox 1125 4730 1873 4812; baseline 0.001 -14"><span class='ocrx_word' id='word_1_557' title='bbox 1125 4732 1287 4798; x_wconf 87' lang='lat' dir='ltr'><strong>Ordinario</strong></span> <span class='ocrx_word' id='word_1_558' title='bbox 1308 4730 1444 4794; x_wconf 87' lang='lat' dir='ltr'><strong>consiliis</strong></span> <span class='ocrx_word' id='word_1_559' title='bbox 1467 4731 1499 4792; x_wconf 93' lang='lat' dir='ltr'><strong>in</strong></span> <span class='ocrx_word' id='word_1_560' title='bbox 1520 4747 1672 4809; x_wconf 90' lang='lat' dir='ltr'><strong>congruas</strong></span> <span class='ocrx_word' id='word_1_561' title='bbox 1686 4735 1873 4812; x_wconf 88' lang='lat' dir='ltr'><strong>praebendas</strong></span> 
     </span>
     <span class='ocr_line' id='line_1_110' title="bbox 1125 4823 1873 4907; baseline 0.003 -17"><span class='ocrx_word' id='word_1_562' title='bbox 1125 4845 1180 4907; x_wconf 90' lang='lat' dir='ltr'><strong>pro</strong></span> <span class='ocrx_word' id='word_1_563' title='bbox 1199 4835 1316 4891; x_wconf 93' lang='lat' dir='ltr'><strong>statuto</strong></span> <span class='ocrx_word' id='word_1_564' title='bbox 1330 4823 1545 4905; x_wconf 87' lang='lat' dir='ltr'><strong>capitularium</strong></span> <span class='ocrx_word' id='word_1_565' title='bbox 1561 4841 1694 4890; x_wconf 89' lang='lat' dir='ltr'><strong>numero</strong></span> <span class='ocrx_word' id='word_1_566' title='bbox 1709 4827 1873 4892; x_wconf 91' lang='lat' dir='ltr'><strong>distribue·</strong></span> 
     </span>
     <span class='ocr_line' id='line_1_111' title="bbox 1125 4919 1873 5000; baseline -0.001 -15"><span class='ocrx_word' id='word_1_567' title='bbox 1125 4932 1186 4985; x_wconf 89' lang='lat' dir='ltr'><strong>tur.</strong></span> <span class='ocrx_word' id='word_1_568' title='bbox 1209 4920 1268 4983; x_wconf 87' lang='lat' dir='ltr'><strong>Pro</strong></span> <span class='ocrx_word' id='word_1_569' title='bbox 1291 4919 1477 4984; x_wconf 82' lang='lat' dir='ltr'><strong>vicariorum</strong></span> <span class='ocrx_word' id='word_1_570' title='bbox 1498 4925 1604 4983; x_wconf 88' lang='lat' dir='ltr'><strong>autem</strong></span> <span class='ocrx_word' id='word_1_571' title='bbox 1617 4937 1672 4983; x_wconf 90' lang='lat' dir='ltr'><strong>seu</strong></span> <span class='ocrx_word' id='word_1_572' title='bbox 1687 4923 1873 5000; x_wconf 90' lang='lat' dir='ltr'><strong>praebenda·</strong></span> 
     </span>
     <span class='ocr_line' id='line_1_112' title="bbox 1125 5013 1873 5094; baseline 0 -15"><span class='ocrx_word' id='word_1_573' title='bbox 1125 5024 1229 5079; x_wconf 84' lang='lat' dir='ltr'><strong>torum</strong></span> <span class='ocrx_word' id='word_1_574' title='bbox 1250 5013 1372 5077; x_wconf 89' lang='lat' dir='ltr'><strong>decenti</strong></span> <span class='ocrx_word' id='word_1_575' title='bbox 1393 5028 1542 5090; x_wconf 90' lang='lat' dir='ltr'><strong>congrua,</strong></span> <span class='ocrx_word' id='word_1_576' title='bbox 1558 5029 1614 5094; x_wconf 90' lang='lat' dir='ltr'><strong>pro</strong></span> <span class='ocrx_word' id='word_1_577' title='bbox 1632 5015 1754 5079; x_wconf 88' lang='lat' dir='ltr'><strong>aedium</strong></span> <span class='ocrx_word' id='word_1_578' title='bbox 1769 5018 1873 5079; x_wconf 88' lang='lat' dir='ltr'><strong>cathe-</strong></span> 
     </span>
     <span class='ocr_line' id='line_1_113' title="bbox 1124 5109 1873 5188; baseline 0 -16"><span class='ocrx_word' id='word_1_579' title='bbox 1124 5109 1258 5172; x_wconf 91' lang='lat' dir='ltr'><strong>dralium</strong></span> <span class='ocrx_word' id='word_1_580' title='bbox 1281 5117 1348 5171; x_wconf 93' lang='lat' dir='ltr'><strong>tum</strong></span> <span class='ocrx_word' id='word_1_581' title='bbox 1374 5109 1618 5186; x_wconf 84' lang='lat' dir='ltr'><strong>pereutantium,</strong></span> <span class='ocrx_word' id='word_1_582' title='bbox 1642 5117 1710 5172; x_wconf 91' lang='lat' dir='ltr'><strong>tum</strong></span> <span class='ocrx_word' id='word_1_583' title='bbox 1730 5125 1873 5188; x_wconf 90' lang='lat' dir='ltr'><strong>suppres-</strong></span> 
     </span>
     <span class='ocr_line' id='line_1_114' title="bbox 1122 5201 1871 5280; baseline 0.001 -14"><span class='ocrx_word' id='word_1_584' title='bbox 1122 5218 1228 5266; x_wconf 91' lang='lat' dir='ltr'><strong>sarum</strong></span> <span class='ocrx_word' id='word_1_585' title='bbox 1249 5201 1395 5276; x_wconf 89' lang='lat' dir='ltr'><strong>tuitione,</strong></span> <span class='ocrx_word' id='word_1_586' title='bbox 1417 5217 1473 5279; x_wconf 87' lang='lat' dir='ltr'><strong>pro</strong></span> <span class='ocrx_word' id='word_1_587' title='bbox 1503 5201 1652 5280; x_wconf 89' lang='lat' dir='ltr'><strong>impensis</strong></span> <span class='ocrx_word' id='word_1_588' title='bbox 1672 5201 1706 5266; x_wconf 89' lang='lat' dir='ltr'><strong>in</strong></span> <span class='ocrx_word' id='word_1_589' title='bbox 1728 5204 1871 5267; x_wconf 90' lang='lat' dir='ltr'><strong>divinum</strong></span> 
     </span>
     <span class='ocr_line' id='line_1_115' title="bbox 1122 5297 1873 5378; baseline -0.001 -17"><span class='ocrx_word' id='word_1_590' title='bbox 1122 5297 1244 5361; x_wconf 90' lang='lat' dir='ltr'><strong>cultum</strong></span> <span class='ocrx_word' id='word_1_591' title='bbox 1266 5310 1491 5374; x_wconf 87' lang='lat' dir='ltr'><strong>sacrorumque</strong></span> <span class='ocrx_word' id='word_1_592' title='bbox 1512 5297 1716 5373; x_wconf 90' lang='lat' dir='ltr'><strong>curationem,</strong></span> <span class='ocrx_word' id='word_1_593' title='bbox 1731 5297 1873 5378; x_wconf 84' lang='lat' dir='ltr'><strong>itemque</strong></span> 
     </span>
     <span class='ocr_line' id='line_1_116' title="bbox 1123 5388 1872 5472; baseline 0.004 -19"><span class='ocrx_word' id='word_1_594' title='bbox 1123 5407 1179 5472; x_wconf 92' lang='lat' dir='ltr'><strong>pro</strong></span> <span class='ocrx_word' id='word_1_595' title='bbox 1193 5388 1409 5470; x_wconf 90' lang='lat' dir='ltr'><strong>episcopalium</strong></span> <span class='ocrx_word' id='word_1_596' title='bbox 1425 5391 1582 5454; x_wconf 89' lang='lat' dir='ltr'><strong>curiarum</strong></span> <span class='ocrx_word' id='word_1_597' title='bbox 1597 5392 1772 5469; x_wconf 90' lang='lat' dir='ltr'><strong>sumptibus</strong></span> <span class='ocrx_word' id='word_1_598' title='bbox 1786 5395 1872 5456; x_wconf 89' lang='lat' dir='ltr'><strong>dotes</strong></span> 
     </span>
     <span class='ocr_line' id='line_1_117' title="bbox 1123 5484 1872 5563; baseline 0.004 -16"><span class='ocrx_word' id='word_1_599' title='bbox 1123 5485 1292 5563; x_wconf 89' lang='lat' dir='ltr'><strong>diligenter</strong></span> <span class='ocrx_word' id='word_1_600' title='bbox 1312 5484 1501 5548; x_wconf 89' lang='lat' dir='ltr'><strong>saucientur.</strong></span> <span class='ocrx_word' id='word_1_601' title='bbox 1525 5484 1583 5547; x_wconf 83' lang='lat' dir='ltr'><strong>Pro</strong></span> <span class='ocrx_word' id='word_1_602' title='bbox 1608 5486 1745 5549; x_wconf 88' lang='lat' dir='ltr'><strong>ecclesiis</strong></span> <span class='ocrx_word' id='word_1_603' title='bbox 1767 5488 1872 5550; x_wconf 89' lang='lat' dir='ltr'><strong>lstriae</strong></span> 
     </span>
     <span class='ocr_line' id='line_1_118' title="bbox 1123 5579 1872 5661; baseline 0.009 -21"><span class='ocrx_word' id='word_1_604' title='bbox 1123 5580 1156 5642; x_wconf 92' lang='lat' dir='ltr'><strong>in</strong></span> <span class='ocrx_word' id='word_1_605' title='bbox 1177 5579 1324 5642; x_wconf 74' lang='lat' dir='ltr'><strong>Adriatici</strong></span> <span class='ocrx_word' id='word_1_606' title='bbox 1346 5579 1437 5642; x_wconf 89' lang='lat' dir='ltr'><strong>litore</strong></span> <span class='ocrx_word' id='word_1_607' title='bbox 1458 5579 1658 5657; x_wconf 88' lang='lat' dir='ltr'><strong>patrimonia,</strong></span> <span class='ocrx_word' id='word_1_608' title='bbox 1673 5582 1787 5661; x_wconf 83' lang='lat' dir='ltr'><strong>quibus</strong></span> <span class='ocrx_word' id='word_1_609' title='bbox 1801 5591 1872 5647; x_wconf 94' lang='lat' dir='ltr'><strong>actu</strong></span> 
     </span>
     <span class='ocr_line' id='line_1_119' title="bbox 1124 5672 1872 5756; baseline 0.007 -23"><span class='ocrx_word' id='word_1_610' title='bbox 1124 5673 1298 5752; x_wconf 89' lang='lat' dir='ltr'><strong>potiuntur,</strong></span> <span class='ocrx_word' id='word_1_611' title='bbox 1323 5673 1354 5735; x_wconf 93' lang='lat' dir='ltr'><strong>in</strong></span> <span class='ocrx_word' id='word_1_612' title='bbox 1378 5689 1426 5735; x_wconf 91' lang='lat' dir='ltr'><strong>eas</strong></span> <span class='ocrx_word' id='word_1_613' title='bbox 1449 5689 1551 5736; x_wconf 89' lang='lat' dir='ltr'><strong>causas</strong></span> <span class='ocrx_word' id='word_1_614' title='bbox 1574 5672 1770 5739; x_wconf 85' lang='lat' dir='ltr'><strong>addicentur:</strong></span> <span class='ocrx_word' id='word_1_615' title='bbox 1794 5692 1872 5756; x_wconf 82' lang='lat' dir='ltr'><strong>quae</strong></span> 
     </span>
     <span class='ocr_line' id='line_1_120' title="bbox 1123 5765 1870 5849; baseline 0.007 -21"><span class='ocrx_word' id='word_1_616' title='bbox 1123 5765 1321 5845; x_wconf 89' lang='lat' dir='ltr'><strong>patrimonia,</strong></span> <span class='ocrx_word' id='word_1_617' title='bbox 1345 5767 1399 5829; x_wconf 90' lang='lat' dir='ltr'><strong>ubi</strong></span> <span class='ocrx_word' id='word_1_618' title='bbox 1429 5774 1605 5846; x_wconf 90' lang='lat' dir='ltr'><strong>temporum</strong></span> <span class='ocrx_word' id='word_1_619' title='bbox 1627 5769 1705 5832; x_wconf 90' lang='lat' dir='ltr'><strong>ratio</strong></span> <span class='ocrx_word' id='word_1_620' title='bbox 1727 5770 1870 5849; x_wconf 91' lang='lat' dir='ltr'><strong>patiatur,</strong></span> 
     </span>
     <span class='ocr_line' id='line_1_121' title="bbox 1123 5861 1872 5940; baseline 0.011 -16"><span class='ocrx_word' id='word_1_621' title='bbox 1123 5877 1161 5924; x_wconf 87' lang='lat' dir='ltr'><strong>ex</strong></span> <span class='ocrx_word' id='word_1_622' title='bbox 1182 5861 1367 5940; x_wconf 88' lang='lat' dir='ltr'><strong>pientissimi</strong></span> <span class='ocrx_word' id='word_1_623' title='bbox 1385 5861 1532 5939; x_wconf 86' lang='lat' dir='ltr'><strong>principis</strong></span> <span class='ocrx_word' id='word_1_624' title='bbox 1549 5862 1730 5927; x_wconf 88' lang='lat' dir='ltr'><strong>liberalitate</strong></span> <span class='ocrx_word' id='word_1_625' title='bbox 1746 5874 1872 5932; x_wconf 86' lang='lat' dir='ltr'><strong>auctum</strong></span> 
     </span>
     <span class='ocr_line' id='line_1_122' title="bbox 1123 5956 1379 6020; baseline 0 -3"><span class='ocrx_word' id='word_1_626' title='bbox 1123 5956 1162 6018; x_wconf 93' lang='lat' dir='ltr'><strong>iri</strong></span> <span class='ocrx_word' id='word_1_627' title='bbox 1183 5957 1379 6020; x_wconf 83' lang='lat' dir='ltr'><strong>confidimus.</strong></span> 
     </span>
    </p>
   </div>
   <div class='ocr_carea' id='block_1_23' title="bbox 0 0 2432 7010">
    <p class='ocr_par' dir='ltr' id='par_1_25' title="bbox 0 0 2432 7010">
     <span class='ocr_line' id='line_1_123' title="bbox 0 0 2432 7010; baseline 0 0"><span class='ocrx_word' id='word_1_628' title='bbox 0 0 2432 7010; x_wconf 95' lang='lat' dir='ltr'><strong> </strong></span> 
     </span>
    </p>
   </div>
  </div>
 </body>
</html>
