4740 6962
78 545 116 598 13.
126 542 150 594 G.
168 533 227 588 11112

921 535 993 582 eills
1015 535 1063 578 PP.
1089 534 1130 579 vl.

255 657 325 726 ten.
349 657 438 724 tratri
461 656 647 724 wenceslao
668 654 903 738 tlrohiepiscopo
925 648 997 716 Tre-

292 751 411 830 virensi,
434 756 466 819 el
488 749 639 834 Episcopo
655 750 833 833 1133331333
856 745 888 812 S.
914 743 948 810 11.
976 743 995 809 Ι.

293 844 422 929 Ρ3133131
446 844 588 922 Ε1331331,

506 1030 593 1100 Ρ1118
615 1029 674 1096 ΡΡ,
700 1027 746 1094 111.

465 1219 654 1290 Venerabilis
677 1218 785 1296 trater,
831 1224 835 1232 '

284 1320 414 1388 salutem
435 1322 468 1384 el
489 1313 687 1400 apostolicam
710 1309 962 1379 benedictionem.

291 1509 310 1583 ἓ
333 1507 361 1569 1.
378 1509 448 1570 Post
462 1506 569 1570 laetum
587 1503 744 1578 tibi,'ven.
762 1500 868 1573 133133,
881 1515 897 1558 3
912 1495 998 1558 Nun·

253 1604 298 1665 313
319 1609 426 1664 333133
452 1598 630 1662 Coloniensi
659 1594 898 1660 declarationem
921 1591 997 1653 31333

254 1697 559 1776 impedimentorum,
576 1693 612 1754 de
635 1689 747 1770 quibus
761 1687 919 1764 agebatur,
938 1684 998 1746 dis-

253 1790 459 1870 pensationes,
482 1796 550 1849 tuas
570 1787 606 1848 ad
628 1799 684 1845 nos
705 1781 814 1844 dedisti
830 1780 934 1841 literas
949 1775 998 1837 die

253 1900 303 1945 xv.
328 1881 500 1946 decembris
522 1880 554 1941 in
576 1877 700 1957 quibus,
718 1889 789 1937 cum
804 1871 998 1949 significave-

253 1979 293 2040 ris
313 1976 437 2055 quantis
457 1981 619 2052 propterea
639 1970 670 2032 in
686 1967 836 2044 angustiis
851 1962 996 2034 verseris,

252 2072 393 2134 eumdem
414 2066 569 2130 renovasti
592 2062 835 2142 postulationem
852 2054 998 2139 3333111-

252 2163 352 2227 nenda
374 2161 522 2224 nimirum
554 2158 737 2221 extensione
759 2153 940 2217 facultatum
963 2149 996 2210 31

252 2257 378 2338 quaevis
407 2254 627 2334 impedimenta
659 2247 898 2312 matrimonialia
922 2244 997 2305 iuris

251 2349 393 2424 humani,
416 2355 447 2410 31
468 2355 592 2410 tautum
612 2360 668 2423 pro
686 2341 817 2405 subditis
832 2336 999 2401 austriacis

251 2443 475 2523 dispensanda;
499 2439 591 2518 idque
613 2452 686 2498 eum
703 2437 734 2497 in
750 2435 877 2496 modum
893 2432 996 2508 egisti,

251 2539 304 2617 qui
327 2545 401 2600 tuae
422 2535 454 2596 in
470 2550 526 2596 uos
540 2531 659 2610 pietati,
676 2529 708 2592 13
723 2527 929 2606 1333131333
945 2524 999 2588 Se·

251 2633 322 2694 deur
343 2627 513 2700 devotioni,
537 2641 570 2686 ac
591 2625 624 2685 in
645 2621 812 2684 Ecclesiam
839 2619 942 2681 studio
964 2617 998 2679 il-

252 2722 401 2787 lustribus
421 2716 603 2781 iamdudum
626 2715 746 2776 indiciis
760 2719 920 2794 perspecto
936 2727 1000 2772 ma-

251 2820 336 2880 nime
357 2823 403 2878 est
425 2819 660 2878 consentaneus.
682 2809 763 2872 Cum
778 2824 792 2867 3
808 2805 999 2884 gravissimis

251 2912 349 2976 causis
369 2906 514 2971 adductos
536 2920 593 2967 nos
614 2918 682 2964 esse
702 2901 897 2978 cognoveris,
916 2898 997 2960 utin

251 3007 292 3080 id,
315 3004 397 3082 quod
420 3001 481 3061 iam
502 2997 704 3075 suscepimus,
727 2992 893 3057 consilium
908 2990 1000 3052 deve-

251 3101 405 3170 niremus,
438 3092 568 3156 minime
599 3088 793 3161 dubitamus,
823 3085 898 3165 quin
930 3092 996 3148 tum

251 3192 319 3267 tibi,
339 3190 365 3251 si
387 3204 452 3250 non
479 3186 541 3264 ipsa
561 3200 608 3259 rc,
631 3189 660 3244 31
682 3181 853 3244 rationibus
882 3181 998 3242 nostris

250 3285 437 3348 satisfactum
458 3296 512 3359 per
527 3294 584 3340 nos
598 3293 665 3340 esse
679 3273 914 3337 existimaveris
931 3274 997 3349 Quo

251 3381 279 3444 11
301 3379 399 3456 igitur
420 3393 435 3436 3
458 3384 487 3438 13
508 3385 747 3450 consequamur,
770 3385 819 3430 333
848 3369 926 3447 13333
948 3368 997 3430 1111

249 3473 388 3536 breviter
409 3467 609 3547 aggredimur
630 3479 786 3543 exponere
809 3462 864 3524 tibi
879 3462 998 3524 consilii

250 3568 315 3630 eius
337 3564 436 3626 nostri
457 3562 603 3624 rationes.

289 3660 308 3736 ἓ
328 3661 358 3722 2.
383 3657 608 3720 Auctoritatem
621 3669 695 3716 sane
710 3652 916 3716 constituendi
931 3667 995 3713 ma-

250 3751 437 3818 trimonialia
462 3748 684 3826 impedimenta
712 3761 806 3822 penes
828 3745 996 3808 Ecclesiam

250 3862 315 3910 esse
330 3844 464 3908 dubitari
480 3839 569 3904 nullo
584 3840 702 3902 modoa
717 3838 872 3900 catholicis
884 3847 995 3916 potest,

249 3955 320 4004 cum
336 3939 366 4000 id
381 3936 538 4001 delinierit
552 3934 645 3996 Gouc.
665 3931 764 4006 Trid,
776 3932 911 4006 333311,
924 3949 950 3993 c.
963 3933 992 3993 b:

250 4035 316 4099 «si
335 4033 406 4111 quis
426 4030 539 4093 dixerit
571 4027 738 4090 Ecclesiam
770 4041 832 4087 non
861 4026 996 4104 potuisse

249 4128 474 4192 »constituere
504 4121 726 4200 impedimenta
758 4120 995 4182 matrimonium

249 4219 472 4293 3113133313,
504 4216 555 4277 vel
577 4215 609 4276 in
631 4214 669 4276 iis
696 4213 921 4276 constituendis
950 4231 997 4275 er-

248 4331 375 4390 333333,
398 4312 561 4376 anathema
582 4309 668 4370 sit.»
691 4307 736 4368 Ex
764 4322 826 4386 quo
853 4307 995 4371 catholici

249 4413 400 4483 doctores,
423 4405 469 4467 illi
499 4402 593 4464 etiam
624 4402 677 4480 qui
708 4399 881 4479 plurimum
903 4400 996 4464 laicae

249 4501 391 4583 potestati
412 4499 518 4561 iaveut
539 4513 572 4558 ac
592 4496 746 4568 tribuunt,
763 4494 894 4556 minime
908 4494 997 4557 dubi-

249 4602 355 4662 tarunt
376 4605 554 4671 agnoscere,
578 4588 732 4651 Ecclesiae
752 4603 820 4649 eam
835 4589 998 4650 auctorita·

247 4700 312 4755 tem
334 4703 401 4751 esse
423 4703 439 4748 a
461 4685 583 4748 Christo
598 4681 729 4744 Domino
744 4681 855 4754 datam,
873 4681 995 4760 ipsaque

249 4786 335 4848 illam
355 4799 371 4844 3
393 4779 501 4861 primis
522 4780 650 4845 saeculis
664 4774 700 4836 31
715 4776 790 4836 haec
804 4790 903 4852 usque
920 4783 996 4836 tem·

251 4895 320 4959 3333
335 4891 459 4955 semper
475 4890 561 4938 usam
577 4874 681 4936 luisse.
701 4871 819 4936 111331
834 4875 883 4937 hic
899 4875 996 4938 multa

251 4977 375 5052 possent
389 4967 598 5048 antiquissimi
614 4969 707 5030 huius
721 4987 794 5031 usus
810 4985 995 5032 monumen-

251 5074 290 5143 ta,
313 5080 424 5127 eorum
437 5062 555 5124 scilicet
573 5069 749 5138 temporum
764 5063 876 5142 quibus
891 5064 996 5126 abesse

252 5157 430 5236 longissime
457 5153 574 5228 debuit,
598 5165 633 5218 31
654 5169 722 5216 eam
750 5157 995 5234 praerogativum

252 5251 367 5315 ethnici
388 5249 543 5329 principes
565 5247 717 5311 Ecclesiae
738 5251 957 5324 concesserint,
980 5266 995 5310 3

251 5347 359 5426 quibus
381 5345 433 5406 1113
460 5342 656 5420 gravissimas
683 5341 912 5420 persecutiones
932 5359 996 5405 sae-

252 5439 376 5518 pissime
398 5434 553 5498 toleravit.
576 5433 710 5496 Proinde
731 5435 886 5496 anteriora
908 5435 996 5499 luere

252 5535 400 5599 eiusmodi
423 5530 574 5595 Ecclesiae
597 5527 705 5603 311313,
722 5535 752 5590 31
767 5530 995 5608 quodammodo

251 5625 509 5706 consequentibus
526 5623 752 5701 imperatorum
767 5622 995 5684 constitutioni-

252 5725 305 5788 bus
327 5735 470 5786 normam
485 5719 664 5798 praebuere.
681 5718 782 5795 noque
797 5716 847 5777 hic
859 5715 995 5777 animad-

252 5817 330 5881 verti
344 5815 508 5896 praecipue
524 5819 631 5890 potest,
649 5811 751 5890 ipsum
766 5809 924 5872 affinitatis
940 5811 997 5872 im·

251 5910 465 5990 pedimeutum
488 5906 595 5985 primis
616 5905 677 5966 11113
696 5903 825 5965 33333113
848 5903 940 5965 131333
961 5911 995 5966 ut

355 6055 407 6100 lor.
427 6051 629 6110 1331133333.
646 6050 708 6096 Fide
722 6050 804 6096 Partis
820 6051 836 6094 l.
854 6048 905 6095 tlol.
923 6049 960 6093 lv.

1053 650 1204 714 dirimens
1226 667 1281 730 per
1302 650 1536 712 ecclesiasticam
1552 649 1652 726 legem
1669 648 1802 711 1331333-

1056 748 1133 818 tum,
1158 752 1191 805 ut
1213 743 1361 806 habemus
1383 758 1422 803 ex
1443 741 1569 820 33131311
1592 741 1623 804 S.
1648 742 1749 804 Basilii
1767 741 1802 802 31

1055 835 1223 898 Diodorum
1249 844 1279 898 et
1301 852 1338 898 ex
1370 835 1487 898 Concil.
1512 834 1800 910 Neo-Caesariensi,

1054 927 1197 1001 113310,
1221 927 1313 1005 idque
1335 933 1369 988 ut
1391 926 1499 988 133133
1520 926 1801 1005 311331313313333-

1054 1019 1367 1083 331133133311331
1391 1021 1483 1084 Cone.
1510 1021 1735 1084 Eliberitanum
1758 1039 1802 1084 33-

1053 1113 1151 1175 333311
1181 1113 1342 1192 «antiquo
1373 1115 1583 1176 Romanorum
1618 1115 1686 1177 iure
1717 1116 1803 1178 abro-

1054 1213 1169 1282 gato».
1587 1279 1595 1288 ¹

1094 1301 1113 1376 5
1134 1301 1163 1363 3.
1187 1301 1264 1364 11133
1289 1313 1373 1367 13313
1395 1304 1492 1380 magis
1521 1304 1666 1375 edicitur,
1689 1305 1726 1366 ab
1749 1303 1802 1368 Ec-

1054 1394 1143 1456 313311
1165 1397 1290 1474 3333313
1313 1399 1381 1459 1333
1402 1398 1570 1460 3333111313
1592 1414 1658 1460 3333
1674 1399 1803 1476 impedi·

1054 1497 1169 1563 333313,
1193 1490 1345 1569 31333333
1367 1490 1470 1552 locum
1500 1493 1579 1570 33131
1601 1491 1802 1568 cavillationi,

1053 1597 1112 1659 qua
1134 1582 1258 1660 quidam
1280 1583 1480 1646 Tridentinae
1508 1585 1625 1662 Synodi
1648 1586 1802 1648 13131113-

1054 1691 1128 1737 nem
1143 1675 1267 1738 eludere
1282 1678 1488 1751 contendunt,
1505 1695 1576 1740 cum
1592 1679 1710 1752 dicunt,
1724 1681 1803 1740 Con-

1053 1769 1160 1831 cilium
1183 1786 1246 1832 333
1269 1771 1446 1834 1313131333
1475 1780 1582 1834 utrum
1603 1772 1677 1834 13333
1699 1781 1804 1836 33313-

1053 1864 1126 1924 31133
1147 1879 1185 1924 33
1208 1864 1323 1928 Christi
1346 1865 1557 1938 institutione,
1575 1882 1613 1927 an
1636 1881 1674 1926 ex
1689 1866 1803 1943 princi·

1053 1972 1128 2034 pum
1151 1957 1346 2034 indulgentiis
1369 1957 1458 2038 133111
1474 1958 1524 2020 331
1539 1960 1682 2037 33333331
1698 1960 1730 2021 13
1747 1961 1803 2022 Ec-

1053 2052 1177 2114 clesiam
1199 2053 1382 2116 manaverit.
1407 2053 1571 2129 Quoniam,
1588 2070 1660 2117 cum
1675 2070 1708 2117 ea
1724 2057 1802 2134 Apo-

1052 2145 1122 2206 stoli
1143 2147 1310 2220 sancirent,
1334 2162 1410 2224 quae
1433 2148 1468 2208 ad
1492 2147 1631 2210 bdelium
1657 2149 1801 2226 coniugia

1054 2239 1259 2315 pertinerent,
1271 2254 1442 2316 eorumque
1456 2241 1587 2316 proximi
1599 2257 1801 2316 successores,

1053 2339 1137 2394 certe
1152 2331 1236 2393 illam
1252 2348 1315 2393 non
1330 2347 1369 2393 ex
1384 2332 1439 2394 hac
1455 2333 1650 2410 indulgentiis
1667 2336 1802 2398 tenuisse

1053 2425 1175 2488 dicendi
1195 2427 1360 2499 suntsed,
1380 2426 1428 2488 usi
1450 2424 1557 2487 eddem
1579 2443 1650 2488 cum
1673 2426 1801 2502 1333131,

1055 2521 1181 2582 3333131
1201 2538 1216 2581 3
1239 2521 1361 2584 Christo
1384 2537 1443 2583 una
1467 2537 1539 2583 cum
1554 2522 1690 2586 clavibus
1705 2524 1802 2601 ipsam

1053 2630 1086 2675 se
1107 2614 1258 2694 recepisse
1281 2615 1467 2680 iudicarunt.
1492 2617 1576 2691 Quod
1598 2618 1623 2678 si
1639 2636 1654 2680 3
1671 2619 1802 2681 llomino

1055 2727 1117 2773 non
1149 2712 1347 2790 recepissent,
1381 2713 1517 2792 prolecto
1550 2714 1637 2776 1331
1668 2712 1803 2776 31131131-

1053 2805 1173 2869 boanda
1195 2815 1362 2882 errassent,
1384 2808 1471 2869 3313
1494 2807 1633 2883 legitima
1649 2808 1800 2890 principa-

1055 2905 1182 2966 1331333
1198 2903 1391 2966 invasissent.
1411 2905 1442 2968 11
1457 2921 1550 2984 quam
1565 2903 1605 2965 sit
1619 2905 1800 2980 absurdum,

1053 3000 1183 3079 quisque
1205 2999 1292 3061 133113
1313 2999 1478 3077 intelliget.
1502 3000 1618 3064 Notum
1634 3010 1680 3064 est
1695 3005 1798 3080 etiam,

1053 3096 1135 3175 quod
1166 3111 1231 3157 can.
1255 3096 1273 3157 3
1305 3096 1444 3158 eiusdem
1472 3113 1545 3158 sess.
1568 3097 1607 3158 11
1635 3095 1800 3161 delinitum

1053 3200 1113 3253 est:
1138 3207 1224 3270 posse
1246 3191 1412 3253 Ecclesiam
1434 3193 1624 3254 constituere
1647 3192 1801 3270 31313333

1053 3285 1164 3360 gradus
1195 3284 1363 3363 impediant
1385 3303 1419 3348 33
1439 3285 1598 3347 dirimant.
1625 3287 1705 3350 Cum
1727 3301 1801 3362 crgo

1053 3378 1141 3439 nullo
1163 3393 1300 3457 unquam
1322 3385 1462 3457 tempore
1478 3379 1587 3455 dogma
1603 3379 1672 3441 1131
1688 3379 1799 3444 laisum

1052 3472 1146 3534 131333
1163 3471 1310 3549 33133311,
1328 3473 1581 3550 3313333333311,
1600 3484 1800 3550 3333333331,

1052 3565 1146 3626 3131
1168 3564 1317 3626 Ecclesiae
1339 3565 1461 3640 origine
1489 3574 1519 3626 et
1541 3567 1627 3627 omni
1658 3575 1799 3632 anteacto

1052 3668 1191 3737 tempore
1205 3673 1316 3720 verum
1332 3658 1436 3732 tuerit,
1451 3667 1481 3720 et
1498 3660 1583 3720 omni
1599 3661 1801 3738 consequenti

1053 3761 1151 3814 331313
1172 3766 1285 3813 verum
1316 3751 1458 3812 luturum
1489 3752 1539 3825 311,
1564 3752 1730 3814 Ecclesiam
1754 3769 1799 3829 ea,

1053 3861 1167 3926 quaea
1196 3844 1332 3909 Concilio
1364 3845 1522 3918 asseritur,
1554 3853 1706 3922 potestate
1737 3847 1802 3924 pol·

1053 3942 1128 4003 lere.
1152 3941 1191 4002 11
1211 3940 1236 4000 31
1260 3939 1348 4000 133113
1370 3937 1478 4000 saltem
1500 3938 1679 4017 principum
1697 3942 1801 4020 requi-

1053 4041 1176 4096 reretur
1198 4031 1233 4094 31
1255 4047 1322 4092 eam
1343 4030 1514 4093 habendam
1530 4039 1712 4109 potestatem
1728 4052 1802 4098 con-

1052 4128 1162 4204 cessio,
1184 4131 1383 4204 sequeretur,
1407 4125 1483 4187 illud
1510 4126 1618 4204 primis
1649 4129 1802 4192 Ecclesiae

1053 4218 1803 4300 temporibus‚suhprincipibusnimirumethni-

1053 4317 1105 4389 cis,
1129 4329 1240 4376 verum
1267 4328 1333 4374 esse
1362 4327 1426 4374 non
1449 4313 1597 4391 potuisse,
1621 4329 1723 4392 neque
1745 4316 1803 4379 hoc

1053 4417 1191 4485 tempore
1214 4421 1324 4468 verum
1346 4421 1412 4466 esse
1433 4421 1520 4484 posse
1542 4406 1580 4467 iis
1602 4407 1633 4468 in
1657 4407 1743 4482 locis,
1771 4409 1802 4470 in

1054 4501 1164 4581 quihus
1184 4498 1405 4564 christifideles
1420 4498 1539 4574 degunt
1553 4500 1611 4562 sub
1628 4500 1803 4564 infidelium

1054 4594 1281 4670 dominatione;
1304 4601 1335 4655 et
1356 4593 1381 4654 31
1402 4592 1441 4654 31
1463 4591 1609 4671 aliquam,
1626 4601 1661 4655 ut
1681 4600 1803 4670 vocant,

1054 4691 1205 4750 rationem
1221 4693 1318 4748 status
1330 4686 1496 4764 331331333,
1511 4689 1650 4748 revocata
1663 4687 1709 4762 31,
1727 4703 1805 4766 3333

1053 4781 1245 4855 obtenditur,
1268 4780 1464 4856 indulgentia
1485 4785 1516 4842 et
1529 4780 1737 4855 33333331333,
1754 4781 1804 4842 ab·

1054 4891 1162 4954 rogare
1185 4875 1297 4936 sancita
1313 4873 1349 4934 ab
1367 4874 1499 4936 Ecclesia
1516 4871 1737 4952 impedimenta
1753 4890 1805 4933 va-

1053 4971 1166 5044 133331,
1183 4969 1250 5029 1331
1274 4973 1374 5046 333331
1390 4974 1425 5028 31
1441 4981 1553 5028 verum
1568 4982 1634 5028 esse
1648 4964 1804 5030 desineret

1053 5065 1134 5143 quod
1148 5080 1163 5123 3
1176 5059 1359 5123 Tridentino
1374 5059 1540 5120 definitum
1557 5067 1615 5131 est,
1629 5059 1720 5137 idque
1736 5075 1805 5138 pcr-

1054 5157 1131 5220 tenti
1154 5156 1313 5229 existeret,
1339 5163 1373 5216 ut
1394 5153 1557 5231 aliquando
1578 5153 1745 5215 dicendum
1760 5153 1804 5214 io-

1052 5260 1100 5314 ret
1121 5249 1288 5312 Ecclesiam
1318 5264 1382 5310 non
1406 5262 1494 5325 posse
1525 5247 1608 5324 quod
1636 5246 1803 5308 Ecclesiam

1052 5359 1140 5422 posse
1156 5342 1290 5420 Spiritus
1306 5343 1438 5404 Sanctus
1453 5340 1676 5405 oecumenicae
1688 5339 1803 5418 Syncdi

1052 5436 1175 5498 oraculo
1197 5434 1372 5497 declaravit.
1397 5435 1495 5511 igitur
1510 5451 1556 5510 33,
1573 5449 1667 5513 quarn
1683 5448 1800 5495 memo·

1051 5545 1110 5602 ras,
1134 5527 1307 5589 recentium
1329 5527 1645 5605 pseudopoliticorum
1667 5535 1698 5589 31
1713 5542 1802 5589 cano-

1052 5622 1204 5683 nistarum
1219 5619 1375 5682 sententia
1395 5635 1456 5680 non
1472 5618 1574 5680 solum
1589 5627 1636 5680 est
1653 5619 1803 5682 Ecclesiae

1052 5714 1214 5789 iniuriosa,
1236 5715 1288 5775 sed
1311 5713 1427 5774 eteius
1449 5713 1602 5774 constanti
1621 5712 1726 5775 sensui
1744 5719 1803 5774 tra·

1050 5807 1223 5886 ditionique
1238 5821 1361 5885 prorsus
1376 5806 1513 5867 adversa.
1533 5804 1619 5880 Quod
1635 5807 1709 5867 adeo
1727 5805 1802 5868 Cae-

1049 5915 1154 5963 sareae
1170 5900 1319 5962 maiestati
1335 5907 1533 5977 perspectum
1548 5897 1618 5974 luit,
1637 5905 1671 5960 ut
1688 5899 1720 5960 in
1736 5899 1803 5960 eius

1670 6049 1696 6089 el

1724 511 1782 574 265
1833 509 1887 560 An.
1902 509 1932 562 G.
1954 509 2022 560 1782
