4722 6976
335 497 520 552 Aac.mw

340 1386 462 1433 clausula
476 1387 534 1433 sub

322 1438 377 1485 lata
397 1443 423 1486 et
445 1439 533 1487 decre-

323 1496 378 1540 tum
393 1493 505 1540 irritans.

330 1951 466 2014 nerogatio
476 1962 533 1998 con·

322 2009 467 2052 trarrorum.

357 3941 503 3990 llxordiuua

573 480 712 559 ssc‘

552 634 679 708 clinati,
716 639 902 698 statutorum
937 631 1163 712 praedictorum
1199 629 1295 708 capita

553 727 765 805 praesentibus
794 741 849 804 pro
872 726 994 789 insertis
1021 724 1169 788 habentes
1191 721 1295 784 omnia

553 828 583 882 et
604 818 725 896 singula
747 820 779 881 in
807 820 851 881 eis
880 825 1024 882 contenta
1052 824 1082 878 et
1111 815 1294 895 praescripta

551 912 731 977 auctoritate
752 913 924 991 apostolica,
944 919 1052 974 tenore
1071 909 1293 988 praesentium,

552 1007 772 1068 confirmamus
792 1013 823 1068 et
844 1006 1061 1084 adprobamus,
1084 1003 1207 1082 illisque
1227 1017 1295 1080 per·

552 1107 661 1177 petuae
681 1105 712 1160 et
735 1098 919 1160 inviolabilis
940 1096 1119 1176 apostolicae
1141 1095 1295 1158 firmitatis

552 1192 648 1254 robur
658 1191 828 1267 adiicimus,
839 1198 931 1270 atque
941 1190 1045 1265 etiam,
1057 1198 1208 1269 quantum
1224 1203 1295 1250 cum

552 1286 683 1347 Domino
703 1301 877 1364 possumus,
900 1284 1163 1348 commendamus.

592 1380 611 1454 5
633 1379 661 1440 l.
684 1379 891 1442 Decernentes
910 1379 987 1458 ipsas
1002 1383 1177 1456 praesentes
1192 1375 1295 1438 literas

552 1487 676 1551 semper
696 1472 811 1548 firmas,
833 1471 948 1534 validas
962 1479 993 1533 et
1007 1471 1143 1533 ellicaces
1164 1470 1296 1532 existere

552 1581 585 1626 ac
607 1563 683 1639 lore,
705 1580 834 1644 suosque
854 1565 1007 1645 plenarios
1027 1572 1058 1625 et
1073 1563 1210 1640 integros
1225 1562 1295 1624 elie·

553 1667 620 1720 ctus
634 1659 737 1720 sortiri
750 1665 782 1720 et
797 1659 949 1736 obtinere,
962 1674 995 1720 ac
1009 1657 1180 1735 respective
1194 1673 1209 1717 a
1224 1671 1296 1716 con·

552 1750 697 1815 tratribus
719 1761 749 1816 et
770 1753 985 1816 consororibus
1007 1749 1228 1814 inviolabiliter
1243 1749 1294 1810 ob-

550 1847 679 1909 servari.
1173 1886 1177 1894 »

591 1941 610 2017 5
631 1941 661 2002 5.
684 1939 752 2003 Non
775 1940 965 2004 obstantibus
979 1936 1250 2002 constitutionibus
1265 1943 1295 1997 et

550 2034 795 2098 ordinationibus
815 2033 997 2114 apostolicis,
1013 2030 1203 2108 caeterisque
1224 2045 1294 2090 con-

551 2128 652 2190 trariis
673 2127 931 2208 quibuscumque.

590 2223 702 2286 Datum
728 2223 761 2284 in
787 2237 855 2284 arce
886 2219 1061 2299 Gandulphi
1089 2220 1146 2282 sub
1177 2217 1295 2280 annulo

550 2316 706 2394 piscatoris
730 2313 778 2375 die
805 2313 1045 2390 vigesimatertia
1067 2313 1138 2375 maii
1167 2311 1294 2372 millesi-

551 2425 602 2471 mo
624 2407 882 2485 octingentesimo
909 2405 1171 2484 decimoseptimo,
1193 2407 1293 2484 ponti·

550 2503 655 2564 licatus
673 2501 772 2564 nostri
786 2516 866 2562 anuo
887 2499 1004 2562 decimo
1026 2507 1144 2561 octavo.

805 2704 1042 2714 ..o-*—

867 2883 973 2948 LXIX.

552 3075 732 3154 Spoliorum
750 3075 826 3136 iero
841 3073 882 3136 od
899 3071 1064 3134 Comerom
1080 3069 1292 3148 apostolicam

589 3170 798 3246 pertinentia,
827 3166 967 3244 definitis
997 3163 1233 3226 conditionibus
1262 3165 1293 3222 et

589 3260 837 3346 acceptionibus,
852 3260 893 3323 od
907 3259 1038 3322 Sacram
1053 3257 1147 3338 Ccog.
1160 3257 1195 3319 de
1207 3257 1242 3319 P.
1255 3259 1289 3320 F.

589 3355 736 3418 devolvit.

793 3537 879 3610 ellls
903 3540 962 3607 ΡΡ.
987 3538 1046 3605 vlt.

745 3735 864 3792 MOTU
893 3731 1094 3790 Pnonnlo

588 3928 607 4005 ς
630 3928 657 3989 l.
681 3925 852 3989 Catholicae
874 3925 944 3988 fidei
966 3923 1177 4004 propagationi
1205 3930 1291 3985 tanto

547 4020 648 4082 studio
679 4027 825 4098 tantaque
852 4017 1058 4080 sollicitudine
1083 4015 1292 4094 praedecesso-

548 4131 597 4175 res
618 4115 716 4175 nostri
737 4121 886 4192 perpetuo
907 4112 1127 4186 incubuerunt,
1142 4119 1176 4172 ut
1198 4127 1290 4189 nego·

548 4209 630 4270 cium
652 4206 826 4269 huiusmodi
849 4205 947 4269 veluti
969 4205 1096 4269 Sanctae
1118 4204 1203 4268 Sedis
1224 4221 1291 4283 pro·

548 4301 651 4379 prium
666 4308 696 4362 et
711 4299 881 4360 maximum
904 4299 1015 4362 merito
1036 4314 1158 4375 semper
1179 4297 1291 4360 iudica·

548 4395 670 4456 verint·
686 4393 763 4456 Hinc
778 4392 829 4454 lel.
841 4408 900 4454 rec.
912 4392 1079 4468 Gregorius
1094 4390 1160 4455 llll.
1178 4393 1291 4456 celebri

548 4505 602 4551 soa
612 4486 834 4550 constitutione
845 4482 1056 4548 inscrutabili
1067 4484 1203 4549 Divinae
1215 4487 1291 4552 Pro-

548 4580 710 4642 vidcotioc
732 4595 851 4641 orcoao
871 4595 953 4641 auno
973 4578 1033 4640 lata
1052 4595 1199 4642 uooxxn.
1224 4580 1289 4645 dec.

548 4674 693 4736 kalendas
715 4672 782 4734 iulii
803 4672 988 4750 peculiarem
1010 4672 1291 4750 congregationem

549 4766 684 4829 instituit
705 4765 742 4827 de
763 4767 957 4844 Propaganda
972 4765 1046 4827 Fide
1068 4775 1289 4846 nuncupatam,

548 4861 639 4939 eique
659 4857 828 4922 nonnullos
850 4859 994 4920 Gamerae
1015 4859 1204 4937 apostolicae
1226 4865 1291 4925 red·

548 4952 630 5015 ditus
651 4952 802 5027 attribuit,
819 4961 916 5015 utres
940 4951 1016 5014 tanti
1040 4955 1191 5016 momenti
1213 4957 1291 5018 cele·

548 5046 612 5107 rius
641 5046 897 5123 progrederetur,
921 5051 954 5108 ut
983 5059 1100 5107 novum
1123 5048 1160 5109 de
1187 5047 1235 5108 die
1258 5048 1290 5111 in

548 5139 629 5202 diem
651 5138 815 5200 christiana
835 5136 946 5214 religio
965 5138 1196 5202 incrementum
1217 5141 1291 5205 acci-

548 5236 647 5310 peret.
665 5228 723 5294 Sed
735 5230 774 5292 ob
788 5239 941 5294 anteactas
956 5237 1133 5310 temporum
1145 5234 1291 5312 procellas

548 5325 621 5386 adeo
636 5341 721 5387 nunc
742 5325 900 5386 imminuti
915 5332 989 5386 sont
1003 5325 1141 5388 eiusdem
1154 5329 1290 5404 Congre-

549 5417 679 5494 gationis
704 5419 852 5492 redditus,
875 5425 909 5480 ut
930 5425 1062 5497 nequeat
1092 5419 1232 5498 amplius,
1256 5429 1291 5484 ut

547 5519 647 5583 antea,
663 5511 820 5591 Episcopis
834 5518 864 5574 et
880 5511 1058 5590 llpostolicis
1077 5513 1200 5576 llicariis
1215 5530 1291 5592 peu-

548 5605 648 5667 siones
669 5606 855 5683 persolvere,
876 5605 1069 5682 evangelicae
1092 5607 1199 5670 messis
1221 5624 1292 5686 ope-

547 5699 635 5759 rariis
645 5699 795 5778 stipendia
805 5699 1010 5777 suppeditare,
1020 5701 1291 5778 nequeUrbanum

549 5791 722 5869 Collegium
744 5807 799 5870 pro
821 5790 1020 5854 alumnorum
1048 5794 1223 5857 eruditione
1244 5811 1292 5857 re-

547 5885 687 5960 stituere,
710 5883 802 5963 idque
824 5900 923 5961 genus
944 5884 1001 5947 alia
1026 5902 1119 5948 onera
1141 5885 1290 5966 perterre,

1071 511 1135 557 llllt.
1159 511 1250 556 ΡΟΝΤ.
1275 511 1314 554 DE
1335 510 1365 554 P·
1389 509 1418 555 F.
1443 509 1525 554 PARS
1547 509 1568 554 l.

1351 644 1413 690 non
1436 628 1503 691 sine
1525 628 1660 690 marimo
1674 627 1838 690 catholicae
1856 627 1927 690 fidei
1950 641 2093 706 propaga·

1351 721 1443 784 tionis
1464 721 1664 786 detrimento.

1390 817 1458 894 52.
1484 816 1562 880 Gum
1583 815 1720 895 primum
1742 816 1846 894 itaque
1867 817 1980 880 borum
2001 816 2092 880 malo

1351 1018 1438 1078 mus,
1468 1004 1622 1082 quomodo
1643 1003 1703 1066 illis
1727 1019 1887 1066 occurrere
1912 1021 1946 1068 ac
1968 1007 2094 1082 negocio

1352 1103 1414 1160 tam
1435 1098 1520 1175 gravi
1549 1097 1722 1178 prospicere
1749 1113 1914 1176 possemus.
1949 1099 2094 1164 nurmal-

1350 1199 1509 1254 vertentes
1531 1192 1666 1266 tandem,
1690 1191 1865 1268 Spoliorum
1886 1193 1954 1254 iura
1969 1209 1984 1252 a
1998 1193 2094 1270 pluri-

1350 1284 1407 1346 bus
1428 1283 1710 1363 praedecessoribus
1725 1286 1838 1347 nostris
1850 1287 1995 1348 Gamerae
2016 1287 2093 1366 Apo·

1351 1375 1474 1439 stolicae
1495 1377 1652 1456 applicata,
1668 1377 1862 1455 potissimum
1879 1378 2028 1458 respicere
2043 1379 2093 1441 vel

1351 1468 1470 1532 tructus
1501 1459 1722 1534 beneficiorum
1753 1471 2028 1534 ecclesiasticorum
2056 1474 2094 1535 de

1351 1569 1489 1641 tempore
1512 1579 1620 1624 eorum
1648 1564 1825 1639 vacationis,
1848 1564 1898 1626 vel
1924 1565 2003 1628 bona
2025 1581 2092 1644 per-

1350 1671 1498 1717 sonarum
1512 1662 1564 1717 aut
1578 1657 1769 1734 regularium
1784 1665 1869 1720 extra
1884 1658 2025 1734 claustra,
2040 1668 2093 1721 aut

1352 1747 1626 1813 ecclesiasticarum
1641 1757 1727 1813 extra
1742 1752 2014 1832 residentiam,aut
2028 1755 2093 1816 abs-

1351 1856 1412 1918 que
1444 1843 1573 1904 testandi
1601 1842 1745 1907 facultate
1776 1846 2003 1923 decedentium,
2037 1864 2091 1910 uo·

1351 1931 1396 1994 bis
1418 1933 1520 1996 visum
1550 1947 1607 2012 est,
1630 1938 1703 1999 huic
1731 1937 1858 2002 Sanctae
1884 1938 1956 2002 Sedi
1984 1941 2092 2004 maiori

1352 2023 1433 2087 laudi
1455 2025 1607 2105 loturum,
1630 2030 1710 2093 siin
1735 2039 1893 2110 posterum
1916 2033 2092 2112 Spoliorum

1350 2120 1488 2183 redditus
1511 2123 1543 2184 in
1565 2132 1706 2204 sumptus
1721 2126 1946 2204 propagationis
1968 2127 2093 2189 eatboli·

1349 2233 1401 2280 cae
1422 2216 1491 2278 ndei
1519 2216 1628 2280 sallem
1653 2219 1685 2280 in
1708 2228 1793 2300 parte
1820 2227 2089 2282 converterentur.

1349 2310 1566 2386 Quamobrem,
1597 2313 1700 2375 audito
1732 2313 1844 2377 dilecto
1874 2315 1937 2377 lilio
1966 2316 2093 2379 Caesare

1349 2405 1516 2470 Guerrerio
1538 2414 1643 2468 nostro
1663 2407 1900 2484 vigilantissimo
1926 2409 2093 2472 Thesauro-

1349 2497 1396 2559 rio
1417 2513 1450 2560 ac
1471 2498 1642 2563 Gollectore
1663 2501 1800 2576 generali
1829 2501 2016 2579 Spoliorum,
2041 2519 2092 2566 ve·

1349 2591 1437 2668 stigia
1452 2590 1592 2670 Gregorii
1607 2591 1675 2657 XV.
1691 2602 1853 2670 sectantes,
1868 2611 1902 2657 ac
1916 2594 2092 2672 apostolicas

1349 2685 1465 2748 litteras
1487 2685 1611 2750 lel.rec.
1635 2688 1719 2750 Pauli
1734 2689 1797 2764 lll.,
1820 2689 1865 2752 Pii
1879 2689 1946 2767 ll.,
1969 2691 2014 2754 Pii
2037 2689 2090 2766 ll.,

1349 2782 1490 2860 Gregorii
1520 2781 1618 2860 xlll,
1654 2783 1849 2864 aliorumque
1879 2785 2092 2874 Romanorum

1349 2874 1534 2938 Pontificum
1565 2877 1631 2938 iura
1661 2877 1750 2957 spolii
1780 2887 2016 2954 concernentes,
2044 2895 2092 2941 ea-

1348 2984 1483 3048 rumque
1505 2977 1647 3032 tenorem
1672 2980 1703 3033 et
1725 2973 1806 3036 datas
1828 2973 1878 3037 llic
1898 2990 1953 3052 pro
1968 2989 2091 3054 expres-

1348 3064 1389 3124 sis
1403 3063 1563 3139 babentes,
1579 3065 1663 3128 lloto
1678 3066 1815 3145 Proprie,
1831 3083 1895 3130 non
1909 3069 1945 3130 ad
1961 3069 2089 3134 alicuius

1348 3155 1539 3232 instantiam,
1561 3157 1614 3219 sed
1635 3165 1716 3222 certa
1740 3161 1877 3232 scientia,
1900 3179 1933 3226 ac
1954 3165 1992 3226 de
2011 3164 2091 3243 Apo-

1348 3249 1470 3314 stolicae
1479 3251 1565 3315 Sedis
1579 3253 1784 3330 plenitudine,
1796 3253 1890 3332 Spolii
1906 3257 1972 3318 iura
1982 3261 2090 3323 eodem

1349 3345 1440 3408 modo
1462 3354 1492 3408 et
1513 3345 1622 3423 lorma,
1639 3348 1750 3424 quibus
1771 3363 1855 3410 nunc
1874 3347 1908 3410 ad
1932 3350 2091 3417 Gameram

1348 3443 1553 3520 Apostolicam
1568 3443 1737 3521 pertinent,
1752 3443 1854 3507 eidem
1870 3444 2091 3524 congregatio-

1349 3539 1380 3599 ni
1403 3537 1440 3598 de
1462 3537 1655 3615 Propaganda
1678 3537 1736 3598 fide
1757 3539 1793 3600 ad
1809 3547 1950 3602 nostrum
1971 3549 2002 3603 et
2021 3559 2090 3606 soe

1348 3645 1505 3692 bessorum
1526 3637 1704 3692 nostrorum
1734 3631 1959 3709 beneplacitum
1981 3635 2090 3700 addici-

1347 3738 1429 3799 mus,
1457 3722 1706 3800 incorporamus,
1733 3724 1918 3802 applicamus
1947 3744 2018 3792 cum
2039 3747 2089 3793 eo-

1347 3815 1484 3878 demmet
1506 3815 1667 3894 privilegio
1688 3831 1798 3877 manus
1824 3817 1937 3894 regiae,
1961 3821 2088 3901 allisque

1347 3904 1492 3966 omnibus
1521 3903 1672 3966 fiscalibus
1699 3903 1818 3967 iuribus
1846 3915 1877 3966 et
1905 3908 2088 3990 privilegiis,

1347 3997 1459 4074 quibus
1479 3997 1513 4059 in
1535 4012 1645 4059 eorum
1666 3996 1844 4075 Spoliorum
1866 4001 2026 4065 exactione
2040 4020 2091 4065 us-

1347 4105 1407 4167 que
1428 4090 1526 4152 adbuc
1548 4090 1675 4153 Gamera
1688 4090 1859 4169 Apostolica
1880 4095 1982 4171 gavisa
1998 4105 2043 4158 est
2056 4106 2089 4161 et

1347 4183 1472 4260 gaudet,
1500 4184 1541 4245 ita
1562 4191 1596 4245 ut
1617 4183 1724 4248 eadem
1752 4186 1958 4264 Gougregatio
1979 4191 2012 4252 iu
2034 4192 2089 4255 Ga·

1346 4277 2090 4356 meraeltpostolicaelocumadlibitumnostrum

1345 4379 1377 4433 et
1387 4387 1597 4434 successorum
1613 4379 1803 4447 nostrorum,
1817 4381 1851 4435 ut
1863 4373 2089 4454 praemisimus,

1346 4467 1380 4527 ad
1393 4479 1501 4526 omues
1516 4471 1546 4526 et
1560 4481 1772 4544 quoscumque
1786 4467 1862 4530 iuris
1879 4468 2005 4532 eftectus
2018 4471 2090 4534 sub-

1347 4566 1449 4636 rogata
1472 4566 1502 4620 et
1522 4558 1650 4620 sullecta
1671 4559 1800 4622 omnino
1821 4569 1994 4626 censeatur.

1386 4655 1405 4728 ἓ
1426 4652 1455 4714 3.
1480 4652 1656 4732 Excipimos
1687 4658 1790 4714 autem
1815 4655 1851 4716 ab
1878 4657 1932 4717 bac
1962 4656 2090 4734 applica-

1348 4749 1432 4812 tione
1460 4765 1492 4811 ac
1514 4747 1618 4809 lavore
1641 4755 1761 4809 nostrae
1783 4763 1921 4812 camerae
1942 4759 2090 4828 perpetuo

1347 4855 1543 4903 reservamus
1564 4849 1633 4902 tum
1655 4840 1856 4903 haereditates
1871 4858 2091 4920 quarumcum-

1346 4951 1405 5014 que
1428 4949 1630 5014 personarum
1651 4934 1867 4996 decedentium
1889 4934 1925 4996 ab
1946 4936 2091 5001 intestato

1347 5029 1461 5106 absque
1482 5027 1629 5104 legitimis
1649 5025 1843 5102 haeredibus,
1871 5027 1991 5108 aliaque
2012 5031 2090 5094 bona

1348 5123 1495 5196 vacantia,
1519 5128 1586 5182 tum
1608 5119 1687 5182 bona
1708 5120 1775 5182 iura
1799 5127 1828 5184 et
1854 5122 1988 5186 actiones
2003 5143 2091 5203 quas-

1347 5230 1481 5294 cumque
1495 5214 1529 5275 ad
1546 5215 1687 5276 eamdem
1702 5213 1864 5277 Cameram
1885 5217 2091 5297 apostolicam

1347 5311 1478 5373 veliam
1500 5307 1623 5383 delatas,
1646 5307 1697 5368 vel
1717 5308 1749 5368 in
1771 5317 1930 5386 posterum
1951 5311 2090 5377 deleren-

1347 5408 1398 5468 das
1419 5421 1473 5482 per
1494 5404 1756 5484 suppressionem,
1770 5403 1856 5482 siqua
1871 5405 1998 5470 tortasse
2018 5425 2090 5471 eve-

1348 5501 1440 5576 niret,
1471 5515 1741 5578 quorumcumque
1769 5502 2011 5582 episcopatuum,
2038 5506 2089 5568 ab

1348 5595 1510 5669 baliarum,
1527 5593 1786 5673 cappellaniarom
1808 5602 1839 5658 el
1859 5596 1994 5662 aliorum
2014 5615 2089 5678 quo

1347 5705 1554 5766 rumcumqoe
1567 5688 1798 5751 beneficiorum.
1818 5689 1996 5770 Excipimus
2010 5696 2090 5772 parl-

1348 5791 1395 5844 ler
1411 5783 1486 5844 bona
1498 5781 1642 5843 Abbatiae
1660 5782 1770 5844 Trium
1785 5783 1942 5861 Fontium,
1953 5802 2088 5865 quorum

1346 5874 1647 5940 administrationem
1669 5876 1801 5938 durante
1822 5876 1906 5942 illius
1934 5881 2089 5946 vacatione

2121 491 2174 547 Au.
2187 497 2213 548 G.
2231 499 2285 554 1817

2124 837 2256 894 spoliarum
2269 847 2296 892 iu-

1351 926 1422 974 rum
1443 910 1585 973 notitiam
1600 910 1783 988 accepimus,
1799 910 1939 973 animum
1960 910 2092 974 intendi·
2111 891 2178 993 lif·
2194 897 2216 942 ⁰·
2228 907 2297 948 aaa

2134 4689 2286 4746 sxcepllooes.
