<?xml version="1.0" encoding="UTF-8"?>
<!DOCTYPE html PUBLIC "-//W3C//DTD XHTML 1.0 Transitional//EN"
    "http://www.w3.org/TR/xhtml1/DTD/xhtml1-transitional.dtd">
<html xmlns="http://www.w3.org/1999/xhtml" xml:lang="en" lang="en">
 <head>
  <title>
</title>
<meta http-equiv="Content-Type" content="text/html;charset=utf-8" />
  <meta name='ocr-system' content='tesseract 3.04.00' />
  <meta name='ocr-capabilities' content='ocr_page ocr_carea ocr_par ocr_line ocrx_word'/>
</head>
<body>
  <div class='ocr_page' id='page_1' title='image "./iurispontificii00martgoog_0597.png"; bbox 0 0 4808 6988; ppageno 0'>
   <div class='ocr_carea' id='block_1_1' title="bbox 327 544 624 618">
    <p class='ocr_par' dir='ltr' id='par_1_1' title="bbox 327 544 624 618">
     <span class='ocr_line' id='line_1_1' title="bbox 327 544 624 618; baseline 0.037 -11"><span class='ocrx_word' id='word_1_1' title='bbox 327 549 426 610; x_wconf 77' lang='lat' dir='ltr'>aaa.</span> <span class='ocrx_word' id='word_1_2' title='bbox 446 545 516 610; x_wconf 81' lang='lat' dir='ltr'>tait</span> <span class='ocrx_word' id='word_1_3' title='bbox 564 544 624 618; x_wconf 76' lang='grc'>880</span> 
     </span>
    </p>
   </div>
   <div class='ocr_carea' id='block_1_2' title="bbox 544 687 1291 1050">
    <p class='ocr_par' dir='ltr' id='par_1_2' title="bbox 544 687 1291 1050">
     <span class='ocr_line' id='line_1_2' title="bbox 545 687 1291 770; baseline -0.009 -15"><span class='ocrx_word' id='word_1_4' title='bbox 545 687 785 770; x_wconf 82' lang='lat' dir='ltr'>componendae,</span> <span class='ocrx_word' id='word_1_5' title='bbox 809 689 1056 766; x_wconf 85' lang='lat' dir='ltr'>ordinandaeqne</span> <span class='ocrx_word' id='word_1_6' title='bbox 1075 687 1200 768; x_wconf 87' lang='lat' dir='ltr'>Synodo</span> <span class='ocrx_word' id='word_1_7' title='bbox 1221 701 1291 766; x_wconf 81' lang='lat' dir='ltr'>ope</span> 
     </span>
     <span class='ocr_line' id='line_1_3' title="bbox 544 779 1291 866; baseline -0.011 -18"><span class='ocrx_word' id='word_1_8' title='bbox 544 801 610 848; x_wconf 90' lang='lat' dir='ltr'>ram</span> <span class='ocrx_word' id='word_1_9' title='bbox 633 783 777 860; x_wconf 84' lang='lat' dir='ltr'>parastis,</span> <span class='ocrx_word' id='word_1_10' title='bbox 799 786 939 866; x_wconf 74' lang='lat' dir='ltr'>eamdem</span> <span class='ocrx_word' id='word_1_11' title='bbox 956 791 990 846; x_wconf 91' lang='lat' dir='ltr'>ut</span> <span class='ocrx_word' id='word_1_12' title='bbox 1004 783 1071 846; x_wconf 91' lang='lat' dir='ltr'>eins</span> <span class='ocrx_word' id='word_1_13' title='bbox 1091 781 1233 844; x_wconf 88' lang='lat' dir='ltr'>mandata</span> <span class='ocrx_word' id='word_1_14' title='bbox 1249 779 1291 842; x_wconf 89' lang='lat' dir='ltr'>ef-</span> 
     </span>
     <span class='ocr_line' id='line_1_4' title="bbox 544 875 1288 953; baseline -0.012 -12"><span class='ocrx_word' id='word_1_15' title='bbox 544 879 626 942; x_wconf 88' lang='lat' dir='ltr'>fectu</span> <span class='ocrx_word' id='word_1_16' title='bbox 647 894 703 942; x_wconf 91' lang='lat' dir='ltr'>suo</span> <span class='ocrx_word' id='word_1_17' title='bbox 725 894 787 941; x_wconf 93' lang='lat' dir='ltr'>non</span> <span class='ocrx_word' id='word_1_18' title='bbox 803 887 924 940; x_wconf 89' lang='lat' dir='ltr'>careant</span> <span class='ocrx_word' id='word_1_19' title='bbox 944 885 1072 939; x_wconf 89' lang='lat' dir='ltr'>strenue</span> <span class='ocrx_word' id='word_1_20' title='bbox 1094 875 1288 953; x_wconf 88' lang='lat' dir='ltr'>impendatis.</span> 
     </span>
     <span class='ocr_line' id='line_1_5' title="bbox 544 969 1291 1050; baseline -0.009 -15"><span class='ocrx_word' id='word_1_21' title='bbox 544 972 590 1037; x_wconf 84' lang='lat' dir='ltr'>nd</span> <span class='ocrx_word' id='word_1_22' title='bbox 605 975 660 1035; x_wconf 89' lang='lat' dir='ltr'>hoc</span> <span class='ocrx_word' id='word_1_23' title='bbox 674 987 750 1034; x_wconf 90' lang='lat' dir='ltr'>vero</span> <span class='ocrx_word' id='word_1_24' title='bbox 764 970 981 1050; x_wconf 88' lang='lat' dir='ltr'>praestandum</span> <span class='ocrx_word' id='word_1_25' title='bbox 998 969 1130 1046; x_wconf 81' lang='lat' dir='ltr'>longiori</span> <span class='ocrx_word' id='word_1_26' title='bbox 1152 985 1206 1031; x_wconf 91' lang='lat' dir='ltr'>vos</span> <span class='ocrx_word' id='word_1_27' title='bbox 1222 969 1291 1029; x_wconf 92' lang='lat' dir='ltr'>hor-</span> 
     </span>
    </p>
   </div>
   <div class='ocr_carea' id='block_1_3' title="bbox 500 1190 1292 4471">
    <p class='ocr_par' dir='ltr' id='par_1_3' title="bbox 544 1190 1289 1519">
     <span class='ocr_line' id='line_1_6' title="bbox 544 1190 1288 1252; baseline -0.005 -14"><span class='ocrx_word' id='word_1_28' title='bbox 544 1204 578 1241; x_wconf 92' lang='lat' dir='ltr'>no</span> <span class='ocrx_word' id='word_1_29' title='bbox 592 1204 639 1251; x_wconf 87' lang='lat' dir='ltr'>pro</span> <span class='ocrx_word' id='word_1_30' title='bbox 653 1197 771 1252; x_wconf 91' lang='lat' dir='ltr'>tempore</span> <span class='ocrx_word' id='word_1_31' title='bbox 785 1193 910 1240; x_wconf 81' lang='lat' dir='ltr'>existenti</span> <span class='ocrx_word' id='word_1_32' title='bbox 924 1193 995 1239; x_wconf 89' lang='lat' dir='ltr'>intra</span> <span class='ocrx_word' id='word_1_33' title='bbox 1006 1193 1071 1238; x_wconf 85' lang='lat' dir='ltr'>lines</span> <span class='ocrx_word' id='word_1_34' title='bbox 1082 1201 1146 1238; x_wconf 87' lang='lat' dir='ltr'>suae</span> <span class='ocrx_word' id='word_1_35' title='bbox 1155 1190 1288 1238; x_wconf 89' lang='lat' dir='ltr'>dioecesis.</span> 
     </span>
     <span class='ocr_line' id='line_1_7' title="bbox 544 1257 1289 1315; baseline -0.005 -9"><span class='ocrx_word' id='word_1_36' title='bbox 544 1261 734 1308; x_wconf 86' lang='lat' dir='ltr'>Monasterium</span> <span class='ocrx_word' id='word_1_37' title='bbox 755 1266 845 1307; x_wconf 88' lang='lat' dir='ltr'>autem</span> <span class='ocrx_word' id='word_1_38' title='bbox 868 1264 891 1306; x_wconf 84' lang='lat' dir='ltr'>S.</span> <span class='ocrx_word' id='word_1_39' title='bbox 907 1260 1014 1307; x_wconf 79' lang='lat' dir='ltr'>antonii</span> <span class='ocrx_word' id='word_1_40' title='bbox 1035 1260 1158 1314; x_wconf 87' lang='lat' dir='ltr'>Bachata,</span> <span class='ocrx_word' id='word_1_41' title='bbox 1179 1258 1247 1315; x_wconf 90' lang='lat' dir='ltr'>quod</span> <span class='ocrx_word' id='word_1_42' title='bbox 1263 1257 1289 1303; x_wconf 92' lang='lat' dir='ltr'>in</span> 
     </span>
     <span class='ocr_line' id='line_1_8' title="bbox 544 1325 1289 1385; baseline -0.004 -13"><span class='ocrx_word' id='word_1_43' title='bbox 544 1329 647 1385; x_wconf 86' lang='lat' dir='ltr'>synodo</span> <span class='ocrx_word' id='word_1_44' title='bbox 656 1327 824 1384; x_wconf 84' lang='lat' dir='ltr'>designatum</span> <span class='ocrx_word' id='word_1_45' title='bbox 835 1328 885 1374; x_wconf 91' lang='lat' dir='ltr'>fuit</span> <span class='ocrx_word' id='word_1_46' title='bbox 895 1339 942 1384; x_wconf 87' lang='lat' dir='ltr'>pro</span> <span class='ocrx_word' id='word_1_47' title='bbox 952 1327 1012 1372; x_wconf 88' lang='lat' dir='ltr'>sede</span> <span class='ocrx_word' id='word_1_48' title='bbox 1022 1327 1085 1371; x_wconf 90' lang='lat' dir='ltr'>dicti</span> <span class='ocrx_word' id='word_1_49' title='bbox 1096 1325 1289 1382; x_wconf 79' lang='lat' dir='ltr'>archiepiscopi</span> 
     </span>
     <span class='ocr_line' id='line_1_9' title="bbox 544 1391 1288 1452; baseline -0.005 -14"><span class='ocrx_word' id='word_1_50' title='bbox 544 1396 705 1450; x_wconf 82' lang='lat' dir='ltr'>Damasceni,</span> <span class='ocrx_word' id='word_1_51' title='bbox 720 1398 826 1440; x_wconf 91' lang='lat' dir='ltr'>maneat</span> <span class='ocrx_word' id='word_1_52' title='bbox 840 1405 887 1452; x_wconf 90' lang='lat' dir='ltr'>pro</span> <span class='ocrx_word' id='word_1_53' title='bbox 907 1393 971 1440; x_wconf 86' lang='lat' dir='ltr'>solis</span> <span class='ocrx_word' id='word_1_54' title='bbox 986 1392 1130 1448; x_wconf 89' lang='lat' dir='ltr'>monachis,</span> <span class='ocrx_word' id='word_1_55' title='bbox 1145 1393 1174 1437; x_wconf 91' lang='lat' dir='ltr'>nt</span> <span class='ocrx_word' id='word_1_56' title='bbox 1188 1391 1288 1436; x_wconf 90' lang='lat' dir='ltr'>dictum</span> 
     </span>
     <span class='ocr_line' id='line_1_10' title="bbox 544 1465 778 1519; baseline -0.004 -12"><span class='ocrx_word' id='word_1_57' title='bbox 544 1465 584 1508; x_wconf 88' lang='lat' dir='ltr'>est</span> <span class='ocrx_word' id='word_1_58' title='bbox 599 1473 679 1519; x_wconf 89' lang='lat' dir='ltr'>supra</span> <span class='ocrx_word' id='word_1_59' title='bbox 693 1466 745 1508; x_wconf 91' lang='lat' dir='ltr'>art.</span> <span class='ocrx_word' id='word_1_60' title='bbox 759 1467 778 1506; x_wconf 83' lang='lat'>7.</span> 
     </span>
    </p>

    <p class='ocr_par' dir='ltr' id='par_1_4' title="bbox 543 1525 1289 1720">
     <span class='ocr_line' id='line_1_11' title="bbox 581 1525 1287 1586; baseline -0.007 -11"><span class='ocrx_word' id='word_1_61' title='bbox 581 1541 639 1576; x_wconf 72' lang='lat' dir='ltr'>arx.</span> <span class='ocrx_word' id='word_1_62' title='bbox 655 1530 733 1575; x_wconf 87' lang='lat' dir='ltr'>Sedes</span> <span class='ocrx_word' id='word_1_63' title='bbox 747 1529 941 1586; x_wconf 82' lang='lat' dir='ltr'>archiepiscopi</span> <span class='ocrx_word' id='word_1_64' title='bbox 957 1528 1035 1586; x_wconf 85' lang='lat' dir='ltr'>Cypri</span> <span class='ocrx_word' id='word_1_65' title='bbox 1050 1527 1085 1572; x_wconf 91' lang='lat' dir='ltr'>sit</span> <span class='ocrx_word' id='word_1_66' title='bbox 1101 1529 1189 1585; x_wconf 87' lang='lat' dir='ltr'>(prout</span> <span class='ocrx_word' id='word_1_67' title='bbox 1204 1525 1230 1571; x_wconf 92' lang='lat' dir='ltr'>in</span> <span class='ocrx_word' id='word_1_68' title='bbox 1245 1525 1287 1570; x_wconf 84' lang='lat' dir='ltr'>cit.</span> 
     </span>
     <span class='ocr_line' id='line_1_12' title="bbox 543 1591 1289 1652; baseline -0.007 -11"><span class='ocrx_word' id='word_1_69' title='bbox 543 1603 595 1641; x_wconf 85' lang='lat' dir='ltr'>art.</span> <span class='ocrx_word' id='word_1_70' title='bbox 610 1597 631 1650; x_wconf 80' lang='lat'>2,</span> <span class='ocrx_word' id='word_1_71' title='bbox 646 1607 709 1642; x_wconf 88' lang='lat' dir='ltr'>sess.</span> <span class='ocrx_word' id='word_1_72' title='bbox 724 1597 746 1652; x_wconf 79' lang='lat'>2)</span> <span class='ocrx_word' id='word_1_73' title='bbox 766 1595 793 1640; x_wconf 90' lang='lat' dir='ltr'>iu</span> <span class='ocrx_word' id='word_1_74' title='bbox 814 1595 945 1641; x_wconf 80' lang='lat' dir='ltr'>sciahuan</span> <span class='ocrx_word' id='word_1_75' title='bbox 968 1595 1106 1639; x_wconf 86' lang='lat' dir='ltr'>districtus</span> <span class='ocrx_word' id='word_1_76' title='bbox 1126 1593 1244 1638; x_wconf 77' lang='lat' dir='ltr'>bectaiae</span> <span class='ocrx_word' id='word_1_77' title='bbox 1261 1591 1289 1637; x_wconf 88' lang='lat' dir='ltr'>in</span> 
     </span>
     <span class='ocr_line' id='line_1_13' title="bbox 544 1663 826 1720; baseline 0 -12"><span class='ocrx_word' id='word_1_78' title='bbox 544 1663 678 1720; x_wconf 86' lang='lat' dir='ltr'>provincia</span> <span class='ocrx_word' id='word_1_79' title='bbox 692 1665 826 1710; x_wconf 77' lang='lat' dir='ltr'>liesrcani.</span> 
     </span>
    </p>

    <p class='ocr_par' dir='ltr' id='par_1_5' title="bbox 543 1729 1291 2056">
     <span class='ocr_line' id='line_1_14' title="bbox 583 1729 1290 1788; baseline -0.006 -12"><span class='ocrx_word' id='word_1_80' title='bbox 583 1741 627 1776; x_wconf 85' lang='lat' dir='ltr'>xx.</span> <span class='ocrx_word' id='word_1_81' title='bbox 646 1733 676 1774; x_wconf 77' lang='lat' dir='ltr'>lit</span> <span class='ocrx_word' id='word_1_82' title='bbox 691 1731 817 1776; x_wconf 85' lang='lat' dir='ltr'>similiter</span> <span class='ocrx_word' id='word_1_83' title='bbox 837 1731 913 1777; x_wconf 86' lang='lat' dir='ltr'>iuxta</span> <span class='ocrx_word' id='word_1_84' title='bbox 934 1743 1010 1788; x_wconf 86' lang='lat' dir='ltr'>saepe</span> <span class='ocrx_word' id='word_1_85' title='bbox 1031 1729 1074 1776; x_wconf 90' lang='lat' dir='ltr'>cit.</span> <span class='ocrx_word' id='word_1_86' title='bbox 1090 1733 1141 1775; x_wconf 89' lang='lat' dir='ltr'>art.</span> <span class='ocrx_word' id='word_1_87' title='bbox 1158 1729 1232 1774; x_wconf 88' lang='lat' dir='ltr'>sedes</span> <span class='ocrx_word' id='word_1_88' title='bbox 1246 1732 1290 1772; x_wconf 80' lang='lat' dir='ltr'>nr·</span> 
     </span>
     <span class='ocr_line' id='line_1_15' title="bbox 543 1795 1290 1856; baseline -0.004 -14"><span class='ocrx_word' id='word_1_89' title='bbox 543 1797 702 1856; x_wconf 89' lang='lat' dir='ltr'>chlepiscopi</span> <span class='ocrx_word' id='word_1_90' title='bbox 716 1799 868 1855; x_wconf 75' lang='lat' dir='ltr'>Berytensis</span> <span class='ocrx_word' id='word_1_91' title='bbox 882 1800 918 1844; x_wconf 89' lang='lat' dir='ltr'>sit</span> <span class='ocrx_word' id='word_1_92' title='bbox 929 1800 954 1844; x_wconf 93' lang='lat' dir='ltr'>in</span> <span class='ocrx_word' id='word_1_93' title='bbox 966 1801 1078 1844; x_wconf 90' lang='lat' dir='ltr'>monast.</span> <span class='ocrx_word' id='word_1_94' title='bbox 1089 1801 1112 1842; x_wconf 87' lang='grc'>8.</span> <span class='ocrx_word' id='word_1_95' title='bbox 1124 1797 1249 1843; x_wconf 85' lang='lat' dir='ltr'>Iohannis</span> <span class='ocrx_word' id='word_1_96' title='bbox 1259 1795 1290 1840; x_wconf 91' lang='lat' dir='ltr'>de</span> 
     </span>
     <span class='ocr_line' id='line_1_16' title="bbox 544 1863 1291 1921; baseline -0.003 -12"><span class='ocrx_word' id='word_1_97' title='bbox 544 1864 653 1910; x_wconf 84' lang='lat' dir='ltr'>chatalc</span> <span class='ocrx_word' id='word_1_98' title='bbox 667 1865 817 1921; x_wconf 86' lang='lat' dir='ltr'>provinciae</span> <span class='ocrx_word' id='word_1_99' title='bbox 838 1868 935 1920; x_wconf 85' lang='lat' dir='ltr'>Matnn,</span> <span class='ocrx_word' id='word_1_100' title='bbox 949 1865 1046 1911; x_wconf 88' lang='lat' dir='ltr'>amotis</span> <span class='ocrx_word' id='word_1_101' title='bbox 1062 1869 1150 1910; x_wconf 88' lang='lat' dir='ltr'>tamen</span> <span class='ocrx_word' id='word_1_102' title='bbox 1166 1863 1224 1908; x_wconf 93' lang='lat' dir='ltr'>inde</span> <span class='ocrx_word' id='word_1_103' title='bbox 1240 1865 1291 1908; x_wconf 88' lang='lat' dir='ltr'>sta·</span> 
     </span>
     <span class='ocr_line' id='line_1_17' title="bbox 545 1929 1289 1988; baseline -0.004 -12"><span class='ocrx_word' id='word_1_104' title='bbox 545 1932 593 1976; x_wconf 88' lang='lat' dir='ltr'>tim</span> <span class='ocrx_word' id='word_1_105' title='bbox 608 1931 701 1977; x_wconf 89' lang='lat' dir='ltr'>etalio</span> <span class='ocrx_word' id='word_1_106' title='bbox 716 1933 863 1986; x_wconf 86' lang='lat' dir='ltr'>translatis,</span> <span class='ocrx_word' id='word_1_107' title='bbox 878 1933 900 1978; x_wconf 90' lang='lat' dir='ltr'>si</span> <span class='ocrx_word' id='word_1_108' title='bbox 915 1943 982 1988; x_wconf 89' lang='lat' dir='ltr'>quae</span> <span class='ocrx_word' id='word_1_109' title='bbox 996 1933 1082 1977; x_wconf 87' lang='lat' dir='ltr'>adhuc</span> <span class='ocrx_word' id='word_1_110' title='bbox 1095 1931 1132 1976; x_wconf 90' lang='lat' dir='ltr'>ibi</span> <span class='ocrx_word' id='word_1_111' title='bbox 1147 1929 1289 1987; x_wconf 89' lang='lat' dir='ltr'>supersint,</span> 
     </span>
     <span class='ocr_line' id='line_1_18' title="bbox 545 1999 1147 2056; baseline -0.002 -13"><span class='ocrx_word' id='word_1_112' title='bbox 545 1999 704 2045; x_wconf 82' lang='lat' dir='ltr'>monialibus</span> <span class='ocrx_word' id='word_1_113' title='bbox 718 2003 744 2044; x_wconf 90' lang='lat' dir='ltr'>et</span> <span class='ocrx_word' id='word_1_114' title='bbox 759 1999 917 2045; x_wconf 90' lang='lat' dir='ltr'>mulieribus</span> <span class='ocrx_word' id='word_1_115' title='bbox 931 2000 1147 2056; x_wconf 88' lang='lat' dir='ltr'>quibuscumque.</span> 
     </span>
    </p>

    <p class='ocr_par' dir='ltr' id='par_1_6' title="bbox 500 2065 1292 3185">
     <span class='ocr_line' id='line_1_19' title="bbox 585 2065 1292 2124; baseline -0.004 -14"><span class='ocrx_word' id='word_1_116' title='bbox 585 2075 640 2111; x_wconf 81' lang='lat' dir='ltr'>xxa.</span> <span class='ocrx_word' id='word_1_117' title='bbox 656 2069 740 2116; x_wconf 82' lang='lat' dir='ltr'>Quum</span> <span class='ocrx_word' id='word_1_118' title='bbox 762 2078 823 2112; x_wconf 88' lang='lat' dir='ltr'>rero</span> <span class='ocrx_word' id='word_1_119' title='bbox 845 2067 977 2124; x_wconf 90' lang='lat' dir='ltr'>plurimae</span> <span class='ocrx_word' id='word_1_120' title='bbox 998 2065 1190 2122; x_wconf 84' lang='lat' dir='ltr'>postulationes</span> <span class='ocrx_word' id='word_1_121' title='bbox 1204 2075 1292 2120; x_wconf 87' lang='lat' dir='ltr'>porre-</span> 
     </span>
     <span class='ocr_line' id='line_1_20' title="bbox 544 2131 1291 2187; baseline -0.003 -11"><span class='ocrx_word' id='word_1_122' title='bbox 544 2133 602 2176; x_wconf 87' lang='lat' dir='ltr'>ctae</span> <span class='ocrx_word' id='word_1_123' title='bbox 616 2131 724 2187; x_wconf 85' lang='lat' dir='ltr'>fuerint,</span> <span class='ocrx_word' id='word_1_124' title='bbox 738 2131 860 2178; x_wconf 82' lang='lat' dir='ltr'>videlicet</span> <span class='ocrx_word' id='word_1_125' title='bbox 875 2132 991 2178; x_wconf 89' lang='lat' dir='ltr'>familiae</span> <span class='ocrx_word' id='word_1_126' title='bbox 1004 2132 1036 2176; x_wconf 89' lang='lat' dir='ltr'>de</span> <span class='ocrx_word' id='word_1_127' title='bbox 1045 2131 1154 2176; x_wconf 79' lang='lat' dir='ltr'>Gazenis</span> <span class='ocrx_word' id='word_1_128' title='bbox 1165 2141 1243 2187; x_wconf 88' lang='lat' dir='ltr'>super</span> <span class='ocrx_word' id='word_1_129' title='bbox 1252 2141 1291 2176; x_wconf 86' lang='lat' dir='ltr'>as·</span> 
     </span>
     <span class='ocr_line' id='line_1_21' title="bbox 544 2197 1291 2246; baseline -0.004 -2"><span class='ocrx_word' id='word_1_130' title='bbox 544 2199 624 2246; x_wconf 88' lang='lat' dir='ltr'>sertis</span> <span class='ocrx_word' id='word_1_131' title='bbox 637 2199 742 2245; x_wconf 86' lang='lat' dir='ltr'>iuribus</span> <span class='ocrx_word' id='word_1_132' title='bbox 756 2201 783 2244; x_wconf 88' lang='lat' dir='ltr'>in</span> <span class='ocrx_word' id='word_1_133' title='bbox 797 2200 915 2246; x_wconf 86' lang='lat' dir='ltr'>eeclesiis</span> <span class='ocrx_word' id='word_1_134' title='bbox 929 2202 986 2246; x_wconf 88' lang='lat' dir='ltr'>Mar</span> <span class='ocrx_word' id='word_1_135' title='bbox 998 2199 1102 2245; x_wconf 85' lang='lat' dir='ltr'>Habdae</span> <span class='ocrx_word' id='word_1_136' title='bbox 1116 2201 1143 2244; x_wconf 90' lang='lat' dir='ltr'>et</span> <span class='ocrx_word' id='word_1_137' title='bbox 1157 2197 1291 2242; x_wconf 68' lang='grc'><strong>81166166</strong></span> 
     </span>
     <span class='ocr_line' id='line_1_22' title="bbox 544 2265 1292 2322; baseline -0.001 -11"><span class='ocrx_word' id='word_1_138' title='bbox 544 2265 722 2322; x_wconf 87' lang='lat' dir='ltr'>Liberatricis,</span> <span class='ocrx_word' id='word_1_139' title='bbox 732 2271 759 2314; x_wconf 91' lang='lat' dir='ltr'>et</span> <span class='ocrx_word' id='word_1_140' title='bbox 768 2267 794 2312; x_wconf 93' lang='lat' dir='ltr'>in</span> <span class='ocrx_word' id='word_1_141' title='bbox 806 2267 975 2313; x_wconf 86' lang='lat' dir='ltr'>monasteriis</span> <span class='ocrx_word' id='word_1_142' title='bbox 984 2267 1112 2320; x_wconf 83' lang='lat' dir='ltr'>Bekcrke,</span> <span class='ocrx_word' id='word_1_143' title='bbox 1124 2272 1150 2311; x_wconf 89' lang='lat' dir='ltr'>et</span> <span class='ocrx_word' id='word_1_144' title='bbox 1162 2265 1292 2311; x_wconf 69' lang='grc'><strong>11661161)-</strong></span> 
     </span>
     <span class='ocr_line' id='line_1_23' title="bbox 544 2333 1291 2392; baseline 0 -14"><span class='ocrx_word' id='word_1_145' title='bbox 544 2333 591 2378; x_wconf 88' lang='lat' dir='ltr'>dae</span> <span class='ocrx_word' id='word_1_146' title='bbox 606 2334 743 2389; x_wconf 83' lang='lat' dir='ltr'>liarhriae,</span> <span class='ocrx_word' id='word_1_147' title='bbox 758 2338 784 2380; x_wconf 89' lang='lat' dir='ltr'>et</span> <span class='ocrx_word' id='word_1_148' title='bbox 798 2337 824 2379; x_wconf 85' lang='lat' dir='ltr'>B.</span> <span class='ocrx_word' id='word_1_149' title='bbox 836 2337 867 2379; x_wconf 81' lang='lat' dir='ltr'>ld.</span> <span class='ocrx_word' id='word_1_150' title='bbox 878 2334 995 2392; x_wconf 80' lang='lat' dir='ltr'>Virginis</span> <span class='ocrx_word' id='word_1_151' title='bbox 1005 2335 1036 2380; x_wconf 89' lang='lat' dir='ltr'>de</span> <span class='ocrx_word' id='word_1_152' title='bbox 1046 2334 1176 2384; x_wconf 84' lang='lat' dir='ltr'>Baclusci;</span> <span class='ocrx_word' id='word_1_153' title='bbox 1187 2333 1291 2378; x_wconf 85' lang='lat' dir='ltr'>nrchie·</span> 
     </span>
     <span class='ocr_line' id='line_1_24' title="bbox 544 2399 1291 2458; baseline -0.001 -14"><span class='ocrx_word' id='word_1_154' title='bbox 544 2401 641 2458; x_wconf 86' lang='lat' dir='ltr'>piscopi</span> <span class='ocrx_word' id='word_1_155' title='bbox 655 2401 826 2457; x_wconf 79' lang='lat' dir='ltr'>uliapotttaui</span> <span class='ocrx_word' id='word_1_156' title='bbox 841 2402 868 2446; x_wconf 92' lang='lat' dir='ltr'>in</span> <span class='ocrx_word' id='word_1_157' title='bbox 878 2401 1040 2447; x_wconf 88' lang='lat' dir='ltr'>monasterio</span> <span class='ocrx_word' id='word_1_158' title='bbox 1051 2404 1074 2445; x_wconf 85' lang='lat' dir='ltr'>s.</span> <span class='ocrx_word' id='word_1_159' title='bbox 1087 2400 1172 2456; x_wconf 83' lang='lat' dir='ltr'>Sergii</span> <span class='ocrx_word' id='word_1_160' title='bbox 1181 2399 1291 2452; x_wconf 65' lang='lat' dir='ltr'>uadum</span> 
     </span>
     <span class='ocr_line' id='line_1_25' title="bbox 543 2467 1290 2525; baseline -0.001 -12"><span class='ocrx_word' id='word_1_161' title='bbox 543 2467 660 2514; x_wconf 87' lang='lat' dir='ltr'>familiae</span> <span class='ocrx_word' id='word_1_162' title='bbox 681 2469 834 2514; x_wconf 84' lang='lat' dir='ltr'>Habaisciae</span> <span class='ocrx_word' id='word_1_163' title='bbox 848 2469 876 2514; x_wconf 92' lang='lat' dir='ltr'>in</span> <span class='ocrx_word' id='word_1_164' title='bbox 890 2469 1002 2525; x_wconf 87' lang='lat' dir='ltr'>collegio</span> <span class='ocrx_word' id='word_1_165' title='bbox 1022 2469 1054 2514; x_wconf 88' lang='lat' dir='ltr'>de</span> <span class='ocrx_word' id='word_1_166' title='bbox 1070 2468 1137 2514; x_wconf 82' lang='lat' dir='ltr'>Hain</span> <span class='ocrx_word' id='word_1_167' title='bbox 1158 2469 1249 2522; x_wconf 80' lang='lat' dir='ltr'>Uarca,</span> <span class='ocrx_word' id='word_1_168' title='bbox 1264 2469 1290 2512; x_wconf 89' lang='lat' dir='ltr'>et</span> 
     </span>
     <span class='ocr_line' id='line_1_26' title="bbox 544 2535 1290 2593; baseline -0.003 -13"><span class='ocrx_word' id='word_1_169' title='bbox 544 2537 649 2581; x_wconf 85' lang='lat' dir='ltr'>tandem</span> <span class='ocrx_word' id='word_1_170' title='bbox 664 2535 780 2582; x_wconf 86' lang='lat' dir='ltr'>familiae</span> <span class='ocrx_word' id='word_1_171' title='bbox 795 2536 888 2593; x_wconf 82' lang='lat' dir='ltr'>alhagi</span> <span class='ocrx_word' id='word_1_172' title='bbox 903 2535 930 2580; x_wconf 93' lang='lat' dir='ltr'>in</span> <span class='ocrx_word' id='word_1_173' title='bbox 945 2535 1107 2581; x_wconf 88' lang='lat' dir='ltr'>monasterio</span> <span class='ocrx_word' id='word_1_174' title='bbox 1120 2539 1144 2579; x_wconf 87' lang='grc'>8.</span> <span class='ocrx_word' id='word_1_175' title='bbox 1156 2535 1248 2590; x_wconf 86' lang='lat' dir='ltr'>loseph</span> <span class='ocrx_word' id='word_1_176' title='bbox 1259 2535 1290 2578; x_wconf 91' lang='lat' dir='ltr'>de</span> 
     </span>
     <span class='ocr_line' id='line_1_27' title="bbox 543 2603 1290 2660; baseline -0.001 -12"><span class='ocrx_word' id='word_1_177' title='bbox 543 2604 649 2658; x_wconf 83' lang='lat' dir='ltr'>alhosn,</span> <span class='ocrx_word' id='word_1_178' title='bbox 664 2608 743 2650; x_wconf 84' lang='lat' dir='ltr'>sacra</span> <span class='ocrx_word' id='word_1_179' title='bbox 758 2605 932 2660; x_wconf 83' lang='lat' dir='ltr'>congregatio</span> <span class='ocrx_word' id='word_1_180' title='bbox 944 2603 1048 2649; x_wconf 83' lang='lat' dir='ltr'>remisit</span> <span class='ocrx_word' id='word_1_181' title='bbox 1058 2615 1147 2660; x_wconf 88' lang='lat' dir='ltr'>preces</span> <span class='ocrx_word' id='word_1_182' title='bbox 1156 2604 1190 2649; x_wconf 89' lang='lat' dir='ltr'>ad</span> <span class='ocrx_word' id='word_1_183' title='bbox 1200 2613 1290 2660; x_wconf 88' lang='lat' dir='ltr'>supra·</span> 
     </span>
     <span class='ocr_line' id='line_1_28' title="bbox 543 2668 1290 2727; baseline -0.003 -13"><span class='ocrx_word' id='word_1_184' title='bbox 543 2668 641 2716; x_wconf 88' lang='lat' dir='ltr'>dietam</span> <span class='ocrx_word' id='word_1_185' title='bbox 655 2671 854 2727; x_wconf 88' lang='lat' dir='ltr'>deputationem</span> <span class='ocrx_word' id='word_1_186' title='bbox 866 2670 1032 2727; x_wconf 74' lang='lat' dir='ltr'>designatam</span> <span class='ocrx_word' id='word_1_187' title='bbox 1044 2671 1070 2714; x_wconf 93' lang='lat' dir='ltr'>in</span> <span class='ocrx_word' id='word_1_188' title='bbox 1081 2669 1185 2727; x_wconf 83' lang='lat' dir='ltr'>synodo</span> <span class='ocrx_word' id='word_1_189' title='bbox 1195 2681 1259 2714; x_wconf 85' lang='lat' dir='ltr'>sess.</span> <span class='ocrx_word' id='word_1_190' title='bbox 1271 2671 1290 2724; x_wconf 89' lang='lat'>1,</span> 
     </span>
     <span class='ocr_line' id='line_1_29' title="bbox 542 2735 1290 2795; baseline -0.003 -13"><span class='ocrx_word' id='word_1_191' title='bbox 542 2740 595 2782; x_wconf 86' lang='lat' dir='ltr'>art.</span> <span class='ocrx_word' id='word_1_192' title='bbox 611 2737 643 2792; x_wconf 83' lang='grc'>18,</span> <span class='ocrx_word' id='word_1_193' title='bbox 658 2748 725 2794; x_wconf 91' lang='lat' dir='ltr'>quae</span> <span class='ocrx_word' id='word_1_194' title='bbox 746 2737 836 2783; x_wconf 91' lang='lat' dir='ltr'>omnia</span> <span class='ocrx_word' id='word_1_195' title='bbox 856 2737 909 2782; x_wconf 90' lang='lat' dir='ltr'>rite</span> <span class='ocrx_word' id='word_1_196' title='bbox 929 2738 1081 2795; x_wconf 89' lang='lat' dir='ltr'>perpendat,</span> <span class='ocrx_word' id='word_1_197' title='bbox 1096 2749 1126 2782; x_wconf 92' lang='lat' dir='ltr'>ac</span> <span class='ocrx_word' id='word_1_198' title='bbox 1145 2737 1243 2781; x_wconf 85' lang='lat' dir='ltr'>referat</span> <span class='ocrx_word' id='word_1_199' title='bbox 1257 2735 1290 2781; x_wconf 85' lang='lat' dir='ltr'>ad</span> 
     </span>
     <span class='ocr_line' id='line_1_30' title="bbox 543 2803 1291 2860; baseline -0.004 -11"><span class='ocrx_word' id='word_1_200' title='bbox 543 2803 661 2849; x_wconf 88' lang='lat' dir='ltr'>eamdem</span> <span class='ocrx_word' id='word_1_201' title='bbox 676 2807 782 2850; x_wconf 85' lang='lat' dir='ltr'>Sacram</span> <span class='ocrx_word' id='word_1_202' title='bbox 797 2804 1043 2860; x_wconf 77' lang='lat' dir='ltr'>congregationem,</span> <span class='ocrx_word' id='word_1_203' title='bbox 1053 2815 1100 2857; x_wconf 88' lang='lat' dir='ltr'>per</span> <span class='ocrx_word' id='word_1_204' title='bbox 1110 2813 1189 2860; x_wconf 84' lang='lat' dir='ltr'>quarn</span> <span class='ocrx_word' id='word_1_205' title='bbox 1200 2805 1291 2860; x_wconf 91' lang='lat' dir='ltr'>postea</span> 
     </span>
     <span class='ocr_line' id='line_1_31' title="bbox 542 2869 1291 2928; baseline 0 -12"><span class='ocrx_word' id='word_1_206' title='bbox 542 2870 731 2926; x_wconf 81' lang='lat' dir='ltr'>providebitur.</span> <span class='ocrx_word' id='word_1_207' title='bbox 753 2873 819 2916; x_wconf 82' lang='lat' dir='ltr'>bunt</span> <span class='ocrx_word' id='word_1_208' title='bbox 835 2883 897 2916; x_wconf 89' lang='lat' dir='ltr'>vero</span> <span class='ocrx_word' id='word_1_209' title='bbox 918 2871 1094 2928; x_wconf 88' lang='lat' dir='ltr'>particularia</span> <span class='ocrx_word' id='word_1_210' title='bbox 1114 2870 1215 2916; x_wconf 87' lang='lat' dir='ltr'>isthaec</span> <span class='ocrx_word' id='word_1_211' title='bbox 1230 2869 1291 2916; x_wconf 86' lang='lat' dir='ltr'>iura</span> 
     </span>
     <span class='ocr_line' id='line_1_32' title="bbox 543 2936 1290 2994; baseline -0.005 -11"><span class='ocrx_word' id='word_1_212' title='bbox 543 2941 716 2994; x_wconf 88' lang='lat' dir='ltr'>patronorum</span> <span class='ocrx_word' id='word_1_213' title='bbox 726 2938 922 2992; x_wconf 87' lang='lat' dir='ltr'>examinantur,</span> <span class='ocrx_word' id='word_1_214' title='bbox 930 2938 1097 2982; x_wconf 89' lang='lat' dir='ltr'>decretorum</span> <span class='ocrx_word' id='word_1_215' title='bbox 1108 2937 1205 2993; x_wconf 82' lang='lat' dir='ltr'>synodi</span> <span class='ocrx_word' id='word_1_216' title='bbox 1215 2936 1290 2980; x_wconf 87' lang='lat' dir='ltr'>iuxta</span> 
     </span>
     <span class='ocr_line' id='line_1_33' title="bbox 543 3003 1290 3062; baseline -0.003 -13"><span class='ocrx_word' id='word_1_217' title='bbox 543 3004 650 3050; x_wconf 89' lang='lat' dir='ltr'>modum</span> <span class='ocrx_word' id='word_1_218' title='bbox 665 3004 692 3049; x_wconf 92' lang='lat' dir='ltr'>in</span> <span class='ocrx_word' id='word_1_219' title='bbox 707 3004 889 3062; x_wconf 90' lang='lat' dir='ltr'>superioribus</span> <span class='ocrx_word' id='word_1_220' title='bbox 899 3015 943 3050; x_wconf 88' lang='lat' dir='ltr'>xx.</span> <span class='ocrx_word' id='word_1_221' title='bbox 955 3003 1074 3050; x_wconf 82' lang='lat' dir='ltr'>articulis</span> <span class='ocrx_word' id='word_1_222' title='bbox 1085 3013 1237 3061; x_wconf 87' lang='lat' dir='ltr'>expressum</span> <span class='ocrx_word' id='word_1_223' title='bbox 1249 3013 1290 3058; x_wconf 88' lang='lat' dir='ltr'>ap·</span> 
     </span>
     <span class='ocr_line' id='line_1_34' title="bbox 500 3070 1292 3127; baseline 0 -12"><span class='ocrx_word' id='word_1_224' title='bbox 500 3119 502 3122; x_wconf 66' lang='grc'><strong>,</strong></span> <span class='ocrx_word' id='word_1_225' title='bbox 543 3071 669 3127; x_wconf 86' lang='lat' dir='ltr'>probatae</span> <span class='ocrx_word' id='word_1_226' title='bbox 687 3074 713 3116; x_wconf 88' lang='lat' dir='ltr'>et</span> <span class='ocrx_word' id='word_1_227' title='bbox 732 3071 904 3118; x_wconf 80' lang='lat' dir='ltr'>confirmatae</span> <span class='ocrx_word' id='word_1_228' title='bbox 919 3071 1039 3116; x_wconf 83' lang='lat' dir='ltr'>executio</span> <span class='ocrx_word' id='word_1_229' title='bbox 1053 3071 1164 3116; x_wconf 88' lang='lat' dir='ltr'>minime</span> <span class='ocrx_word' id='word_1_230' title='bbox 1176 3070 1292 3116; x_wconf 86' lang='lat' dir='ltr'>retarde-</span> 
     </span>
     <span class='ocr_line' id='line_1_35' title="bbox 545 3139 813 3185; baseline 0.004 -2"><span class='ocrx_word' id='word_1_231' title='bbox 545 3141 590 3184; x_wconf 90' lang='lat' dir='ltr'>tur</span> <span class='ocrx_word' id='word_1_232' title='bbox 603 3143 651 3184; x_wconf 88' lang='lat' dir='ltr'>aut</span> <span class='ocrx_word' id='word_1_233' title='bbox 665 3139 813 3185; x_wconf 84' lang='lat' dir='ltr'>differatur.</span> 
     </span>
    </p>

    <p class='ocr_par' dir='ltr' id='par_1_7' title="bbox 542 3204 1291 4055">
     <span class='ocr_line' id='line_1_36' title="bbox 583 3204 1290 3263; baseline 0 -14"><span class='ocrx_word' id='word_1_234' title='bbox 583 3206 658 3252; x_wconf 82' lang='lat' dir='ltr'>Hisce</span> <span class='ocrx_word' id='word_1_235' title='bbox 671 3205 710 3251; x_wconf 89' lang='lat' dir='ltr'>ita</span> <span class='ocrx_word' id='word_1_236' title='bbox 731 3207 891 3262; x_wconf 84' lang='lat' dir='ltr'>reformatis,</span> <span class='ocrx_word' id='word_1_237' title='bbox 907 3207 1050 3252; x_wconf 87' lang='lat' dir='ltr'>moderatis</span> <span class='ocrx_word' id='word_1_238' title='bbox 1070 3209 1150 3263; x_wconf 88' lang='lat' dir='ltr'>atque</span> <span class='ocrx_word' id='word_1_239' title='bbox 1172 3204 1290 3258; x_wconf 90' lang='lat' dir='ltr'>statutis,</span> 
     </span>
     <span class='ocr_line' id='line_1_37' title="bbox 543 3272 1291 3332; baseline -0.001 -15"><span class='ocrx_word' id='word_1_240' title='bbox 543 3275 622 3318; x_wconf 83' lang='lat' dir='ltr'>sacra</span> <span class='ocrx_word' id='word_1_241' title='bbox 636 3274 811 3330; x_wconf 85' lang='lat' dir='ltr'>congregatio</span> <span class='ocrx_word' id='word_1_242' title='bbox 824 3275 939 3320; x_wconf 84' lang='lat' dir='ltr'>decrerit</span> <span class='ocrx_word' id='word_1_243' title='bbox 950 3273 1152 3332; x_wconf 87' lang='lat' dir='ltr'>supplicandum</span> <span class='ocrx_word' id='word_1_244' title='bbox 1163 3272 1249 3326; x_wconf 83' lang='lat' dir='ltr'>Ssriro,</span> <span class='ocrx_word' id='word_1_245' title='bbox 1261 3276 1291 3317; x_wconf 93' lang='lat' dir='ltr'>ut</span> 
     </span>
     <span class='ocr_line' id='line_1_38' title="bbox 543 3340 1291 3398; baseline -0.001 -14"><span class='ocrx_word' id='word_1_246' title='bbox 543 3340 670 3398; x_wconf 77' lang='lat' dir='ltr'>dignetur</span> <span class='ocrx_word' id='word_1_247' title='bbox 683 3340 829 3397; x_wconf 85' lang='lat' dir='ltr'>praefatam</span> <span class='ocrx_word' id='word_1_248' title='bbox 845 3341 978 3398; x_wconf 80' lang='lat' dir='ltr'>synodum</span> <span class='ocrx_word' id='word_1_249' title='bbox 993 3342 1069 3386; x_wconf 87' lang='lat' dir='ltr'>iuxta</span> <span class='ocrx_word' id='word_1_250' title='bbox 1084 3340 1190 3386; x_wconf 87' lang='lat' dir='ltr'>modurn</span> <span class='ocrx_word' id='word_1_251' title='bbox 1205 3343 1235 3384; x_wconf 93' lang='lat' dir='ltr'>ut</span> <span class='ocrx_word' id='word_1_252' title='bbox 1250 3350 1291 3384; x_wconf 92' lang='lat' dir='ltr'>su·</span> 
     </span>
     <span class='ocr_line' id='line_1_39' title="bbox 543 3405 1289 3464; baseline -0.001 -13"><span class='ocrx_word' id='word_1_253' title='bbox 543 3417 591 3463; x_wconf 86' lang='lat' dir='ltr'>pra</span> <span class='ocrx_word' id='word_1_254' title='bbox 610 3407 759 3464; x_wconf 83' lang='lat' dir='ltr'>expositum</span> <span class='ocrx_word' id='word_1_255' title='bbox 780 3408 939 3454; x_wconf 87' lang='lat' dir='ltr'>confirmare</span> <span class='ocrx_word' id='word_1_256' title='bbox 957 3408 1039 3454; x_wconf 85' lang='lat' dir='ltr'>etiam</span> <span class='ocrx_word' id='word_1_257' title='bbox 1054 3417 1101 3464; x_wconf 87' lang='lat' dir='ltr'>per</span> <span class='ocrx_word' id='word_1_258' title='bbox 1115 3405 1289 3463; x_wconf 91' lang='lat' dir='ltr'>apostolicum</span> 
     </span>
     <span class='ocr_line' id='line_1_40' title="bbox 543 3473 1291 3531; baseline -0.004 -12"><span class='ocrx_word' id='word_1_259' title='bbox 543 3475 629 3529; x_wconf 84' lang='lat' dir='ltr'>breve,</span> <span class='ocrx_word' id='word_1_260' title='bbox 644 3478 670 3519; x_wconf 90' lang='lat' dir='ltr'>et</span> <span class='ocrx_word' id='word_1_261' title='bbox 685 3477 714 3518; x_wconf 77' lang='lat' dir='ltr'>R.</span> <span class='ocrx_word' id='word_1_262' title='bbox 730 3478 756 3518; x_wconf 84' lang='lat' dir='ltr'>P.</span> <span class='ocrx_word' id='word_1_263' title='bbox 772 3475 908 3531; x_wconf 75' lang='lat' dir='ltr'>aloysium</span> <span class='ocrx_word' id='word_1_264' title='bbox 930 3473 1076 3531; x_wconf 80' lang='lat' dir='ltr'>(landulphi</span> <span class='ocrx_word' id='word_1_265' title='bbox 1095 3476 1231 3531; x_wconf 88' lang='lat' dir='ltr'>tamquam</span> <span class='ocrx_word' id='word_1_266' title='bbox 1246 3475 1291 3516; x_wconf 85' lang='lat' dir='ltr'>De-</span> 
     </span>
     <span class='ocr_line' id='line_1_41' title="bbox 542 3539 1290 3598; baseline 0.001 -14"><span class='ocrx_word' id='word_1_267' title='bbox 542 3539 661 3597; x_wconf 86' lang='lat' dir='ltr'>legatum</span> <span class='ocrx_word' id='word_1_268' title='bbox 676 3541 855 3598; x_wconf 73' lang='lat' dir='ltr'>Apostolicum</span> <span class='ocrx_word' id='word_1_269' title='bbox 870 3540 1006 3598; x_wconf 89' lang='lat' dir='ltr'>deputare,</span> <span class='ocrx_word' id='word_1_270' title='bbox 1017 3545 1047 3586; x_wconf 91' lang='lat' dir='ltr'>ut</span> <span class='ocrx_word' id='word_1_271' title='bbox 1061 3541 1222 3586; x_wconf 87' lang='lat' dir='ltr'>auetoritale</span> <span class='ocrx_word' id='word_1_272' title='bbox 1232 3551 1290 3597; x_wconf 72' lang='lat' dir='ltr'>apro·</span> 
     </span>
     <span class='ocr_line' id='line_1_42' title="bbox 543 3608 1289 3666; baseline 0 -14"><span class='ocrx_word' id='word_1_273' title='bbox 543 3608 636 3653; x_wconf 84' lang='lat' dir='ltr'>stolica</span> <span class='ocrx_word' id='word_1_274' title='bbox 656 3608 792 3654; x_wconf 86' lang='lat' dir='ltr'>incumbat</span> <span class='ocrx_word' id='word_1_275' title='bbox 815 3609 908 3666; x_wconf 90' lang='lat' dir='ltr'>plenae</span> <span class='ocrx_word' id='word_1_276' title='bbox 931 3619 961 3654; x_wconf 90' lang='lat' dir='ltr'>ac</span> <span class='ocrx_word' id='word_1_277' title='bbox 983 3611 1121 3666; x_wconf 88' lang='lat' dir='ltr'>promptae</span> <span class='ocrx_word' id='word_1_278' title='bbox 1141 3608 1289 3654; x_wconf 88' lang='lat' dir='ltr'>executioni</span> 
     </span>
     <span class='ocr_line' id='line_1_43' title="bbox 543 3674 1289 3733; baseline 0 -13"><span class='ocrx_word' id='word_1_279' title='bbox 543 3674 660 3720; x_wconf 87' lang='lat' dir='ltr'>eiusdem</span> <span class='ocrx_word' id='word_1_280' title='bbox 676 3675 773 3732; x_wconf 76' lang='lat' dir='ltr'>synodi</span> <span class='ocrx_word' id='word_1_281' title='bbox 783 3677 821 3720; x_wconf 88' lang='lat' dir='ltr'>sic</span> <span class='ocrx_word' id='word_1_282' title='bbox 830 3677 990 3733; x_wconf 88' lang='lat' dir='ltr'>approbatae</span> <span class='ocrx_word' id='word_1_283' title='bbox 1000 3686 1030 3722; x_wconf 88' lang='lat' dir='ltr'>ac</span> <span class='ocrx_word' id='word_1_284' title='bbox 1039 3677 1220 3730; x_wconf 85' lang='lat' dir='ltr'>confirmatae,</span> <span class='ocrx_word' id='word_1_285' title='bbox 1229 3685 1289 3720; x_wconf 89' lang='lat' dir='ltr'>cum</span> 
     </span>
     <span class='ocr_line' id='line_1_44' title="bbox 542 3741 1290 3800; baseline 0.001 -14"><span class='ocrx_word' id='word_1_286' title='bbox 542 3741 667 3788; x_wconf 80' lang='lat' dir='ltr'>facultate</span> <span class='ocrx_word' id='word_1_287' title='bbox 681 3743 762 3787; x_wconf 85' lang='lat' dir='ltr'>etiam</span> <span class='ocrx_word' id='word_1_288' title='bbox 777 3742 909 3788; x_wconf 81' lang='lat' dir='ltr'>carronicis</span> <span class='ocrx_word' id='word_1_289' title='bbox 924 3743 1014 3800; x_wconf 89' lang='lat' dir='ltr'>poenis</span> <span class='ocrx_word' id='word_1_290' title='bbox 1028 3743 1060 3788; x_wconf 88' lang='lat' dir='ltr'>ad</span> <span class='ocrx_word' id='word_1_291' title='bbox 1074 3746 1237 3788; x_wconf 89' lang='lat' dir='ltr'>statutorum</span> <span class='ocrx_word' id='word_1_292' title='bbox 1247 3743 1290 3788; x_wconf 89' lang='lat' dir='ltr'>ob·</span> 
     </span>
     <span class='ocr_line' id='line_1_45' title="bbox 543 3809 1290 3866; baseline 0 -12"><span class='ocrx_word' id='word_1_293' title='bbox 543 3809 705 3854; x_wconf 78' lang='lat' dir='ltr'>servantiam</span> <span class='ocrx_word' id='word_1_294' title='bbox 719 3809 842 3866; x_wconf 87' lang='lat' dir='ltr'>adigendi</span> <span class='ocrx_word' id='word_1_295' title='bbox 856 3813 1023 3856; x_wconf 86' lang='lat' dir='ltr'>contumaces</span> <span class='ocrx_word' id='word_1_296' title='bbox 1033 3810 1223 3866; x_wconf 86' lang='lat' dir='ltr'>cuiuscumque</span> <span class='ocrx_word' id='word_1_297' title='bbox 1233 3821 1290 3865; x_wconf 86' lang='lat' dir='ltr'>gra-</span> 
     </span>
     <span class='ocr_line' id='line_1_46' title="bbox 542 3875 1288 3932; baseline 0 -12"><span class='ocrx_word' id='word_1_298' title='bbox 542 3875 600 3930; x_wconf 87' lang='lat' dir='ltr'>dus,</span> <span class='ocrx_word' id='word_1_299' title='bbox 614 3875 754 3931; x_wconf 85' lang='lat' dir='ltr'>diguitatis</span> <span class='ocrx_word' id='word_1_300' title='bbox 772 3880 799 3922; x_wconf 90' lang='lat' dir='ltr'>et</span> <span class='ocrx_word' id='word_1_301' title='bbox 819 3875 1042 3932; x_wconf 86' lang='lat' dir='ltr'>praeeminentiae</span> <span class='ocrx_word' id='word_1_302' title='bbox 1057 3876 1132 3921; x_wconf 87' lang='lat' dir='ltr'>iuxta</span> <span class='ocrx_word' id='word_1_303' title='bbox 1147 3887 1247 3921; x_wconf 89' lang='lat' dir='ltr'>morem</span> <span class='ocrx_word' id='word_1_304' title='bbox 1262 3875 1288 3920; x_wconf 93' lang='lat' dir='ltr'>in</span> 
     </span>
     <span class='ocr_line' id='line_1_47' title="bbox 542 3942 1291 4000; baseline 0.003 -14"><span class='ocrx_word' id='word_1_305' title='bbox 542 3942 675 3988; x_wconf 88' lang='lat' dir='ltr'>similibus</span> <span class='ocrx_word' id='word_1_306' title='bbox 690 3945 825 3988; x_wconf 83' lang='lat' dir='ltr'>servatum</span> <span class='ocrx_word' id='word_1_307' title='bbox 840 3943 866 3988; x_wconf 91' lang='lat' dir='ltr'>ia</span> <span class='ocrx_word' id='word_1_308' title='bbox 882 3943 943 3989; x_wconf 88' lang='lat' dir='ltr'>aliis</span> <span class='ocrx_word' id='word_1_309' title='bbox 959 3943 1110 4000; x_wconf 88' lang='lat' dir='ltr'>apostolicis</span> <span class='ocrx_word' id='word_1_310' title='bbox 1124 3945 1291 3990; x_wconf 86' lang='lat' dir='ltr'>constitutio-</span> 
     </span>
     <span class='ocr_line' id='line_1_48' title="bbox 542 4009 628 4055; baseline 0.012 -1"><span class='ocrx_word' id='word_1_311' title='bbox 542 4009 628 4055; x_wconf 91' lang='lat' dir='ltr'>nibus.</span> 
     </span>
    </p>

    <p class='ocr_par' dir='ltr' id='par_1_8' title="bbox 541 4077 1291 4471">
     <span class='ocr_line' id='line_1_49' title="bbox 582 4077 1290 4134; baseline 0 -12"><span class='ocrx_word' id='word_1_312' title='bbox 582 4081 664 4128; x_wconf 82' lang='lat' dir='ltr'>Quam</span> <span class='ocrx_word' id='word_1_313' title='bbox 680 4081 774 4125; x_wconf 81' lang='lat' dir='ltr'>Sacrae</span> <span class='ocrx_word' id='word_1_314' title='bbox 794 4077 1012 4134; x_wconf 85' lang='lat' dir='ltr'>congregationis</span> <span class='ocrx_word' id='word_1_315' title='bbox 1033 4079 1192 4124; x_wconf 89' lang='lat' dir='ltr'>sententiam</span> <span class='ocrx_word' id='word_1_316' title='bbox 1211 4077 1290 4123; x_wconf 81' lang='lat' dir='ltr'>ssriro</span> 
     </span>
     <span class='ocr_line' id='line_1_50' title="bbox 542 4145 1288 4203; baseline 0.001 -14"><span class='ocrx_word' id='word_1_317' title='bbox 542 4145 650 4190; x_wconf 84' lang='lat' dir='ltr'>Domino</span> <span class='ocrx_word' id='word_1_318' title='bbox 671 4148 765 4190; x_wconf 85' lang='lat' dir='ltr'>Nostro</span> <span class='ocrx_word' id='word_1_319' title='bbox 785 4145 874 4191; x_wconf 90' lang='lat' dir='ltr'>divina</span> <span class='ocrx_word' id='word_1_320' title='bbox 895 4145 1062 4202; x_wconf 88' lang='lat' dir='ltr'>providentia</span> <span class='ocrx_word' id='word_1_321' title='bbox 1078 4146 1123 4192; x_wconf 88' lang='lat' dir='ltr'>Pio</span> <span class='ocrx_word' id='word_1_322' title='bbox 1139 4149 1222 4203; x_wconf 82' lang='lat' dir='ltr'>Papae</span> <span class='ocrx_word' id='word_1_323' title='bbox 1238 4149 1288 4190; x_wconf 78' lang='lat' dir='ltr'>Vll.</span> 
     </span>
     <span class='ocr_line' id='line_1_51' title="bbox 542 4212 1291 4269; baseline 0.003 -13"><span class='ocrx_word' id='word_1_324' title='bbox 542 4212 656 4258; x_wconf 84' lang='lat' dir='ltr'>relatam</span> <span class='ocrx_word' id='word_1_325' title='bbox 671 4224 717 4269; x_wconf 92' lang='lat' dir='ltr'>per</span> <span class='ocrx_word' id='word_1_326' title='bbox 730 4215 760 4260; x_wconf 79' lang='lat' dir='ltr'>lt.</span> <span class='ocrx_word' id='word_1_327' title='bbox 776 4215 802 4257; x_wconf 86' lang='lat' dir='ltr'>P.</span> <span class='ocrx_word' id='word_1_328' title='bbox 817 4215 844 4256; x_wconf 86' lang='grc'>1).</span> <span class='ocrx_word' id='word_1_329' title='bbox 860 4213 982 4258; x_wconf 83' lang='lat' dir='ltr'>carolum</span> <span class='ocrx_word' id='word_1_330' title='bbox 998 4213 1108 4259; x_wconf 85' lang='lat' dir='ltr'>Mariam</span> <span class='ocrx_word' id='word_1_331' title='bbox 1124 4213 1238 4262; x_wconf 75' lang='lat' dir='ltr'>Pedicini</span> <span class='ocrx_word' id='word_1_332' title='bbox 1249 4217 1291 4258; x_wconf 82' lang='grc'><strong>86·</strong></span> 
     </span>
     <span class='ocr_line' id='line_1_52' title="bbox 541 4279 1289 4338; baseline 0.001 -13"><span class='ocrx_word' id='word_1_333' title='bbox 541 4280 687 4325; x_wconf 88' lang='lat' dir='ltr'>cretarium</span> <span class='ocrx_word' id='word_1_334' title='bbox 703 4280 729 4324; x_wconf 93' lang='lat' dir='ltr'>in</span> <span class='ocrx_word' id='word_1_335' title='bbox 750 4280 886 4326; x_wconf 90' lang='lat' dir='ltr'>audientia</span> <span class='ocrx_word' id='word_1_336' title='bbox 906 4279 997 4326; x_wconf 88' lang='lat' dir='ltr'>habita</span> <span class='ocrx_word' id='word_1_337' title='bbox 1011 4280 1052 4324; x_wconf 88' lang='lat' dir='ltr'>die</span> <span class='ocrx_word' id='word_1_338' title='bbox 1067 4291 1102 4325; x_wconf 89' lang='lat' dir='ltr'>rv.</span> <span class='ocrx_word' id='word_1_339' title='bbox 1117 4280 1212 4338; x_wconf 87' lang='lat' dir='ltr'>aprilis</span> <span class='ocrx_word' id='word_1_340' title='bbox 1226 4282 1289 4327; x_wconf 91' lang='lat' dir='ltr'>anni</span> 
     </span>
     <span class='ocr_line' id='line_1_53' title="bbox 543 4347 1290 4406; baseline 0.003 -14"><span class='ocrx_word' id='word_1_341' title='bbox 543 4358 683 4394; x_wconf 84' lang='lat' dir='ltr'>unccexrx.</span> <span class='ocrx_word' id='word_1_342' title='bbox 700 4347 832 4393; x_wconf 86' lang='lat' dir='ltr'>Sanctitas</span> <span class='ocrx_word' id='word_1_343' title='bbox 846 4351 899 4393; x_wconf 85' lang='lat' dir='ltr'>Sua</span> <span class='ocrx_word' id='word_1_344' title='bbox 913 4348 1025 4404; x_wconf 89' lang='lat' dir='ltr'>benigne</span> <span class='ocrx_word' id='word_1_345' title='bbox 1042 4347 1205 4406; x_wconf 85' lang='lat' dir='ltr'>approbavit,</span> <span class='ocrx_word' id='word_1_346' title='bbox 1220 4349 1290 4394; x_wconf 87' lang='lat' dir='ltr'>litte-</span> 
     </span>
     <span class='ocr_line' id='line_1_54' title="bbox 543 4413 1042 4471; baseline 0 -13"><span class='ocrx_word' id='word_1_347' title='bbox 543 4424 639 4470; x_wconf 86' lang='lat' dir='ltr'>rasque</span> <span class='ocrx_word' id='word_1_348' title='bbox 652 4414 809 4470; x_wconf 83' lang='lat' dir='ltr'>apostolicas</span> <span class='ocrx_word' id='word_1_349' title='bbox 823 4413 941 4471; x_wconf 89' lang='lat' dir='ltr'>expediri</span> <span class='ocrx_word' id='word_1_350' title='bbox 955 4413 1042 4460; x_wconf 91' lang='lat' dir='ltr'>iussit.</span> 
     </span>
    </p>
   </div>
   <div class='ocr_carea' id='block_1_4' title="bbox 541 4618 1289 4932">
    <p class='ocr_par' dir='ltr' id='par_1_9' title="bbox 541 4618 1289 4932">
     <span class='ocr_line' id='line_1_55' title="bbox 583 4618 1288 4677; baseline -0.001 -13"><span class='ocrx_word' id='word_1_351' title='bbox 583 4621 620 4664; x_wconf 78' lang='lat' dir='ltr'>Ex</span> <span class='ocrx_word' id='word_1_352' title='bbox 634 4619 724 4664; x_wconf 89' lang='lat' dir='ltr'>eodem</span> <span class='ocrx_word' id='word_1_353' title='bbox 740 4619 888 4674; x_wconf 79' lang='lat' dir='ltr'>Tabularlo,</span> <span class='ocrx_word' id='word_1_354' title='bbox 903 4631 950 4677; x_wconf 90' lang='lat' dir='ltr'>pro</span> <span class='ocrx_word' id='word_1_355' title='bbox 965 4618 1079 4665; x_wconf 88' lang='lat' dir='ltr'>historia</span> <span class='ocrx_word' id='word_1_356' title='bbox 1087 4620 1288 4666; x_wconf 70' lang='lat' dir='ltr'>patriarchatus</span> 
     </span>
     <span class='ocr_line' id='line_1_56' title="bbox 543 4685 1287 4740; baseline 0 -10"><span class='ocrx_word' id='word_1_357' title='bbox 543 4685 745 4740; x_wconf 85' lang='lat' dir='ltr'>Maronitarum,</span> <span class='ocrx_word' id='word_1_358' title='bbox 759 4685 923 4731; x_wconf 84' lang='lat' dir='ltr'>desumimus</span> <span class='ocrx_word' id='word_1_359' title='bbox 937 4687 1072 4732; x_wconf 90' lang='lat' dir='ltr'>decretum</span> <span class='ocrx_word' id='word_1_360' title='bbox 1087 4699 1103 4732; x_wconf 90' lang='lat' dir='ltr'>a</span> <span class='ocrx_word' id='word_1_361' title='bbox 1113 4689 1136 4731; x_wconf 86' lang='grc'>8.</span> <span class='ocrx_word' id='word_1_362' title='bbox 1148 4689 1173 4730; x_wconf 81' lang='lat' dir='ltr'>c,</span> <span class='ocrx_word' id='word_1_363' title='bbox 1183 4687 1215 4731; x_wconf 88' lang='lat' dir='ltr'>de</span> <span class='ocrx_word' id='word_1_364' title='bbox 1225 4689 1249 4731; x_wconf 87' lang='lat' dir='ltr'>P.</span> <span class='ocrx_word' id='word_1_365' title='bbox 1261 4689 1287 4730; x_wconf 73' lang='lat' dir='ltr'>il.</span> 
     </span>
     <span class='ocr_line' id='line_1_57' title="bbox 542 4752 1289 4799; baseline 0.001 -2"><span class='ocrx_word' id='word_1_366' title='bbox 542 4752 670 4798; x_wconf 87' lang='lat' dir='ltr'>emissum</span> <span class='ocrx_word' id='word_1_367' title='bbox 683 4763 725 4798; x_wconf 82' lang='lat' dir='ltr'>arr.</span> <span class='ocrx_word' id='word_1_368' title='bbox 741 4763 892 4799; x_wconf 82' lang='lat' dir='ltr'>ucecexvn.</span> <span class='ocrx_word' id='word_1_369' title='bbox 907 4753 940 4799; x_wconf 90' lang='lat' dir='ltr'>ad</span> <span class='ocrx_word' id='word_1_370' title='bbox 955 4754 1069 4798; x_wconf 87' lang='lat' dir='ltr'>sedanda</span> <span class='ocrx_word' id='word_1_371' title='bbox 1078 4753 1188 4799; x_wconf 88' lang='lat' dir='ltr'>dissidia</span> <span class='ocrx_word' id='word_1_372' title='bbox 1197 4756 1289 4798; x_wconf 88' lang='lat' dir='ltr'>exorta</span> 
     </span>
     <span class='ocr_line' id='line_1_58' title="bbox 541 4819 1289 4876; baseline 0 -12"><span class='ocrx_word' id='word_1_373' title='bbox 541 4819 613 4865; x_wconf 90' lang='lat' dir='ltr'>inter</span> <span class='ocrx_word' id='word_1_374' title='bbox 627 4823 751 4866; x_wconf 89' lang='lat' dir='ltr'>Ioannem</span> <span class='ocrx_word' id='word_1_375' title='bbox 766 4819 840 4866; x_wconf 87' lang='lat' dir='ltr'>bolca</span> <span class='ocrx_word' id='word_1_376' title='bbox 854 4823 880 4865; x_wconf 91' lang='lat' dir='ltr'>et</span> <span class='ocrx_word' id='word_1_377' title='bbox 895 4823 1055 4866; x_wconf 81' lang='lat' dir='ltr'>Germanum</span> <span class='ocrx_word' id='word_1_378' title='bbox 1070 4823 1131 4876; x_wconf 76' lang='lat' dir='ltr'>Eva,</span> <span class='ocrx_word' id='word_1_379' title='bbox 1146 4831 1213 4876; x_wconf 88' lang='lat' dir='ltr'>qnae</span> <span class='ocrx_word' id='word_1_380' title='bbox 1227 4823 1289 4876; x_wconf 82' lang='lat' dir='ltr'>Syn-</span> 
     </span>
     <span class='ocr_line' id='line_1_59' title="bbox 542 4886 965 4932; baseline 0 0"><span class='ocrx_word' id='word_1_381' title='bbox 542 4886 584 4932; x_wconf 88' lang='lat' dir='ltr'>odi</span> <span class='ocrx_word' id='word_1_382' title='bbox 597 4886 802 4932; x_wconf 85' lang='lat' dir='ltr'>celebrationem</span> <span class='ocrx_word' id='word_1_383' title='bbox 816 4887 965 4932; x_wconf 82' lang='lat' dir='ltr'>obstabant.</span> 
     </span>
    </p>
   </div>
   <div class='ocr_carea' id='block_1_5' title="bbox 582 5023 1248 5211">
    <p class='ocr_par' dir='ltr' id='par_1_10' title="bbox 582 5023 1248 5211">
     <span class='ocr_line' id='line_1_60' title="bbox 832 5023 1002 5067; baseline 0.006 -1"><span class='ocrx_word' id='word_1_384' title='bbox 832 5023 1002 5067; x_wconf 73' lang='lat' dir='ltr'>DECRETUM</span> 
     </span>
     <span class='ocr_line' id='line_1_61' title="bbox 582 5157 1248 5211; baseline -0.003 -9"><span class='ocrx_word' id='word_1_385' title='bbox 582 5159 679 5202; x_wconf 84' lang='lat' dir='ltr'>Sacrae</span> <span class='ocrx_word' id='word_1_386' title='bbox 697 5160 916 5211; x_wconf 58' lang='lat' dir='ltr'>concrepatione</span> <span class='ocrx_word' id='word_1_387' title='bbox 934 5161 966 5203; x_wconf 86' lang='lat' dir='ltr'>ae</span> <span class='ocrx_word' id='word_1_388' title='bbox 981 5159 1164 5211; x_wconf 68' lang='lat' dir='ltr'>Properando</span> <span class='ocrx_word' id='word_1_389' title='bbox 1178 5157 1248 5202; x_wconf 74' lang='lat' dir='ltr'>ilde.</span> 
     </span>
    </p>
   </div>
   <div class='ocr_carea' id='block_1_6' title="bbox 543 5291 1290 6022">
    <p class='ocr_par' dir='ltr' id='par_1_11' title="bbox 543 5291 1290 6022">
     <span class='ocr_line' id='line_1_62' title="bbox 583 5291 1290 5350; baseline 0 -12"><span class='ocrx_word' id='word_1_390' title='bbox 583 5293 721 5350; x_wconf 86' lang='lat' dir='ltr'>Perpensis</span> <span class='ocrx_word' id='word_1_391' title='bbox 734 5292 865 5345; x_wconf 85' lang='lat' dir='ltr'>omnibus.</span> <span class='ocrx_word' id='word_1_392' title='bbox 879 5303 947 5350; x_wconf 87' lang='lat' dir='ltr'>quae</span> <span class='ocrx_word' id='word_1_393' title='bbox 961 5291 1031 5339; x_wconf 88' lang='lat' dir='ltr'>cirea</span> <span class='ocrx_word' id='word_1_394' title='bbox 1043 5294 1236 5339; x_wconf 86' lang='lat' dir='ltr'>controversias</span> <span class='ocrx_word' id='word_1_395' title='bbox 1245 5297 1290 5338; x_wconf 82' lang='lat' dir='ltr'>Pa·</span> 
     </span>
     <span class='ocr_line' id='line_1_63' title="bbox 544 5359 1288 5406; baseline -0.001 0"><span class='ocrx_word' id='word_1_396' title='bbox 544 5360 690 5406; x_wconf 88' lang='lat' dir='ltr'>triarcham</span> <span class='ocrx_word' id='word_1_397' title='bbox 713 5359 784 5405; x_wconf 91' lang='lat' dir='ltr'>inter</span> <span class='ocrx_word' id='word_1_398' title='bbox 807 5359 999 5406; x_wconf 83' lang='lat' dir='ltr'>Maronitarum</span> <span class='ocrx_word' id='word_1_399' title='bbox 1022 5363 1052 5405; x_wconf 79' lang='lat' dir='ltr'>ll.</span> <span class='ocrx_word' id='word_1_400' title='bbox 1074 5363 1100 5405; x_wconf 87' lang='grc' dir='ltr'>Ρ.</span> <span class='ocrx_word' id='word_1_401' title='bbox 1116 5363 1142 5405; x_wconf 84' lang='lat' dir='ltr'>D.</span> <span class='ocrx_word' id='word_1_402' title='bbox 1164 5363 1288 5405; x_wconf 87' lang='lat' dir='ltr'>loannem</span> 
     </span>
     <span class='ocr_line' id='line_1_64' title="bbox 543 5425 1290 5484; baseline -0.001 -11"><span class='ocrx_word' id='word_1_403' title='bbox 543 5429 627 5484; x_wconf 84' lang='lat' dir='ltr'>Dulce,</span> <span class='ocrx_word' id='word_1_404' title='bbox 641 5431 667 5472; x_wconf 90' lang='lat' dir='ltr'>et</span> <span class='ocrx_word' id='word_1_405' title='bbox 681 5425 909 5484; x_wconf 79' lang='lat' dir='ltr'>hierapolitanum</span> <span class='ocrx_word' id='word_1_406' title='bbox 923 5427 1041 5473; x_wconf 87' lang='lat' dir='ltr'>eiusdem</span> <span class='ocrx_word' id='word_1_407' title='bbox 1057 5427 1172 5473; x_wconf 87' lang='lat' dir='ltr'>nationis</span> <span class='ocrx_word' id='word_1_408' title='bbox 1182 5427 1290 5472; x_wconf 77' lang='lat' dir='ltr'>antisti·</span> 
     </span>
     <span class='ocr_line' id='line_1_65' title="bbox 545 5494 1288 5550; baseline -0.001 -10"><span class='ocrx_word' id='word_1_409' title='bbox 545 5497 598 5540; x_wconf 88' lang='lat' dir='ltr'>tem</span> <span class='ocrx_word' id='word_1_410' title='bbox 612 5497 642 5539; x_wconf 79' lang='lat' dir='ltr'>a.</span> <span class='ocrx_word' id='word_1_411' title='bbox 652 5497 677 5539; x_wconf 80' lang='grc' dir='ltr'>Ρ.</span> <span class='ocrx_word' id='word_1_412' title='bbox 689 5497 715 5538; x_wconf 83' lang='grc'>1).</span> <span class='ocrx_word' id='word_1_413' title='bbox 732 5498 891 5540; x_wconf 77' lang='lat' dir='ltr'>Germanum</span> <span class='ocrx_word' id='word_1_414' title='bbox 907 5497 975 5541; x_wconf 84' lang='lat' dir='ltr'>Hera</span> <span class='ocrx_word' id='word_1_415' title='bbox 989 5497 1103 5550; x_wconf 86' lang='lat' dir='ltr'>exortas,</span> <span class='ocrx_word' id='word_1_416' title='bbox 1114 5494 1145 5540; x_wconf 91' lang='lat' dir='ltr'>ad</span> <span class='ocrx_word' id='word_1_417' title='bbox 1161 5498 1185 5540; x_wconf 86' lang='grc'>8.</span> <span class='ocrx_word' id='word_1_418' title='bbox 1197 5495 1288 5539; x_wconf 85' lang='lat' dir='ltr'>sedern</span> 
     </span>
     <span class='ocr_line' id='line_1_66' title="bbox 544 5561 1288 5619; baseline 0 -12"><span class='ocrx_word' id='word_1_419' title='bbox 544 5563 647 5618; x_wconf 87' lang='lat' dir='ltr'>perlata</span> <span class='ocrx_word' id='word_1_420' title='bbox 667 5565 741 5615; x_wconf 87' lang='lat' dir='ltr'>sunt;</span> <span class='ocrx_word' id='word_1_421' title='bbox 764 5565 794 5608; x_wconf 88' lang='lat' dir='ltr'>ut</span> <span class='ocrx_word' id='word_1_422' title='bbox 812 5561 917 5607; x_wconf 90' lang='lat' dir='ltr'>meliori</span> <span class='ocrx_word' id='word_1_423' title='bbox 937 5565 963 5607; x_wconf 89' lang='lat' dir='ltr'>et</span> <span class='ocrx_word' id='word_1_424' title='bbox 981 5562 1139 5619; x_wconf 89' lang='lat' dir='ltr'>expeditiori</span> <span class='ocrx_word' id='word_1_425' title='bbox 1158 5563 1235 5608; x_wconf 90' lang='lat' dir='ltr'>modo</span> <span class='ocrx_word' id='word_1_426' title='bbox 1249 5565 1288 5607; x_wconf 89' lang='lat' dir='ltr'>tot</span> 
     </span>
     <span class='ocr_line' id='line_1_67' title="bbox 544 5628 1289 5687; baseline 0.001 -13"><span class='ocrx_word' id='word_1_427' title='bbox 544 5639 574 5674; x_wconf 90' lang='lat' dir='ltr'>ac</span> <span class='ocrx_word' id='word_1_428' title='bbox 588 5631 643 5674; x_wconf 92' lang='lat' dir='ltr'>tarn</span> <span class='ocrx_word' id='word_1_429' title='bbox 658 5628 768 5673; x_wconf 89' lang='lat' dir='ltr'>diutinis</span> <span class='ocrx_word' id='word_1_430' title='bbox 784 5630 862 5674; x_wconf 89' lang='lat' dir='ltr'>malis</span> <span class='ocrx_word' id='word_1_431' title='bbox 876 5632 1042 5686; x_wconf 83' lang='lat' dir='ltr'>occurratur,</span> <span class='ocrx_word' id='word_1_432' title='bbox 1057 5629 1153 5687; x_wconf 87' lang='lat' dir='ltr'>qulbus</span> <span class='ocrx_word' id='word_1_433' title='bbox 1170 5631 1289 5687; x_wconf 80' lang='lat' dir='ltr'>Hieropc</span> 
     </span>
     <span class='ocr_line' id='line_1_68' title="bbox 544 5695 1290 5753; baseline 0.003 -13"><span class='ocrx_word' id='word_1_434' title='bbox 544 5696 628 5742; x_wconf 83' lang='lat' dir='ltr'>litans</span> <span class='ocrx_word' id='word_1_435' title='bbox 646 5695 737 5741; x_wconf 86' lang='lat' dir='ltr'>eadem</span> <span class='ocrx_word' id='word_1_436' title='bbox 753 5697 868 5742; x_wconf 79' lang='lat' dir='ltr'>ltcclssia</span> <span class='ocrx_word' id='word_1_437' title='bbox 887 5701 1028 5753; x_wconf 89' lang='lat' dir='ltr'>propterea</span> <span class='ocrx_word' id='word_1_438' title='bbox 1048 5697 1199 5752; x_wconf 89' lang='lat' dir='ltr'>subiicitur,</span> <span class='ocrx_word' id='word_1_439' title='bbox 1213 5709 1244 5741; x_wconf 89' lang='lat' dir='ltr'>ex</span> <span class='ocrx_word' id='word_1_440' title='bbox 1259 5708 1290 5742; x_wconf 90' lang='lat' dir='ltr'>eo</span> 
     </span>
     <span class='ocr_line' id='line_1_69' title="bbox 544 5762 1290 5820; baseline 0.003 -13"><span class='ocrx_word' id='word_1_441' title='bbox 544 5762 720 5820; x_wconf 90' lang='lat' dir='ltr'>potissimum,</span> <span class='ocrx_word' id='word_1_442' title='bbox 735 5763 804 5818; x_wconf 88' lang='lat' dir='ltr'>quod</span> <span class='ocrx_word' id='word_1_443' title='bbox 824 5764 1017 5820; x_wconf 87' lang='lat' dir='ltr'>quamplurimi</span> <span class='ocrx_word' id='word_1_444' title='bbox 1033 5775 1085 5810; x_wconf 89' lang='lat' dir='ltr'>non</span> <span class='ocrx_word' id='word_1_445' title='bbox 1106 5765 1192 5810; x_wconf 90' lang='lat' dir='ltr'>solum</span> <span class='ocrx_word' id='word_1_446' title='bbox 1208 5765 1290 5809; x_wconf 80' lang='lat' dir='ltr'>Maro-</span> 
     </span>
     <span class='ocr_line' id='line_1_70' title="bbox 544 5829 1290 5887; baseline 0.003 -13"><span class='ocrx_word' id='word_1_447' title='bbox 544 5830 629 5884; x_wconf 80' lang='lat' dir='ltr'>nitas,</span> <span class='ocrx_word' id='word_1_448' title='bbox 650 5829 695 5874; x_wconf 88' lang='lat' dir='ltr'>sed</span> <span class='ocrx_word' id='word_1_449' title='bbox 716 5829 797 5875; x_wconf 88' lang='lat' dir='ltr'>etiam</span> <span class='ocrx_word' id='word_1_450' title='bbox 819 5830 934 5876; x_wconf 90' lang='lat' dir='ltr'>aliarum</span> <span class='ocrx_word' id='word_1_451' title='bbox 955 5831 1104 5887; x_wconf 90' lang='lat' dir='ltr'>nationum,</span> <span class='ocrx_word' id='word_1_452' title='bbox 1125 5834 1180 5877; x_wconf 87' lang='lat' dir='ltr'>tam</span> <span class='ocrx_word' id='word_1_453' title='bbox 1201 5831 1290 5877; x_wconf 91' lang='lat' dir='ltr'>elerici</span> 
     </span>
     <span class='ocr_line' id='line_1_71' title="bbox 544 5896 1290 5954; baseline 0.005 -13"><span class='ocrx_word' id='word_1_454' title='bbox 544 5907 623 5954; x_wconf 90' lang='lat' dir='ltr'>quam</span> <span class='ocrx_word' id='word_1_455' title='bbox 639 5896 707 5950; x_wconf 90' lang='lat' dir='ltr'>laici,</span> <span class='ocrx_word' id='word_1_456' title='bbox 723 5899 876 5943; x_wconf 86' lang='lat' dir='ltr'>earumdem</span> <span class='ocrx_word' id='word_1_457' title='bbox 894 5899 1137 5945; x_wconf 88' lang='lat' dir='ltr'>controversiarum</span> <span class='ocrx_word' id='word_1_458' title='bbox 1155 5899 1290 5945; x_wconf 88' lang='lat' dir='ltr'>occasione</span> 
     </span>
     <span class='ocr_line' id='line_1_72' title="bbox 545 5964 1290 6022; baseline -0.003 -8"><span class='ocrx_word' id='word_1_459' title='bbox 545 5965 585 6014; x_wconf 85' lang='lat' dir='ltr'>tel</span> <span class='ocrx_word' id='word_1_460' title='bbox 599 5974 680 6012; x_wconf 85' lang='lat' dir='ltr'>causa</span> <span class='ocrx_word' id='word_1_461' title='bbox 700 5964 885 6011; x_wconf 88' lang='lat' dir='ltr'>ecclesiasticis</span> <span class='ocrx_word' id='word_1_462' title='bbox 900 5966 991 6022; x_wconf 87' lang='lat' dir='ltr'>paenis</span> <span class='ocrx_word' id='word_1_463' title='bbox 1006 5968 1053 6012; x_wconf 88' lang='lat' dir='ltr'>aut</span> <span class='ocrx_word' id='word_1_464' title='bbox 1071 5965 1104 6012; x_wconf 87' lang='lat' dir='ltr'>ab</span> <span class='ocrx_word' id='word_1_465' title='bbox 1119 5966 1177 6012; x_wconf 89' lang='lat' dir='ltr'>iure</span> <span class='ocrx_word' id='word_1_466' title='bbox 1196 5971 1244 6012; x_wconf 88' lang='lat' dir='ltr'>aut</span> <span class='ocrx_word' id='word_1_467' title='bbox 1257 5967 1290 6012; x_wconf 89' lang='lat' dir='ltr'>ab</span> 
     </span>
    </p>
   </div>
   <div class='ocr_carea' id='block_1_7' title="bbox 1068 557 1566 614">
    <p class='ocr_par' dir='ltr' id='par_1_12' title="bbox 1068 557 1566 614">
     <span class='ocr_line' id='line_1_73' title="bbox 1068 557 1566 614; baseline -0.006 0"><span class='ocrx_word' id='word_1_468' title='bbox 1068 560 1131 614; x_wconf 84' lang='lat' dir='ltr'>ibn.</span> <span class='ocrx_word' id='word_1_469' title='bbox 1156 565 1247 614; x_wconf 76' lang='lat' dir='ltr'>abur.</span> <span class='ocrx_word' id='word_1_470' title='bbox 1273 559 1313 611; x_wconf 75' lang='lat' dir='ltr'>DE</span> <span class='ocrx_word' id='word_1_471' title='bbox 1334 565 1363 612; x_wconf 77' lang='lat'>1².</span> <span class='ocrx_word' id='word_1_472' title='bbox 1387 557 1416 612; x_wconf 69' lang='lat' dir='ltr'>p,</span> <span class='ocrx_word' id='word_1_473' title='bbox 1441 559 1523 613; x_wconf 75' lang='lat' dir='ltr'>rans</span> <span class='ocrx_word' id='word_1_474' title='bbox 1546 559 1566 611; x_wconf 89' lang='lat' dir='ltr'>l.</span> 
     </span>
    </p>
   </div>
   <div class='ocr_carea' id='block_1_8' title="bbox 1345 686 2093 1050">
    <p class='ocr_par' dir='ltr' id='par_1_13' title="bbox 1345 686 2093 1050">
     <span class='ocr_line' id='line_1_74' title="bbox 1345 686 2091 770; baseline 0.003 -21"><span class='ocrx_word' id='word_1_475' title='bbox 1345 686 1461 750; x_wconf 89' lang='lat' dir='ltr'>tatione</span> <span class='ocrx_word' id='word_1_476' title='bbox 1483 688 1612 752; x_wconf 90' lang='lat' dir='ltr'>minime</span> <span class='ocrx_word' id='word_1_477' title='bbox 1633 687 1774 768; x_wconf 85' lang='lat' dir='ltr'>indigere</span> <span class='ocrx_word' id='word_1_478' title='bbox 1797 705 1976 770; x_wconf 89' lang='lat' dir='ltr'>persuasum</span> <span class='ocrx_word' id='word_1_479' title='bbox 2004 689 2091 752; x_wconf 88' lang='lat' dir='ltr'>nobis</span> 
     </span>
     <span class='ocr_line' id='line_1_75' title="bbox 1346 780 2092 863; baseline 0.003 -19"><span class='ocrx_word' id='word_1_480' title='bbox 1346 790 1402 844; x_wconf 89' lang='lat' dir='ltr'>cst.</span> <span class='ocrx_word' id='word_1_481' title='bbox 1427 780 1536 861; x_wconf 88' lang='lat' dir='ltr'>Neque</span> <span class='ocrx_word' id='word_1_482' title='bbox 1558 785 1642 846; x_wconf 92' lang='lat' dir='ltr'>enim</span> <span class='ocrx_word' id='word_1_483' title='bbox 1665 801 1721 848; x_wconf 89' lang='lat' dir='ltr'>nos</span> <span class='ocrx_word' id='word_1_484' title='bbox 1742 784 1822 862; x_wconf 85' lang='lat' dir='ltr'>fugit</span> <span class='ocrx_word' id='word_1_485' title='bbox 1838 790 1988 863; x_wconf 86' lang='lat' dir='ltr'>quantum</span> <span class='ocrx_word' id='word_1_486' title='bbox 2009 783 2092 846; x_wconf 90' lang='lat' dir='ltr'>inter</span> 
     </span>
     <span class='ocr_line' id='line_1_76' title="bbox 1348 869 2093 958; baseline 0.004 -22"><span class='ocrx_word' id='word_1_487' title='bbox 1348 869 1460 938; x_wconf 80' lang='lat' dir='ltr'>medias</span> <span class='ocrx_word' id='word_1_488' title='bbox 1482 877 1671 940; x_wconf 84' lang='lat' dir='ltr'>infidelitatis</span> <span class='ocrx_word' id='word_1_489' title='bbox 1694 878 1899 958; x_wconf 86' lang='lat' dir='ltr'>obstinatique</span> <span class='ocrx_word' id='word_1_490' title='bbox 1921 879 2093 940; x_wconf 84' lang='lat' dir='ltr'>schismatis</span> 
     </span>
     <span class='ocr_line' id='line_1_77' title="bbox 1349 968 2093 1050; baseline 0 -20"><span class='ocrx_word' id='word_1_491' title='bbox 1349 968 1488 1030; x_wconf 88' lang='lat' dir='ltr'>tenebras</span> <span class='ocrx_word' id='word_1_492' title='bbox 1519 969 1640 1032; x_wconf 89' lang='lat' dir='ltr'>fulserit</span> <span class='ocrx_word' id='word_1_493' title='bbox 1676 970 1855 1050; x_wconf 78' lang='lat' dir='ltr'>fulgentque</span> <span class='ocrx_word' id='word_1_494' title='bbox 1887 972 1962 1034; x_wconf 88' lang='lat' dir='ltr'>fides</span> <span class='ocrx_word' id='word_1_495' title='bbox 1991 978 2093 1034; x_wconf 88' lang='lat' dir='ltr'>restra</span> 
     </span>
    </p>
   </div>
   <div class='ocr_carea' id='block_1_9' title="bbox 1343 1191 2092 3656">
    <p class='ocr_par' dir='ltr' id='par_1_14' title="bbox 1343 1191 2092 2662">
     <span class='ocr_line' id='line_1_78' title="bbox 1343 1191 2091 1250; baseline 0.003 -14"><span class='ocrx_word' id='word_1_496' title='bbox 1343 1191 1450 1237; x_wconf 90' lang='lat' dir='ltr'>homine</span> <span class='ocrx_word' id='word_1_497' title='bbox 1465 1191 1527 1238; x_wconf 88' lang='lat' dir='ltr'>latis</span> <span class='ocrx_word' id='word_1_498' title='bbox 1542 1191 1643 1238; x_wconf 89' lang='lat' dir='ltr'>irretiti</span> <span class='ocrx_word' id='word_1_499' title='bbox 1666 1192 1801 1246; x_wconf 76' lang='lat' dir='ltr'>feruntur:</span> <span class='ocrx_word' id='word_1_500' title='bbox 1823 1195 1903 1240; x_wconf 85' lang='lat' dir='ltr'>Sacra</span> <span class='ocrx_word' id='word_1_501' title='bbox 1917 1194 2091 1250; x_wconf 84' lang='lat' dir='ltr'>congregatio</span> 
     </span>
     <span class='ocr_line' id='line_1_79' title="bbox 1343 1258 2091 1316; baseline 0.005 -14"><span class='ocrx_word' id='word_1_502' title='bbox 1343 1258 1447 1303; x_wconf 86' lang='lat' dir='ltr'>censuit</span> <span class='ocrx_word' id='word_1_503' title='bbox 1468 1259 1605 1316; x_wconf 87' lang='lat' dir='ltr'>expedire,</span> <span class='ocrx_word' id='word_1_504' title='bbox 1625 1262 1655 1304; x_wconf 91' lang='lat' dir='ltr'>ut</span> <span class='ocrx_word' id='word_1_505' title='bbox 1675 1260 1846 1316; x_wconf 86' lang='lat' dir='ltr'>complicatae</span> <span class='ocrx_word' id='word_1_506' title='bbox 1868 1261 1930 1305; x_wconf 92' lang='lat' dir='ltr'>huic</span> <span class='ocrx_word' id='word_1_507' title='bbox 1950 1263 2091 1306; x_wconf 81' lang='lat' dir='ltr'>causaest</span> 
     </span>
     <span class='ocr_line' id='line_1_80' title="bbox 1343 1324 2091 1386; baseline 0.007 -17"><span class='ocrx_word' id='word_1_508' title='bbox 1343 1324 1555 1382; x_wconf 87' lang='lat' dir='ltr'>discrepantibus</span> <span class='ocrx_word' id='word_1_509' title='bbox 1569 1326 1743 1372; x_wconf 89' lang='lat' dir='ltr'>relationibus</span> <span class='ocrx_word' id='word_1_510' title='bbox 1754 1327 1813 1374; x_wconf 87' lang='lat' dir='ltr'>finis</span> <span class='ocrx_word' id='word_1_511' title='bbox 1824 1327 2091 1386; x_wconf 77' lang='lat' dir='ltr'>aliquandoimpoua·</span> 
     </span>
     <span class='ocr_line' id='line_1_81' title="bbox 1345 1393 2091 1450; baseline 0.005 -14"><span class='ocrx_word' id='word_1_512' title='bbox 1345 1395 1397 1446; x_wconf 90' lang='lat' dir='ltr'>tur,</span> <span class='ocrx_word' id='word_1_513' title='bbox 1412 1393 1549 1449; x_wconf 89' lang='lat' dir='ltr'>omnisque</span> <span class='ocrx_word' id='word_1_514' title='bbox 1564 1393 1739 1450; x_wconf 89' lang='lat' dir='ltr'>imposterum</span> <span class='ocrx_word' id='word_1_515' title='bbox 1754 1393 1944 1450; x_wconf 83' lang='lat' dir='ltr'>praecludatur</span> <span class='ocrx_word' id='word_1_516' title='bbox 1958 1395 2007 1440; x_wconf 86' lang='lat' dir='ltr'>hac</span> <span class='ocrx_word' id='word_1_517' title='bbox 2021 1396 2091 1440; x_wconf 90' lang='lat' dir='ltr'>dere</span> 
     </span>
     <span class='ocr_line' id='line_1_82' title="bbox 1343 1459 2092 1519; baseline 0.004 -16"><span class='ocrx_word' id='word_1_518' title='bbox 1343 1459 1543 1514; x_wconf 90' lang='lat' dir='ltr'>quaestionibus</span> <span class='ocrx_word' id='word_1_519' title='bbox 1563 1460 1665 1510; x_wconf 85' lang='lat' dir='ltr'>aditus:</span> <span class='ocrx_word' id='word_1_520' title='bbox 1686 1459 1795 1516; x_wconf 89' lang='lat' dir='ltr'>ideoque</span> <span class='ocrx_word' id='word_1_521' title='bbox 1817 1461 1932 1506; x_wconf 88' lang='lat' dir='ltr'>decrevit</span> <span class='ocrx_word' id='word_1_522' title='bbox 1947 1461 2092 1519; x_wconf 89' lang='lat' dir='ltr'>supplican-</span> 
     </span>
     <span class='ocr_line' id='line_1_83' title="bbox 1344 1524 2092 1587; baseline 0.007 -18"><span class='ocrx_word' id='word_1_523' title='bbox 1344 1524 1407 1570; x_wconf 91' lang='lat' dir='ltr'>dum</span> <span class='ocrx_word' id='word_1_524' title='bbox 1428 1537 1486 1572; x_wconf 88' lang='lat' dir='ltr'>esse</span> <span class='ocrx_word' id='word_1_525' title='bbox 1507 1525 1595 1581; x_wconf 83' lang='grc' dir='ltr'>88ιῐι6,</span> <span class='ocrx_word' id='word_1_526' title='bbox 1609 1529 1741 1584; x_wconf 88' lang='lat' dir='ltr'>quatenus</span> <span class='ocrx_word' id='word_1_527' title='bbox 1758 1528 1903 1586; x_wconf 88' lang='lat' dir='ltr'>apostolica</span> <span class='ocrx_word' id='word_1_528' title='bbox 1917 1529 2092 1587; x_wconf 78' lang='lat' dir='ltr'>benignitate,</span> 
     </span>
     <span class='ocr_line' id='line_1_84' title="bbox 1344 1592 2092 1654; baseline 0.008 -19"><span class='ocrx_word' id='word_1_529' title='bbox 1344 1594 1370 1636; x_wconf 90' lang='lat' dir='ltr'>et</span> <span class='ocrx_word' id='word_1_530' title='bbox 1385 1592 1416 1637; x_wconf 92' lang='lat' dir='ltr'>de</span> <span class='ocrx_word' id='word_1_531' title='bbox 1431 1592 1596 1648; x_wconf 85' lang='lat' dir='ltr'>plenitudine</span> <span class='ocrx_word' id='word_1_532' title='bbox 1617 1605 1681 1640; x_wconf 89' lang='lat' dir='ltr'>suae</span> <span class='ocrx_word' id='word_1_533' title='bbox 1696 1596 1837 1652; x_wconf 87' lang='lat' dir='ltr'>potestatis</span> <span class='ocrx_word' id='word_1_534' title='bbox 1857 1597 2006 1654; x_wconf 89' lang='lat' dir='ltr'>praefatum</span> <span class='ocrx_word' id='word_1_535' title='bbox 2021 1598 2092 1642; x_wconf 83' lang='lat' dir='ltr'>nnti-</span> 
     </span>
     <span class='ocr_line' id='line_1_85' title="bbox 1344 1658 2092 1720; baseline 0.008 -18"><span class='ocrx_word' id='word_1_536' title='bbox 1344 1658 1435 1704; x_wconf 90' lang='lat' dir='ltr'>stitem</span> <span class='ocrx_word' id='word_1_537' title='bbox 1451 1672 1514 1706; x_wconf 89' lang='lat' dir='ltr'>suae</span> <span class='ocrx_word' id='word_1_538' title='bbox 1534 1662 1659 1708; x_wconf 84' lang='lat' dir='ltr'>ecclesiae</span> <span class='ocrx_word' id='word_1_539' title='bbox 1678 1662 1788 1718; x_wconf 88' lang='lat' dir='ltr'>eiusque</span> <span class='ocrx_word' id='word_1_540' title='bbox 1808 1663 1892 1710; x_wconf 89' lang='lat' dir='ltr'>libero</span> <span class='ocrx_word' id='word_1_541' title='bbox 1909 1664 2039 1720; x_wconf 88' lang='lat' dir='ltr'>regimine</span> <span class='ocrx_word' id='word_1_542' title='bbox 2053 1677 2092 1709; x_wconf 86' lang='lat' dir='ltr'>re·</span> 
     </span>
     <span class='ocr_line' id='line_1_86' title="bbox 1345 1726 2092 1789; baseline 0.009 -19"><span class='ocrx_word' id='word_1_543' title='bbox 1345 1726 1449 1778; x_wconf 89' lang='lat' dir='ltr'>stituat,</span> <span class='ocrx_word' id='word_1_544' title='bbox 1471 1739 1613 1786; x_wconf 87' lang='lat' dir='ltr'>omnesque</span> <span class='ocrx_word' id='word_1_545' title='bbox 1635 1733 1662 1774; x_wconf 91' lang='lat' dir='ltr'>et</span> <span class='ocrx_word' id='word_1_546' title='bbox 1677 1730 1796 1786; x_wconf 84' lang='lat' dir='ltr'>singulos</span> <span class='ocrx_word' id='word_1_547' title='bbox 1817 1731 2006 1789; x_wconf 86' lang='lat' dir='ltr'>cuiuscumque</span> <span class='ocrx_word' id='word_1_548' title='bbox 2020 1733 2092 1777; x_wconf 88' lang='lat' dir='ltr'>Ordi-</span> 
     </span>
     <span class='ocr_line' id='line_1_87' title="bbox 1345 1793 2092 1857; baseline 0.011 -20"><span class='ocrx_word' id='word_1_549' title='bbox 1345 1793 1394 1849; x_wconf 91' lang='lat' dir='ltr'>nis,</span> <span class='ocrx_word' id='word_1_550' title='bbox 1409 1794 1557 1850; x_wconf 87' lang='lat' dir='ltr'>dignitatis,</span> <span class='ocrx_word' id='word_1_551' title='bbox 1573 1796 1688 1842; x_wconf 85' lang='lat' dir='ltr'>nationis</span> <span class='ocrx_word' id='word_1_552' title='bbox 1708 1797 1835 1854; x_wconf 86' lang='lat' dir='ltr'>dignetur</span> <span class='ocrx_word' id='word_1_553' title='bbox 1855 1799 1992 1844; x_wconf 84' lang='lat' dir='ltr'>absolvere</span> <span class='ocrx_word' id='word_1_554' title='bbox 2006 1811 2022 1845; x_wconf 87' lang='lat' dir='ltr'>a</span> <span class='ocrx_word' id='word_1_555' title='bbox 2035 1800 2092 1857; x_wconf 91' lang='lat' dir='ltr'>qui-</span> 
     </span>
     <span class='ocr_line' id='line_1_88' title="bbox 1344 1861 2092 1924; baseline 0.009 -19"><span class='ocrx_word' id='word_1_556' title='bbox 1344 1861 1460 1906; x_wconf 86' lang='lat' dir='ltr'>buslibet</span> <span class='ocrx_word' id='word_1_557' title='bbox 1470 1864 1599 1920; x_wconf 88' lang='lat' dir='ltr'>censuris,</span> <span class='ocrx_word' id='word_1_558' title='bbox 1609 1874 1640 1909; x_wconf 89' lang='lat' dir='ltr'>ac</span> <span class='ocrx_word' id='word_1_559' title='bbox 1649 1864 1897 1922; x_wconf 89' lang='lat' dir='ltr'>irregularitatibus</span> <span class='ocrx_word' id='word_1_560' title='bbox 1908 1867 1935 1911; x_wconf 88' lang='lat' dir='ltr'>in</span> <span class='ocrx_word' id='word_1_561' title='bbox 1944 1877 2009 1924; x_wconf 91' lang='lat' dir='ltr'>quas</span> <span class='ocrx_word' id='word_1_562' title='bbox 2020 1879 2092 1924; x_wconf 88' lang='lat' dir='ltr'>prae·</span> 
     </span>
     <span class='ocr_line' id='line_1_89' title="bbox 1344 1927 2091 1980; baseline 0.009 -9"><span class='ocrx_word' id='word_1_563' title='bbox 1344 1927 1475 1974; x_wconf 86' lang='lat' dir='ltr'>dictarum</span> <span class='ocrx_word' id='word_1_564' title='bbox 1486 1931 1728 1976; x_wconf 79' lang='lat' dir='ltr'>controversiarum</span> <span class='ocrx_word' id='word_1_565' title='bbox 1738 1933 1874 1978; x_wconf 86' lang='lat' dir='ltr'>occasione</span> <span class='ocrx_word' id='word_1_566' title='bbox 1888 1933 1929 1980; x_wconf 83' lang='lat' dir='ltr'>vel</span> <span class='ocrx_word' id='word_1_567' title='bbox 1943 1945 2022 1980; x_wconf 82' lang='lat' dir='ltr'>causa</span> <span class='ocrx_word' id='word_1_568' title='bbox 2036 1935 2091 1980; x_wconf 87' lang='lat' dir='ltr'>sire</span> 
     </span>
     <span class='ocr_line' id='line_1_90' title="bbox 1345 1995 2090 2060; baseline 0.012 -20"><span class='ocrx_word' id='word_1_569' title='bbox 1345 2005 1360 2040; x_wconf 89' lang='lat' dir='ltr'>a</span> <span class='ocrx_word' id='word_1_570' title='bbox 1375 1995 1433 2041; x_wconf 89' lang='lat' dir='ltr'>iure</span> <span class='ocrx_word' id='word_1_571' title='bbox 1452 1997 1507 2042; x_wconf 88' lang='lat' dir='ltr'>sire</span> <span class='ocrx_word' id='word_1_572' title='bbox 1521 1998 1554 2043; x_wconf 87' lang='lat' dir='ltr'>ab</span> <span class='ocrx_word' id='word_1_573' title='bbox 1573 1999 1680 2045; x_wconf 88' lang='lat' dir='ltr'>homine</span> <span class='ocrx_word' id='word_1_574' title='bbox 1694 2000 1831 2047; x_wconf 87' lang='lat' dir='ltr'>incurrere</span> <span class='ocrx_word' id='word_1_575' title='bbox 1845 2002 1963 2060; x_wconf 87' lang='lat' dir='ltr'>potuisse</span> <span class='ocrx_word' id='word_1_576' title='bbox 1978 2003 2090 2060; x_wconf 88' lang='lat' dir='ltr'>contige·</span> 
     </span>
     <span class='ocr_line' id='line_1_91' title="bbox 1344 2061 2090 2120; baseline 0.012 -14"><span class='ocrx_word' id='word_1_577' title='bbox 1344 2061 1390 2118; x_wconf 88' lang='lat' dir='ltr'>rit,</span> <span class='ocrx_word' id='word_1_578' title='bbox 1410 2062 1531 2120; x_wconf 87' lang='lat' dir='ltr'>reiquae</span> <span class='ocrx_word' id='word_1_579' title='bbox 1546 2064 1644 2110; x_wconf 89' lang='lat' dir='ltr'>eisdem</span> <span class='ocrx_word' id='word_1_580' title='bbox 1663 2068 1850 2113; x_wconf 84' lang='lat' dir='ltr'>controversiis</span> <span class='ocrx_word' id='word_1_581' title='bbox 1868 2079 1974 2115; x_wconf 88' lang='lat' dir='ltr'>causam</span> <span class='ocrx_word' id='word_1_582' title='bbox 1989 2073 2037 2115; x_wconf 90' lang='lat' dir='ltr'>aut</span> <span class='ocrx_word' id='word_1_583' title='bbox 2051 2080 2090 2114; x_wconf 92' lang='lat' dir='ltr'>cc·</span> 
     </span>
     <span class='ocr_line' id='line_1_92' title="bbox 1343 2130 2091 2194; baseline 0.012 -21"><span class='ocrx_word' id='word_1_584' title='bbox 1343 2130 1475 2175; x_wconf 88' lang='lat' dir='ltr'>casionern</span> <span class='ocrx_word' id='word_1_585' title='bbox 1491 2132 1675 2189; x_wconf 86' lang='lat' dir='ltr'>praebuerint;</span> <span class='ocrx_word' id='word_1_586' title='bbox 1690 2134 1721 2180; x_wconf 93' lang='lat' dir='ltr'>de</span> <span class='ocrx_word' id='word_1_587' title='bbox 1736 2139 1841 2182; x_wconf 89' lang='lat' dir='ltr'>caetero</span> <span class='ocrx_word' id='word_1_588' title='bbox 1858 2135 1979 2182; x_wconf 88' lang='lat' dir='ltr'>districte</span> <span class='ocrx_word' id='word_1_589' title='bbox 1994 2137 2091 2194; x_wconf 87' lang='lat' dir='ltr'>praeci-</span> 
     </span>
     <span class='ocr_line' id='line_1_93' title="bbox 1344 2195 2091 2257; baseline 0.013 -17"><span class='ocrx_word' id='word_1_590' title='bbox 1344 2195 1426 2252; x_wconf 88' lang='lat' dir='ltr'>piens,</span> <span class='ocrx_word' id='word_1_591' title='bbox 1441 2203 1472 2242; x_wconf 92' lang='lat' dir='ltr'>ut</span> <span class='ocrx_word' id='word_1_592' title='bbox 1486 2201 1668 2257; x_wconf 89' lang='lat' dir='ltr'>unusquisque</span> <span class='ocrx_word' id='word_1_593' title='bbox 1689 2202 1865 2248; x_wconf 90' lang='lat' dir='ltr'>conscientiae</span> <span class='ocrx_word' id='word_1_594' title='bbox 1886 2214 1951 2249; x_wconf 88' lang='lat' dir='ltr'>suae</span> <span class='ocrx_word' id='word_1_595' title='bbox 1970 2205 2091 2250; x_wconf 88' lang='lat' dir='ltr'>consulat</span> 
     </span>
     <span class='ocr_line' id='line_1_94' title="bbox 1344 2263 2091 2327; baseline 0.012 -20"><span class='ocrx_word' id='word_1_596' title='bbox 1344 2263 1430 2318; x_wconf 92' lang='lat' dir='ltr'>quoad</span> <span class='ocrx_word' id='word_1_597' title='bbox 1444 2275 1475 2310; x_wconf 88' lang='lat' dir='ltr'>ea</span> <span class='ocrx_word' id='word_1_598' title='bbox 1489 2265 1515 2309; x_wconf 91' lang='lat' dir='ltr'>in</span> <span class='ocrx_word' id='word_1_599' title='bbox 1530 2266 1626 2322; x_wconf 88' lang='lat' dir='ltr'>quibus</span> <span class='ocrx_word' id='word_1_600' title='bbox 1648 2279 1676 2312; x_wconf 89' lang='lat' dir='ltr'>se</span> <span class='ocrx_word' id='word_1_601' title='bbox 1690 2267 1842 2325; x_wconf 84' lang='lat' dir='ltr'>deliquisse,</span> <span class='ocrx_word' id='word_1_602' title='bbox 1856 2268 1967 2327; x_wconf 90' lang='lat' dir='ltr'>ideoque</span> <span class='ocrx_word' id='word_1_603' title='bbox 1988 2272 2091 2316; x_wconf 88' lang='lat' dir='ltr'>canoni·</span> 
     </span>
     <span class='ocr_line' id='line_1_95' title="bbox 1343 2331 2091 2396; baseline 0.013 -22"><span class='ocrx_word' id='word_1_604' title='bbox 1343 2340 1387 2376; x_wconf 90' lang='lat' dir='ltr'>cas</span> <span class='ocrx_word' id='word_1_605' title='bbox 1402 2331 1546 2377; x_wconf 90' lang='lat' dir='ltr'>iucurrisse</span> <span class='ocrx_word' id='word_1_606' title='bbox 1561 2344 1658 2390; x_wconf 87' lang='lat' dir='ltr'>poenas</span> <span class='ocrx_word' id='word_1_607' title='bbox 1672 2337 1836 2392; x_wconf 86' lang='lat' dir='ltr'>cognoverit;</span> <span class='ocrx_word' id='word_1_608' title='bbox 1852 2342 1882 2382; x_wconf 86' lang='lat' dir='ltr'>ut</span> <span class='ocrx_word' id='word_1_609' title='bbox 1896 2337 1969 2383; x_wconf 90' lang='lat' dir='ltr'>omni</span> <span class='ocrx_word' id='word_1_610' title='bbox 1983 2338 2091 2396; x_wconf 90' lang='lat' dir='ltr'>insuper</span> 
     </span>
     <span class='ocr_line' id='line_1_96' title="bbox 1344 2397 2091 2460; baseline 0.013 -20"><span class='ocrx_word' id='word_1_611' title='bbox 1344 2397 1461 2452; x_wconf 88' lang='lat' dir='ltr'>partium</span> <span class='ocrx_word' id='word_1_612' title='bbox 1476 2399 1573 2452; x_wconf 89' lang='lat' dir='ltr'>studio,</span> <span class='ocrx_word' id='word_1_613' title='bbox 1584 2404 1610 2445; x_wconf 88' lang='lat' dir='ltr'>et</span> <span class='ocrx_word' id='word_1_614' title='bbox 1624 2401 1791 2458; x_wconf 89' lang='lat' dir='ltr'>querimonia</span> <span class='ocrx_word' id='word_1_615' title='bbox 1801 2403 1832 2448; x_wconf 90' lang='lat' dir='ltr'>de</span> <span class='ocrx_word' id='word_1_616' title='bbox 1842 2403 1973 2449; x_wconf 89' lang='lat' dir='ltr'>anteactis</span> <span class='ocrx_word' id='word_1_617' title='bbox 1982 2415 2091 2460; x_wconf 86' lang='lat' dir='ltr'>prorsus</span> 
     </span>
     <span class='ocr_line' id='line_1_97' title="bbox 1344 2467 2091 2528; baseline 0.015 -22"><span class='ocrx_word' id='word_1_618' title='bbox 1344 2467 1455 2520; x_wconf 87' lang='lat' dir='ltr'>remota,</span> <span class='ocrx_word' id='word_1_619' title='bbox 1466 2477 1556 2522; x_wconf 89' lang='lat' dir='ltr'>pacem</span> <span class='ocrx_word' id='word_1_620' title='bbox 1569 2471 1665 2522; x_wconf 85' lang='lat' dir='ltr'>servet,</span> <span class='ocrx_word' id='word_1_621' title='bbox 1676 2469 1709 2514; x_wconf 90' lang='lat' dir='ltr'>ab</span> <span class='ocrx_word' id='word_1_622' title='bbox 1719 2468 1803 2528; x_wconf 89' lang='lat' dir='ltr'>iisque</span> <span class='ocrx_word' id='word_1_623' title='bbox 1813 2470 1936 2516; x_wconf 88' lang='lat' dir='ltr'>omnibus</span> <span class='ocrx_word' id='word_1_624' title='bbox 1947 2472 2033 2524; x_wconf 78' lang='lat' dir='ltr'>verbo,</span> <span class='ocrx_word' id='word_1_625' title='bbox 2042 2475 2091 2518; x_wconf 88' lang='lat' dir='ltr'>aut</span> 
     </span>
     <span class='ocr_line' id='line_1_98' title="bbox 1344 2531 2090 2595; baseline 0.013 -22"><span class='ocrx_word' id='word_1_626' title='bbox 1344 2531 1420 2586; x_wconf 90' lang='lat' dir='ltr'>facto,</span> <span class='ocrx_word' id='word_1_627' title='bbox 1436 2543 1463 2576; x_wconf 85' lang='lat' dir='ltr'>se</span> <span class='ocrx_word' id='word_1_628' title='bbox 1478 2537 1554 2578; x_wconf 88' lang='lat' dir='ltr'>caute</span> <span class='ocrx_word' id='word_1_629' title='bbox 1564 2535 1706 2591; x_wconf 90' lang='lat' dir='ltr'>abstineat,</span> <span class='ocrx_word' id='word_1_630' title='bbox 1717 2548 1784 2593; x_wconf 90' lang='lat' dir='ltr'>quae</span> <span class='ocrx_word' id='word_1_631' title='bbox 1795 2537 1952 2584; x_wconf 86' lang='lat' dir='ltr'>renovandis</span> <span class='ocrx_word' id='word_1_632' title='bbox 1961 2538 2090 2595; x_wconf 90' lang='lat' dir='ltr'>quaestio-</span> 
     </span>
     <span class='ocr_line' id='line_1_99' title="bbox 1345 2597 2015 2662; baseline 0.012 -19"><span class='ocrx_word' id='word_1_633' title='bbox 1345 2597 1423 2644; x_wconf 90' lang='lat' dir='ltr'>nibus</span> <span class='ocrx_word' id='word_1_634' title='bbox 1437 2603 1518 2657; x_wconf 89' lang='lat' dir='ltr'>atque</span> <span class='ocrx_word' id='word_1_635' title='bbox 1531 2601 1649 2647; x_wconf 90' lang='lat' dir='ltr'>dissidiis</span> <span class='ocrx_word' id='word_1_636' title='bbox 1663 2603 1766 2648; x_wconf 89' lang='lat' dir='ltr'>aditum</span> <span class='ocrx_word' id='word_1_637' title='bbox 1781 2605 1886 2662; x_wconf 85' lang='lat' dir='ltr'>aperire</span> <span class='ocrx_word' id='word_1_638' title='bbox 1900 2609 2015 2662; x_wconf 87' lang='lat' dir='ltr'>possent.</span> 
     </span>
    </p>

    <p class='ocr_par' dir='ltr' id='par_1_15' title="bbox 1343 2667 2091 3519">
     <span class='ocr_line' id='line_1_100' title="bbox 1385 2667 2090 2728; baseline 0.013 -18"><span class='ocrx_word' id='word_1_639' title='bbox 1385 2667 1450 2711; x_wconf 83' lang='lat' dir='ltr'>Huic</span> <span class='ocrx_word' id='word_1_640' title='bbox 1470 2669 1561 2713; x_wconf 88' lang='lat' dir='ltr'>autem</span> <span class='ocrx_word' id='word_1_641' title='bbox 1585 2671 1680 2715; x_wconf 83' lang='lat' dir='ltr'>Sacrae</span> <span class='ocrx_word' id='word_1_642' title='bbox 1701 2672 1919 2728; x_wconf 83' lang='lat' dir='ltr'>congregationis</span> <span class='ocrx_word' id='word_1_643' title='bbox 1943 2675 2090 2720; x_wconf 85' lang='lat' dir='ltr'>sentcntiae</span> 
     </span>
     <span class='ocr_line' id='line_1_101' title="bbox 1344 2731 2089 2797; baseline 0.015 -22"><span class='ocrx_word' id='word_1_644' title='bbox 1344 2731 1422 2777; x_wconf 86' lang='grc' dir='ltr'>88ιῑιο</span> <span class='ocrx_word' id='word_1_645' title='bbox 1443 2733 1496 2779; x_wconf 83' lang='lat' dir='ltr'>nno</span> <span class='ocrx_word' id='word_1_646' title='bbox 1517 2738 1613 2780; x_wconf 86' lang='lat' dir='ltr'>Nostro</span> <span class='ocrx_word' id='word_1_647' title='bbox 1626 2737 1671 2781; x_wconf 85' lang='lat' dir='ltr'>Pio</span> <span class='ocrx_word' id='word_1_648' title='bbox 1686 2741 1729 2782; x_wconf 86' lang='grc' dir='ltr'>ΡΡ.</span> <span class='ocrx_word' id='word_1_649' title='bbox 1746 2741 1795 2784; x_wconf 75' lang='lat' dir='ltr'>Vll.</span> <span class='ocrx_word' id='word_1_650' title='bbox 1812 2739 1913 2786; x_wconf 87' lang='lat' dir='ltr'>relatae</span> <span class='ocrx_word' id='word_1_651' title='bbox 1934 2751 1980 2797; x_wconf 93' lang='lat' dir='ltr'>per</span> <span class='ocrx_word' id='word_1_652' title='bbox 1996 2740 2089 2787; x_wconf 76' lang='lat' dir='ltr'>Eanum</span> 
     </span>
     <span class='ocr_line' id='line_1_102' title="bbox 1344 2798 2091 2856; baseline 0.017 -13"><span class='ocrx_word' id='word_1_653' title='bbox 1344 2798 1428 2844; x_wconf 80' lang='lat' dir='ltr'>[laium</span> <span class='ocrx_word' id='word_1_654' title='bbox 1444 2803 1518 2847; x_wconf 84' lang='lat' dir='ltr'>card.</span> <span class='ocrx_word' id='word_1_655' title='bbox 1533 2803 1605 2849; x_wconf 89' lang='lat' dir='ltr'>Litta</span> <span class='ocrx_word' id='word_1_656' title='bbox 1625 2805 1787 2850; x_wconf 83' lang='lat' dir='ltr'>Praefectum</span> <span class='ocrx_word' id='word_1_657' title='bbox 1803 2805 1829 2850; x_wconf 91' lang='lat' dir='ltr'>in</span> <span class='ocrx_word' id='word_1_658' title='bbox 1844 2807 1982 2854; x_wconf 88' lang='lat' dir='ltr'>audientia</span> <span class='ocrx_word' id='word_1_659' title='bbox 1999 2809 2091 2856; x_wconf 88' lang='lat' dir='ltr'>habita</span> 
     </span>
     <span class='ocr_line' id='line_1_103' title="bbox 1344 2867 2090 2932; baseline 0.013 -20"><span class='ocrx_word' id='word_1_660' title='bbox 1344 2867 1386 2913; x_wconf 88' lang='lat' dir='ltr'>die</span> <span class='ocrx_word' id='word_1_661' title='bbox 1401 2879 1457 2914; x_wconf 87' lang='lat' dir='ltr'>xrrr.</span> <span class='ocrx_word' id='word_1_662' title='bbox 1474 2869 1573 2924; x_wconf 91' lang='lat' dir='ltr'>martii,</span> <span class='ocrx_word' id='word_1_663' title='bbox 1589 2872 1721 2918; x_wconf 82' lang='lat' dir='ltr'>sauctitas</span> <span class='ocrx_word' id='word_1_664' title='bbox 1737 2877 1789 2918; x_wconf 85' lang='lat' dir='ltr'>sua</span> <span class='ocrx_word' id='word_1_665' title='bbox 1811 2873 1921 2932; x_wconf 86' lang='lat' dir='ltr'>benigne</span> <span class='ocrx_word' id='word_1_666' title='bbox 1936 2877 2038 2931; x_wconf 89' lang='lat' dir='ltr'>annuit,</span> <span class='ocrx_word' id='word_1_667' title='bbox 2053 2883 2090 2922; x_wconf 89' lang='lat' dir='ltr'>at·</span> 
     </span>
     <span class='ocr_line' id='line_1_104' title="bbox 1344 2935 2090 2992; baseline 0.015 -13"><span class='ocrx_word' id='word_1_668' title='bbox 1344 2947 1394 2991; x_wconf 89' lang='lat' dir='ltr'>que</span> <span class='ocrx_word' id='word_1_669' title='bbox 1409 2935 1435 2981; x_wconf 95' lang='lat' dir='ltr'>in</span> <span class='ocrx_word' id='word_1_670' title='bbox 1450 2937 1576 2992; x_wconf 87' lang='lat' dir='ltr'>praelatis</span> <span class='ocrx_word' id='word_1_671' title='bbox 1598 2939 1721 2992; x_wconf 76' lang='lat' dir='ltr'>indulsit:</span> <span class='ocrx_word' id='word_1_672' title='bbox 1743 2940 1818 2986; x_wconf 89' lang='lat' dir='ltr'>enixe</span> <span class='ocrx_word' id='word_1_673' title='bbox 1833 2945 1923 2986; x_wconf 87' lang='lat' dir='ltr'>autem</span> <span class='ocrx_word' id='word_1_674' title='bbox 1940 2943 1967 2988; x_wconf 90' lang='lat' dir='ltr'>iu</span> <span class='ocrx_word' id='word_1_675' title='bbox 1982 2945 2090 2990; x_wconf 85' lang='lat' dir='ltr'>Domino</span> 
     </span>
     <span class='ocr_line' id='line_1_105' title="bbox 1345 3001 2091 3066; baseline 0.015 -21"><span class='ocrx_word' id='word_1_676' title='bbox 1345 3001 1471 3048; x_wconf 86' lang='lat' dir='ltr'>hortatur</span> <span class='ocrx_word' id='word_1_677' title='bbox 1484 3004 1585 3048; x_wconf 87' lang='lat' dir='ltr'>clerum</span> <span class='ocrx_word' id='word_1_678' title='bbox 1600 3016 1631 3050; x_wconf 89' lang='lat' dir='ltr'>ac</span> <span class='ocrx_word' id='word_1_679' title='bbox 1645 3006 1771 3062; x_wconf 87' lang='lat' dir='ltr'>populum</span> <span class='ocrx_word' id='word_1_680' title='bbox 1787 3007 1999 3066; x_wconf 77' lang='lat' dir='ltr'>hierapolitanae</span> <span class='ocrx_word' id='word_1_681' title='bbox 2010 3013 2091 3057; x_wconf 81' lang='lat' dir='ltr'>Maro·</span> 
     </span>
     <span class='ocr_line' id='line_1_106' title="bbox 1344 3069 2090 3135; baseline 0.013 -22"><span class='ocrx_word' id='word_1_682' title='bbox 1344 3069 1462 3115; x_wconf 80' lang='lat' dir='ltr'>tritarum</span> <span class='ocrx_word' id='word_1_683' title='bbox 1477 3071 1616 3124; x_wconf 78' lang='lat' dir='ltr'>Ecclesiae,</span> <span class='ocrx_word' id='word_1_684' title='bbox 1631 3075 1661 3117; x_wconf 91' lang='lat' dir='ltr'>ut</span> <span class='ocrx_word' id='word_1_685' title='bbox 1676 3083 1754 3118; x_wconf 91' lang='lat' dir='ltr'>suurn</span> <span class='ocrx_word' id='word_1_686' title='bbox 1770 3074 1926 3134; x_wconf 74' lang='lat' dir='ltr'>Episcopum</span> <span class='ocrx_word' id='word_1_687' title='bbox 1940 3077 1973 3122; x_wconf 91' lang='lat' dir='ltr'>ad</span> <span class='ocrx_word' id='word_1_688' title='bbox 1983 3079 2090 3135; x_wconf 88' lang='lat' dir='ltr'>propria</span> 
     </span>
     <span class='ocr_line' id='line_1_107' title="bbox 1343 3136 2091 3202; baseline 0.013 -22"><span class='ocrx_word' id='word_1_689' title='bbox 1343 3136 1498 3182; x_wconf 89' lang='lat' dir='ltr'>redeuntem</span> <span class='ocrx_word' id='word_1_690' title='bbox 1512 3138 1584 3183; x_wconf 92' lang='lat' dir='ltr'>omni</span> <span class='ocrx_word' id='word_1_691' title='bbox 1600 3149 1689 3184; x_wconf 87' lang='lat' dir='ltr'>amors</span> <span class='ocrx_word' id='word_1_692' title='bbox 1704 3143 1730 3186; x_wconf 91' lang='lat' dir='ltr'>et</span> <span class='ocrx_word' id='word_1_693' title='bbox 1745 3142 1896 3188; x_wconf 86' lang='lat' dir='ltr'>reverentia</span> <span class='ocrx_word' id='word_1_694' title='bbox 1910 3143 2032 3202; x_wconf 88' lang='lat' dir='ltr'>excipiat,</span> <span class='ocrx_word' id='word_1_695' title='bbox 2050 3146 2091 3191; x_wconf 91' lang='lat' dir='ltr'>de-</span> 
     </span>
     <span class='ocr_line' id='line_1_108' title="bbox 1343 3203 2091 3267; baseline 0.013 -19"><span class='ocrx_word' id='word_1_696' title='bbox 1343 3203 1479 3261; x_wconf 87' lang='lat' dir='ltr'>bitamque</span> <span class='ocrx_word' id='word_1_697' title='bbox 1495 3205 1520 3250; x_wconf 90' lang='lat' dir='ltr'>ei</span> <span class='ocrx_word' id='word_1_698' title='bbox 1535 3206 1712 3252; x_wconf 88' lang='lat' dir='ltr'>obedientiam</span> <span class='ocrx_word' id='word_1_699' title='bbox 1734 3212 1861 3265; x_wconf 90' lang='lat' dir='ltr'>perpetuo</span> <span class='ocrx_word' id='word_1_700' title='bbox 1881 3211 2049 3267; x_wconf 85' lang='lat' dir='ltr'>profiteatur,</span> <span class='ocrx_word' id='word_1_701' title='bbox 2064 3217 2091 3258; x_wconf 86' lang='lat' dir='ltr'>et</span> 
     </span>
     <span class='ocr_line' id='line_1_109' title="bbox 1343 3271 2090 3335; baseline 0.012 -21"><span class='ocrx_word' id='word_1_702' title='bbox 1343 3273 1472 3327; x_wconf 73' lang='lat' dir='ltr'>praestet:</span> <span class='ocrx_word' id='word_1_703' title='bbox 1488 3271 1594 3328; x_wconf 88' lang='lat' dir='ltr'>foreque</span> <span class='ocrx_word' id='word_1_704' title='bbox 1608 3271 1725 3328; x_wconf 88' lang='lat' dir='ltr'>conlidit,</span> <span class='ocrx_word' id='word_1_705' title='bbox 1740 3279 1770 3319; x_wconf 89' lang='lat' dir='ltr'>ut</span> <span class='ocrx_word' id='word_1_706' title='bbox 1785 3275 1841 3332; x_wconf 90' lang='lat' dir='ltr'>ipse</span> <span class='ocrx_word' id='word_1_707' title='bbox 1854 3276 1972 3322; x_wconf 85' lang='lat' dir='ltr'>antistes</span> <span class='ocrx_word' id='word_1_708' title='bbox 1983 3289 2090 3335; x_wconf 82' lang='lat' dir='ltr'>gregem</span> 
     </span>
     <span class='ocr_line' id='line_1_110' title="bbox 1343 3343 2091 3399; baseline 0.012 -17"><span class='ocrx_word' id='word_1_709' title='bbox 1343 3349 1431 3392; x_wconf 89' lang='lat' dir='ltr'>suum,</span> <span class='ocrx_word' id='word_1_710' title='bbox 1445 3349 1498 3394; x_wconf 90' lang='lat' dir='ltr'>qua</span> <span class='ocrx_word' id='word_1_711' title='bbox 1518 3343 1653 3396; x_wconf 88' lang='lat' dir='ltr'>pastorem</span> <span class='ocrx_word' id='word_1_712' title='bbox 1667 3351 1698 3386; x_wconf 87' lang='lat' dir='ltr'>ac</span> <span class='ocrx_word' id='word_1_713' title='bbox 1712 3343 1815 3397; x_wconf 91' lang='lat' dir='ltr'>patrem</span> <span class='ocrx_word' id='word_1_714' title='bbox 1837 3343 1919 3399; x_wconf 91' lang='lat' dir='ltr'>decet,</span> <span class='ocrx_word' id='word_1_715' title='bbox 1939 3345 2091 3391; x_wconf 86' lang='lat' dir='ltr'>benevolen-</span> 
     </span>
     <span class='ocr_line' id='line_1_111' title="bbox 1343 3404 2090 3468; baseline 0.013 -20"><span class='ocrx_word' id='word_1_716' title='bbox 1343 3404 1389 3461; x_wconf 87' lang='lat' dir='ltr'>tia,</span> <span class='ocrx_word' id='word_1_717' title='bbox 1404 3405 1616 3461; x_wconf 90' lang='lat' dir='ltr'>mansuetudine,</span> <span class='ocrx_word' id='word_1_718' title='bbox 1629 3407 1762 3454; x_wconf 86' lang='lat' dir='ltr'>charitate</span> <span class='ocrx_word' id='word_1_719' title='bbox 1784 3420 1876 3466; x_wconf 85' lang='lat' dir='ltr'>regere</span> <span class='ocrx_word' id='word_1_720' title='bbox 1898 3414 1924 3456; x_wconf 88' lang='lat' dir='ltr'>et</span> <span class='ocrx_word' id='word_1_721' title='bbox 1940 3413 2090 3468; x_wconf 85' lang='lat' dir='ltr'>gubernare</span> 
     </span>
     <span class='ocr_line' id='line_1_112' title="bbox 1343 3471 1676 3519; baseline 0.009 -3"><span class='ocrx_word' id='word_1_722' title='bbox 1343 3471 1415 3517; x_wconf 92' lang='lat' dir='ltr'>omni</span> <span class='ocrx_word' id='word_1_723' title='bbox 1430 3473 1519 3517; x_wconf 88' lang='lat' dir='ltr'>studio</span> <span class='ocrx_word' id='word_1_724' title='bbox 1531 3473 1676 3519; x_wconf 87' lang='lat' dir='ltr'>adlaboret.</span> 
     </span>
    </p>

    <p class='ocr_par' dir='ltr' id='par_1_16' title="bbox 1343 3541 2091 3656">
     <span class='ocr_line' id='line_1_113' title="bbox 1383 3541 2091 3604; baseline 0.017 -22"><span class='ocrx_word' id='word_1_725' title='bbox 1383 3541 1477 3585; x_wconf 84' lang='lat' dir='ltr'>Datum</span> <span class='ocrx_word' id='word_1_726' title='bbox 1493 3543 1592 3586; x_wconf 78' lang='lat' dir='ltr'>Romae</span> <span class='ocrx_word' id='word_1_727' title='bbox 1605 3553 1636 3585; x_wconf 88' lang='lat' dir='ltr'>ex</span> <span class='ocrx_word' id='word_1_728' title='bbox 1650 3541 1759 3588; x_wconf 87' lang='lat' dir='ltr'>aedibus</span> <span class='ocrx_word' id='word_1_729' title='bbox 1774 3543 1860 3590; x_wconf 90' lang='lat' dir='ltr'>dictae</span> <span class='ocrx_word' id='word_1_730' title='bbox 1870 3548 1893 3590; x_wconf 90' lang='grc'>8.</span> <span class='ocrx_word' id='word_1_731' title='bbox 1906 3548 2091 3604; x_wconf 87' lang='lat' dir='ltr'>congregatio-</span> 
     </span>
     <span class='ocr_line' id='line_1_114' title="bbox 1343 3606 1795 3656; baseline 0.011 -6"><span class='ocrx_word' id='word_1_732' title='bbox 1343 3606 1384 3651; x_wconf 85' lang='lat' dir='ltr'>nis</span> <span class='ocrx_word' id='word_1_733' title='bbox 1398 3607 1440 3651; x_wconf 86' lang='lat' dir='ltr'>die</span> <span class='ocrx_word' id='word_1_734' title='bbox 1455 3617 1519 3654; x_wconf 80' lang='lat' dir='ltr'>xxti.</span> <span class='ocrx_word' id='word_1_735' title='bbox 1536 3608 1628 3654; x_wconf 86' lang='lat' dir='ltr'>martii</span> <span class='ocrx_word' id='word_1_736' title='bbox 1645 3620 1795 3656; x_wconf 85' lang='lat' dir='ltr'>nncecxvrr.</span> 
     </span>
    </p>
   </div>
   <div class='ocr_carea' id='block_1_10' title="bbox 1397 3743 2036 3892">
    <p class='ocr_par' dir='ltr' id='par_1_17' title="bbox 1397 3743 2036 3892">
     <span class='ocr_line' id='line_1_115' title="bbox 1660 3743 2036 3793; baseline 0.019 -7"><span class='ocrx_word' id='word_1_737' title='bbox 1660 3745 1686 3788; x_wconf 77' lang='lat'>1..</span> <span class='ocrx_word' id='word_1_738' title='bbox 1701 3743 1773 3789; x_wconf 87' lang='lat' dir='ltr'>card.</span> <span class='ocrx_word' id='word_1_739' title='bbox 1790 3746 1872 3790; x_wconf 86' lang='lat' dir='ltr'>errn</span> <span class='ocrx_word' id='word_1_740' title='bbox 1887 3747 2036 3793; x_wconf 86' lang='lat' dir='ltr'>Praefectus</span> 
     </span>
     <span class='ocr_line' id='line_1_116' title="bbox 1397 3834 1606 3892; baseline 0.01 -13"><span class='ocrx_word' id='word_1_741' title='bbox 1397 3839 1462 3880; x_wconf 83' lang='lat' dir='ltr'>Loco</span> <span class='ocrx_word' id='word_1_742' title='bbox 1477 3837 1496 3892; x_wconf 66' lang='lat'>³5</span> <span class='ocrx_word' id='word_1_743' title='bbox 1513 3834 1606 3892; x_wconf 85' lang='lat' dir='ltr'>sigilli.</span> 
     </span>
    </p>
   </div>
   <div class='ocr_carea' id='block_1_11' title="bbox 1556 3948 2074 3998">
    <p class='ocr_par' dir='ltr' id='par_1_18' title="bbox 1556 3948 2074 3998">
     <span class='ocr_line' id='line_1_117' title="bbox 1556 3948 2074 3998; baseline 0.015 -8"><span class='ocrx_word' id='word_1_744' title='bbox 1556 3948 1664 3992; x_wconf 84' lang='lat' dir='ltr'>carolus</span> <span class='ocrx_word' id='word_1_745' title='bbox 1680 3948 1763 3993; x_wconf 86' lang='lat' dir='ltr'>illaria</span> <span class='ocrx_word' id='word_1_746' title='bbox 1777 3948 1890 3995; x_wconf 87' lang='lat' dir='ltr'>Pedicini</span> <span class='ocrx_word' id='word_1_747' title='bbox 1904 3953 2074 3998; x_wconf 73' lang='lat' dir='ltr'>secretarius.</span> 
     </span>
    </p>
   </div>
   <div class='ocr_carea' id='block_1_12' title="bbox 1343 4081 2091 4207">
    <p class='ocr_par' dir='ltr' id='par_1_19' title="bbox 1343 4081 2091 4207">
     <span class='ocr_line' id='line_1_118' title="bbox 1383 4081 2091 4139; baseline 0.013 -15"><span class='ocrx_word' id='word_1_748' title='bbox 1383 4082 1434 4125; x_wconf 81' lang='grc'><strong>1166</strong></span> <span class='ocrx_word' id='word_1_749' title='bbox 1449 4085 1472 4124; x_wconf 87' lang='lat' dir='ltr'>S.</span> <span class='ocrx_word' id='word_1_750' title='bbox 1488 4085 1512 4126; x_wconf 77' lang='lat' dir='ltr'>c,</span> <span class='ocrx_word' id='word_1_751' title='bbox 1528 4081 1560 4126; x_wconf 90' lang='lat' dir='ltr'>de</span> <span class='ocrx_word' id='word_1_752' title='bbox 1574 4085 1647 4139; x_wconf 87' lang='lat' dir='ltr'>Prop.</span> <span class='ocrx_word' id='word_1_753' title='bbox 1671 4083 1733 4128; x_wconf 78' lang='lat' dir='ltr'>llide</span> <span class='ocrx_word' id='word_1_754' title='bbox 1747 4085 1853 4131; x_wconf 88' lang='lat' dir='ltr'>decreto</span> <span class='ocrx_word' id='word_1_755' title='bbox 1875 4089 2021 4134; x_wconf 81' lang='lat' dir='ltr'>Germanus</span> <span class='ocrx_word' id='word_1_756' title='bbox 2036 4091 2091 4133; x_wconf 68' lang='lat' dir='ltr'>lira</span> 
     </span>
     <span class='ocr_line' id='line_1_119' title="bbox 1343 4147 2089 4207; baseline 0.013 -16"><span class='ocrx_word' id='word_1_757' title='bbox 1343 4147 1438 4192; x_wconf 88' lang='lat' dir='ltr'>ductus</span> <span class='ocrx_word' id='word_1_758' title='bbox 1454 4147 1501 4192; x_wconf 88' lang='lat' dir='ltr'>has</span> <span class='ocrx_word' id='word_1_759' title='bbox 1516 4147 1553 4193; x_wconf 92' lang='lat' dir='ltr'>lit.</span> <span class='ocrx_word' id='word_1_760' title='bbox 1565 4149 1673 4206; x_wconf 86' lang='lat' dir='ltr'>scripsit</span> <span class='ocrx_word' id='word_1_761' title='bbox 1686 4149 1717 4194; x_wconf 90' lang='lat' dir='ltr'>de</span> <span class='ocrx_word' id='word_1_762' title='bbox 1733 4161 1794 4207; x_wconf 88' lang='lat' dir='ltr'>pace</span> <span class='ocrx_word' id='word_1_763' title='bbox 1809 4155 1836 4196; x_wconf 91' lang='lat' dir='ltr'>et</span> <span class='ocrx_word' id='word_1_764' title='bbox 1850 4151 1948 4198; x_wconf 89' lang='lat' dir='ltr'>sedatis</span> <span class='ocrx_word' id='word_1_765' title='bbox 1958 4155 2089 4201; x_wconf 89' lang='lat' dir='ltr'>dissidiis:</span> 
     </span>
    </p>
   </div>
   <div class='ocr_carea' id='block_1_13' title="bbox 1573 4288 1860 4332">
    <p class='ocr_par' dir='ltr' id='par_1_20' title="bbox 1573 4288 1860 4332">
     <span class='ocr_line' id='line_1_120' title="bbox 1573 4288 1860 4332; baseline 0.01 -4"><span class='ocrx_word' id='word_1_766' title='bbox 1573 4288 1630 4328; x_wconf 84' lang='lat' dir='ltr'>COL</span> <span class='ocrx_word' id='word_1_767' title='bbox 1644 4288 1750 4331; x_wconf 85' lang='lat' dir='ltr'>DIVINO</span> <span class='ocrx_word' id='word_1_768' title='bbox 1765 4289 1860 4332; x_wconf 79' lang='lat' dir='ltr'>nlb‘ro</span> 
     </span>
    </p>
   </div>
   <div class='ocr_carea' id='block_1_14' title="bbox 1342 4415 2091 4961">
    <p class='ocr_par' dir='ltr' id='par_1_21' title="bbox 1342 4415 2091 4862">
     <span class='ocr_line' id='line_1_121' title="bbox 1383 4415 2090 4477; baseline 0.011 -17"><span class='ocrx_word' id='word_1_769' title='bbox 1383 4417 1442 4472; x_wconf 78' lang='lat' dir='ltr'>agli</span> <span class='ocrx_word' id='word_1_770' title='bbox 1461 4415 1530 4461; x_wconf 81' lang='lat' dir='ltr'>illriri</span> <span class='ocrx_word' id='word_1_771' title='bbox 1552 4419 1639 4462; x_wconf 92' lang='lat' dir='ltr'>nostri</span> <span class='ocrx_word' id='word_1_772' title='bbox 1660 4418 1716 4474; x_wconf 84' lang='lat' dir='ltr'>llgii</span> <span class='ocrx_word' id='word_1_773' title='bbox 1738 4420 1781 4465; x_wconf 91' lang='lat' dir='ltr'>nel</span> <span class='ocrx_word' id='word_1_774' title='bbox 1802 4420 1912 4477; x_wconf 84' lang='lat' dir='ltr'>signore</span> <span class='ocrx_word' id='word_1_775' title='bbox 1934 4425 1961 4467; x_wconf 86' lang='lat' dir='ltr'>D.</span> <span class='ocrx_word' id='word_1_776' title='bbox 1977 4423 2090 4468; x_wconf 79' lang='lat' dir='ltr'>Antonio</span> 
     </span>
     <span class='ocr_line' id='line_1_122' title="bbox 1344 4482 2090 4541; baseline 0.012 -15"><span class='ocrx_word' id='word_1_777' title='bbox 1344 4482 1395 4526; x_wconf 82' lang='lat' dir='ltr'>Noe</span> <span class='ocrx_word' id='word_1_778' title='bbox 1410 4487 1502 4528; x_wconf 90' lang='lat' dir='ltr'>nostro</span> <span class='ocrx_word' id='word_1_779' title='bbox 1516 4483 1621 4530; x_wconf 86' lang='lat' dir='ltr'>vicario</span> <span class='ocrx_word' id='word_1_780' title='bbox 1634 4483 1709 4541; x_wconf 70' lang='lat' dir='ltr'>larino,</span> <span class='ocrx_word' id='word_1_781' title='bbox 1720 4487 1751 4530; x_wconf 91' lang='lat' dir='ltr'>ed</span> <span class='ocrx_word' id='word_1_782' title='bbox 1766 4486 1810 4532; x_wconf 88' lang='lat' dir='ltr'>all&#39;</span> <span class='ocrx_word' id='word_1_783' title='bbox 1819 4487 2005 4535; x_wconf 86' lang='lat' dir='ltr'>oneratissimo</span> <span class='ocrx_word' id='word_1_784' title='bbox 2015 4490 2090 4536; x_wconf 87' lang='lat' dir='ltr'>clero</span> 
     </span>
     <span class='ocr_line' id='line_1_123' title="bbox 1342 4549 2091 4614; baseline 0.012 -21"><span class='ocrx_word' id='word_1_785' title='bbox 1342 4549 1412 4594; x_wconf 90' lang='lat' dir='ltr'>della</span> <span class='ocrx_word' id='word_1_786' title='bbox 1427 4551 1518 4596; x_wconf 87' lang='lat' dir='ltr'>nostra</span> <span class='ocrx_word' id='word_1_787' title='bbox 1532 4549 1636 4606; x_wconf 90' lang='lat' dir='ltr'>diocesi,</span> <span class='ocrx_word' id='word_1_788' title='bbox 1651 4552 1682 4596; x_wconf 90' lang='lat' dir='ltr'>ed</span> <span class='ocrx_word' id='word_1_789' title='bbox 1696 4552 1722 4597; x_wconf 92' lang='lat' dir='ltr'>al</span> <span class='ocrx_word' id='word_1_790' title='bbox 1737 4553 1878 4600; x_wconf 89' lang='lat' dir='ltr'>benedetto</span> <span class='ocrx_word' id='word_1_791' title='bbox 1892 4557 1983 4600; x_wconf 89' lang='lat' dir='ltr'>nostro</span> <span class='ocrx_word' id='word_1_792' title='bbox 1997 4557 2091 4614; x_wconf 90' lang='lat' dir='ltr'>popolo</span> 
     </span>
     <span class='ocr_line' id='line_1_124' title="bbox 1343 4617 2090 4678; baseline 0.011 -18"><span class='ocrx_word' id='word_1_793' title='bbox 1343 4617 1481 4672; x_wconf 84' lang='lat' dir='ltr'>Maronita,</span> <span class='ocrx_word' id='word_1_794' title='bbox 1496 4618 1579 4663; x_wconf 88' lang='lat' dir='ltr'>arriri</span> <span class='ocrx_word' id='word_1_795' title='bbox 1593 4621 1687 4675; x_wconf 90' lang='lat' dir='ltr'>questa</span> <span class='ocrx_word' id='word_1_796' title='bbox 1701 4621 1843 4676; x_wconf 89' lang='lat' dir='ltr'>pastorale,</span> <span class='ocrx_word' id='word_1_797' title='bbox 1856 4621 1882 4666; x_wconf 90' lang='lat' dir='ltr'>la</span> <span class='ocrx_word' id='word_1_798' title='bbox 1897 4622 1974 4678; x_wconf 88' lang='lat' dir='ltr'>quale</span> <span class='ocrx_word' id='word_1_799' title='bbox 1989 4624 2012 4668; x_wconf 92' lang='lat' dir='ltr'>si</span> <span class='ocrx_word' id='word_1_800' title='bbox 2026 4625 2090 4668; x_wconf 87' lang='lat' dir='ltr'>dere</span> 
     </span>
     <span class='ocr_line' id='line_1_125' title="bbox 1342 4684 2089 4740; baseline 0.011 -13"><span class='ocrx_word' id='word_1_801' title='bbox 1342 4685 1448 4740; x_wconf 73' lang='lat' dir='ltr'>legger-e</span> <span class='ocrx_word' id='word_1_802' title='bbox 1468 4684 1681 4740; x_wconf 89' lang='lat' dir='ltr'>pubblicamente</span> <span class='ocrx_word' id='word_1_803' title='bbox 1701 4687 1772 4732; x_wconf 89' lang='lat' dir='ltr'>nella</span> <span class='ocrx_word' id='word_1_804' title='bbox 1791 4688 1880 4734; x_wconf 90' lang='lat' dir='ltr'>chiesa</span> <span class='ocrx_word' id='word_1_805' title='bbox 1895 4688 1921 4732; x_wconf 93' lang='lat' dir='ltr'>di</span> <span class='ocrx_word' id='word_1_806' title='bbox 1937 4693 1961 4733; x_wconf 87' lang='grc'>8.</span> <span class='ocrx_word' id='word_1_807' title='bbox 1977 4689 2089 4736; x_wconf 82' lang='grc'><strong>11116661</strong></span> 
     </span>
     <span class='ocr_line' id='line_1_126' title="bbox 1342 4751 2091 4813; baseline 0.011 -19"><span class='ocrx_word' id='word_1_808' title='bbox 1342 4753 1450 4796; x_wconf 76' lang='lat' dir='ltr'>Decreta</span> <span class='ocrx_word' id='word_1_809' title='bbox 1464 4751 1534 4796; x_wconf 88' lang='lat' dir='ltr'>della</span> <span class='ocrx_word' id='word_1_810' title='bbox 1553 4753 1636 4809; x_wconf 83' lang='lat' dir='ltr'>Sagra</span> <span class='ocrx_word' id='word_1_811' title='bbox 1654 4753 1864 4810; x_wconf 81' lang='lat' dir='ltr'>congregazione</span> <span class='ocrx_word' id='word_1_812' title='bbox 1879 4755 1906 4800; x_wconf 91' lang='lat' dir='ltr'>di</span> <span class='ocrx_word' id='word_1_813' title='bbox 1920 4758 2091 4813; x_wconf 73' lang='lat' dir='ltr'>propaganda</span> 
     </span>
     <span class='ocr_line' id='line_1_127' title="bbox 1343 4817 1412 4862; baseline 0 0"><span class='ocrx_word' id='word_1_814' title='bbox 1343 4817 1412 4862; x_wconf 78' lang='lat' dir='ltr'>uide.</span> 
     </span>
    </p>

    <p class='ocr_par' dir='ltr' id='par_1_22' title="bbox 1602 4916 1831 4961">
     <span class='ocr_line' id='line_1_128' title="bbox 1602 4916 1831 4961; baseline 0.013 -3"><span class='ocrx_word' id='word_1_815' title='bbox 1602 4916 1754 4961; x_wconf 76' lang='lat' dir='ltr'>GERMANO</span> <span class='ocrx_word' id='word_1_816' title='bbox 1770 4919 1831 4961; x_wconf 78' lang='lat' dir='ltr'>EVA</span> 
     </span>
    </p>
   </div>
   <div class='ocr_carea' id='block_1_15' title="bbox 1477 5031 1957 5140">
    <p class='ocr_par' dir='ltr' id='par_1_23' title="bbox 1477 5031 1957 5140">
     <span class='ocr_line' id='line_1_129' title="bbox 1510 5031 1923 5073; baseline 0.017 -7"><span class='ocrx_word' id='word_1_817' title='bbox 1510 5031 1562 5068; x_wconf 78' lang='lat' dir='ltr'>nsit</span> <span class='ocrx_word' id='word_1_818' title='bbox 1577 5033 1611 5070; x_wconf 75' lang='lat' dir='ltr'>LA</span> <span class='ocrx_word' id='word_1_819' title='bbox 1625 5035 1717 5071; x_wconf 82' lang='lat' dir='ltr'>btvlrtn</span> <span class='ocrx_word' id='word_1_820' title='bbox 1735 5037 1923 5073; x_wconf 68' lang='lat' dir='ltr'>discalceabat</span> 
     </span>
     <span class='ocr_line' id='line_1_130' title="bbox 1477 5099 1957 5140; baseline 0.015 -7"><span class='ocrx_word' id='word_1_821' title='bbox 1477 5099 1492 5132; x_wconf 84' lang='lat' dir='ltr'><strong>E</strong></span> <span class='ocrx_word' id='word_1_822' title='bbox 1507 5101 1603 5135; x_wconf 74' lang='lat' dir='ltr'>dantia</span> <span class='ocrx_word' id='word_1_823' title='bbox 1617 5101 1703 5136; x_wconf 78' lang='lat' dir='ltr'>butan</span> <span class='ocrx_word' id='word_1_824' title='bbox 1717 5103 1783 5136; x_wconf 75' lang='lat' dir='ltr'>saba</span> <span class='ocrx_word' id='word_1_825' title='bbox 1797 5104 1957 5140; x_wconf 67' lang='lat' dir='ltr'>apostoleca</span> 
     </span>
    </p>
   </div>
   <div class='ocr_carea' id='block_1_16' title="bbox 1451 5155 1984 5274">
    <p class='ocr_par' dir='ltr' id='par_1_24' title="bbox 1451 5155 1984 5274">
     <span class='ocr_line' id='line_1_131' title="bbox 1451 5155 1984 5208; baseline 0.011 -8"><span class='ocrx_word' id='word_1_826' title='bbox 1451 5167 1629 5203; x_wconf 80' lang='lat' dir='ltr'>nncrrsscoro</span> <span class='ocrx_word' id='word_1_827' title='bbox 1648 5169 1733 5204; x_wconf 73' lang='lat' dir='ltr'>carna</span> <span class='ocrx_word' id='word_1_828' title='bbox 1750 5160 1827 5204; x_wconf 80' lang='lat' dir='ltr'>carri</span> <span class='ocrx_word' id='word_1_829' title='bbox 1842 5155 1868 5205; x_wconf 84' lang='lat' dir='ltr'>ra</span> <span class='ocrx_word' id='word_1_830' title='bbox 1884 5173 1984 5208; x_wconf 79' lang='lat' dir='ltr'>acerra</span> 
     </span>
     <span class='ocr_line' id='line_1_132' title="bbox 1576 5236 1858 5274; baseline 0.014 -4"><span class='ocrx_word' id='word_1_831' title='bbox 1576 5236 1592 5270; x_wconf 81' lang='lat' dir='ltr'>a</span> <span class='ocrx_word' id='word_1_832' title='bbox 1606 5237 1664 5272; x_wconf 84' lang='lat' dir='ltr'>suot</span> <span class='ocrx_word' id='word_1_833' title='bbox 1679 5237 1858 5274; x_wconf 79' lang='lat' dir='ltr'>cmcorrvrerur</span> 
     </span>
    </p>
   </div>
   <div class='ocr_carea' id='block_1_17' title="bbox 1397 5319 1681 5377">
    <p class='ocr_par' dir='ltr' id='par_1_25' title="bbox 1397 5319 1681 5377">
     <span class='ocr_line' id='line_1_133' title="bbox 1397 5319 1681 5377; baseline 0.014 -14"><span class='ocrx_word' id='word_1_834' title='bbox 1397 5321 1485 5375; x_wconf 88' lang='lat' dir='ltr'>Luogo</span> <span class='ocrx_word' id='word_1_835' title='bbox 1498 5323 1522 5370; x_wconf 67' lang='lat' dir='ltr'>aa</span> <span class='ocrx_word' id='word_1_836' title='bbox 1531 5319 1574 5364; x_wconf 87' lang='lat' dir='ltr'>del</span> <span class='ocrx_word' id='word_1_837' title='bbox 1588 5321 1681 5377; x_wconf 83' lang='lat' dir='ltr'>sigillo</span> 
     </span>
    </p>
   </div>
   <div class='ocr_carea' id='block_1_18' title="bbox 1344 5432 2092 5754">
    <p class='ocr_par' dir='ltr' id='par_1_26' title="bbox 1344 5432 2092 5754">
     <span class='ocr_line' id='line_1_134' title="bbox 1344 5432 2091 5482; baseline 0.009 -9"><span class='ocrx_word' id='word_1_838' title='bbox 1344 5432 1381 5473; x_wconf 79' lang='lat' dir='ltr'>La</span> <span class='ocrx_word' id='word_1_839' title='bbox 1395 5433 1491 5482; x_wconf 75' lang='lat' dir='ltr'>praela</span> <span class='ocrx_word' id='word_1_840' title='bbox 1510 5433 1610 5479; x_wconf 80' lang='lat' dir='ltr'>aleina,</span> <span class='ocrx_word' id='word_1_841' title='bbox 1629 5435 1683 5476; x_wconf 88' lang='lat' dir='ltr'>ela</span> <span class='ocrx_word' id='word_1_842' title='bbox 1704 5435 1873 5478; x_wconf 69' lang='lat' dir='ltr'>beneditione</span> <span class='ocrx_word' id='word_1_843' title='bbox 1891 5438 1979 5478; x_wconf 85' lang='lat' dir='ltr'>celeste</span> <span class='ocrx_word' id='word_1_844' title='bbox 1993 5437 2091 5481; x_wconf 75' lang='lat' dir='ltr'>scentia</span> 
     </span>
     <span class='ocr_line' id='line_1_135' title="bbox 1384 5501 2092 5554; baseline 0.01 -14"><span class='ocrx_word' id='word_1_845' title='bbox 1384 5508 1397 5540; x_wconf 90' lang='lat' dir='ltr'>e</span> <span class='ocrx_word' id='word_1_846' title='bbox 1411 5501 1510 5542; x_wconf 82' lang='lat' dir='ltr'>almari</span> <span class='ocrx_word' id='word_1_847' title='bbox 1525 5501 1592 5541; x_wconf 78' lang='lat' dir='ltr'>neta</span> <span class='ocrx_word' id='word_1_848' title='bbox 1606 5503 1697 5544; x_wconf 81' lang='lat' dir='ltr'>anime</span> <span class='ocrx_word' id='word_1_849' title='bbox 1710 5511 1723 5542; x_wconf 89' lang='lat' dir='ltr'>e</span> <span class='ocrx_word' id='word_1_850' title='bbox 1737 5504 1781 5543; x_wconf 82' lang='lat' dir='ltr'>rael</span> <span class='ocrx_word' id='word_1_851' title='bbox 1795 5505 1870 5554; x_wconf 68' lang='lat' dir='ltr'>carmi</span> <span class='ocrx_word' id='word_1_852' title='bbox 1883 5504 1912 5545; x_wconf 83' lang='lat' dir='ltr'>dl</span> <span class='ocrx_word' id='word_1_853' title='bbox 1924 5505 1986 5545; x_wconf 82' lang='lat' dir='ltr'>tutti</span> <span class='ocrx_word' id='word_1_854' title='bbox 2000 5507 2038 5554; x_wconf 80' lang='lat' dir='ltr'>all</span> <span class='ocrx_word' id='word_1_855' title='bbox 2052 5508 2092 5547; x_wconf 82' lang='lat' dir='ltr'>ia-</span> 
     </span>
     <span class='ocr_line' id='line_1_136' title="bbox 1384 5567 2091 5614; baseline 0.01 -7"><span class='ocrx_word' id='word_1_856' title='bbox 1384 5568 1489 5608; x_wconf 83' lang='lat' dir='ltr'>cltutdul</span> <span class='ocrx_word' id='word_1_857' title='bbox 1509 5567 1578 5610; x_wconf 82' lang='lat' dir='ltr'>della</span> <span class='ocrx_word' id='word_1_858' title='bbox 1599 5570 1693 5610; x_wconf 83' lang='lat' dir='ltr'>nostra</span> <span class='ocrx_word' id='word_1_859' title='bbox 1712 5569 1817 5610; x_wconf 75' lang='lat' dir='ltr'>illustre</span> <span class='ocrx_word' id='word_1_860' title='bbox 1830 5571 1926 5612; x_wconf 83' lang='lat' dir='ltr'>diocesi</span> <span class='ocrx_word' id='word_1_861' title='bbox 1938 5571 2091 5614; x_wconf 77' lang='lat' dir='ltr'>Maronita-</span> 
     </span>
     <span class='ocr_line' id='line_1_137' title="bbox 1384 5635 2092 5684; baseline 0.011 -10"><span class='ocrx_word' id='word_1_862' title='bbox 1384 5635 1516 5684; x_wconf 75' lang='lat' dir='ltr'>nlepplna</span> <span class='ocrx_word' id='word_1_863' title='bbox 1537 5635 1612 5676; x_wconf 87' lang='lat' dir='ltr'>tanto</span> <span class='ocrx_word' id='word_1_864' title='bbox 1633 5635 1674 5677; x_wconf 82' lang='lat' dir='ltr'>ael</span> <span class='ocrx_word' id='word_1_865' title='bbox 1695 5638 1747 5677; x_wconf 89' lang='lat' dir='ltr'>ceto</span> <span class='ocrx_word' id='word_1_866' title='bbox 1769 5637 1956 5683; x_wconf 64' lang='lat' dir='ltr'>clericalem</span> <span class='ocrx_word' id='word_1_867' title='bbox 1976 5639 2092 5682; x_wconf 83' lang='lat' dir='ltr'>seculare</span> 
     </span>
     <span class='ocr_line' id='line_1_138' title="bbox 1384 5701 1994 5754; baseline 0.008 -12"><span class='ocrx_word' id='word_1_868' title='bbox 1384 5701 1527 5743; x_wconf 83' lang='lat' dir='ltr'>otbealeatl</span> <span class='ocrx_word' id='word_1_869' title='bbox 1541 5703 1596 5743; x_wconf 91' lang='lat' dir='ltr'>alla</span> <span class='ocrx_word' id='word_1_870' title='bbox 1611 5704 1705 5743; x_wconf 82' lang='lat' dir='ltr'>nostra</span> <span class='ocrx_word' id='word_1_871' title='bbox 1718 5702 1839 5745; x_wconf 80' lang='lat' dir='ltr'>cattorltd</span> <span class='ocrx_word' id='word_1_872' title='bbox 1850 5707 1994 5754; x_wconf 81' lang='lat' dir='ltr'>pastorale.</span> 
     </span>
    </p>
   </div>
   <div class='ocr_carea' id='block_1_19' title="bbox 1344 5831 2092 6026">
    <p class='ocr_par' dir='ltr' id='par_1_27' title="bbox 1344 5831 2092 6026">
     <span class='ocr_line' id='line_1_139' title="bbox 1384 5831 2091 5892; baseline 0.01 -17"><span class='ocrx_word' id='word_1_873' title='bbox 1384 5831 1415 5876; x_wconf 87' lang='lat' dir='ltr'>vi</span> <span class='ocrx_word' id='word_1_874' title='bbox 1430 5833 1469 5878; x_wconf 88' lang='lat' dir='ltr'>sia</span> <span class='ocrx_word' id='word_1_875' title='bbox 1484 5835 1554 5884; x_wconf 89' lang='lat' dir='ltr'>noto,</span> <span class='ocrx_word' id='word_1_876' title='bbox 1568 5833 1616 5878; x_wconf 89' lang='lat' dir='ltr'>che</span> <span class='ocrx_word' id='word_1_877' title='bbox 1630 5833 1695 5890; x_wconf 93' lang='lat' dir='ltr'>dopo</span> <span class='ocrx_word' id='word_1_878' title='bbox 1709 5834 1756 5879; x_wconf 87' lang='lat' dir='ltr'>che</span> <span class='ocrx_word' id='word_1_879' title='bbox 1771 5833 1796 5880; x_wconf 85' lang='lat' dir='ltr'>fu</span> <span class='ocrx_word' id='word_1_880' title='bbox 1813 5837 1966 5892; x_wconf 88' lang='lat' dir='ltr'>presentata</span> <span class='ocrx_word' id='word_1_881' title='bbox 1980 5838 2052 5881; x_wconf 89' lang='lat' dir='ltr'>tutta</span> <span class='ocrx_word' id='word_1_882' title='bbox 2066 5835 2091 5882; x_wconf 87' lang='lat' dir='ltr'>la</span> 
     </span>
     <span class='ocr_line' id='line_1_140' title="bbox 1344 5899 2092 5955; baseline 0.005 -11"><span class='ocrx_word' id='word_1_883' title='bbox 1344 5909 1423 5944; x_wconf 87' lang='lat' dir='ltr'>causa</span> <span class='ocrx_word' id='word_1_884' title='bbox 1437 5911 1453 5945; x_wconf 88' lang='lat' dir='ltr'>a</span> <span class='ocrx_word' id='word_1_885' title='bbox 1468 5899 1515 5945; x_wconf 87' lang='lat' dir='ltr'>voi</span> <span class='ocrx_word' id='word_1_886' title='bbox 1529 5901 1579 5945; x_wconf 86' lang='lat' dir='ltr'>hen</span> <span class='ocrx_word' id='word_1_887' title='bbox 1600 5903 1671 5955; x_wconf 88' lang='lat' dir='ltr'>nota,</span> <span class='ocrx_word' id='word_1_888' title='bbox 1686 5902 1711 5946; x_wconf 87' lang='lat' dir='ltr'>al</span> <span class='ocrx_word' id='word_1_889' title='bbox 1732 5901 1874 5947; x_wconf 74' lang='lat' dir='ltr'>&#39;tribunale</span> <span class='ocrx_word' id='word_1_890' title='bbox 1896 5903 1965 5948; x_wconf 89' lang='lat' dir='ltr'>della</span> <span class='ocrx_word' id='word_1_891' title='bbox 1986 5905 2010 5948; x_wconf 88' lang='grc'>8.</span> <span class='ocrx_word' id='word_1_892' title='bbox 2027 5903 2092 5948; x_wconf 87' lang='lat' dir='ltr'>Sede</span> 
     </span>
     <span class='ocr_line' id='line_1_141' title="bbox 1344 5967 2091 6026; baseline 0.007 -16"><span class='ocrx_word' id='word_1_893' title='bbox 1344 5967 1502 6024; x_wconf 78' lang='lat' dir='ltr'>apostolica,</span> <span class='ocrx_word' id='word_1_894' title='bbox 1517 5979 1531 6011; x_wconf 91' lang='lat' dir='ltr'>e</span> <span class='ocrx_word' id='word_1_895' title='bbox 1546 5967 1572 6012; x_wconf 83' lang='lat' dir='ltr'>lh</span> <span class='ocrx_word' id='word_1_896' title='bbox 1587 5968 1737 6014; x_wconf 84' lang='lat' dir='ltr'>esaminata</span> <span class='ocrx_word' id='word_1_897' title='bbox 1750 5979 1765 6014; x_wconf 90' lang='lat' dir='ltr'>a</span> <span class='ocrx_word' id='word_1_898' title='bbox 1779 5968 1862 6026; x_wconf 88' lang='lat' dir='ltr'>lungo</span> <span class='ocrx_word' id='word_1_899' title='bbox 1882 5970 1944 6026; x_wconf 87' lang='lat' dir='ltr'>ogni</span> <span class='ocrx_word' id='word_1_900' title='bbox 1965 5981 2024 6016; x_wconf 84' lang='lat' dir='ltr'>cosa</span> <span class='ocrx_word' id='word_1_901' title='bbox 2042 5981 2091 6015; x_wconf 88' lang='lat' dir='ltr'>coa</span> 
     </span>
    </p>
   </div>
   <div class='ocr_carea' id='block_1_20' title="bbox 0 0 2408 6980">
    <p class='ocr_par' dir='ltr' id='par_1_28' title="bbox 0 0 2408 6980">
     <span class='ocr_line' id='line_1_142' title="bbox 0 0 2408 6980; baseline 0 0"><span class='ocrx_word' id='word_1_902' title='bbox 0 0 2408 6980; x_wconf 95' lang='lat' dir='ltr'> </span> 
     </span>
    </p>
   </div>
  </div>
 </body>
</html>
