4722 6976
319 527 375 581 Au.
390 529 421 582 (l.
443 530 511 582 1803

562 526 622 591 tte

542 663 696 725 Cardiuali
718 663 756 726 de
778 661 959 726 Sentmanat
982 661 1148 742 yCartellai
1169 677 1290 722 auricu-

542 765 624 836 pato,
651 757 840 835 patriarchae
862 757 1030 831 indiarum,
1054 751 1288 828 committimus,

542 851 656 912 ursive
669 867 723 928 per
737 867 781 924 se,
793 850 860 912 sive
871 865 926 927 per
940 849 1036 911 alium
1051 856 1104 910 aut
1114 848 1189 910 alios
1202 849 1240 910 ab
1254 865 1290 909 eo

544 943 757 1020 deputandum
784 950 837 1006 aut
868 944 1075 1022 deputandos,
1102 940 1291 1020 quibuslibet

542 1037 692 1100 interesse
713 1037 897 1099 habentibus
926 1035 1098 1113 praesentia
1120 1033 1290 1096 111111111-

541 1138 625 1192 creta
639 1131 861 1204 communicet,
874 1147 907 1192 ac
921 1129 1106 1191 venerabilis
1122 1128 1291 1190 111111111-

542 1223 726 1304 chiepisoopi
754 1224 785 1287 S.
809 1225 893 1286 Fidei
921 1237 1108 1285 consensum
1137 1221 1289 1300 exquirat,

436 1342 439 1350 ·
542 1317 711 1395 omniaque
731 1327 810 1394 agat,
834 1333 911 1395 quae
932 1318 967 1378 ad
990 1316 1166 1394 plenarium
1186 1315 1290 1390 siugu-

334 2445 472 2492 clausulae
487 2456 523 2492 sa-

311 2499 409 2546 turaias
429 2505 454 2546 et
468 2501 523 2547 irri-

309 2556 403 2600 tentes.

541 1409 643 1472 larum
664 1426 771 1474 rerum
793 1410 1049 1489 consequendum
1070 1409 1214 1471 ellectum
1237 1423 1290 1469 no-

543 1505 670 1566 cessaria
681 1495 712 1566 e't
723 1515 896 1582 opportuna
909 1503 1101 1581 cognoverit.
1116 1501 1177 1564 Nos
1192 1502 1288 1573 enim,

542 1598 567 1660 si
589 1597 744 1678 praelatus
765 1597 1019 1675 archiepiscopus
1040 1594 1070 1660 S.
1095 1596 1180 1660 Fidei
1203 1595 1236 1656 ad
1260 1595 1288 1656 id

542 1691 684 1755 assentiri
707 1691 960 1752 irrationabiliter
981 1689 1135 1763 renuerit,
1151 1689 1288 1750 eiusdem

542 1794 574 1848 et
587 1786 718 1847 aliarum
734 1799 1003 1864 quarumcumque
1015 1781 1288 1843 ecclesiasticarum

542 1891 747 1956 personarum
776 1893 934 1939 assensum
963 1874 1161 1954 supplentes,
1184 1874 1230 1935 illi
1252 1891 1289 1936 ex

542 1987 627 2033 nunc
648 1968 810 2048 apostolica
825 1969 1007 2031 auctoritate
1028 1967 1209 2044 derogatum
1223 1982 1291 2029 esse

542 2064 749 2138 declaramus3
779 2063 995 2140 praedictoque
1022 2061 1157 2122 Antonio
1187 2060 1288 2123 Cardi-

542 2156 605 2220 nali
630 2166 661 2218 et
682 2156 874 2218 Patriarehae
902 2155 1036 2232 amplam
1057 2156 1094 2217 ad
1115 2155 1287 2230 supradicta

542 2250 645 2312 omnia
675 2249 797 2325 integre
827 2247 1206 2330 exequendatribuimus
1236 2262 1290 2325 po-

540 2353 694 2406 testatem.

582 2440 600 2514 5
624 2439 671 2501 lb.
695 2437 806 2501 Omnia
827 2443 931 2500 autem
954 2444 985 2499 et
1006 2437 1129 2513 singula
1152 2436 1184 2498 in
1206 2435 1288 2496 hisce

542 2533 655 2594 uostris
668 2531 767 2593 literis
778 2539 935 2605 contenta,
949 2530 1036 2593 nullo
1048 2545 1197 2607 umquam
1211 2537 1288 2590 tem-

542 2641 627 2704 pore,
645 2625 736 2686 etiam
752 2641 791 2688 ex
807 2641 843 2685 eo
858 2624 939 2702 quod
954 2640 1061 2686 causae
1074 2631 1199 2701 propter
1213 2639 1288 2701 quas

542 2719 616 2780 haec
631 2727 714 2795 gesta
730 2719 826 2793 luere,
848 2718 1050 2790 examinatae,
1068 2717 1242 2778 verificatae
1257 2725 1287 2777 et

538 2812 742 2890 approbatae,
771 2829 805 2874 ac
835 2811 1060 2873 antedictarum
1089 2810 1287 2872 ecclesiarum

542 2905 716 2980 antistites,
735 2921 906 2983 earumque
934 2904 1059 2983 capituli
1088 2915 1118 2966 et
1143 2905 1194 2965 alii
1220 2903 1287 2980 qui-

543 3015 677 3077 cumque
704 3000 736 3059 in
765 3002 808 3060 eis
836 2999 986 3060 interesse
1017 2999 1177 3073 habentes,
1200 2995 1286 3059 adid

542 3094 644 3154 vocati
665 3108 730 3154 non
745 3091 874 3166 luerint,
892 3108 949 3154 neo
965 3091 1138 3170 praemissis
1158 3107 1288 3154 consen-

542 3187 653 3260 serint,
676 3187 742 3247 sive
763 3185 836 3246 alius
858 3201 895 3246 ex
921 3185 1170 3264 quibuscumque
1191 3185 1305 3247 causis.

542 3278 682 3342 iuridicis
703 3285 734 3340 et
754 3278 913 3354 legitimis,
935 3279 973 3340 de
993 3278 1215 3354 subreptionis,
1238 3280 1287 3341 vel

543 3374 745 3450 obreptionis,
769 3380 821 3433 aut
843 3372 994 3434 nullitatis
1015 3373 1092 3433 vitio
1113 3371 1163 3433 vel
1186 3374 1289 3434 inten-

541 3465 636 3527 tionis
665 3477 804 3540 nostrae,
827 3482 882 3529 seu
911 3465 1055 3543 quopiam
1081 3466 1140 3528 alio
1165 3465 1287 3530 delectu

544 3559 661 3634 notari,
691 3559 885 3635 impugnari,
916 3560 1089 3634 retractari,
1112 3559 1143 3620 iu
1170 3560 1216 3620 ius
1237 3561 1287 3621 vel

542 3654 783 3716 controversiam
808 3653 957 3727 revocari,
979 3653 1016 3714 ad
1040 3655 1190 3714 terminos
1211 3654 1288 3716 iuris

542 3747 661 3820 reduci,
684 3746 733 3808 vel
754 3748 901 3808 adversus
922 3745 988 3806 illas
1010 3747 1227 3824 quodcumque
1242 3747 1288 3808 iu·

541 3842 584 3902 ris
605 3841 656 3902 vel
677 3838 758 3912 lacti,
782 3848 833 3900 aut
855 3837 968 3914 gratiae
993 3839 1172 3900 remedium
1194 3841 1287 3903 etiam

534 3935 723 4012 aperitionts
745 3933 806 3993 oris
833 3931 994 4010 impetrari
1023 3947 1128 4010 posse3
1153 3949 1210 3995 nec
1229 3935 1288 3995 sub

542 4017 704 4106 quibusvis
725 4025 876 4087 similium
891 4024 941 4086 vel
956 4024 1155 4088 dissimilium
1177 4027 1287 4103 gratia·

540 4135 613 4181 rum
634 4117 894 4194 revocationibus,
916 4119 1184 4195 suspensionibus,
1207 4119 1288 4180 limi-

542 4213 720 4286 tationibus,
742 4217 795 4273 aut
816 4213 881 4272 aliis
904 4212 1067 4273 contrariis
1082 4212 1305 4288 dispositioni-v

541 4307 598 4368 bus
619 4321 675 4383 per
697 4321 752 4367 nos
773 4319 828 4365 seu
855 4304 1010 4366 Romanos
1036 4305 1200 4367 Pontifices
1220 4322 1287 4367 suc·

541 4413 676 4460 cessores
691 4407 824 4472 nostros,
840 4397 897 4458 suh
911 4398 1071 4475 quibusvis
1085 4398 1287 4475 expressioni-

542 4492 598 4553 bus
619 4498 649 4552 et
670 4490 1160 4566 11111111111111111111111
1182 4500 1213 4553 et
1235 4509 1286 4570 po·

541 4586 657 4647 testatis
678 4583 875 4661 plenitudine
896 4582 1054 4646 similibus
1071 4599 1126 4662 pro
1147 4591 1287 4664 tempore

540 4678 687 4742 iaciendis
702 4676 923 4754 comprehendi
937 4677 1080 4740 cultuset
1092 4679 1286 4740 ecclesiastici

540 4773 657 4836 ordinis
677 4772 788 4834 decore
802 4778 832 4832 11
847 4778 1015 4846 augmento
1037 4786 1194 4833 concessas
1207 4787 1288 4832 sem-

540 4883 596 4946 per
616 4867 653 4928 ab
674 4865 735 4928 illis
756 4865 1015 4942 excipimusque
1031 4863 1288 4942 plenariosetin-

541 4968 645 5039 tegros
667 4960 793 5022 ellectus
814 4957 918 5019 sortiri
940 4964 970 5018 et
992 4957 1135 5018 obtinere
1162 4958 1284 5020 debere.

440 5127 442 5132 ,
540 5054 654 5134 Sicque
674 5069 730 5132 per
751 5045 965 5130 quoscumque
981 5049 1097 5111 iudices
1116 5051 1286 5113 ordinarios

540 5158 572 5211 et
583 5149 756 5223 delegatos,
772 5144 865 5207 etiam
877 5159 1037 5206 causarum
1054 5144 1157 5221 palatii
1168 5151 1287 5221 aposto-

540 5243 589 5305 lici
605 5242 771 5315 auditores,
783 5256 816 5302 ac
827 5239 967 5301 eiusdem
990 5237 1116 5300 Sanctae
1131 5237 1286 5300 Romanae

540 5335 694 5398 'Ecclesiae
715 5333 892 5398 cardinales
914 5332 1008 5393 etiam
1023 5332 1061 5395 de
1082 5331 1178 5393 latere
1191 5331 1287 5409 Lega-

542 5439 598 5506 tos,
612 5430 680 5491 vice
690 5428 831 5504 Legatos,
844 5433 896 5489 aut
908 5425 1057 5501 Nuncios,
1069 5426 1185 5488 sublata
1198 5425 1241 5487 eis
1256 5433 1287 5486 11

540 5539 649 5586 eorum
672 5521 799 5583 cuilibet
823 5521 932 5598 quavis
963 5519 1053 5580 aliter
1076 5518 1231 5580 iudicandi
1257 5526 1286 5580 et

540 5616 766 5694 interpretandi
792 5614 934 5676 facultate
949 5621 979 5675 et
993 5614 1186 5688 auctoritate,
1208 5613 1286 5675 iudi-

540 5709 648 5772 cariet
663 5709 787 5770 deliniri
809 5708 921 5770 dehere
942 5709 1137 5781 mandamus,
1155 5707 1224 5768 etsi
1240 5724 1288 5768 se·

535 5817 594 5864 'cus
613 5817 707 5880 super
727 5800 775 5860 his
800 5816 816 5860 a
838 5815 994 5878 quoquam
1026 5801 1134 5878 quavis
1155 5799 1288 5862 auotori-

540 5899 602 5955 tate
622 5895 756 5956 scienter
775 5892 827 5954 vel
848 5895 1043 5970 ignoranter
1057 5893 1223 5970 contigerit
1244 5901 1288 5956 at·

1064 544 1128 588 tbtt.
1153 543 1243 588 PON'l'.
1268 543 1309 587 ott
1331 544 1359 587 P·
1384 543 1413 588 F.
1438 542 1521 588 PARS
1542 545 1563 588 1.

1348 660 1473 735 tentari,
1497 661 1623 723 irritum
1645 678 1769 739 prorsus
1791 671 1822 725 et
1847 663 1940 725 inane
1957 664 2095 726 decerni·

1347 771 1427 816 mus.

2125 526 2222 584 Auo.
2243 532 2307 587 1803
2333 563 2339 578 .

1388 851 1407 924 ἓ
1431 850 1478 912 11.
1502 849 1572 912 Non
1599 850 1802 926 obstantibus,
1835 859 1990 930 quatenus
2019 868 2096 931 opus
2123 864 2317 926 1111111111

1347 941 1398 1016 sit,
1411 949 1515 1004 nostra
1530 951 1560 1004 et
1574 944 1772 1006 cancellariae
1787 945 1969 1022 apostolieae
1988 945 2095 1022 regula

1347 1037 1385 1098 de
1396 1035 1464 1096 iure
1478 1037 1617 1113 quaesito
1632 1052 1695 1098 non
1710 1037 1860 1113 tollendo,
1874 1053 1932 1099 nec
1946 1053 2008 1100 non
2021 1055 2097 1118 quo-

1348 1144 1556 1207 rumcumque
1574 1130 1786 1192 Romanorum
1802 1129 1989 1193 Pontificum
2009 1147 2096 1209 prae-

1347 1223 1542 1284 decessorum
1564 1231 1746 1285 nostrorum
1761 1239 1855 1300 super
1869 1225 2051 1287 auctoritate
2063 1231 2095 1286 et

1348 1333 1405 1377 usu
1428 1317 1510 1394 pallii
1540 1317 1643 1392 editis,
1667 1316 1795 1395 aliisque
1821 1317 2095 1380 constitutionibus

1347 1414 1377 1468 et
1400 1409 1646 1471 ordinationibus
1674 1410 1858 1488 apostolicis,
1888 1412 2096 1488 omniumque

1348 1509 1378 1562 et
1399 1501 1596 1578 singularum
1610 1519 1703 1581 super
1724 1519 1940 1581 expressarum
1964 1510 2025 1564 tam
2047 1520 2095 1564 ar-

1347 1594 1615 1674 chiepiscopalium
1643 1613 1734 1674 quam
1756 1597 1976 1674 episcopalium
1998 1597 2094 1659 eccle-

1345 1688 1475 1764 siarum,
1507 1689 1598 1750 etiam
1632 1691 1828 1764 iuramento,
1857 1690 2094 1751 confirmatione

1346 1781 1520 1860 apostolica,
1544 1783 1593 1843 vel
1616 1784 1723 1861 quavis
1751 1784 1898 1845 firmitate
1924 1783 1981 1843 atta
2003 1784 2092 1845 rubo·

1347 1875 1420 1935 ratis
1440 1876 1564 1936 statutis
1585 1884 1615 1938 et
1642 1876 1935 1952 consuetudinibus3
1965 1874 2091 1953 privile·

1347 1968 1404 2044 giis
1432 1983 1566 2046 quoque,
1589 1969 1716 2032 indultis
1737 1977 1768 2032 et
1798 1970 1894 2032 literis
1920 1969 2093 2047 apostolicis

1347 2061 1463 2122 eisdem
1498 2062 1655 2138 ecclesiis,
1690 2063 1877 2141 illarumque
1911 2060 2091 2140 respectivis

1345 2155 1549 2231 praesulibus,
1568 2171 1624 2218 nec
1646 2171 1709 2217 non
1725 2156 1844 2219 dilectis
1859 2156 1951 2217 etiam
1968 2154 2092 2216 11111111-

1346 2249 1445 2310 larum
1462 2248 1601 2326 capitulis
1616 2257 1646 2311 et
1665 2250 1829 2324 canonicis,
1846 2249 1975 2327 aliisque
1988 2262 2093 2325 perso·

1345 2343 1394 2403 nis
1408 2342 1503 2404 etiam
1516 2342 1640 2420 speciali
1657 2343 1816 2404 mentione
1831 2343 2091 2421 1111111111)ᾳυί-

1346 2434 1538 2513 huscumque
1569 2435 1727 2497 tenoribus
1756 2445 1786 2496 et
1814 2435 1934 2510 tarmis,
1960 2442 2091 2497 etcum

1344 2529 1504 2605 quibusvis
1525 2529 1618 2590 etiam
1645 2530 1912 2605 derogatoriarum
1933 2531 2092 2606 derogato·

1345 2621 1409 2696 riis,
1426 2623 1553 2700 aliisque
1574 2623 1793 2685 efficacioribus
1812 2634 1842 2686 et
1857 2623 1989 2688 insolitis
2010 2625 2093 2686 clau·

1342 2717 1429 2791 sutis,
1453 2735 1510 2780 nec
1532 2733 1595 2779 non
1619 2718 1813 2780 irritantibus
1828 2725 1858 2780 et
1873 2719 1939 2780 aliis
1960 2719 2091 2782 decretis

1345 2813 1438 2873 etiam
1467 2817 1554 2872 motu
1585 2813 1661 2890 pari,
1684 2828 1717 2872 11
1744 2812 2009 2886 consistorialiter,
2038 2819 2090 2875 aut

1344 2905 1415 2965 alias
1437 2905 1666 2982 quomodolibet
1681 2906 1774 2966 etiam
1795 2906 1912 2982 pluries
1928 2905 2090 2981 concessis,

1345 2997 1516 3075 approbatis
1528 2998 1744 3074 etinnovatis;
1767 3000 1879 3076 quibus
1899 2999 2044 3060 omuibus
2058 3005 2090 3058 et

1345 3090 1488 3167 singulis,
1502 3092 1594 3152 etiam
1609 3091 1634 3151 si
1649 3107 1703 3168 pro
1718 3091 1844 3152 illorum
1859 3091 2025 3152 sufficienti
2040 3091 2092 3152 de·

1345 3185 1507 3260 rogatione
1534 3182 1573 3245 de
1593 3184 1654 3246 illis
1682 3201 1853 3262 earumque
1881 3185 1952 3246 totis
1974 3184 2091 3246 tenori-

1345 3279 1401 3338 bus
1416 3278 1565 3355 specialis,
1583 3294 1725 3356 expressa
1739 3285 1769 3339 et
1784 3279 1944 3340 individua
1960 3279 2089 3352 mentio,

1344 3383 1399 3431 seu
1421 3369 1629 3448 quaevisalia
1658 3371 1814 3449 expressio
1840 3371 1977 3434 habenda
1999 3370 2089 3444 toret,

1346 3472 1469 3525 tenores
1488 3465 1667 3526 huiusmodi
1689 3465 1767 3526 acsi
1789 3465 1827 3526 de
1852 3465 1948 3526 verbo
1969 3465 2005 3526 ad
2023 3480 2091 3526 ver·

1346 3558 1420 3618 bum
1442 3558 1521 3619 nihil
1542 3559 1665 3635 penitus
1686 3560 1798 3620 omisso
1813 3567 1844 3620 et
1857 3558 1954 3619 lorma
1975 3559 2008 3620 ia
2030 3557 2091 3618 iliis

1347 3651 1454 3712 tradita
1475 3652 1647 3726 observata,
1665 3652 1880 3729 praesentibus
1901 3651 2026 3716 insertis
2047 3649 2091 3711 lo-

1344 3752 1428 3818 1111,
1451 3760 1507 3822 pro
1528 3744 1720 3806 sufficienter
1742 3745 1893 3822 expressis
1915 3750 1945 3805 et
1968 3743 2092 3806 insertis

1345 3835 1504 3910 habentes,
1527 3837 1588 3900 illis
1608 3837 1682 3898 alias
1696 3838 1728 3899 11
1743 3853 1799 3899 suo
1820 3837 1929 3899 robore
1951 3851 2091 3915 perman·

1344 3931 1436 4007 suris,
1459 3931 1618 4006 latissime,
1644 3931 1835 4008 plenissime,
1857 3947 1889 3992 11
1916 3931 2091 4010 specialiter

2113 917 2257 965 tremorum.

1344 4032 1375 4084 et
1387 4038 1530 4101 expresse
1545 4032 1632 4086 motu
1650 4025 1726 4103 pari,
1740 4025 1795 4086 hac
1810 4025 1877 4086 vice
1892 4025 2089 4101 derogamus,
2192 4014 2204 4030 ‘

1344 4117 1508 4179 contrariis
1528 4118 1785 4196 quibuscumque.

1384 4211 1403 4286 5
1426 4210 1473 4272 ta.
1486 4211 1647 4273 Praeterea
1660 4212 1804 4274 volumus
1815 4214 1898 4290 quod
1909 4211 2090 4274 earumdem
2119 4194 2304 4272 1111111111

1343 4306 1553 4381 praesentium
1578 4307 1778 4384 transumptis
1803 4305 1897 4368 etiam
1922 4305 2089 4382 impressis,

1343 4398 1517 4459 charactere
1540 4396 1652 4458 notarii
1675 4399 1787 4475 publici
1808 4399 1988 4477 subscriptis
2007 4406 2038 4460 11
2051 4401 2092 4460 si-

1344 4490 1417 4566 gillo
1433 4491 1561 4553 alicuius
1576 4507 1724 4568 personae
1740 4492 1772 4552 in
1788 4493 1938 4568 dignitate
1953 4494 2091 4556 ecclesia-

1342 4585 1416 4645 stica
1447 4586 1633 4648 constitutae
1665 4585 1807 4660 munitis
1830 4588 1938 4649 eadem
1964 4602 2091 4666 prorsus

1344 4679 1419 4741 tides
1441 4682 1472 4741 in
1494 4680 1609 4742 iudicio
1630 4689 1660 4741 et
1681 4685 1768 4740 extra
1790 4678 1867 4742 illud
1896 4683 2089 4758 adhibeatur,

1343 4789 1421 4852 quae
1452 4773 1559 4835 iisdem
1590 4774 1804 4850 praesentibus
1834 4774 2043 4850 adhiberetur,
2064 4777 2091 4838 si

1343 4865 1497 4927 exhibitae
1519 4865 1620 4927 lorent
1642 4865 1692 4926 vel
1713 4874 1864 4928 ostensae.

1383 4961 1402 5035 5
1426 4959 1472 5020 13.
1490 4959 1576 5021 Nulli
1590 4975 1664 5036 ergo
1679 4961 1809 5021 omnino
1825 4961 1988 5024 hominum
2001 4962 2090 5025 liceat

1336 5053 1422 5115 'hanc
1444 5052 1588 5132 paginam
1611 5060 1734 5114 nostrae
1759 5053 1990 5132 disiunctionis,
2013 5059 2092 5120 divi-

1342 5147 1449 5222 sionis,
1462 5147 1671 5224 separationis
1688 5146 1897 5224 abdicationis,
1911 5151 2089 5228 erectionis,

1343 5239 1555 5316 subiectionis,
1565 5241 1692 5316 decreti,
1708 5242 1824 5314 statuti,
1840 5244 1975 5304 mandati
1990 5253 2020 5306 et
2035 5261 2091 5305 vo·

1344 5334 1471 5396 luntatis
1493 5331 1674 5410 intringere,
1699 5334 1750 5395 vel
1772 5335 1801 5395 ei
1825 5353 1902 5399 ausu
1923 5341 2090 5401 temerario

1343 5429 1515 5503 contraire3
1532 5429 1557 5488 si
1568 5429 1636 5506 quis
1647 5437 1751 5490 autem
1767 5428 1825 5491 hoc
1839 5437 1988 5492 attentare
2004 5449 2091 5511 prae·

1342 5524 1520 5601 sumpserit,
1537 5516 1783 5598 indignationem
1799 5523 2020 5602 omnipotentis
2035 5527 2089 5588 Dei

1343 5633 1376 5678 ac
1405 5617 1565 5678 beatorum
1594 5617 1676 5678 Petri
1701 5623 1731 5678 et
1757 5616 1840 5678 Pauli
1869 5617 2090 5697 Apostolorum

1342 5709 1411 5771 eius
1430 5727 1463 5771 se
1485 5710 1606 5772 noverit
1629 5710 1839 5772 incursurum.

1383 5805 1494 5866 Datum
1516 5803 1630 5866 huniae
1651 5805 1729 5882 apud
1752 5802 1782 5866 S.
1799 5805 1924 5866 Mariam
1942 5805 2089 5868 liaiorem

1344 5894 1426 5961 auno
1454 5897 1674 5961 iucarnationis
1702 5899 1895 5975 Dominicae,
1923 5899 2090 5962 millesimo

2110 4281 2273 4336 transumptis.

2142 4971 2240 5036 Sanctio
2256 4979 2302 5026 poe

2111 5025 2185 5072 natis.
