4776 6974
325 545 380 608 An.
395 557 425 610 0.
447 546 516 610 1790

567 543 626 620 348

1068 563 1132 618 rurt.
1157 562 1249 616 nour.
1272 561 1313 616 bt
1334 569 1364 618 a.
1387 561 1417 620 t.
1441 569 1525 623 rans
1546 569 1567 624 t.

2130 557 2187 622 An.
2203 566 2240 620 G.
2265 562 2337 619 ttao

325 702 444 752 mantuo
458 703 526 752 aare
584 694 603 770 ᾗ
624 693 654 755 a.
676 693 720 756 lta
734 699 852 770 tamen,
874 695 921 769 ut,
942 692 968 756 si
988 691 1153 772 aliquando
1172 689 1295 753 contin·
1351 690 1608 775 irritantibusqne
1627 703 1660 760 et
1681 696 1747 761 aliis
1769 692 1900 764 decretis
1921 697 1955 763 in
1984 715 2101 778 genere

312 759 355 803 cta
373 767 454 806 novae
467 770 526 806 con-

312 811 429 858 cessioni.

303 2855 519 2957 strarant:

303 2968 361 3010 tum
377 2963 489 3010 irrltans.

544 796 607 864 gat,
630 795 664 852 ut
685 788 721 850 ad
742 787 912 866 praedictos
927 805 1026 852 sacros
1041 786 1165 851 ordines
1185 788 1221 851 ad
1237 786 1293 849 bn·

542 881 677 944 iusmodi
689 898 813 944 mensae
824 883 1000 945 communis
1016 881 1143 943 titulum
1158 881 1293 959 promoti

543 973 741 1037 dimittantur
762 974 811 1036 vel
833 976 977 1038 recedant
999 971 1111 1037 adicta
1126 989 1293 1051 congrega-

544 1069 639 1143 tione,
665 1067 758 1130 etiam
780 1067 901 1146 praevia
923 1066 1061 1143 legitima
1084 1075 1229 1130 votorum
1259 1071 1292 1131 in

541 1177 575 1222 ea
603 1159 789 1223 emissorum
817 1159 1019 1224 dissolutione
1046 1160 1081 1222 ad
1103 1158 1235 1222 iormam
1257 1162 1293 1224 li·

543 1263 680 1317 terarum
696 1253 932 1332 apostolicarum
953 1253 986 1314 in
1001 1253 1096 1316 simili
1111 1253 1209 1317 forma
1224 1256 1294 1318 bre-

542 1353 589 1414 vis
609 1350 670 1414 diei
692 1348 973 1412 xv111.decembris
993 1364 1160 1411 unccxun.
1184 1349 1221 1410 ab
1242 1366 1292 1411 eo·

542 1446 611 1508 dem
628 1443 794 1505 Benedicta
810 1440 864 1502 PP.
884 1439 964 1504 Xlll.
982 1457 1211 1515 concessarum,
1235 1441 1290 1520 ipsi

540 1555 577 1601 eo
588 1539 653 1616 ipso
668 1541 849 1599 remaneant
859 1536 1000 1616 suspensi
1014 1536 1052 1598 ab
1062 1535 1210 1598 exercitio
1221 1551 1292 1598 suo-

541 1645 613 1694 rum
628 1630 786 1704 urdiuum,
802 1630 900 1692 donec
921 1638 1063 1692 constare
1077 1629 1190 1691 faciant
1205 1629 1292 1692 Ordi-

540 1726 635 1788 nariis
656 1725 815 1798 locorum,
842 1723 901 1784 sub
921 1739 1056 1800 qnorum
1080 1722 1289 1792 iurisdictione

540 1819 670 1894 luerint,
693 1834 726 1880 se
747 1817 872 1879 aliunde
892 1817 1053 1878 commode
1067 1817 1176 1877 vivere
1190 1833 1289 1895 posse,

540 1929 597 1977 nec
624 1911 754 1993 proinde
784 1910 987 1988 saepedictam
1015 1912 1289 1986 congregationem

539 2005 694 2070 missionis
719 2004 847 2080 eiusque
874 2001 1049 2081 superiores
1076 2019 1092 2064 a
1114 2003 1164 2066 die
1184 2003 1289 2066 dimis-

538 2099 633 2162 sionis
646 2113 701 2160 seu
713 2112 851 2158 recessus
862 2093 1026 2156 cuiuslibet
1041 2094 1144 2156 clerici
1154 2112 1211 2157 sen
1223 2111 1289 2175 pre·

538 2193 654 2272 sbyteri
681 2191 740 2266 ita,
771 2198 806 2252 ut
826 2187 1016 2266 praefertur,
1045 2188 1114 2250 sine
1141 2189 1288 2264 patrimo-

538 2286 591 2348 nio
621 2285 671 2346 vel
698 2282 848 2346 beneflcio
872 2281 1075 2343 ecclesiastico
1103 2281 1139 2342 ad
1160 2282 1288 2345 titulum

538 2394 664 2441 mensae
684 2375 861 2440 communis
882 2373 995 2436 initiati
1017 2375 1133 2449 teneri,
1157 2389 1214 2437 nec
1235 2376 1287 2436 ob-

539 2472 662 2548 ligatam
688 2485 752 2532 esse
778 2469 815 2532 ad
842 2451 937 2531 udam
964 2467 1288 2530 subministrationem

536 2565 604 2628 sive
625 2579 779 2640 congruae
792 2560 1057 2635 substentationis,
1078 2560 1145 2622 sive
1158 2561 1288 2624 alimen·

536 2665 654 2733 torum,
676 2658 743 2718 sive
756 2655 816 2716 alio
830 2669 1028 2734 quocumque
1047 2653 1137 2716 titulo
1152 2661 1184 2715 et
1198 2671 1287 2717 causa

536 2752 597 2814 illis
618 2751 799 2825 laniandam,
815 2748 980 2811 statuimus
995 2755 1026 2808 et
1044 2747 1244 2809 declaramus.

578 2845 647 2920 §li-
673 2845 880 2906 Decernentes
900 2839 1025 2902 easdem
1049 2848 1229 2918 praesentes
1251 2841 1288 2902 li·

538 2947 630 3014 teras,
643 2946 674 3001 et
694 2937 724 2998 in
744 2937 788 2998 eis
801 2941 948 2998 contenta
959 2948 1188 3014 quaecumque,
1204 2951 1286 2997 sem-

537 3049 592 3114 per
623 3033 724 3109 firma,
754 3029 853 3092 valida
875 3036 907 3090 et
935 3027 1067 3090 efficacia
1098 3029 1231 3091 existere
1255 3035 1286 3090 et

536 3128 619 3204 lore,
651 3142 784 3205 suosque
811 3124 964 3204 plenarios
985 3129 1017 3185 et
1044 3123 1182 3201 integros
1211 3121 1284 3184 elle-

535 3233 603 3286 ctus
624 3221 728 3284 sortiri
750 3228 781 3281 et
802 3219 960 3293 obtinere,
983 3234 1018 3280 ac
1039 3217 1112 3292 illis,
1142 3215 1179 3278 ad
1208 3232 1284 3294 qnos

534 3323 650 3397 spectat
668 3321 699 3377 et
714 3330 769 3394 pro
785 3320 925 3392 tempore
944 3313 1203 3391 quandocumque
1217 3326 1284 3389 spe-

534 3411 638 3486 ctabit,
662 3411 694 3472 in
717 3407 863 3470 omnibns
883 3413 916 3468 et
936 3421 992 3483 per
1013 3407 1118 3467 omnia
1141 3405 1284 3485 plenissi-

534 3523 585 3570 me
599 3504 776 3581 sudragatri3
799 3503 905 3580 sicque
919 3509 949 3562 et
965 3517 1028 3562 non
1043 3499 1134 3562 aliter
1150 3500 1182 3561 in
1197 3516 1283 3578 prae-

535 3599 634 3661 missis
655 3611 711 3676 per
732 3609 946 3674 quoscumque
963 3594 1078 3655 iudices
1098 3593 1281 3669 ordinarios,

533 3695 626 3756 etiam
641 3705 803 3754 causarum
819 3687 922 3766 palatii
941 3685 1097 3762 apostolici
1112 3687 1280 3762 auditores,

533 3803 567 3849 ac
596 3786 724 3849 Sanctae
749 3781 904 3844 Romanae
929 3779 1082 3842 Ecclesiae
1106 3778 1283 3842 Cardinales

532 3881 626 3942 etiam
647 3882 683 3940 de
705 3875 801 3938 latere
817 3875 958 3950 Legatos,
975 3879 1005 3934 et
1022 3870 1215 3950 spostolicae
1230 3873 1283 3936 Se-

430 3969 438 3984 “
532 3975 577 4036 dis
598 3970 744 4044 Nunnios,
766 3968 882 4030 sublata
905 3969 948 4027 eis
970 3971 1001 4026 et
1023 3979 1134 4028 eorum
1156 3965 1282 4027 cuilibet

306 4536 443 4595 nerogatio
453 4547 512 4584 con-

297 4592 446 4639 ruariorum.

532 4067 640 4146 quavis
661 4062 750 4125 aliter
771 4061 925 4123 indicandi
947 4069 978 4122 et
1001 4059 1226 4137 interpretandi
1241 4057 1282 4120 ia·

531 4159 645 4222 cultata
674 4166 704 4219 et
725 4155 925 4229 anctoritate,
955 4153 1082 4216 indicari
1104 4161 1136 4215 et
1158 4153 1280 4216 deliniri

532 4254 655 4328 debere,
671 4268 704 4312 ac
718 4249 846 4311 irritum
861 4256 893 4310 et
909 4247 1012 4322 inane,
1033 4248 1059 4308 si
1080 4261 1168 4310 secus
1188 4265 1281 4328 super

530 4349 579 4409 bis
596 4364 612 4408 a
627 4358 796 4424 quoquam,
811 4341 920 4421 quavis
933 4341 1125 4416 auctoritate,
1147 4343 1282 4408 scienter

530 4441 581 4502 vel
596 4439 777 4516 ignoranter
791 4434 958 4512 contigerit
978 4435 1137 4496 attentari.

571 4536 590 4610 g
612 4533 641 4595 7.
654 4530 724 4594 Non
740 4529 932 4592 obstantibus
947 4527 1132 4608 praemissis,
1148 4544 1193 4604 ac,
1205 4546 1280 4611 qna-

533 4637 623 4694 tenus
645 4642 721 4705 opus
735 4625 787 4698 sit,
804 4631 909 4684 nostra
930 4630 960 4685 et
978 4620 1185 4685 cancellariae
1201 4628 1280 4703 Apo·

530 4723 655 4786 stolicae
677 4718 783 4796 regula
810 4717 848 4778 de
872 4716 939 4778 iure
965 4713 1103 4794 quaesito
1133 4732 1196 4779 non
1222 4718 1280 4779 tol-

531 4816 635 4891 lendo,
658 4829 715 4877 nec
737 4828 801 4875 non
816 4809 988 4888 apostolicis
1009 4825 1043 4872 ac
1065 4809 1097 4870 in
1119 4811 1278 4873 universa·

530 4911 610 4974 libus
628 4904 930 4988 provincialibusque
945 4911 977 4964 et
990 4901 1188 4981 synodalibus
1205 4919 1277 4965 con-

530 5005 608 5067 ciliis
623 5001 713 5065 editis
736 4996 932 5076 generalibus
947 4995 998 5057 vel
1012 4996 1193 5075 specialibus
1207 5015 1279 5063 con·

528 5094 745 5160 stitutionibus
772 5099 804 5152 et
830 5089 1093 5164 ordinationibus,
1125 5105 1160 5152 ac
1180 5093 1277 5156 dictae

527 5185 789 5267 congregationis,
806 5182 952 5259 illiusque
968 5181 1145 5256 domorum,
1166 5192 1196 5246 et
1211 5187 1278 5249 aliis

528 5281 690 5362 quibusvis
709 5278 803 5340 etiam
824 5276 1019 5348 iuramento,
1041 5276 1278 5342 conurmatione

527 5374 702 5455 apostolica,
725 5371 776 5433 vel
792 5367 901 5448 quavis
916 5366 1062 5429 firmitate
1081 5368 1138 5430 alia
1155 5372 1278 5434 robora·

529 5469 567 5531 tis
587 5469 710 5530 statutis
732 5471 762 5528 et
783 5459 1080 5535 consuetudinibus,
1105 5464 1277 5542 privilegiis

527 5577 663 5638 qnoque,
686 5558 814 5621 indultis
835 5565 866 5620 et
882 5555 979 5619 literis
994 5557 1166 5637 apostolicis
1186 5575 1277 5637 supe·

527 5653 661 5717 rioribus
682 5659 713 5714 et
734 5655 873 5729 personis
890 5656 948 5718 sub
965 5657 1217 5738 quibuscumque
1233 5661 1276 5716 te-

527 5747 655 5810 noribus
677 5753 708 5808 et
729 5744 849 5824 lormis,
872 5766 905 5810 aa
919 5764 991 5811 cnm
1007 5747 1168 5826 quibusvis
1183 5747 1276 5808 etiam

527 5839 794 5922 derogatoriarum
808 5842 1019 5919 derogatoriis,
1036 5841 1162 5919 aliisque
1177 5839 1275 5901 elllca-

527 5935 672 6014 cioribus,
691 5932 908 5998 efficacissimis
922 5951 954 5998 ac
969 5933 1102 5997 insolitis
1120 5933 1274 6012 clausulis,

1350 789 1401 853 vel
1423 789 1456 852 in
1476 791 1588 870 specie,
1611 808 1645 855 ac
1665 793 1732 856 aliis
1753 793 1786 857 in
1801 793 1995 858 contrarium
2014 810 2101 873 prae·

1351 883 1517 947 missorum
1545 885 1775 963 quomodolibet
1803 888 1967 963 concmsis,
1993 903 2099 967 appro-

1350 976 1426 1038 batis
1446 985 1477 1040 et
1498 979 1663 1043 innovatis.
1684 979 1800 1056 Quibus
1819 981 1965 1044 omnibus
1986 987 2018 1044 et
2036 981 2099 1044 sin·

1350 1069 1431 1146 gulis
1452 1069 1579 1134 illorum
1594 1079 1718 1134 tenores
1733 1072 1949 1152 praesentibus
1964 1089 2021 1153 pro
2035 1074 2100 1152 ple-

1350 1177 1390 1226 ne
1410 1169 1441 1225 et
1462 1164 1654 1227 sufficienter
1671 1166 1835 1244 expressis,
1851 1182 1885 1228 ac
1899 1165 1937 1229 de
1952 1167 2048 1228 verbo
2062 1169 2099 1230 ad

1349 1256 1481 1319 verbum
1502 1257 1627 1320 insertis
1648 1258 1807 1334 babentes,
1824 1257 1886 1320 illis
1907 1257 1981 1320 alias
1996 1260 2028 1320 in
2042 1275 2099 1322 sno

1349 1350 1459 1412 robore
1486 1351 1711 1428 permansuris,
1734 1351 1769 1412 ad
1792 1352 2034 1430 praemissorum
2055 1351 2098 1414 ei·

1348 1442 1475 1518 lectum,
1505 1445 1560 1507 lrac
1587 1444 1656 1506 vice
1682 1447 1842 1507 dumtaxat
1870 1445 2045 1524 specialiter
2066 1452 2098 1508 et

1348 1553 1491 1618 expresse
1512 1539 1709 1616 derogamus,
1726 1538 1917 1618 caeterisque
1934 1538 2098 1601 contrariis

1347 1632 1605 1710 quibuscumque.

1387 1727 1406 1801 ς
1427 1725 1456 1787 8.
1479 1723 1632 1787 Volumus
1656 1733 1778 1800 antem,
1808 1727 1888 1804 quod
1903 1725 2096 1798 ,earumdem
2125 1741 2344 1792 rtaansasaus

1347 1820 1559 1899 praesentium
1581 1819 1794 1897 transumptis,
1809 1819 1903 1880 etiarn
1925 1817 2095 1898 impressis,
2115 1797 2307 1854 ‘mmm'

1346 1925 1378 1978 et
1396 1931 1490 1977 mann
1505 1913 1633 1976 alicuius
1650 1911 1762 1974 notarii
1778 1911 1891 1990 publici
1904 1912 2096 1992 subscriptis,

1346 2027 1380 2074 ac
1399 2008 1501 2086 sigillo
1522 2007 1651 2070 alicuius
1671 2021 1821 2083 personae
1841 2006 1874 2066 in
1896 2006 2097 2071 ecclesiastica

1346 2103 1498 2180 dignitate
1517 2102 1703 2164 constitutae
1726 2100 1866 2175 munitis,
1889 2101 1995 2162 eadem
2011 2119 2098 2180 pror-

1345 2213 1397 2259 sus
1420 2197 1493 2259 tides
1514 2196 1547 2256 in
1576 2195 1689 2257 iudicio
1714 2202 1745 2256 et
1772 2200 1859 2256 extra
1882 2193 1959 2256 illud
1987 2195 2095 2257 babea-

1346 2295 1410 2365 tnr,
1433 2305 1511 2368 quae
1533 2287 1605 2366 ipsis
1626 2287 1840 2365 praesentibus
1861 2285 2039 2363 baberetur,
2068 2288 2095 2349 si

1345 2382 1447 2444 lorent
1468 2381 1623 2442 exbibitae
1643 2379 1693 2441 vel
1715 2387 1865 2440 ostensae.

1385 2476 1497 2538 Datum
1517 2474 1645 2548 Romae,
1667 2473 1745 2552 apud
1763 2471 1794 2536 S.
1811 2472 1951 2548 Petrum,
1967 2471 2025 2536 sub
2039 2488 2092 2534 an-

1345 2570 1421 2632 nulo
1442 2567 1604 2630 Piscatoris
1625 2565 1674 2628 die
1689 2580 1769 2628 xxrr.
1786 2565 1918 2626 ianuarii
1934 2581 2093 2641 uocare,

1343 2663 1539 2743 pontificatus
1562 2659 1661 2724 nostri
1682 2675 1765 2724 anno
1788 2675 1839 2722 xv.

1600 2860 1837 2874 m

1635 3039 1790 3107 LXXXV.

1343 3229 1515 3292 Pleunrias
1531 3229 1673 3292 concedit
1689 3227 1914 3308 indulgentius
1928 3247 2091 3308 assequen-

1383 3322 1440 3384 das
1462 3339 1482 3383 c
1502 3321 1663 3400 religiosis
1679 3321 1805 3382 ordinis
1820 3329 1952 3398 patrum
1970 3321 2093 3400 Capac-

1381 3416 1530 3478 cirtorurn
1551 3413 1716 3476 mittendis
1732 3413 1772 3474 ud
1787 3429 1897 3477 sacras
1913 3414 2089 3476 missiones.

1593 3594 1680 3665 PlllS
1703 3596 1764 3664 ΡΡ.
1788 3594 1835 3664 vt.

1500 3784 1655 3854 uniuersis
1678 3783 1932 3854 cbristitidelibua

1448 3887 1632 3967 praesentes
1655 3881 1760 3948 literas
1783 3879 1981 3962 inspecturis,

1371 3977 1502 4045 salutem
1524 3983 1557 4045 et
1577 3973 1777 4061 apostolicam
1803 3973 2055 4042 benedictionem.

1378 4169 1447 4246 §l
1479 4167 1669 4232 coelestium
1705 4181 1874 4230 munerum
1893 4165 2087 4242 'thesauros,
2137 4187 2311 4236 messmam.

1337 4279 1473 4342 qnorum
1494 4263 1721 4339 dispensatores
1743 4277 1809 4322 esse
1835 4275 1892 4322 nos
1913 4259 2014 4322 voluit
2038 4257 2090 4320 lll-

1337 4357 1487 4429 tissimus,
1509 4353 1644 4416 libenter
1660 4353 1697 4415 iis
1712 4351 1923 4431 impertimur,
1942 4368 2018 4430 quos
2034 4367 2089 4431 pro

1336 4465 1389 4513 sua
1403 4451 1435 4511 in
1451 4449 1550 4510 Deum
1564 4463 1597 4509 ac
1612 4447 1771 4524 proximos
1785 4447 1943 4519 charitate,
1964 4452 1995 4506 et
2008 4445 2089 4507 cbri-

1336 4543 1453 4604 stianae
1475 4539 1635 4616 religionis
1660 4539 1727 4602 nelo
1751 4538 1929 4600 animarum
1952 4537 2087 4600 salntem

1337 4635 1422 4698 omni
1437 4633 1540 4696 studio
1555 4647 1722 4711 procurare
1736 4631 1955 4708 intelligimus,
1978 4647 2040 4709 quo
2056 4631 2087 4692 iu

1337 4744 1452 4806 genere
1466 4743 1538 4791 cum
1556 4727 1674 4789 ordinis
1689 4725 1821 4788 iratrum
1841 4725 2001 4788 minorum
2016 4724 2090 4788 San·

1335 4823 1376 4885 cti
1397 4821 1550 4885 Francisci
1566 4820 1809 4898 capuccinorum
1835 4828 2087 4896 nuncupatorum

1335 4917 1495 4994 religiosos
1509 4915 1686 4988 babeamus,
1702 4927 1817 4990 eosque
1832 4913 1864 4972 in
1880 4912 1999 4990 primis,
2011 4927 2088 4991 quos

1335 5009 1439 5073 dilecti
1461 5009 1517 5070 lilii
1547 5005 1729 5070 eorumdem
1751 5004 1883 5067 iratrnm
1911 5005 2086 5083 superiores

1335 5101 1373 5164 ob
1393 5103 1474 5163 hanc
1495 5113 1616 5162 causam
1644 5098 1702 5160 boc
1724 5098 1787 5174 ipso
1816 5105 1847 5158 et
1868 5097 2087 5175 consequenti·

1334 5194 1391 5257 bus
1412 5193 1501 5255 annis
1523 5191 1556 5254 in
1578 5191 1713 5253 diversas
1736 5188 1920 5252 christianae
1939 5187 2088 5268 reipubli-

1333 5302 1385 5348 cae
1406 5284 1581 5364 provincias
1602 5283 1728 5346 mittere
1749 5282 2003 5346 constituerunt:

1373 5379 1442 5455 §2
1466 5375 1528 5440 Nos
1548 5391 1622 5438 sane
1653 5375 1837 5438 eorumdem
1869 5375 2084 5453 religiosorum
2118 5397 2210 5460 ⁶asarta
2225 5371 2320 5444 eoum.

1333 5473 1482 5550 pietatem
1503 5487 1537 5532 ac
1558 5485 1702 5548 operam,
1725 5483 1917 5548 eorumque,
1948 5470 1984 5532 ad
2006 5487 2083 5548 quos
2103 5451 2319 5560 fflfflffl

1332 5564 1378 5627 illi
1400 5563 1545 5625 mittendi
1567 5569 1674 5637 erant,
1698 5561 1886 5637 religionem
1900 5569 1931 5622 et
1945 5561 2084 5623 devotio-

1333 5673 1408 5720 nem
1434 5655 1645 5736 spiritualibus
1673 5653 1779 5730 gratiis
1805 5653 1971 5716 contovere
1991 5662 2083 5733 atque

1332 5765 1448 5828 augere
1461 5749 1614 5823 volentes,
1636 5745 1911 5826 supplicationibus
1927 5747 2032 5810 dilecti
2049 5749 2084 5808 sr-

1332 5843 1365 5904 lii
1383 5841 1525 5920 Tvbnrtii
1547 5839 1692 5903 alnsseio
1714 5840 1884 5919 nuncupati
1906 5833 2082 5918 procurato-

1332 5935 1373 5996 ris
1395 5941 1425 5995 et
1447 5933 1649 5995 commissarii
1666 5933 1819 6008 generalis
1841 5932 1979 5996 eiusdem
2001 5933 2082 5996 ordi-
