4722 6976
330 546 384 602 An.
399 548 428 601 0.
450 546 519 598 1809
569 548 624 610 51q

548 685 667 746 tificum
689 685 913 762 Romanorum,
930 702 1014 749 mmc
1030 685 1208 762 neglectum
1230 702 1292 748 ma-

549 785 619 840 neat
641 795 673 841 ac
696 786 871 858 temporum
894 780 1015 842 iniuriis
1030 779 1211 853 obnoxium,
1229 793 1291 840 non

547 871 649 934 solum
679 873 877 934 contribuere
906 873 1070 934 statuimus
1096 872 1131 932 ad
1154 871 1293 933 reaedifi-

548 964 679 1028 candum
702 965 855 1043 templum
877 965 1025 1045 quidquid
1056 963 1162 1028 lerunt
1183 972 1293 1026 tenues

549 1058 630 1120 vires
653 1066 787 1134 nostrae,
809 1061 861 1122 sed
884 1059 978 1121 etiam
999 1058 1133 1120 excitare
1147 1057 1247 1119 studia
1262 1065 1293 1118 et

549 1153 696 1232 pictatem
717 1161 784 1214 turn
801 1169 895 1216 renn.
912 1153 1043 1216 fratrum
1059 1153 1293 1230 Episcoporum,

550 1253 616 1308 tum
639 1245 782 1308 omnium
811 1246 961 1322 fidelium,
989 1255 1023 1308 ιιι
1044 1246 1101 1322 piis
1122 1243 1296 1322 largitioni-

549 1340 606 1402 bus
627 1338 701 1402 dent
722 1355 849 1402 omnem
871 1356 1005 1418 operam,
1023 1346 1058 1403 ιιι
1076 1347 1139 1400 tam
1154 1342 1293 1399 sanctum

549 1449 626 1512 opus
647 1434 834 1512 perficiatur.
860 1436 965 1514 quue
997 1433 1093 1510 magis
1114 1430 1185 1511 quia
1207 1429 1295 1491 ualde

550 1527 726 1590 timendum
748 1536 805 1604 est,
829 1546 868 1592 ne
889 1529 1033 1592 haeretici
1052 1536 1083 1589 et
1096 1525 1293 1614 schismatici,

550 1621 603 1700 qui
625 1636 746 1699 semper
763 1624 854 1684 huius
871 1622 977 1700 templi
994 1619 1217 1700 possessionem
1233 1617 1296 1678 adi-

550 1715 624 1793 pisci
645 1713 853 1791 studuerunt,
868 1715 945 1778 illud
966 1715 1030 1776 suis
1051 1709 1226 1788 sumptibus
1248 1725 1294 1770 re·

549 1809 708 1874 aedificare
738 1810 849 1885 uelint,
871 1822 908 1870 en
931 1823 1028 1887 ecque
1060 1804 1223 1868 catholicos
1244 1818 1294 1864 eu-

550 1905 682 1982 pellere;
704 1906 785 1982 quod
815 1903 1033 1982 gravissimum
1062 1901 1150 1964 nobis
1171 1898 1294 1960 uilerret

551 2002 682 2063 dedecus
704 2006 734 2062 et
755 2013 942 2062 moerorem.
965 1997 1157 2074 ltaqne'non
1174 1999 1295 2054 tantum

551 2112 617 2171 uos,
639 2093 741 2156 dilecti
764 2094 819 2156 filii
840 2093 949 2166 nostri,
966 2106 1062 2152 reno.
1079 2088 1189 2153 iratres
1204 2101 1237 2147 ac
1251 2083 1295 2146 di·

551 2190 623 2254 lecti
645 2189 712 2264 diii,
735 2188 820 2250 omni
848 2187 943 2248 animi
971 2182 1172 2248 contentione
1193 2180 1295 2241 horta-

552 2305 635 2363 mur,
658 2296 692 2348 ut
718 2301 756 2348 ex
787 2285 898 2348 vestris
931 2284 1079 2347 reditibus
1111 2290 1233 2345 tantum
1261 2281 1294 2341 in

551 2399 618 2446 eam
637 2398 703 2445 rem
718 2381 893 2457 conteratis,
909 2386 1060 2459 quantum
1074 2379 1215 2439 conterre
1231 2382 1296 2454 pot·

551 2479 648 2554 eritis,
671 2486 763 2557 atque
784 2477 825 2539 ita
852 2490 999 2553 supremo
1026 2479 1185 2549 pastorum
1211 2468 1296 2531 Prin·

550 2574 610 2652 cipi
624 2572 756 2636 reddatis
770 2571 850 2649 quod
863 2571 946 2632 abeo
960 2567 1129 2645 accepistis,
1140 2562 1192 2629 scd
1203 2563 1295 2626 etiam

551 2677 703 2746 optamus,
726 2675 762 2728 ut
782 2680 907 2728 summo
929 2661 1031 2725 studio
1053 2664 1111 2724 hoc
1134 2657 1296 2740 negotium

551 2759 763 2823 commendari
790 2756 905 2818 iacietis
931 2755 963 2817 in
986 2753 1130 2816 omnihus
1152 2749 1296 2814 dioecesis

552 2853 742 2933 principibus
763 2850 910 2925 ecclesiis,
933 2856 986 2911 aut
1007 2863 1062 2926 per
1083 2861 1183 2908 sacros
1198 2849 1297 2904 orato-

552 2963 637 3010 resa
659 2947 770 3025 quibus
798 2945 852 3006 bei
874 2944 1007 3006 uerbum
1034 2938 1153 3019 populo·
1169 2935 1296 3000 nuncia-

552 3049 614 3117 tur,
636 3050 688 3103 aut
710 3041 741 3102 in
765 3037 895 3119 publicis
917 3036 1069 3100 Ecclesiae
1085 3031 1297 3097 functionibus

552 3153 607 3216 per
627 3153 727 3200 sacros
747 3134 917 3207 ministros,
934 3132 1140 3209 omnibusque
1157 3127 1296 3190 ostenda·

552 3231 591 3294 tis
612 3237 725 3310 quanta
745 3229 785 3291 sit
799 3229 959 3292 necessitas
975 3221 1187 3288 reaedificandi
1202 3219 1298 3283 eccle·

552 3326 630 3388 siam
651 3321 682 3386 S.
706 3321 867 3402 Sepulchri
888 3321 922 3382 l).
940 3319 978 3383 Ν.
996 3322 1063 3383 lesu
1086 3314 1210 3387 Christi,
1232 3329 1298 3374 cos-

553 3434 614 3497 que
634 3416 746 3480 efficaci
767 3431 910 3478 sermone
929 3413 1100 3476 hortemini
1115 3420 1146 3474 et
1160 3407 1298 3473 excitetis

554 3511 590 3574 ad
611 3511 783 3588 largiendas
814 3509 1037 3588 eleemosynas,
1059 3505 1148 3569 etad
1178 3506 1235 3566 hoc
1255 3502 1299 3566 di·

554 3607 629 3669 vino
660 3605 816 3670 seruatori
845 3603 1057 3666 exhibendum
1088 3609 1152 3664 tam
1181 3598 1299 3660 iustum

554 3700 667 3764 amoris
688 3709 718 3762 et
740 3697 950 3761 venerationis
971 3704 1002 3758 et
1020 3693 1159 3772 obsequii
1174 3692 1297 3770 pignus.

554 3797 657 3874 Atque
678 3802 713 3856 ut
733 3809 841 3855 omnes
863 3792 899 3853 ad
921 3807 996 3870 opus
1023 3797 1085 3851 tam
1107 3785 1300 3866 praeclarum

556 3900 679 3968 tamque
700 3887 807 3950 eximii
829 3884 931 3948 meriti
953 3883 1049 3960 magis
1071 3880 1229 3958 magisque
1250 3893 1301 3939 en·

555 3985 703 4058 citentur,
720 3997 759 4042 eu
779 3980 962 4043 inexhausto
985 3976 1134 4039 Ecclesiae
1157 3975 1301 4036 thesauro

556 4093 709 4141 annorum
723 4071 1089 4148 centumindnlgentiam
1104 4065 1302 4130 concedimus

556 4172 675 4236 cunctis
697 4169 861 4247 utriusque
890 4182 981 4228 sexus
1010 4163 1163 4237 fidelibus,
1193 4159 1247 4240 qui
1268 4159 1300 4221 in

557 4283 625 4330 eam
647 4281 714 4328 rem
745 4261 919 4326 subsidium
950 4259 1072 4339 aliquod
1100 4256 1299 4321 contulerint.

558 4365 616 4428 ilas
630 4377 705 4423 vero
720 4359 930 4435 eleemosynas
945 4353 1055 4434 deponi
1066 4352 1212 4414 volumus
1223 4349 1319 4430 apud

558 4463 790 4539 procuratorem
819 4458 872 4512 aut
900 4450 1063 4529 syndicum
1084 4447 1123 4508 ir.
1146 4445 1303 4508 blinorum

559 4553 589 4618 S.
601 4550 751 4616 Francisci
764 4547 802 4610 de
815 4543 1014 4610 Obseruantia
1029 4542 1081 4605 ubi
1095 4541 1127 4602 hi
1139 4546 1225 4614 sunt,
1237 4547 1302 4613 aut,

559 4646 611 4709 ubi
627 4660 691 4707 non
704 4649 791 4718 sunt,
803 4656 896 4720 penes
910 4639 1006 4701 alium
1021 4642 1252 4714 procuratorem
1266 4631 1304 4693 ab

559 4740 720 4809 Ordinario
742 4734 1006 4800 constituendum.
1029 4729 1112 4805 Quae
1126 4742 1221 4805 penes
1236 4742 1305 4804 pro·

559 4843 733 4902 curatorem
755 4837 807 4893 aut
828 4827 990 4907 syndicum
1013 4823 1225 4886 intimorum
1247 4822 1304 4886 Ob·

559 4929 754 4994 servantium
786 4922 940 5003 depositae
970 4919 1108 4993 luerunt,
1137 4916 1304 4980 abeodem

561 5027 728 5088 mittentur
742 5018 777 5080 ad
793 5017 942 5081 dilectum
953 5012 1052 5075 tilium
1065 5011 1247 5088 religiosum
1258 5009 1305 5070 vi-

560 5135 632 5181 rum
646 5111 892 5178 commissarium
903 5109 1015 5170 Terrae
1031 5106 1169 5180 Sanctae,
1182 5105 1235 5182 qui
1247 5102 1305 5165 lio-

561 5229 628 5276 mae
649 5213 870 5280 commoratur,
892 5210 1011 5266 ceterae
1037 5215 1113 5262 uero
1142 5200 1306 5262 tradendae

560 5314 655 5370 erunt
667 5300 840 5383 Apostolico
856 5306 961 5360 nostro
975 5294 1107 5370 Nuncio,
1120 5300 1184 5370 aut,
1196 5294 1221 5355 si
1236 5293 1306 5355 nul·

561 5402 609 5463 lus
630 5406 675 5462 est
696 5395 847 5467 Nuntios,
861 5389 1082 5470 Episcoporum
1103 5388 1163 5449 erit
1184 5388 1306 5450 easdem

562 5494 688 5556 mittere
710 5491 744 5551 ad
769 5483 995 5563 Metropolitum
1023 5482 1076 5561 qui
1099 5497 1147 5542 eas
1176 5480 1304 5541 liomam

562 5584 758 5666 perlerendas
778 5579 896 5643 curabit
910 5579 944 5640 ad
961 5575 990 5638 S.
1008 5576 1044 5638 R.
1059 5575 1094 5636 E.
1111 5572 1305 5638 cardinalem

563 5678 752 5760 praelectum
774 5683 896 5738 nostrae
912 5667 1168 5747 congregationis
1183 5669 1219 5729 de
1236 5665 1306 5727 l'ro·

605 5921 634 5976 (t)
650 5919 723 5964 ntiae
737 5917 818 5962 etiam
839 5915 916 5962 datae
930 5916 993 5960 sunt
1005 5913 1101 5958 literae
1119 5911 1210 5957 ecdem
1224 5910 1306 5956 ferme

564 5988 691 6044 exemplo,
703 5985 814 6031 mutatis
828 5983 929 6030 scillcet
944 5981 1072 6036 mutand,
1083 5977 1265 6026 cardinalibus
1279 5981 1305 6022 et

1068 565 1131 614 idtt‘.
1155 566 1246 614 ΡΟΝΤ.
1271 568 1311 612 DE
1332 567 1360 612 Ρ.
1385 567 1414 612 F·
1438 567 1521 612 PARS
1542 565 1563 610 1.

1347 683 1483 763 pagandt
1504 684 1578 747 Fide
1599 699 1635 744 eo
1657 682 1760 756 modu,
1784 698 1877 761 quem
1898 681 2046 759 aptiorem
2061 687 2097 742 et

1347 778 1602 857 opportuniorem
1614 778 1770 841 iudicabit.
1782 778 1841 840 Ubi
1853 794 1927 842 vero
1939 792 2003 838 non
2013 777 2097 837 dioe-

1347 873 1448 935 cesani
1470 874 1609 952 Episcopi
1631 875 1683 936 sed
1699 872 1865 950 apostotici
1879 871 1993 934 Vioarii
2006 877 2093 941 sunt,

1348 975 1400 1030 aut
1411 967 1464 1030 uhi
1476 973 1580 1028 extant
1592 967 1732 1046 Episcopi
1744 982 1807 1028 non
1822 965 2019 1042 suffraganei,
2032 965 2097 1026 sin-

1349 1059 1494 1135 gulorum
1516 1061 1587 1135 erit,
1609 1077 1682 1122 cum
1702 1060 1815 1122 desunt
1836 1058 1874 1120 lr.
1891 1059 2025 1122 lilinores
2039 1058 2098 1122 Ob·

1348 1161 1519 1227 servantes,
1542 1153 1684 1215 collectas
1707 1152 1919 1232 eleemosynas
1939 1170 1956 1213 a
1977 1152 2098 1214 cunctis

1350 1245 1545 1308 vicariatibus
1567 1255 1620 1309 aut
1646 1245 1836 1309 dioecesibus
1862 1246 2010 1325 recipere,
2034 1261 2097 1307 eas-

1349 1355 1410 1418 que
1432 1338 1561 1402 Romam
1583 1341 1708 1403 mittere
1731 1341 1821 1402 modo
1843 1340 1908 1415 illo,
1931 1356 2024 1419 quern
2046 1357 2100 1403 su-

1351 1449 1403 1510 pra
1435 1433 1650 1497 indicavimus.
1675 1434 1714 1496 Et
1741 1435 1888 1514 quoniam
1918 1435 2097 1498 huiusmodi

1349 1524 1565 1606 eleemosynae
1585 1544 1640 1606 per
1661 1529 1834 1591 multorum
1854 1544 1965 1590 manus
1979 1529 2097 1592 traduci

1350 1619 1474 1696 debent,
1498 1630 1532 1684 ιιι
1549 1623 1606 1684 hae
1621 1622 1754 1685 fideliter
1770 1623 2018 1700 praescriptoque
2032 1638 2098 1684 mo·

1351 1717 1387 1778 do
1406 1717 1666 1792 transmittantur,
1682 1716 1902 1778 confirmamus
1922 1725 1954 1778 et
1968 1731 2098 1778 renova·

1352 1826 1420 1874 mus
1442 1811 1680 1874 constitutiones
1694 1813 1962 1889 praedecessorum
1977 1819 2097 1874 nostro-

1352 1920 1423 1966 rum
1446 1905 1522 1969 sixti
1543 1903 1594 1980 V.,
1619 1904 1702 1966 Pauli
1719 1903 1770 1978 V.,
1785 1904 1925 1981 Gregorii
1942 1904 2024 1978 XX,
2041 1903 2098 1966 Ur·

1353 1998 1421 2060 bani
1444 1998 1535 2072 vlit,
1557 1997 1611 2077 qui
1633 2003 1738 2060 contra
1761 2006 1944 2076 usurpantes
1972 2006 2026 2059 aut
2046 1999 2098 2060 de-

1353 2091 1487 2154 tinentes
1508 2091 1630 2152 easdem
1652 2092 1864 2167 eleemosynas
1894 2106 2024 2170 poenam
2047 2107 2100 2153 ex-

1351 2184 1641 2247 communicationis
1662 2184 1851 2262 lpostolicae
1873 2183 1943 2248 Sodi
1959 2200 2100 2246 reserua-

1353 2287 1400 2340 tae
1415 2278 1607 2340 indixerunt.
1624 2277 1743 2340 lustum
1757 2285 1803 2339 est
1817 2277 1903 2340 enim
1918 2277 2000 2357 quod
2014 2277 2101 2340 nulii

1352 2389 1389 2434 ex
1411 2381 1497 2450 parte
1517 2370 1679 2433 fraudetur
1706 2373 1753 2450 pia
1775 2371 1919 2435 voluntas
1947 2371 2099 2448 fidelium,

1349 2467 1405 2545 'qui
1422 2466 1536 2528 ineam
1552 2481 1620 2527 rem
1635 2465 1749 2544 aliquid
1764 2465 1980 2542 contulerunt,
1997 2481 2101 2544 neque

1353 2559 1519 2639 quidquam
1540 2560 1578 2621 de
1606 2558 1725 2621 honore
1756 2559 1858 2622 debito
1890 2566 1953 2622 tam
1981 2559 2100 2635 insigni

1352 2652 1543 2717 sanctuario.
1567 2649 1599 2714 Si
1619 2651 1711 2715 decus
1741 2653 1852 2716 domus
1880 2653 1933 2714 liei
1955 2653 2100 2715 omnium

1353 2748 1495 2810 fidelium
1512 2747 1631 2808 animos
1646 2746 1780 2810 excitare
1795 2754 1825 2808 et
1840 2747 2035 2808 inflammare
2048 2745 2100 2808 de-

1353 2843 1415 2917 bet,
1438 2846 1553 2919 quanto
1575 2841 1672 2916 magis
1694 2839 1723 2900 id
1745 2839 1867 2903 efficere
1889 2839 1980 2902 debet
2001 2839 2100 2902 honos

1352 2935 1419 2998 eius
1440 2934 1498 2996 loci
1519 2933 1575 2998 cdi
1596 2938 1759 2996 steterumt
1787 2933 1877 3010 pedes
1904 2933 1985 3004 cius,
2010 2938 2041 2994 et
2062 2934 2100 2996 de

1353 3045 1414 3108 quo
1435 3027 1584 3108 scriptum
1606 3035 1652 3090 est
1673 3035 1703 3090 ct
1724 3027 1788 3090 erit
1808 3025 2015 3106 sepulchrum
2030 3026 2100 3088 cius

1354 3123 1545 3204 gloriosum!
1566 3123 1672 3200 ltaque
1686 3137 1749 3188 non
1763 3121 1941 3183 dubitamus
1955 3119 2032 3199 quin
2047 3135 2101 3182 ros

1354 3217 1440 3280 omni
1461 3231 1519 3294 ope
1540 3222 1571 3278 et
1592 3216 1684 3294 operi
1706 3213 1842 3277 curaturi
1867 3214 1946 3290 sitis,
1969 3220 2005 3276 ut
2028 3214 2102 3278 haec

1355 3317 1459 3372 nostra
1487 3307 1630 3370 uoluntas
1660 3323 1745 3382 eum,
1777 3321 1871 3385 quem
1900 3321 2101 3383 summopere

1354 3411 1515 3482 optamus,
1546 3403 1667 3465 exitum
1696 3407 1922 3478 consequatur,
1955 3407 2102 3478 certoque

1355 3499 1574 3578 promittentes
1595 3494 1743 3570 tructam,
1759 3508 1853 3573 quem
1867 3493 2037 3568 merebitis,
2054 3508 2102 3555 co-

1356 3594 1439 3673 piose
1453 3600 1484 3654 et
1495 3590 1686 3652 abundanter
1700 3587 1930 3650 retributurum
1945 3586 2100 3648 bonorum

1356 3687 1499 3748 omnium
1521 3692 1679 3745 auctorem
1701 3682 1808 3744 Deum.
1828 3677 1933 3754 Vobis,
1949 3679 2052 3743 dilecti
2068 3681 2102 3741 li·

1356 3780 1389 3840 lii
1412 3779 1521 3854 nostri,
1543 3791 1637 3839 venn.
1661 3773 1771 3836 tratres
1792 3781 1823 3835 et
1848 3771 1952 3836 dilecti
1968 3770 2035 3846 lilii,
2052 3771 2103 3834 be

1339 3872 1554 3936 'nevolentiae
1575 3877 1698 3931 nostrae
1712 3867 1824 3945 pignus
1839 3865 2038 3944 apostolicam
2053 3863 2103 3925 be

1358 3967 1566 4030 nedietioncm
1589 3968 1784 4043 peramanter
1805 3961 2014 4039 impertimur.

1399 4063 1511 4125 Datum
1541 4059 1657 4121 Romae
1684 4055 1764 4135 apud
1794 4054 1824 4117 S.
1856 4053 1984 4116 llariam
2013 4053 2104 4116 hlaio-

1359 4173 1425 4220 rem
1440 4153 1497 4218 sub
1507 4151 1623 4214 annulo
1640 4147 1798 4212 Piscatoris
1812 4148 1861 4210 die
1876 4163 1970 4210 xxrn.
1984 4147 2105 4210 iebrua-

1358 4250 1396 4312 rii
1418 4261 1588 4321 nuceum,
1615 4241 1725 4323 pontii.
1751 4242 1850 4304 nostri
1875 4257 1957 4304 anno
1978 4257 2021 4303 ιιι.
2046 4238 2101 4321 (l).

1666 4945 1805 5010 XXXIX.

1361 5195 1409 5261 Ad
1436 5194 1621 5273 petitioocm
1644 5188 1881 5266 drcbicplscopl
1908 5186 2108 5266 Lccpolitcot'

1370 5335 1374 5340 -
1400 5288 1526 5353 ormont
1548 5287 1635 5348 ritus
1649 5283 1782 5362 deputat
1797 5281 1961 5359 Iosephcm
1978 5283 2108 5358 Krycto-

1402 5381 1514 5462 [owicz
1537 5381 1572 5441 ic
1590 5379 1749 5440 uicarium
1765 5392 1817 5454 cp.
1835 5392 1907 5437 cum
1922 5374 2108 5438 charactere

1400 5472 1572 5553 episcopali
1605 5471 1783 5532 corumdem
1815 5473 2040 5538 Armcuorum,
2070 5476 2108 5530 ut

1400 5585 1449 5629 cos
1472 5570 1575 5646 repat,
1598 5565 1697 5626 luctu
1722 5563 1751 5625 S.
1772 5561 2037 5643 congregationis
2060 5561 2108 5623 irt-

1401 5661 1623 5722 structionem.

1361 5906 1530 5953 praesulibus
1545 5905 1636 5950 Status
1649 5898 1831 5956 Ecclesiastici,
1842 5907 1942 5944 necnon
1952 5895 2061 5954 regibus
2071 5905 2110 5942 oa·

1361 5973 1473 6022 tholicis.

2130 548 2233 604 amc.
2253 549 2305 606 roca
2349 533 2350 562 ³
