4776 6974
74 569 107 618 pn,
117 562 139 610 c,
158 528 218 602 178⁵!

911 550 982 611 erus
1005 561 1053 612 ne.
1080 560 1121 612 vt.

247 685 424 748 vicariatum
459 682 639 761 Lusitania,
672 685 709 746 ad
740 687 986 764 procurationem

245 783 413 860 Hispanus;
443 790 553 860 quarto
580 781 729 842 sexennio
751 781 785 842 ad
809 781 988 856 guardiana-

246 885 309 938 tum
331 875 509 949 Lusitanus,
525 875 560 936 ad
577 875 755 936 vicariatum
773 875 936 953 Hispanus,
953 875 988 935 ad

245 971 493 1050 procurationem
516 969 733 1030 (lismontauus
755 972 926 1048 respective
945 985 989 1028 as-

243 1071 422 1136 sumantur,
454 1069 485 1124 et
513 1062 689 1138 eligamur,
717 1062 816 1122 etsie
846 1060 990 1138 deinceps

244 1155 278 1216 de
297 1155 451 1216 sexennio
474 1156 505 1216 in
527 1154 713 1216 sexennium
744 1156 851 1216 eodem
880 1155 990 1216 ordine

244 1264 313 1308 mox
336 1249 518 1310 constituta.

49 1347 51 1410 l
95 1353 225 1402 [auditiones
281 1343 351 1416 §5-
378 1343 495 1404 lttecuo
516 1351 619 1402 autem
643 1342 793 1406 dictorum
815 1343 909 1403 trium
925 1341 990 1402 olli-

49 1411 51 1454 t
70 1417 146 1461 ductae.

243 1438 361 1498 ciorum
379 1438 430 1498 fiat
444 1453 459 1496 a
474 1435 608 1515 capitulo
631 1436 807 1512 provinciali
831 1437 925 1496 totius
940 1453 991 1496 cn-

243 1531 357 1594 stodiae
390 1533 504 1594 Terrae
535 1532 663 1594 Sanctae
691 1547 739 1604 eu,
762 1529 814 1607 qui
837 1530 989 1606 sequitur,

245 1628 351 1688 modo:
377 1626 515 1688 Minister
536 1642 590 1686 seu
610 1625 751 1702 superior
776 1624 929 1699 generalis
944 1623 990 1684 in-

242 1722 349 1782 stituat
370 1729 464 1799 alqire
484 1719 576 1795 eligat
597 1728 773 1797 opportuno
796 1727 935 1797 tempore
958 1717 990 1778 in

244 1814 471 1892 praesidentem
494 1812 617 1890 capituli
645 1829 715 1872 mox
746 1812 898 1873 indicendi
922 1811 992 1872 reli·

244 1909 365 1983 giosum
388 1909 528 1970 eiusdem
545 1908 711 1981 custodiae,
730 1907 829 1967 velex
846 1906 902 1967 alia
918 1921 991 1982 qua·

243 2018 378 2079 eramque
400 2000 569 2078 provincia,
588 2001 640 2078 qui
664 2009 767 2067 tantan
782 2001 822 2078 sit
837 2017 875 2060 ex
890 2015 922 2060 ea
939 2017 991 2062 na·

244 2098 341 2171 tione,
356 2112 412 2157 seu
428 2096 554 2170 familia,
571 2095 658 2156 cuius
674 2095 757 2156 nulla
775 2095 876 2155 treberi
894 2102 992 2172 potest

244 2191 320 2251 ratio
333 2191 364 2251 iu
379 2190 538 2268 praedictis
548 2188 655 2249 officiis
666 2189 897 2260 demandandis,
909 2189 992 2250 iuxta

245 2291 373 2345 turnum
396 2291 488 2361 atque
510 2282 649 2344 ordinem
671 2299 762 2360 supra
786 2283 991 2360 propositum,

244 2378 436 2454 proindeque
453 2375 519 2437 talis
533 2375 710 2453 praesidens
731 2392 786 2454 per
799 2376 992 2451 superiorem

244 2470 423 2544 generalem
436 2467 644 2530 nominandus
660 2469 761 2545 primo
771 2468 922 2530 sexennio
933 2467 992 2529 Lu·

244 2563 372 2636 silanus,
395 2561 494 2622 altero
514 2561 684 2638 Hispanae,
709 2563 800 2623 tertio
822 2562 993 2625 Cismonla-

244 2673 323 2732 nus;
346 2664 457 2734 quarto
479 2655 604 2717 demum
629 2657 779 2716 sexennio
801 2655 906 2717 Gallus
928 2672 994 2718 esse

243 2750 378 2812 debebit.
409 2749 484 2811 lluic
506 2764 597 2826 porro
620 2749 805 2828 praesidenti
833 2749 876 2811 sic
895 2749 993 2812 electo

244 2845 324 2906 idern
339 2845 482 2921 superior
497 2844 614 2904 ordinis
628 2843 868 2906 communicabit
886 2859 995 2905 omues

244 2947 275 3000 et
296 2938 434 3014 singulas
456 2938 615 2999 facultates
636 2944 666 2998 et
689 2938 767 3012 iura,
784 2953 862 3014 qnae
877 2937 994 3000 ordinis

243 3033 482 3095 constitutiones
503 3039 534 3093 et
554 3032 794 3094 consuetudines
820 3032 993 3108 praesiden-

244 3128 326 3190 tibus
347 3126 555 3204 capitulorum
579 3125 673 3186 tribui
695 3125 806 3200 solent,
830 3124 883 3186 illo
905 3127 993 3187 dunt-

244 3227 325 3281 taxat
346 3227 476 3298 excepto
506 3218 587 3280 vocis
616 3219 760 3295 passivae,
782 3218 847 3280 sive
868 3219 996 3294 elegibi-

243 3315 337 3376 litatis
358 3315 394 3376 ad
416 3314 568 3391 praedicta
592 3314 648 3373 tria
670 3312 856 3390 ciliciaque
876 3313 993 3391 perfrui

243 3409 332 3472 nullo
347 3407 439 3470 modo
454 3407 545 3470 debet
560 3407 646 3467 iuxta
660 3421 704 3480 ea,
721 3423 800 3485 quae
816 3406 907 3484 paulo
922 3415 994 3470 ante

242 3504 478 3577 constituimus;
496 3502 635 3563 eiusdem
646 3501 847 3577 praesidentis
859 3502 993 3562 officium

243 3601 301 3660 erit
318 3596 490 3676 capitulum
506 3612 560 3674 per
577 3595 680 3657 literas
698 3595 927 3657 convocatorias
941 3613 994 3658 an-

243 3709 284 3754 no
298 3691 424 3753 circiter
437 3699 510 3750 aute
524 3689 727 3767 expediendas
740 3687 777 3748 ad
792 3689 994 3751 constitutam

243 3784 325 3844 diem
342 3783 479 3844 indicere
495 3782 527 3843 in
542 3781 708 3859 praecipuo
726 3783 820 3842 totius
841 3782 993 3844 custodiae

243 3878 402 3950 coenobio,
427 3876 488 3949 vel,
510 3875 534 3934 si
557 3874 632 3935 inibi
655 3875 748 3952 pestis
770 3883 937 3951 grassetur,
960 3877 992 3938 in

243 3973 301 4034 alio
316 3985 515 4050 quocumque
530 3969 669 4030 eiusdem
690 3968 844 4031 custodiae
858 3985 993 4032 conven-

245 4075 289 4141 tu,
304 4066 539 4128 celebrandum.
559 4063 602 4124 Ad
626 4062 681 4126 hoc
703 4073 807 4124 autem
822 4065 992 4142 capitulum

244 4177 353 4221 omnes
383 4157 546 4238 guardiani
577 4153 794 4218 conventuum
823 4168 853 4219 et
882 4159 993 4234 praesi-

244 4256 351 4316 dentes
366 4251 499 4316 actuales
514 4251 718 4327 hospitiorum
735 4251 849 4312 Terrae
864 4253 994 4316 Sanctae

244 4349 438 4410 tenebontur
459 4347 614 4420 accedere,
638 4344 698 4406 nisi
719 4345 884 4407 infirmitas
912 4348 995 4410 vale·

244 4443 371 4515 tudinis,
394 4440 444 4502 vel
474 4439 638 4519 epidcmira
669 4437 812 4514 coritagio
843 4455 993 4519 occupans

245 4537 317 4611 loca,
341 4536 374 4598 in
396 4535 509 4614 quibus
531 4534 661 4609 degunt,
686 4534 734 4594 vel
756 4548 910 4612 peronae
934 4538 993 4598 iter

244 4647 335 4708 agere
350 4629 519 4699 debebunt,
536 4625 629 4688 fuerit
646 4627 879 4705 impedimenta,
896 4631 994 4710 iisque

245 4723 401 4804 impeditis
423 4721 511 4783 liceat
533 4719 678 4796 religioso
695 4722 842 4785 sacerdoti
858 4741 931 4786 suae
947 4744 994 4788 re-

244 4819 397 4898 spectivae
412 4813 545 4876 nationis
560 4831 597 4876 ex
612 4815 719 4876 eadem
735 4817 847 4878 'ferrae
866 4820 993 4883 Sanctae

244 4910 379 4974 custodia
393 4924 449 4985 per
464 4907 641 4983 legitimum
655 4925 803 4985 procerae
815 4915 994 4978 mandatum

244 5023 259 5064 a
279 5004 473 5083 praesidente
495 5001 620 5079 capituli
646 5019 718 5064 cum
746 5005 925 5069 discretorio
947 5026 995 5071 re-

245 5097 491 5176 cognoscendum
514 5104 545 5157 et
559 5095 788 5158 admittendum
803 5099 918 5179 proprii
933 5103 992 5164 suf-

245 5191 333 5269 fragii
343 5190 590 5270 praerogativam
602 5189 732 5252 deferre.
748 5191 783 5254 lli
794 5191 892 5270 igitur
903 5211 993 5272 guar-

246 5286 325 5348 diani
348 5295 564 5348 conventuum
579 5291 611 5345 et
626 5285 833 5361 praesidentes
849 5289 994 5366 bospitio-

246 5396 315 5442 rum
330 5396 391 5443 una
406 5395 476 5440 cam
491 5379 683 5458 praesidente
695 5380 820 5457 capituli
836 5389 867 5442 et
882 5383 993 5445 discre-

248 5475 323 5535 torio
345 5474 458 5536 Terrae
480 5473 618 5548 Sanctae,
641 5473 723 5552 quod
744 5465 781 5536 e'x
804 5483 922 5553 septem
944 5495 992 5539 re-

246 5567 361 5643 ligiosis
382 5566 537 5639 coalescit,
558 5581 670 5643 nempe
692 5583 728 5627 ex
751 5568 930 5645 guardiano,
947 5573 993 5632 vi·

247 5661 340 5735 cario,
372 5667 581 5737 procuratore,
610 5659 740 5738 aliisque
766 5670 910 5738 quatuor,
939 5664 992 5741 orii

247 5752 367 5815 discreti
394 5751 602 5829 appellantur,
631 5753 841 5830 capitulariter
865 5770 993 5831 congre·

248 5848 318 5924 gati,
341 5863 396 5927 per
423 5854 648 5926 procuratores,
672 5854 740 5908 tum
767 5849 802 5910 ad
829 5849 993 5910 triennalia

248 5940 341 6004 officia
363 5949 497 6022 quatuor
511 5941 716 6004 discretorum
737 5957 775 6004 ex
797 5941 923 6004 totidem
940 5958 991 6005 na·

1044 687 1191 760 tionibus,
1214 687 1314 748 ltalica
1337 701 1461 766 nempe,
1485 683 1656 768 Hispanico,
1680 687 1790 750 Gallica

1044 789 1075 841 et
1103 781 1281 842 Germanica
1307 797 1431 859 semper
1458 784 1731 854 assumendorum,
1761 797 1791 842 e-

1046 874 1145 935 tiamsi
1161 891 1276 935 muniis
1293 875 1481 937 decurrente
1498 875 1633 938 triennio
1647 893 1685 937 ex
1705 876 1791 937 obitu

1045 966 1093 1027 vel
1117 968 1293 1029 cluuissione
1315 969 1446 1030 alicuius
1474 969 1597 1031 discreti
1618 975 1704 1030 vacet
1725 969 1791 1048 (qui

1045 1070 1148 1124 tanuen
1175 1070 1322 1141 poterunt
1350 1065 1385 1124 ad
1414 1065 1495 1126 aliud
1526 1064 1714 1137 trienninm,
1740 1071 1792 1125 aut

1045 1163 1133 1216 antea
1154 1156 1348 1230 continuare,
1371 1158 1395 1217 si
1418 1159 1458 1218 ita
1485 1159 1653 1236 expediens
1680 1159 1792 1220 discre-

1047 1249 1125 1310 torio
1154 1249 1310 1312 videbitur
1338 1258 1369 1310 et
1398 1252 1566 1314 dummodo
1595 1267 1650 1328 per
1677 1261 1791 1312 secreta

1045 1343 1188 1420 suffragia
1211 1351 1344 1421 quatuor
1360 1344 1393 1404 ad
1411 1345 1514 1406 minus
1536 1354 1722 1408 coucuuant
1738 1362 1792 1424 pro

1046 1437 1295 1518 continuatione)
1318 1440 1509 1517 totidemque
1531 1440 1604 1502 alios
1633 1441 1793 1516 religiosos

1047 1529 1169 1591 illarum
1199 1531 1374 1606 nationum,
1404 1549 1443 1594 ex
1471 1533 1582 1610 quibus
1608 1536 1705 1612 qrioad
1737 1535 1792 1595 tria

1046 1623 1163 1701 potiora
1187 1632 1294 1686 tenore
1317 1627 1539 1703 praesentium,
1556 1629 1653 1705 quoad
1676 1637 1793 1688 caetera

1047 1731 1120 1776 vero
1137 1718 1220 1778 iuxta
1236 1719 1348 1781 Terrae
1363 1718 1490 1782 Sanctae
1512 1726 1637 1795 statuta,
1660 1731 1734 1782 sunt
1749 1737 1793 1782 as·

1046 1811 1199 1886 sumendi,
1222 1814 1327 1891 sicque
1349 1814 1437 1875 electi
1454 1815 1538 1876 etde
1555 1831 1636 1876 novo
1658 1815 1793 1876 instituti

1046 1908 1290 1982 respectivorum
1312 1908 1485 1972 ciliciorum
1513 1909 1737 1988 possessionem
1760 1908 1794 1968 il-

1046 1999 1105 2062 lico
1120 2000 1238 2078 capiant
1254 2019 1314 2062 una
1330 2018 1401 2064 cum
1417 2003 1514 2064 electo
1536 2003 1567 2064 in
1591 2005 1794 2080 gaudianum

1048 2093 1079 2155 S.
1103 2093 1214 2155 Montis
1237 2094 1322 2170 Sion,
1346 2096 1395 2158 cui
1419 2097 1519 2158 babila
1542 2099 1660 2159 ratione
1682 2097 1794 2159 distan-

1048 2190 1106 2250 tiae
1122 2188 1260 2250 locorum
1275 2190 1471 2252 concedimus
1486 2200 1516 2252 et
1531 2191 1743 2268 indulgemus,
1762 2200 1796 2253 ut

1048 2281 1294 2344 iurisdictionem
1315 2299 1401 2345 suam
1423 2285 1456 2344 in
1479 2301 1588 2346 omnes
1602 2293 1633 2345 et
1654 2285 1795 2360 singulos

1047 2374 1156 2436 fratres
1177 2376 1209 2436 in
1232 2375 1366 2438 custodia
1389 2377 1502 2438 ‘ferrae
1517 2377 1646 2440 Sanctae
1661 2393 1796 2439 commo·

1047 2477 1150 2528 rantes
1171 2483 1317 2530 exercere
1339 2469 1433 2544 possit
1455 2476 1485 2530 et
1508 2469 1617 2544 valeat,
1634 2470 1728 2531 etiam
1743 2486 1796 2530 an-

1050 2567 1171 2638 tequam
1201 2560 1235 2619 ad
1264 2576 1332 2622 eam
1358 2562 1561 2640 pervenerint
1590 2571 1657 2624 turn
1684 2564 1796 2624 confrr-

1049 2655 1194 2714 matoriae
1214 2655 1383 2730 superioris
1405 2655 1557 2730 generalis
1578 2656 1637 2732 sui,
1663 2665 1730 2717 tum
1747 2673 1796 2734 pa-

1049 2755 1149 2807 tentes
1173 2746 1279 2807 literae
1297 2753 1328 2808 et
1344 2746 1503 2808 facultates
1518 2747 1660 2826 praelecti
1679 2749 1795 2810 missio-

1049 2855 1127 2900 num
1148 2856 1164 2898 a
1184 2841 1320 2902 custodia
1341 2841 1454 2902 'ferrae
1475 2840 1603 2904 Sanctae
1618 2843 1794 2920 dependen-

1050 2934 1129 2996 tium
1151 2949 1205 3011 per
1225 2933 1430 3011 supradictam
1454 2937 1727 3012 congregationem
1744 2955 1795 2999 ve-

1049 3027 1234 3089 nerabilium
1250 3025 1380 3089 fratrum
1397 3039 1575 3092 nostrorum
1593 3030 1722 3092 Sanctae
1737 3032 1794 3093 llo-

1050 3137 1158 3182 manae
1174 3121 1326 3183 Ecclesiae
1342 3121 1553 3184 cardinalium
1575 3125 1711 3208 negociis
1725 3141 1794 3204 pro-

1049 3216 1202 3293 pagandae
1216 3215 1286 3278 fidei
1297 3218 1542 3293 praepositorum
1556 3218 1612 3295 ipsi
1623 3221 1796 3281 conceden-

1048 3311 1114 3384 dae,
1131 3327 1203 3389 qaas
1219 3310 1322 3371 literas
1342 3312 1444 3372 statim
1462 3320 1530 3389 post
1544 3312 1727 3376 electionem
1742 3330 1794 3392 pe·

1049 3415 1113 3468 tere
1131 3415 1162 3467 et
1184 3407 1323 3468 obtinere
1340 3406 1508 3482 tenebitur,
1521 3407 1723 3487 obtentasque
1735 3410 1796 3470 for·

1047 3502 1138 3562 miter
1149 3501 1314 3583 publicare:
1329 3515 1472 3562 concesso
1487 3501 1579 3564 etiam
1593 3505 1721 3565 interim
1735 3523 1794 3566 usa

1049 3594 1229 3658 facultatum
1259 3603 1320 3656 tam
1349 3596 1596 3671 ordinariorum,
1626 3614 1719 3675 quam
1743 3615 1795 3660 ex-

1049 3687 1337 3762 traordinariarum,
1360 3704 1438 3766 quae
1467 3705 1521 3765 per
1542 3705 1695 3765 organum
1716 3693 1795 3753 eius-

1047 3780 1117 3843 dem
1134 3780 1389 3858 Congregationis
1411 3781 1513 3844 eidem
1535 3785 1704 3859 guardiano
1723 3801 1795 3846 con-

1046 3877 1111 3937 cedi
1132 3875 1244 3936 solent.
1266 3875 1445 3937 Praesideus
1467 3885 1571 3937 autem
1586 3878 1723 3955 capituli,
1741 3896 1794 3941 no·

1047 3985 1167 4047 rusque
1188 3969 1386 4044 guardiauus,
1410 3968 1541 4030 vicarius
1563 3981 1594 4032 et
1615 3981 1795 4048 procurator

1048 4063 1183 4124 uibunal
1198 4070 1396 4141 component,
1412 4078 1473 4140 quo
1488 4079 1591 4125 coram
1613 4065 1794 4141 singillatim

1047 4158 1253 4219 discutientur
1275 4157 1408 4218 rationes
1431 4166 1463 4220 et
1478 4158 1588 4221 merita
1604 4160 1731 4222 illorum
1745 4179 1793 4224 re·

1047 4255 1240 4330 ligiosorum,
1263 4251 1315 4330 qui
1346 4252 1442 4313 tribus
1468 4252 1551 4315 bisce
1575 4257 1795 4319 sexennalibus

1048 4347 1231 4409 muneribus
1252 4361 1353 4423 nuper
1375 4345 1530 4424 perfuncti
1551 4347 1686 4423 fueraut,
1714 4351 1795 4412 talis·

1047 4459 1108 4521 que
1128 4441 1294 4502 sindicatus
1315 4439 1489 4518 explebitur
1512 4457 1565 4518 per
1587 4443 1729 4506 iudiciale
1745 4447 1794 4508 de-

1047 4543 1169 4597 cretum
1199 4532 1442 4612 approbationis,
1469 4548 1525 4596 seu
1553 4537 1793 4614 reprobationis,

1046 4629 1112 4690 sive
1130 4644 1168 4690 ex
1185 4637 1259 4702 toto,
1275 4629 1340 4689 sive
1355 4645 1393 4690 ex
1408 4637 1495 4709 parte
1510 4647 1616 4693 reram
1631 4649 1647 4692 a
1662 4633 1795 4710 singulis

1048 4734 1202 4804 gestarum
1226 4724 1257 4784 in
1284 4724 1446 4801 respectlvl
1476 4723 1698 4787 exercitatione
1727 4744 1795 4791 mu·

1047 4820 1149 4894 neris;
1177 4817 1264 4879 cuius
1292 4817 1418 4895 quidem
1440 4817 1554 4878 decreti
1580 4818 1795 4883 authenticum

1046 4912 1206 4991 exemplar
1226 4917 1360 4989 quatuor
1381 4911 1477 4972 viror.
1500 4913 1727 4989 praedictorum
1750 4916 1795 4978 iu·

1046 5007 1150 5069 dicum
1181 5003 1406 5082 subscriptione
1434 5006 1606 5080 munitum,
1637 5009 1794 5069 transmit-

1046 5109 1116 5163 tent
1131 5101 1166 5162 ad
1181 5098 1372 5177 superiorem
1396 5099 1573 5174 generalem
1597 5101 1724 5176 ordinis,
1741 5103 1794 5180 qui

1047 5210 1102 5272 pro
1124 5193 1260 5256 excussis
1281 5193 1312 5254 in
1341 5192 1496 5270 praedicto
1524 5194 1675 5256 sindicatu
1704 5195 1796 5256 ratio-

1047 5288 1150 5361 nibus,
1170 5287 1285 5348 debitas
1306 5285 1444 5361 cuilibet,
1461 5288 1510 5348 vel
1526 5303 1581 5366 pro
1597 5287 1716 5350 meritis
1732 5289 1796 5350 lau·

1047 5383 1098 5444 des
1113 5387 1144 5441 et
1160 5379 1305 5458 praemia,
1330 5380 1379 5440 vel
1402 5397 1456 5459 pro
1478 5380 1646 5442 defectibus
1669 5398 1794 5460 poenas,

1048 5473 1364 5552 reprehensionesque
1392 5490 1445 5534 sua
1474 5475 1653 5537 auctoritate
1681 5477 1797 5538 consti·

1047 5574 1124 5630 luel.

1086 5661 1154 5736 §ft
1179 5659 1314 5722 Vacante
1347 5661 1471 5722 tandem
1499 5677 1555 5739 per
1579 5662 1715 5737 obitum,
1746 5663 1795 5724 vel
1814 5673 2025 5784 ,ffifflss‘m

1046 5753 1101 5816 alia
1123 5769 1318 5832 quacumque
1339 5752 1377 5815 de
1405 5771 1492 5816 causa
1521 5755 1555 5816 in
1579 5756 1719 5816 sexennii
1742 5765 1795 5817 aut

1049 5847 1175 5909 triennii
1197 5848 1327 5909 decursu
1349 5849 1462 5928 aliquo,
1481 5849 1547 5911 sive
1564 5866 1600 5910 ex
1618 5849 1717 5910 tribus
1733 5865 1793 5910 ma-

1047 5945 1163 6008 ioribus
1192 5945 1299 6009 officiis
1327 5945 1556 6023 goar-diabatae,
1580 5945 1742 6008 vicariatus
1763 5953 1794 6010 et

1712 535 1771 611 323
1821 544 1875 609 Aa.
1889 553 1919 606 (l.
1941 550 2010 608 1787
