4722 6976
68 560 113 613 111.
127 560 154 612 C.
176 560 243 611 1819
938 576 1009 622 Plus
1030 574 1079 619 pp,
1102 570 1159 617 vn,
1285 617 1289 626 ι
1741 551 1800 616 577
1852 550 1904 604 Διὶ.
1919 551 1949 604 (1.
1970 550 2039 604 1819

274 697 366 776 plene
380 706 411 760 et
424 697 614 760 sufficienter
627 696 790 774 expressis,
812 712 845 757 ac
866 695 903 756 de
924 693 1020 754 verbo
1075 693 1174 768 gionis
1202 691 1428 772 catholicaeque
1456 693 1527 756 lidei
1556 693 1622 756 zelo
1646 692 1819 770 plurimum

274 791 309 852 ad
332 792 465 854 verbum
486 789 610 852 insertis
631 789 791 864 habentes,
814 788 875 850 illis
892 787 964 848 alias
985 786 1019 847 in
1074 787 1107 848 in
1128 787 1260 850 Domino
1286 787 1406 862 confisi,
1430 794 1522 866 teque
1542 805 1557 848 a
1580 786 1741 866 quibusvis
1768 801 1819 846 er-

273 900 329 946 suo
347 884 458 946 robore
478 883 698 962 permansuris,
723 882 758 943 ad
781 881 1019 960 praemissorum
1074 881 1375 957 communicationis,
1408 881 1618 960 suspensionis
1640 889 1670 942 ot
1691 878 1819 941 interdi-

273 977 431 1051 ellectum,
451 977 506 1039 hac
520 977 587 1038 viee
602 974 772 1050 dumtaxat,
795 972 970 1051 specialiter
989 978 1020 1032 et
1074 974 1126 1049 cti,
1148 974 1277 1053 aliisque
1299 975 1507 1038 ecclesiasticis
1521 973 1695 1047 sententiis,
1711 989 1820 1035 censu·

272 1085 417 1148 expresse
431 1070 626 1147 derogamus,
646 1068 836 1146 caeterisque
857 1065 1020 1130 contrariis
1075 1066 1117 1128 ris
1137 1076 1167 1129 et
1189 1069 1297 1146 poenis
1318 1086 1334 1129 a
1355 1069 1433 1144 iure,
1455 1069 1507 1131 vel
1528 1068 1565 1130 ab
1586 1067 1724 1142 homine,
1747 1083 1820 1145 qua-

275 1164 530 1242 quibuscumque.
1075 1163 1120 1224 vis
1141 1162 1299 1225 occasione
1316 1163 1364 1225 vel
1379 1179 1466 1225 causa
1482 1163 1560 1238 latis,
1576 1162 1602 1224 si
1617 1161 1729 1241 quibus
1743 1177 1819 1239 quo-

313 1257 425 1318 Datum
446 1257 561 1318 Romae
581 1257 661 1334 apud
677 1251 708 1317 S.
726 1254 851 1318 ldariam
873 1253 1019 1316 Maiorem
1076 1256 1243 1319 modolibet
1274 1258 1439 1319 innodatus
1465 1257 1581 1332 existis,
1611 1257 1646 1318 ad
1675 1251 1819 1317 'ellectum

274 1352 331 1413 sub
365 1351 480 1413 annulo
516 1350 675 1412 Piscatoris
704 1351 754 1412 die
785 1363 841 1411 xri.
872 1347 1018 1408 februarii
1074 1350 1284 1427 praesentium
1306 1350 1464 1413 dumtaxat
1478 1349 1751 1428 consequentibus,
1769 1349 1820 1409 ha-

275 1460 466 1520 uooooxrx„
489 1443 682 1522 pontificatus
703 1443 799 1505 nostri
825 1457 909 1504 anuo
929 1453 996 1502 arx.
1074 1458 1147 1504 rum
1168 1443 1245 1504 serie
1275 1443 1468 1506 absolventes
1490 1449 1520 1506 et
1549 1442 1724 1506 absolutum
1753 1440 1820 1504 iore

1074 1545 1252 1612 censentes,
1286 1537 1323 1598 de
1352 1535 1604 1598 respuamus
1638 1541 1819 1597 nostrorum

1075 1630 1201 1692 Sanctae
1214 1630 1370 1692 Romanae
1382 1630 1533 1692 Ecclesiae
1544 1629 1754 1694 cardinalium
1766 1643 1819 1690 ne·

529 1741 767 1750 -“-“
1075 1724 1169 1802 gociis
1202 1725 1417 1803 Propagandae
1454 1724 1540 1787 Fidei
1574 1723 1819 1802 praepositorum

904 1840 905 1846 ¹
1075 1819 1213 1895 consilio,
1238 1826 1268 1882 te
1289 1819 1448 1882 Vicarium
1470 1818 1680 1898 hpostolicum
1702 1815 1818 1896 praedi-

1074 1921 1195 1976 ctarum
1217 1913 1390 1975 insularum
1412 1930 1484 1977 cum
1505 1913 1602 1976 solitis
1623 1913 1819 1976 facultalibus

562 2010 726 2074 LXXXIV.
1074 2009 1109 2070 ad
1132 2014 1326 2070 nostramet
1348 2007 1433 2070 Sedis
1455 2008 1647 2085 hpostolicae
1673 2007 1818 2086 benepla-

698 2101 699 2104 ’
1072 2100 1172 2162 citum
1198 2101 1381 2164 auctoritate
1406 2100 1570 2179 apostolica
1597 2109 1707 2163 tenore
1733 2116 1819 2178 prae-

275 2201 439 2262 Vr'rariam
461 2198 680 2276 ,apostolicam
699 2199 734 2260 ia
756 2197 876 2262 iasalis
897 2195 1021 2260 Arneai-
1073 2194 1209 2256 sentium
1240 2195 1458 2258 constituimus
1483 2200 1515 2256 et
1544 2193 1744 2272 deputamus,
1779 2195 1819 2256 ita

314 2311 366 2357 cac
388 2291 667 2371 septemtrionalis
692 2292 837 2372 Aaplioe,
862 2291 1019 2354 Bataor'ac
1073 2295 1176 2350 tamen
1199 2296 1234 2349 ut
1254 2305 1324 2350 cum
1347 2289 1542 2351 eaeinsulae
1564 2297 1662 2350 totae
1685 2296 1745 2349 tam
1760 2289 1819 2352 dis·

313 2386 497 2465 Daciaeque
512 2385 665 2450 subiectis
678 2384 869 2464 Episcopatu
887 2385 1020 2449 Geraaa·
1072 2383 1148 2444 sitae
1168 2383 1243 2459 siut,
1265 2392 1300 2446 ut
1321 2401 1403 2446 unus
1425 2384 1549 2446 illarum
1570 2399 1678 2446 curam
1699 2383 1752 2444 vir
1768 2399 1820 2460 ge·

312 2498 376 2543 scat
398 2480 584 2543 constituit.
788 2538 790 2544 ,
1074 2491 1142 2538 rere
1163 2477 1268 2556 possit,
1291 2493 1363 2540 cum
1385 2477 1444 2539 alio
1458 2479 1552 2540 etiarn
1574 2477 1607 2538 in
1629 2481 1818 2556 posteruma

982 2591 983 2596 ¹
1074 2570 1162 2632 uobis
1194 2571 1382 2648 designando
1403 2570 1564 2648 spirituale
1592 2571 1716 2633 illarum
1739 2571 1820 2646 regi·

294 2666 410 2736 allecto
431 2666 495 2735 illio
518 2666 626 2732 iacebo
647 2664 759 2748 Buhiep
775 2666 802 2732 in
819 2664 998 2750 Episcopum
1074 2680 1146 2726 men
1158 2665 1296 2728 dividere
1309 2667 1452 2727 tenearis.
1464 2664 1641 2728 Mandantes
1656 2673 1817 2744 propterea

423 2758 584 2826 Ecclesiae
607 2758 734 2825 herren.
759 2758 869 2838 eiecto,
1072 2759 1216 2821 omuibus
1238 2767 1268 2822 et
1288 2760 1419 2836 singulis
1441 2759 1476 2820 ad
1498 2776 1574 2838 quos
1594 2768 1710 2839 spectat
1731 2776 1765 2821 ac
1786 2759 1819 2820 in

1073 2852 1215 2915 futurum
1242 2853 1402 2932 spectabit,
1425 2861 1460 2916 ut
1483 2861 1511 2916 te
1532 2855 1567 2915 ad
1600 2855 1819 2916 demandatum

520 2943 606 3012 vrbs
630 2944 689 3014 ΡΡ.
712 2944 768 3014 till.
1075 2947 1128 3009 tibi
1151 2963 1206 3025 per
1233 2956 1409 3026 praesentes
1433 2947 1545 3010 Vicarii
1573 2948 1739 3026 hpostolici
1762 2952 1818 3010 hu-

1073 3043 1206 3105 iusmodi
1227 3042 1363 3104 odicium
1384 3041 1531 3122 illiusque
1545 3042 1679 3106 liberum
1703 3043 1820 3105 exerci-

552 3132 668 3201 Diiecte
691 3133 745 3214 iiii,
1075 3137 1153 3199 tium
1176 3139 1261 3198 iuxta
1284 3144 1424 3199 tenorem
1442 3137 1653 3214 praesentium
1669 3137 1820 3216 recipiant

312 3229 440 3298 salutem
461 3236 493 3296 et
511 3229 708 3312 apostolicam
729 3228 978 3297 benedictionem.
1071 3238 1104 3292 et
1124 3229 1300 3304 admittam,
1324 3229 1443 3307 tibique
1464 3228 1497 3289 in
1518 3228 1664 3291 omnibus
1686 3231 1720 3292 ad
1738 3229 1819 3292 idem

1073 3324 1208 3386 odicium
1230 3322 1460 3402 pertinentibus
1486 3321 1619 3395 faveant,
1642 3330 1767 3402 pareant
1789 3331 1819 3386 et

312 3423 391 3486 Cum
406 3438 461 3483 nos
473 3421 564 3484 hodie
574 3427 606 3483 te
621 3420 773 3483 Ecclesiae
784 3423 927 3497 Gerren.,
941 3437 1018 3500 quae
1073 3418 1224 3490 assistant,
1247 3421 1363 3494 tuaque
1383 3415 1516 3478 salubria
1541 3417 1659 3480 monita
1680 3423 1711 3479 et
1732 3433 1820 3481 man·

271 3517 329 3580 sub
349 3517 553 3594 patriarchatu
586 3515 796 3576 Alexandrino
821 3515 854 3577 in
882 3515 1018 3592 partibus
1072 3512 1139 3573 data
1154 3509 1818 3588 humilitersuscipianteteilicaciteradim·

271 3611 446 3673 inhdelium
461 3609 611 3682 consistit,
627 3609 659 3670 in
674 3608 860 3685 Episcopum
874 3615 904 3671 ct
919 3617 1017 3686 pasto·
1072 3609 1157 3686 plere
1179 3613 1358 3686 procurent,
1383 3605 1520 3684 alioquin
1543 3604 1732 3668 sententiam
1752 3607 1819 3670 sive

272 3719 339 3766 rem
369 3702 551 3764 auctoritate
584 3701 760 3780 apostolica.
778 3702 1016 3779 praefecerimus
1073 3717 1201 3782 poenam
1217 3717 1308 3779 quam
1326 3701 1385 3762 rite
1399 3699 1507 3762 tuleris
1522 3699 1554 3761 in
1567 3699 1709 3777 rebelles,
1720 3709 1818 3764 ratam

271 3813 342 3860 cum
364 3795 493 3856 diversis
519 3795 625 3872 gratiis
646 3802 677 3856 et
699 3795 840 3871 indultis,
871 3803 962 3874 prout
983 3797 1016 3857 in
1072 3796 1253 3859 habebimus
1268 3799 1298 3855 et
1310 3793 1467 3868 iaciemus,
1479 3799 1603 3857 auctore
1618 3795 1749 3859 Domino
1764 3812 1818 3857 nu·

271 3892 385 3954 nostris
407 3892 538 3967 desuper
560 3887 701 3950 insimili
723 3889 821 3950 torma
842 3889 944 3951 brevis
966 3905 1018 3951 ex·
1071 3898 1147 3965 stro,
1178 3905 1275 3966 usque
1302 3890 1337 3950 ad
1365 3886 1604 3950 satisfactionem
1632 3888 1818 3966 condignam

271 3984 382 4063 peditis
403 3983 512 4057 literis,
535 3997 666 4060 quarum
689 3989 830 4044 tenorem
852 3983 1018 4061 praesenti·
1071 3983 1291 4047 inviolabiliter
1322 3981 1491 4046 observari.
1525 3981 1595 4043 Non
1626 3982 1818 4044 obstantibus

271 4081 328 4142 bus
349 4077 453 4140 haberi
476 4077 620 4142 volumus
642 4091 696 4152 pro
716 4092 874 4154 expresso,
895 4075 1017 4155 plenius
1071 4076 1344 4141 constitutionibus
1364 4083 1396 4136 et
1427 4075 1674 4138 ordinationibus
1699 4085 1817 4155 aposto-

271 4172 467 4245 continetur;
490 4185 625 4248 cumque
647 4185 718 4230 ven.
743 4170 780 4231 ir.
803 4171 935 4232 Thomas
956 4172 1016 4234 (111-
1072 4172 1147 4246 licis,
1170 4171 1361 4249 caeterisque
1382 4170 1543 4232 contrariis
1557 4169 1814 4248 quibuscumque.
1901 4249 1902 4254 ἵ

272 4265 329 4327 lov
359 4263 476 4326 electus
502 4263 667 4341 Episcopus
698 4263 955 4342 Hypsopolitanus
984 4283 1017 4328 ac
1111 4265 1223 4326 Datum
1253 4263 1367 4325 Romae
1402 4263 1481 4340 apud
1513 4263 1543 4328 S.
1576 4263 1701 4327 hiarium
1726 4264 1816 4327 hiaio·

274 4356 410 4420 vicarius
432 4355 624 4434 Apostolicus
639 4357 815 4432 designatus
837 4358 872 4419 ad
889 4357 1017 4436 Septen·
1073 4373 1138 4419 reru
1160 4358 1218 4418 sub
1248 4356 1364 4418 anraulo
1393 4357 1554 4438 Piscatoris
1576 4358 1625 4420 die
1652 4373 1679 4416 v.
1712 4360 1815 4421 martii

273 4449 418 4514 trionales
450 4449 608 4510 Americae
638 4449 755 4511 insulas
788 4456 856 4511 tum
887 4451 1016 4527 angliae
1072 4465 1248 4514 anconam.
1273 4449 1471 4528 pontificatus
1492 4451 1589 4511 nostri
1611 4467 1693 4513 anno
1717 4467 1783 4514 xrx.

271 4551 338 4605 tum
361 4542 454 4603 etiam
476 4541 801 4621 Bataviaeilaniaeque
815 4543 924 4606 ditioni
946 4547 1017 4608 sub

270 4637 372 4711 iectas,
388 4635 426 4698 ob
440 4634 600 4696 adversam
621 4635 832 4699 valetudinem
851 4641 1016 4701 commisso

269 4730 327 4792 sibi
342 4729 466 4791 muneri
482 4729 624 4791 obeundo
640 4729 739 4807 impar
753 4733 895 4809 evaserit,
912 4735 1016 4810 proin-

269 4824 368 4903 deque
379 4824 417 4884 ab
431 4823 537 4884 eodem
549 4839 581 4884 se
595 4832 705 4901 sponte
720 4824 917 4905 abdicaverim
930 4845 1015 4890 aum·

270 4933 330 4996 que
350 4931 549 4994 summopere
579 4919 720 4996 expediat
742 4919 836 4982 alium
868 4921 911 4982 ilii
932 4923 1015 4984 suih-

270 5027 351 5087 cere‚
367 5013 420 5088 oui
435 5011 563 5073 iliorum
585 5013 724 5074 fidelium
746 5015 892 5076 omnibus
907 5017 1016 5088 ,Eccle-

269 5107 329 5168 siae
340 5104 498 5182 praesidiis
508 5107 680 5167 carentium
702 5123 808 5168 curam
820 5107 939 5186 habeat,
953 5111 1015 5174 loca
1363 5113 1515 5177 LXXXV.

271 5201 384 5275 visitet,
401 5199 613 5277 operariorum
630 5199 822 5264 deficientiae
840 5206 1014 5283 prospiciat,

270 5296 477 5374 ecclesiaeque
491 5295 684 5372 disciplinam
708 5299 912 5376 uariequapue
928 5301 1014 5361 resti·
1070 5301 1232 5380 synodum
1253 5303 1506 5380 patriarchalem
1525 5305 1765 5368 Maronitarum
1781 5307 1816 5367 ira

271 5398 349 5452 tuat:
368 5388 1015 5472 nosauditoven.iratreGuiilelmol'oyn-
1110 5397 1305 5458 monasterio
1336 5396 1367 5459 S.
1392 5399 1515 5460 Mariae
1541 5399 1578 5460 dc
1603 5399 1720 5462 Loaisa
1743 5398 1816 5460 cele-

271 5490 318 5544 ter
349 5484 497 5561 Episcopo
526 5483 659 5545 Haliensi
692 5481 811 5545 Vicario
843 5489 1015 5561 hpostolico
1109 5487 1818 5572 brocariacamaccretamsuoapcacP.—

269 5577 413 5653 Londini,
428 5594 461 5639 ac
475 5577 654 5640 dimissione
668 5579 814 5656 praedicti
829 5579 936 5642 Gillov
950 5599 1015 5642 sus·
1110 5583 1144 5644 ll.
1159 5580 1314 5660 approbat
1322 5605 1335 5656 ;
1347 5583 1473 5645 adiecta
1485 5587 1816 5648 acconamaatcotr'oar

270 5670 374 5748 cepta,
396 5669 433 5732 de
466 5670 517 5731 tua
545 5673 668 5748 pietate,
697 5671 872 5749 prudentii,
899 5675 1013 5752 studio,
1110 5678 1143 5738 in
1165 5677 1419 5756 adunandasque
1440 5679 1633 5740 monialium
1654 5679 1743 5742 aedos
1766 5679 1814 5742 ia-

271 5763 459 5840 integritare,
482 5763 642 5840 vigilantia
665 5782 697 5828 ac
719 5766 903 5829 christianae
933 5768 1014 5831 Reli·
1109 5769 1308 5850 predicatur
1328 5773 1340 5851 (
1362 5773 1384 5850 ).

311 5982 339 6040 ll)
354 5981 416 6028 vide
430 5984 533 6029 collect.
549 5985 689 6030 Laceuseua
704 5984 754 6030 vol.
769 5987 809 6040 11.,
823 5997 847 6041 p.
862 5988 908 6031 575.

376 6103 428 6150 iar.
446 6105 514 6152 Parit.
530 6105 562 6154 vic'
574 6107 648 6168 Prop.
665 6106 727 6154 Fide
741 6108 822 6155 Partis
836 6111 855 6155 l.
870 6109 922 6156 vol.
939 6111 976 6157 lv.
