4734 7004
89 597 123 648 la.
133 589 154 640 G.
170 583 227 636 1760

250 716 320 778 licae
340 717 427 780 Sedis
456 721 592 796 caritate,
615 739 674 802 qua
696 721 743 783 nti
764 729 863 784 mater
884 735 989 781 aman·

249 810 361 872 tissima
388 813 492 876 fideles
513 824 640 878 cunctos
659 816 718 878 sibi
744 817 859 891 unitos,
882 832 987 894 qnam-

248 905 361 966 tnmvis
392 906 505 969 diversi
536 908 600 971 sint
632 909 720 984 ritus,
749 910 782 971 iu
803 910 874 972 sinu
901 909 985 971 etin

247 996 338 1060 oculis
368 1015 492 1078 semper
522 1001 619 1078 gerit3
650 1011 742 1081 atque
772 1003 985 1080 sperabamus,

247 1101 279 1154 nt
299 1093 331 1154 in
353 1095 481 1158 vinculo
502 1098 635 1160 caritatis
656 1104 689 1161 et
711 1115 834 1160 morum
855 1097 987 1176 discipli·

246 1203 282 1247 na
302 1186 359 1264 ipsi
386 1204 510 1267 quoquc
538 1191 659 1254 firmius
685 1193 837 1254 contineri
866 1192 986 1254 debuis-

244 1289 324 1342 sent:
349 1283 548 1347 nihilosecius
570 1284 749 1362 apostolicae
771 1284 986 1346 sollicitudinis

245 1391 408 1452 memores,
425 1378 477 1440 ubi
499 1379 536 1440 de
559 1379 641 1440 hisce
663 1378 805 1440 omnibus
827 1377 917 1439 latias
941 1378 985 1440 in-

243 1470 351 1532 structi
373 1470 525 1534 lacrimas
542 1481 605 1534 tam
630 1472 667 1532 ab
683 1471 918 1550 archiepiscopo
931 1471 985 1535 hii·

242 1563 410 1627 tilenarnm
432 1565 560 1628 Romam
581 1567 723 1644 proxime
744 1566 894 1638 redituro,
919 1572 985 1627 tam

242 1674 314 1720 vero
336 1660 374 1722 ab
396 1659 550 1738 Ephesiae
565 1659 596 1722 in
611 1660 679 1722 eius
700 1659 802 1720 locum
819 1659 909 1720 isthic
923 1658 986 1721 sui-

240 1751 331 1828 lecto,
354 1753 394 1815 de
414 1754 450 1814 iis
471 1753 616 1816 remediis
637 1753 743 1815 sedulo
769 1752 983 1829 cogitabimus,

240 1847 447 1926 alstipulante
479 1847 735 1924 congregationis
763 1847 846 1910 Fidei
874 1845 984 1925 Propa-

239 1941 357 2016 gandae
377 1941 518 2016 consilio,
540 1957 618 2019 qnae
639 1939 673 2002 ad
703 1941 892 2003 orthodoxae
914 1939 983 2002 fidei

237 2034 420 2110 puritatem,
443 2044 474 2096 et
495 2035 727 2098 ecclesiasticam
743 2033 935 2113 disciplinam
951 2034 983 2095 iu

237 2143 273 2188 eo
287 2128 374 2190 clero
396 2130 678 2208 redintegrandam,
691 2128 865 2192 conducere
887 2127 984 2203 magis

237 2222 267 2281 in
290 2222 428 2286 Domino
448 2227 703 2289 existimabimus.

92 2329 220 2392 armant·
274 2319 294 2394 ὃ
317 2320 348 2383 6.
372 2321 485 2396 Quinto
506 2321 692 2400 rogasqaht
716 2320 869 2399 Episcopis
891 2335 983 2396 agen·

82 2385 222 2499 ffl‘lq'a‘rssl}
237 2415 311 2476 dum
336 2415 388 2490 sit,
411 2415 462 2477 nbi
484 2415 655 2478 secundam
677 2415 787 2494 patrias
810 2417 893 2492 leges
908 2416 985 2494 peti-

81 2493 222 2604 {lllllfflg
238 2517 289 2568 tur
309 2507 438 2570 incultas
468 2511 666 2572 construendi
698 2511 901 2587 repat-andire
926 2509 983 2571 lle·

84 2598 221 2650 inuenerat,
238 2602 405 2664 braeornm
432 2620 619 2682 synagogam
649 2604 741 2666 times
765 2605 861 2678 enim,
883 2605 908 2664 si
930 2619 982 2665 ne-

84 2651 222 2759 ffifffffiffi
238 2697 384 2773 gaverint
406 2697 441 2758 iis
463 2699 686 2760 detrimontum
714 2696 835 2771 inferri,
858 2698 910 2777 qui
933 2713 983 2776 pe-

86 2761 222 2878 Ξῖώιῗιιιῗῖἷῗιῖ
238 2791 346 2852 ennias
366 2807 434 2853 snas
457 2789 573 2853 ludaeis
595 2791 804 2864 munerantur,
822 2789 982 2869 Synagoga

87 2863 221 2978 ᾗῇξῗῖξξῃξ
238 2885 561 2959 lideiubente,ne,hac
571 2883 796 2964 dirumperent
807 2884 983 2948 debitorum

85 2974 157 3023 aem
237 2995 367 3042 nomen.
381 2977 510 3041 Difficile
521 2977 687 3040 admodum
698 2987 743 3040 est
755 2980 896 3058 petitioni
911 2980 984 3043 huic

234 3072 418 3134 affirmando
445 3077 498 3134 ant
519 3071 661 3148 negando
690 3077 757 3133 tuto
778 3075 981 3150 respondere,

234 3185 337 3247 quum
368 3167 553 3245 quandoque
579 3181 617 3226 ex
643 3165 849 3244 peculiaribus
875 3181 982 3228 rernm

234 3259 478 3324 circumstantiis
496 3258 524 3319 id
541 3257 679 3337 permitti
696 3274 730 3318 ac
746 3258 879 3320 tollerari
895 3275 982 3338 posse

235 3354 393 3416 videatur:
418 3351 620 3430 quamobrem
643 3348 784 3412 fatuam
807 3351 980 3428 hortamur,

235 3457 267 3510 ut
281 3446 501 3525 quaestionem
513 3445 592 3506 banc
607 3443 797 3506 enucleatius
817 3461 979 3524 proponas,

233 3549 310 3603 tunc
334 3541 419 3602 enim
440 3539 593 3612 eamdem,
610 3537 724 3599 voeatis
745 3538 838 3599 etiam
862 3539 892 3602 in
907 3556 980 3602 con·

232 3633 342 3698 silium
358 3648 453 3694 venn.
469 3632 615 3694 iratribus
631 3632 745 3694 nostris
766 3630 796 3693 S.
809 3633 844 3695 ll.
856 3634 891 3695 E.
910 3634 980 3697 Car·

232 3728 389 3792 dinalibus
411 3725 442 3790 S.
465 3724 573 3800 Officii,
597 3726 768 3787 accuratius
790 3729 979 3805 perpendere

232 3821 351 3886 licebit.
368 3821 488 3882 interea
503 3818 688 3880 fraternitati
704 3823 774 3881 tuae
793 3821 825 3882 in
840 3831 978 3883 mentem

232 3917 377 3979 ducimus
392 3913 596 3975 revocandam
612 3911 802 3990 lincyclicam
819 3915 977 3992 epistolam

231 4008 392 4072 Benedicti
420 4005 498 4069 xlv.
528 4007 649 4084 saepius
675 4006 800 4080 laudati,
827 4008 885 4069 diei
913 4023 976 4070 ιιι.

231 4103 312 4165 iunii
337 4117 467 4164 annom.
484 4101 519 4162 ad
543 4100 631 4160 istius
645 4099 734 4176 regni
752 4099 914 4179 Episcopos
929 4101 978 4163 da·

232 4204 308 4270 tam,
323 4195 374 4258 nbi
390 4209 423 4254 ea
439 4192 553 4266 omnia,
569 4207 647 4270 qnae
662 4191 830 4252 secundnm
854 4209 911 4256 sac.
923 4194 977 4257 Ca-

230 4304 354 4352 nonnm
377 4286 500 4363 regulas
521 4293 700 4362 vestrasque
721 4287 880 4364 synodicas
895 4288 977 4366 leges

229 4377 975 4458 Hebraeisvetitasunt,doctissimedemonstrat,

229 4485 326 4555 atque
346 4472 536 4550 illudipsum
550 4469 645 4545 dolet,
661 4470 742 4549 quod
764 4471 856 4534 modo
877 4489 977 4537 enan·

228 4571 315 4633 ciant
338 4568 459 4629 litterae
482 4573 563 4639 tuae,
580 4564 691 4626 locatas
713 4577 825 4643 nempe
839 4567 977 4629 christia·

229 4678 348 4726 norum
374 4659 519 4738 pecunias
546 4673 639 4736 snper
662 4661 827 4737 synagogis
856 4661 977 4723 iudaeo-

229 4773 316 4830 rum,
340 4753 424 4817 unde
451 4754 497 4827 m,
521 4759 555 4814 ut
578 4759 622 4814 tot
643 4753 705 4814 sint
732 4769 906 4831 synagogae
929 4773 977 4833 pa-

230 4850 328 4926 troni,
344 4854 419 4926 quot
432 4853 507 4908 sunt
521 4847 699 4922 creditores3
712 4846 791 4908 hanc
805 4849 844 4910 ob
854 4864 975 4911 cansam

229 4944 455 5023 Episcopornm
476 4938 666 5016 vigilantiam
689 4941 822 5001 excitare
843 4943 974 5017 studuit,

229 5045 263 5099 ut
278 5035 377 5097 verbo
395 5041 424 5095 et
446 5032 588 5109 exemplo
603 5033 761 5107 (lacerent,
774 5034 975 5099 christianum

229 5127 380 5210 populum
399 5141 509 5190 cavere
530 5142 546 5185 a
568 5127 748 5189 iudaeorum
770 5131 974 5205 commerciis,

229 5230 259 5286 et
280 5223 447 5302 praecipue
473 5235 535 5282 non
565 5220 705 5281 sinerent
730 5221 871 5283 ecclesias
899 5223 975 5300 pias·

230 5333 291 5395 qne
310 5317 417 5378 (lomus
431 5315 577 5391 pecunias
596 5329 665 5374 snas
680 5315 844 5391 synagogis
858 5314 973 5378 iaenori

230 5410 320 5485 dare3
345 5416 418 5469 tnnc
439 5406 526 5467 enim
547 5405 734 5483 sperandum
755 5405 833 5468 toret
855 5415 890 5469 nt
907 5407 974 5470 laici

231 5502 325 5563 etiam
347 5501 384 5563 ab
405 5499 557 5562 eiusmodi
572 5498 674 5559 usuris
689 5515 704 5557 a
722 5501 885 5577 synagogis
906 5517 974 5579 per-

231 5595 380 5673 cipiendis
402 5598 651 5654 removerentur.

72 5679 216 5738 creatione
270 5689 290 5762 ἓ
311 5687 339 5749 7.
364 5686 503 5763 Denique
526 5685 560 5747 ad
577 5684 764 5746 desiderium
787 5685 874 5762 illnd,
891 5687 972 5764 quod

68 5738 166 5837 il'tssflnr‘i'
178 5751 217 5839 1²²2ss
231 5785 356 5860 spectat,
380 5780 425 5841 de·
440 5775 602 5839 retinendo
617 5776 650 5838 in
665 5777 817 5855 obsequiis
840 5779 912 5840 nori
935 5781 974 5841 h-

898 601 1041 646 oteness
1064 603 1133 651 xttt.

1729 593 1769 656 pp
1818 588 2004 644 nauatam

1045 724 1181 800 postolici
1214 726 1326 790 Nnncii
1355 727 1466 791 dilecto
1497 729 1561 792 tilio
1592 727 1786 804 Evangelista
1806 735 1897 804 tonans
1934 739 2018 798 retnis

1045 815 1246 894 Stephanino,
1263 821 1316 898 qui
1339 823 1485 884 auditoris
1507 837 1639 884 manere
1655 821 1787 882 laudabi-
1806 792 2020 906 Hgffissffliffi

1044 909 1115 972 liter
1135 912 1193 974 snb
1207 912 1291 976 illins
1306 921 1496 978 antecessore
1518 913 1645 978 iunctus
1666 921 1723 988 est,
1740 929 1787 976 ae·

1043 1018 1140 1081 quum
1163 1006 1252 1068 nobis
1273 1007 1376 1070 visum
1398 1023 1461 1070 nan
1484 1017 1540 1084 est,
1564 1024 1636 1070 ven.
1660 1006 1785 1070 tratrem

1044 1097 1317 1177 archiepiscopum
1330 1100 1520 1178 Ephesinnm
1531 1117 1566 1161 en
1577 1100 1719 1163 libertate
1731 1102 1788 1180 pri-

1043 1187 1120 1263 vari,
1143 1208 1202 1269 qna
1226 1193 1338 1271 reliqui
1360 1194 1525 1271 Apostolici
1547 1193 1659 1256 Nancii
1682 1194 1713 1256 in
1735 1210 1788 1254 aa·

1043 1283 1150 1344 clitoris
1164 1285 1212 1345 sai
1228 1285 1348 1348 delectu
1364 1287 1513 1348 hactenus
1535 1287 1580 1350 usi
1602 1293 1693 1363 sunt;
1709 1286 1786 1349 illud

1045 1383 1147 1438 tamen
1170 1387 1331 1456 procerte
1352 1380 1487 1442 habeatis
1508 1381 1670 1455 volamus,
1693 1379 1786 1442 talem

1043 1485 1115 1530 enm
1137 1470 1193 1532 sibi
1217 1471 1366 1549 adlegisse
1393 1473 1600 1549 sacerdotem,
1623 1473 1785 1548 natalibus,

1043 1564 1192 1638 doctrina,
1208 1565 1382 1642 prudentia,
1399 1581 1585 1646 morumque
1606 1568 1787 1645 integritate

1042 1665 1205 1732 ornatum,
1235 1657 1359 1735 qualem
1390 1659 1476 1722 vobis
1507 1676 1633 1740 quoqne
1664 1671 1788 1738 gratnm

1041 1758 1263 1829 acceptumque
1288 1751 1353 1814 iore
1380 1753 1574 1816 confidimus.
1607 1754 1686 1816 llaec
1713 1765 1787 1818 sunt

1041 1858 1117 1919 quae
1140 1842 1238 1905 literis
1260 1845 1321 1906 tuis
1335 1843 1482 1906 unximus
1505 1848 1727 1924 respondenda,
1744 1856 1786 1909 at·

1041 1952 1103 2013 que
1125 1937 1240 1998 interea
1255 1938 1450 2015 apostolicam
1467 1939 1713 2002 benedictionem
1732 1957 1785 2002 uo-

1040 2036 1136 2090 stram
1168 2028 1352 2092 fraternitati
1385 2040 1456 2094 tuae
1480 2031 1608 2111 aliisque
1632 2034 1786 2114 Episcopis

1042 2131 1237 2199 peramanter
1258 2123 1418 2201 largimur.

1080 2217 1192 2278 Datnm
1216 2217 1342 2292 Romae,
1372 2217 1451 2296 apud
1482 2219 1511 2284 S.
1541 2220 1667 2283 hieriam
1695 2222 1785 2282 hlaio-

1040 2326 1119 2385 rem,
1141 2311 1199 2373 sab
1214 2311 1329 2373 annulo
1343 2312 1514 2388 Piscatoris,
1531 2316 1582 2376 die
1602 2329 1693 2377 xxxa.
1711 2316 1784 2378 maii

1041 2419 1193 2479 noceam,
1217 2404 1413 2482 pontificatus
1435 2407 1533 2466 nostri
1554 2423 1636 2469 anno
1656 2425 1690 2469 ιι.

1372 2879 1450 2944 XVl.

1041 3063 1191 3128 Declarat
1205 3064 1434 3130 abdicationem
1450 3069 1704 3134 Patriarcltatna
1719 3074 1782 3137 An-

1080 3157 1220 3222 ttacbent
1234 3161 1670 3228 Graecorum-Melcltitnram
1685 3186 1704 3230 a
1725 3167 1783 3246 Cn·

1079 3253 1155 3315 rillo
1168 3255 1225 3317 ΙΙΙ.
1244 3257 1367 3334 [actam
1382 3257 1508 3320 nullam
1523 3259 1624 3338 petrea
1640 3261 1783 3338 deficien-

1079 3351 1109 3406 te
1130 3363 1283 3409 consensa
1308 3348 1337 3410 S.
1364 3347 1469 3422 Sedir,·
1491 3351 1625 3415 irritam
1655 3355 1781 3430 pariter

1078 3455 1142 3500 essa
1168 3439 1350 3502 electionem
1379 3443 1560 3506 Sacerdotis
1591 3444 1715 3524 lpnatii
1747 3445 1781 3507 in

1078 3531 1307 3595 Patriarcham
1322 3553 1342 3596 a
1357 3535 1524 3598 nonnullis
1540 3535 1704 3616 Episcopie
1726 3556 1782 3602 aa·

1078 3627 1176 3689 tionis
1199 3629 1332 3706 tactem,
1353 3627 1487 3690 electam
1502 3630 1635 3708 insuper
1655 3633 1690 3694 in
1711 3649 1781 3694 eae-

1076 3722 1254 3799 penaicnem
1282 3721 1472 3794 incurrisse,
1500 3730 1529 3785 et
1557 3731 1686 3787 mortno
1715 3727 1779 3790 iam

1075 3815 1178 3876 eadem
1193 3815 1446 3891 carcanensem
1461 3816 1642 3878 electionem
1654 3819 1780 3882 deectat-

1076 3915 1142 3972 tam
1162 3925 1226 3969 este
1247 3908 1288 3970 ad
1310 3907 1418 3970 Sedem
1439 3910 1653 3986 apostaticam
1674 3912 1730 3992 (l).

1229 4078 1413 4147 θιΕΜΕΝὸ
1437 4081 1495 4147 ΡΡ.
1518 4080 1586 4148 xttt.

1173 4203 1634 4272 mmmmmmm

1073 4381 1092 4455 g
1108 4380 1135 4441 l.
1151 4380 1248 4454 Quam
1260 4397 1326 4440 cara
1342 4395 1464 4458 semper
1476 4381 1569 4445 luerit
1585 4382 1774 4446 antiochena
1833 4403 2007 4452 antiochena·

1033 4474 1165 4536 Ecclesia
1180 4473 1347 4548 Romanae,
1362 4474 1393 4538 S.
1408 4475 1581 4537 innocentii
1597 4479 1632 4538 ad
1644 4476 1776 4540 Alexan·
1794 4457 1918 4567 ξῧῖξξὶῗθ
1928 4461 2008 4573 ,ἳξξῇ

1032 4570 1125 4632 atram
1146 4567 1376 4630 Antiochenam
1399 4568 1489 4629 verba
1507 4569 1580 4630 satis
1595 4571 1774 4644 ostendunt,
1794 4567 1960 4620 praestantia.

1033 4661 1085 4736 nui
1107 4659 1165 4722 hoe
1179 4675 1243 4721 unc
1257 4675 1325 4721 eam
1340 4658 1415 4720 dixit
1428 4675 1495 4720 esse
1509 4661 1677 4736 minorem,
1694 4663 1775 4739 quud

1033 4753 1083 4814 illa
1109 4753 1235 4831 quidem
1258 4752 1383 4814 Petram
1409 4753 1629 4829 Apostolorum
1660 4755 1775 4816 Princi-

1033 4861 1102 4925 pem
1124 4845 1321 4908 intransitu
1342 4845 1500 4922 possidere
1522 4847 1685 4921 meruerit,
1703 4849 1775 4910 haec

1032 4955 1106 5002 vero
1120 4944 1302 5016 susceptum
1314 4938 1401 5015 apud
1415 4954 1446 4998 re
1458 4945 1775 5018 consummatamque

1032 5033 1133 5109 gavisa
1159 5032 1264 5094 luerit.
1292 5030 1388 5093 Porro
1410 5033 1488 5094 banc
1511 5033 1549 5094 ob
1575 5049 1694 5095 causam
1717 5034 1775 5096 lio-

1032 5126 1116 5187 mani
1138 5126 1301 5188 Pontiilces
1322 5126 1495 5188 decessores
1510 5127 1607 5188 nostri
1626 5128 1775 5190 maximo·

1031 5233 1104 5296 pere
1126 5219 1220 5294 gavisi
1242 5219 1391 5293 sunt,ubi
1415 5220 1607 5282 venerabiles
1629 5221 1711 5282 illius
1727 5239 1774 5284 re·

1031 5311 1140 5389 liquies
1163 5313 1193 5373 in
1219 5311 1510 5375 Graece-metentis
1532 5329 1604 5374 vere
1631 5315 1774 5378 orthodo-

1030 5407 1088 5480 xis,
1101 5421 1245 5467 errorum
1259 5405 1493 5483 schismatisque
1510 5406 1645 5468 tenebris
1660 5408 1774 5470 discus-

1028 5499 1080 5573 sis,
1111 5499 1298 5560 reviviscere
1322 5514 1354 5559 ac
1383 5499 1581 5562 reflorescere
1609 5515 1773 5578 conspexe-

1030 5601 1114 5666 runt,
1138 5591 1239 5653 laetati
1261 5592 1400 5669 insuper,
1423 5593 1503 5670 qnod
1526 5595 1723 5670 postmodum
1740 5596 1772 5658 in

1028 5685 1193 5748 catholicae
1207 5684 1277 5746 tidei
1300 5686 1419 5748 unitate
1433 5703 1467 5748 ac
1479 5685 1610 5748 veritate
1631 5703 1773 5765 perman·

1028 5781 1136 5840 serint.

271 5995 301 6051 ll)
314 5997 351 6040 Ex
365 5993 432 6038 Ball.
448 5993 479 6038 de
494 5995 519 6037 Ρ.
535 5995 561 6038 F.
576 5993 625 6039 rol.
642 5993 691 6049 1v.,
705 6004 763 6050 pag.
779 5995 812 6038 ³1.
833 5993 895 6040 call.
910 6007 970 6040 enm
985 5999 1048 6053 Reg.
1063 5999 1120 6042 vat.
1136 5995 1275 6054 epistolar.
1290 5995 1323 6042 ad
1338 5995 1419 6054 princ.
1434 5994 1504 6041 viros
1518 5999 1545 6041 et
1559 5995 1633 6044 alios.

336 6119 387 6165 latr.
402 6117 472 6164 Pant.
488 6115 519 6162 de
535 6117 607 6176 erap.
623 6116 685 6164 Fide
698 6118 780 6164 Partis
794 6119 812 6164 l.
828 6116 882 6163 vol.
897 6121 936 6165 lv.

1652 6124 1666 6165 7
