<?xml version="1.0" encoding="UTF-8"?>
<!DOCTYPE html PUBLIC "-//W3C//DTD XHTML 1.0 Transitional//EN"
    "http://www.w3.org/TR/xhtml1/DTD/xhtml1-transitional.dtd">
<html xmlns="http://www.w3.org/1999/xhtml" xml:lang="en" lang="en">
 <head>
  <title>
</title>
<meta http-equiv="Content-Type" content="text/html;charset=utf-8" />
  <meta name='ocr-system' content='tesseract 3.04.00' />
  <meta name='ocr-capabilities' content='ocr_page ocr_carea ocr_par ocr_line ocrx_word'/>
</head>
<body>
  <div class='ocr_page' id='page_1' title='image "./iurispontificii00martgoog_0619.png"; bbox 0 0 4808 6988; ppageno 0'>
   <div class='ocr_carea' id='block_1_1' title="bbox 358 507 2369 585">
    <p class='ocr_par' dir='ltr' id='par_1_1' title="bbox 358 507 2369 585">
     <span class='ocr_line' id='line_1_1' title="bbox 358 507 2369 585; baseline 0.002 -19"><span class='ocrx_word' id='word_1_1' title='bbox 358 515 411 568; x_wconf 77' lang='lat' dir='ltr'>An.</span> <span class='ocrx_word' id='word_1_2' title='bbox 426 518 456 570; x_wconf 91' lang='lat' dir='ltr'>o.</span> <span class='ocrx_word' id='word_1_3' title='bbox 478 519 545 572; x_wconf 79' lang='lat'>1821</span> <span class='ocrx_word' id='word_1_4' title='bbox 596 522 655 585; x_wconf 71' lang='lat'>(502</span> <span class='ocrx_word' id='word_1_5' title='bbox 2153 507 2243 560; x_wconf 71' lang='lat' dir='ltr'>Aac.</span> <span class='ocrx_word' id='word_1_6' title='bbox 2262 512 2312 566; x_wconf 86' lang='grc'>33</span> <span class='ocrx_word' id='word_1_7' title='bbox 2368 537 2369 570; x_wconf 86' lang='lat' dir='ltr'>t</span> 
     </span>
    </p>
   </div>
   <div class='ocr_carea' id='block_1_2' title="bbox 1096 534 1591 581">
    <p class='ocr_par' dir='ltr' id='par_1_2' title="bbox 1096 534 1591 581">
     <span class='ocr_line' id='line_1_2' title="bbox 1096 534 1591 581; baseline -0.008 -1"><span class='ocrx_word' id='word_1_8' title='bbox 1096 535 1158 581; x_wconf 84' lang='lat' dir='ltr'>idn.</span> <span class='ocrx_word' id='word_1_9' title='bbox 1183 535 1273 580; x_wconf 84' lang='lat' dir='ltr'>PONT·</span> <span class='ocrx_word' id='word_1_10' title='bbox 1298 534 1338 578; x_wconf 76' lang='lat' dir='ltr'>be</span> <span class='ocrx_word' id='word_1_11' title='bbox 1359 535 1388 578; x_wconf 82' lang='lat' dir='ltr'>P·</span> <span class='ocrx_word' id='word_1_12' title='bbox 1413 534 1441 580; x_wconf 78' lang='lat' dir='ltr'>F·</span> <span class='ocrx_word' id='word_1_13' title='bbox 1466 535 1548 580; x_wconf 76' lang='lat' dir='ltr'>enus</span> <span class='ocrx_word' id='word_1_14' title='bbox 1571 535 1591 578; x_wconf 92' lang='lat' dir='ltr'>l.</span> 
     </span>
    </p>
   </div>
   <div class='ocr_carea' id='block_1_3' title="bbox 576 645 2129 1297">
    <p class='ocr_par' dir='ltr' id='par_1_3' title="bbox 576 645 2129 1297">
     <span class='ocr_line' id='line_1_3' title="bbox 577 645 2124 730; baseline -0.009 -12"><span class='ocrx_word' id='word_1_15' title='bbox 577 657 754 719; x_wconf 77' lang='lat' dir='ltr'>alternatim</span> <span class='ocrx_word' id='word_1_16' title='bbox 784 673 856 719; x_wconf 94' lang='lat' dir='ltr'>cum</span> <span class='ocrx_word' id='word_1_17' title='bbox 887 654 1064 720; x_wconf 78' lang='lat' dir='ltr'>Coloniensi</span> <span class='ocrx_word' id='word_1_18' title='bbox 1086 653 1321 730; x_wconf 89' lang='lat' dir='ltr'>hrchiepiscopo</span> <span class='ocrx_word' id='word_1_19' title='bbox 1377 653 1561 715; x_wconf 82' lang='lat' dir='ltr'>enuntiatae</span> <span class='ocrx_word' id='word_1_20' title='bbox 1588 652 1703 730; x_wconf 75' lang='lat' dir='ltr'>sylvae,</span> <span class='ocrx_word' id='word_1_21' title='bbox 1727 656 1819 730; x_wconf 93' lang='lat' dir='ltr'>prout</span> <span class='ocrx_word' id='word_1_22' title='bbox 1840 657 1869 710; x_wconf 89' lang='lat' dir='ltr'>ot</span> <span class='ocrx_word' id='word_1_23' title='bbox 1897 645 2017 726; x_wconf 86' lang='lat' dir='ltr'>publica</span> <span class='ocrx_word' id='word_1_24' title='bbox 2043 647 2124 707; x_wconf 90' lang='lat' dir='ltr'>bona</span> 
     </span>
     <span class='ocr_line' id='line_1_4' title="bbox 576 740 2125 828; baseline -0.009 -16"><span class='ocrx_word' id='word_1_25' title='bbox 576 757 712 828; x_wconf 88' lang='lat' dir='ltr'>spectare</span> <span class='ocrx_word' id='word_1_26' title='bbox 742 749 849 812; x_wconf 90' lang='lat' dir='ltr'>debeat</span> <span class='ocrx_word' id='word_1_27' title='bbox 876 767 909 811; x_wconf 89' lang='lat' dir='ltr'>ac</span> <span class='ocrx_word' id='word_1_28' title='bbox 936 750 1103 828; x_wconf 89' lang='lat' dir='ltr'>pertinere.</span> <span class='ocrx_word' id='word_1_29' title='bbox 1138 745 1322 808; x_wconf 76' lang='lat' dir='ltr'>Huiusmodi</span> <span class='ocrx_word' id='word_1_30' title='bbox 1379 745 1482 806; x_wconf 91' lang='lat' dir='ltr'>omuia</span> <span class='ocrx_word' id='word_1_31' title='bbox 1504 745 1592 820; x_wconf 88' lang='lat' dir='ltr'>regni</span> <span class='ocrx_word' id='word_1_32' title='bbox 1622 745 1792 814; x_wconf 90' lang='lat' dir='ltr'>Borussiae,</span> <span class='ocrx_word' id='word_1_33' title='bbox 1815 743 1853 806; x_wconf 92' lang='lat' dir='ltr'>ob</span> <span class='ocrx_word' id='word_1_34' title='bbox 1874 757 1924 802; x_wconf 89' lang='lat' dir='ltr'>aes</span> <span class='ocrx_word' id='word_1_35' title='bbox 1949 740 2087 801; x_wconf 92' lang='lat' dir='ltr'>alienum</span> <span class='ocrx_word' id='word_1_36' title='bbox 2110 755 2125 798; x_wconf 92' lang='lat' dir='ltr'>a</span> 
     </span>
     <span class='ocr_line' id='line_1_5' title="bbox 577 829 2126 924; baseline -0.008 -19"><span class='ocrx_word' id='word_1_37' title='bbox 577 854 681 906; x_wconf 89' lang='lat' dir='ltr'>autem</span> <span class='ocrx_word' id='word_1_38' title='bbox 702 844 920 924; x_wconf 73' lang='lat' dir='ltr'>capitularibus</span> <span class='ocrx_word' id='word_1_39' title='bbox 941 859 978 904; x_wconf 90' lang='lat' dir='ltr'>ex</span> <span class='ocrx_word' id='word_1_40' title='bbox 1000 841 1146 920; x_wconf 81' lang='lat' dir='ltr'>peculiari</span> <span class='ocrx_word' id='word_1_41' title='bbox 1168 838 1264 916; x_wconf 89' lang='lat' dir='ltr'>gratia</span> <span class='ocrx_word' id='word_1_42' title='bbox 1288 838 1321 898; x_wconf 96' lang='lat' dir='ltr'>li-</span> <span class='ocrx_word' id='word_1_43' title='bbox 1380 839 1531 914; x_wconf 79' lang='lat' dir='ltr'>gubernio</span> <span class='ocrx_word' id='word_1_44' title='bbox 1553 838 1705 902; x_wconf 92' lang='lat' dir='ltr'>bellorum</span> <span class='ocrx_word' id='word_1_45' title='bbox 1720 855 1807 900; x_wconf 87' lang='lat' dir='ltr'>causa</span> <span class='ocrx_word' id='word_1_46' title='bbox 1823 829 2016 899; x_wconf 87' lang='lat' dir='ltr'>contractum</span> <span class='ocrx_word' id='word_1_47' title='bbox 2030 834 2126 911; x_wconf 80' lang='lat' dir='ltr'>hypo-</span> 
     </span>
     <span class='ocr_line' id='line_1_6' title="bbox 577 925 2127 1016; baseline -0.009 -16"><span class='ocrx_word' id='word_1_48' title='bbox 577 939 709 1000; x_wconf 88' lang='lat' dir='ltr'>centiam</span> <span class='ocrx_word' id='word_1_49' title='bbox 726 937 884 1000; x_wconf 85' lang='lat' dir='ltr'>deierandi</span> <span class='ocrx_word' id='word_1_50' title='bbox 899 951 1021 1016; x_wconf 88' lang='lat' dir='ltr'>cappam</span> <span class='ocrx_word' id='word_1_51' title='bbox 1038 933 1322 1011; x_wconf 88' lang='lat' dir='ltr'>magnamsericam</span> <span class='ocrx_word' id='word_1_52' title='bbox 1381 940 1444 994; x_wconf 88' lang='lat' dir='ltr'>teca</span> <span class='ocrx_word' id='word_1_53' title='bbox 1467 941 1591 1008; x_wconf 84' lang='lat' dir='ltr'>gravata</span> <span class='ocrx_word' id='word_1_54' title='bbox 1612 939 1696 1008; x_wconf 91' lang='lat' dir='ltr'>sunt,</span> <span class='ocrx_word' id='word_1_55' title='bbox 1717 942 1809 1009; x_wconf 90' lang='lat' dir='ltr'>atque</span> <span class='ocrx_word' id='word_1_56' title='bbox 1830 931 1869 990; x_wconf 93' lang='lat' dir='ltr'>ob</span> <span class='ocrx_word' id='word_1_57' title='bbox 1891 930 1919 990; x_wconf 93' lang='lat' dir='ltr'>id</span> <span class='ocrx_word' id='word_1_58' title='bbox 1934 943 2027 1004; x_wconf 88' lang='lat' dir='ltr'>super</span> <span class='ocrx_word' id='word_1_59' title='bbox 2041 925 2127 989; x_wconf 92' lang='lat' dir='ltr'>nulla</span> 
     </span>
     <span class='ocr_line' id='line_1_7' title="bbox 578 1019 2128 1105; baseline -0.01 -12"><span class='ocrx_word' id='word_1_60' title='bbox 578 1032 704 1093; x_wconf 83' lang='lat' dir='ltr'>violacei</span> <span class='ocrx_word' id='word_1_61' title='bbox 734 1029 842 1095; x_wconf 90' lang='lat' dir='ltr'>coloris</span> <span class='ocrx_word' id='word_1_62' title='bbox 872 1030 1005 1092; x_wconf 88' lang='lat' dir='ltr'>cordulis</span> <span class='ocrx_word' id='word_1_63' title='bbox 1034 1028 1137 1091; x_wconf 90' lang='lat' dir='ltr'>sericis</span> <span class='ocrx_word' id='word_1_64' title='bbox 1163 1028 1323 1090; x_wconf 89' lang='lat' dir='ltr'>subsutum</span> <span class='ocrx_word' id='word_1_65' title='bbox 1351 1060 1353 1068; x_wconf 79' lang='lat'><em>=</em></span> <span class='ocrx_word' id='word_1_66' title='bbox 1380 1041 1486 1086; x_wconf 90' lang='lat' dir='ltr'>earum</span> <span class='ocrx_word' id='word_1_67' title='bbox 1503 1035 1715 1102; x_wconf 91' lang='lat' dir='ltr'>partecensus</span> <span class='ocrx_word' id='word_1_68' title='bbox 1731 1025 1860 1105; x_wconf 93' lang='lat' dir='ltr'>imponi,</span> <span class='ocrx_word' id='word_1_69' title='bbox 1876 1037 2048 1098; x_wconf 90' lang='lat' dir='ltr'>eorumque</span> <span class='ocrx_word' id='word_1_70' title='bbox 2064 1019 2128 1080; x_wconf 91' lang='lat' dir='ltr'>lrn-</span> 
     </span>
     <span class='ocr_line' id='line_1_8' title="bbox 579 1069 2127 1204; baseline -0.009 -18"><span class='ocrx_word' id='word_1_71' title='bbox 579 1142 649 1187; x_wconf 92' lang='lat' dir='ltr'>cum</span> <span class='ocrx_word' id='word_1_72' title='bbox 681 1126 812 1204; x_wconf 91' lang='lat' dir='ltr'>pellibus</span> <span class='ocrx_word' id='word_1_73' title='bbox 842 1122 1012 1186; x_wconf 90' lang='lat' dir='ltr'>armellinis</span> <span class='ocrx_word' id='word_1_74' title='bbox 1041 1121 1187 1201; x_wconf 83' lang='lat' dir='ltr'>hyemali,</span> <span class='ocrx_word' id='word_1_75' title='bbox 1210 1119 1324 1182; x_wconf 89' lang='lat' dir='ltr'>aestivo</span> <span class='ocrx_word' id='word_1_76' title='bbox 1351 1069 1353 1155; x_wconf 64' lang='lat' dir='ltr'>d</span> <span class='ocrx_word' id='word_1_77' title='bbox 1381 1127 1447 1181; x_wconf 92' lang='lat' dir='ltr'>ctus</span> <span class='ocrx_word' id='word_1_78' title='bbox 1469 1119 1596 1198; x_wconf 79' lang='lat' dir='ltr'>percipi,</span> <span class='ocrx_word' id='word_1_79' title='bbox 1618 1119 1699 1180; x_wconf 88' lang='lat' dir='ltr'>salva</span> <span class='ocrx_word' id='word_1_80' title='bbox 1720 1121 1789 1194; x_wconf 83' lang='grc'>333,</span> <span class='ocrx_word' id='word_1_81' title='bbox 1805 1123 1934 1196; x_wconf 91' lang='lat' dir='ltr'>possunt</span> <span class='ocrx_word' id='word_1_82' title='bbox 1948 1123 2127 1190; x_wconf 88' lang='lat' dir='ltr'>antequam,</span> 
     </span>
     <span class='ocr_line' id='line_1_9' title="bbox 580 1206 2129 1297; baseline -0.008 -19"><span class='ocrx_word' id='word_1_83' title='bbox 580 1226 682 1280; x_wconf 90' lang='lat' dir='ltr'>autem</span> <span class='ocrx_word' id='word_1_84' title='bbox 706 1228 845 1297; x_wconf 91' lang='lat' dir='ltr'>tempore</span> <span class='ocrx_word' id='word_1_85' title='bbox 871 1223 1054 1279; x_wconf 86' lang='lat' dir='ltr'>muzzettum</span> <span class='ocrx_word' id='word_1_86' title='bbox 1075 1232 1166 1294; x_wconf 91' lang='lat' dir='ltr'>supra</span> <span class='ocrx_word' id='word_1_87' title='bbox 1188 1215 1324 1276; x_wconf 93' lang='lat' dir='ltr'>rocchet-</span> <span class='ocrx_word' id='word_1_88' title='bbox 1381 1213 1548 1273; x_wconf 89' lang='lat' dir='ltr'>imminuta</span> <span class='ocrx_word' id='word_1_89' title='bbox 1570 1212 1812 1292; x_wconf 90' lang='lat' dir='ltr'>persolutiones</span> <span class='ocrx_word' id='word_1_90' title='bbox 1833 1206 2129 1288; x_wconf 89' lang='lat' dir='ltr'>aguberniocredi-</span> 
     </span>
    </p>
   </div>
   <div class='ocr_carea' id='block_1_4' title="bbox 351 1789 563 1941">
    <p class='ocr_par' dir='ltr' id='par_1_4' title="bbox 351 1789 563 1941">
     <span class='ocr_line' id='line_1_10' title="bbox 363 1789 562 1845; baseline 0 -11"><span class='ocrx_word' id='word_1_91' title='bbox 363 1789 562 1845; x_wconf 83' lang='lat' dir='ltr'>nepotatioaxe-</span> 
     </span>
     <span class='ocr_line' id='line_1_11' title="bbox 351 1844 563 1941; baseline 0.005 -52"><span class='ocrx_word' id='word_1_92' title='bbox 351 1844 447 1941; x_wconf 63' lang='lat' dir='ltr'>pppppris</span> <span class='ocrx_word' id='word_1_93' title='bbox 462 1846 563 1900; x_wconf 85' lang='lat' dir='ltr'>aposto-</span> 
     </span>
    </p>
   </div>
   <div class='ocr_carea' id='block_1_5' title="bbox 580 1305 1329 2518">
    <p class='ocr_par' dir='ltr' id='par_1_5' title="bbox 580 1305 1327 1761">
     <span class='ocr_line' id='line_1_12' title="bbox 581 1305 1326 1388; baseline -0.012 -13"><span class='ocrx_word' id='word_1_94' title='bbox 581 1321 647 1375; x_wconf 93' lang='lat' dir='ltr'>tum</span> <span class='ocrx_word' id='word_1_95' title='bbox 670 1313 865 1374; x_wconf 80' lang='lat' dir='ltr'>concedimus</span> <span class='ocrx_word' id='word_1_96' title='bbox 887 1318 917 1373; x_wconf 90' lang='lat' dir='ltr'>et</span> <span class='ocrx_word' id='word_1_97' title='bbox 939 1311 1150 1388; x_wconf 68' lang='lat' dir='ltr'>indulgemus</span> <span class='ocrx_word' id='word_1_98' title='bbox 1166 1316 1258 1384; x_wconf 91' lang='lat' dir='ltr'>atque</span> <span class='ocrx_word' id='word_1_99' title='bbox 1280 1305 1326 1368; x_wconf 92' lang='lat' dir='ltr'>ul·</span> 
     </span>
     <span class='ocr_line' id='line_1_13' title="bbox 583 1400 1326 1468; baseline -0.012 -1"><span class='ocrx_word' id='word_1_100' title='bbox 583 1407 677 1467; x_wconf 90' lang='lat' dir='ltr'>torius</span> <span class='ocrx_word' id='word_1_101' title='bbox 707 1405 880 1468; x_wconf 83' lang='lat' dir='ltr'>facultatem</span> <span class='ocrx_word' id='word_1_102' title='bbox 910 1404 1061 1466; x_wconf 87' lang='lat' dir='ltr'>condendi</span> <span class='ocrx_word' id='word_1_103' title='bbox 1082 1411 1196 1464; x_wconf 89' lang='lat' dir='ltr'>statuta</span> <span class='ocrx_word' id='word_1_104' title='bbox 1218 1400 1326 1461; x_wconf 90' lang='lat' dir='ltr'>iisdem</span> 
     </span>
     <span class='ocr_line' id='line_1_14' title="bbox 581 1491 1327 1576; baseline -0.011 -17"><span class='ocrx_word' id='word_1_105' title='bbox 581 1500 723 1560; x_wconf 89' lang='lat' dir='ltr'>modoet</span> <span class='ocrx_word' id='word_1_106' title='bbox 745 1498 853 1572; x_wconf 81' lang='lat' dir='ltr'>forma,</span> <span class='ocrx_word' id='word_1_107' title='bbox 876 1497 987 1576; x_wconf 93' lang='lat' dir='ltr'>quibus</span> <span class='ocrx_word' id='word_1_108' title='bbox 1009 1495 1047 1557; x_wconf 91' lang='lat' dir='ltr'>de</span> <span class='ocrx_word' id='word_1_109' title='bbox 1066 1493 1206 1571; x_wconf 88' lang='lat' dir='ltr'>capitulis</span> <span class='ocrx_word' id='word_1_110' title='bbox 1226 1491 1327 1554; x_wconf 88' lang='lat' dir='ltr'>cathe-</span> 
     </span>
     <span class='ocr_line' id='line_1_15' title="bbox 580 1582 1327 1667; baseline -0.009 -15"><span class='ocrx_word' id='word_1_111' title='bbox 580 1591 714 1653; x_wconf 91' lang='lat' dir='ltr'>dralium</span> <span class='ocrx_word' id='word_1_112' title='bbox 745 1591 943 1654; x_wconf 90' lang='lat' dir='ltr'>ecclesiarum</span> <span class='ocrx_word' id='word_1_113' title='bbox 972 1607 1063 1667; x_wconf 89' lang='lat' dir='ltr'>supra</span> <span class='ocrx_word' id='word_1_114' title='bbox 1085 1587 1262 1650; x_wconf 77' lang='lat' dir='ltr'>luculenter</span> <span class='ocrx_word' id='word_1_115' title='bbox 1283 1582 1327 1646; x_wconf 90' lang='lat' dir='ltr'>di·</span> 
     </span>
     <span class='ocr_line' id='line_1_16' title="bbox 580 1680 1216 1761; baseline -0.013 -14"><span class='ocrx_word' id='word_1_116' title='bbox 580 1694 666 1747; x_wconf 92' lang='lat' dir='ltr'>ctum</span> <span class='ocrx_word' id='word_1_117' title='bbox 688 1695 744 1761; x_wconf 91' lang='lat' dir='ltr'>est,</span> <span class='ocrx_word' id='word_1_118' title='bbox 768 1686 934 1748; x_wconf 85' lang='lat' dir='ltr'>tribuimus</span> <span class='ocrx_word' id='word_1_119' title='bbox 955 1693 986 1746; x_wconf 90' lang='lat' dir='ltr'>et</span> <span class='ocrx_word' id='word_1_120' title='bbox 1008 1680 1216 1759; x_wconf 82' lang='lat' dir='ltr'>impertimur.</span> 
     </span>
    </p>

    <p class='ocr_par' dir='ltr' id='par_1_6' title="bbox 582 1773 1329 2518">
     <span class='ocr_line' id='line_1_17' title="bbox 622 1773 1327 1856; baseline -0.014 -16"><span class='ocrx_word' id='word_1_121' title='bbox 622 1779 708 1854; x_wconf 74' lang='lat' dir='ltr'>§dh</span> <span class='ocrx_word' id='word_1_122' title='bbox 733 1781 766 1841; x_wconf 95' lang='lat' dir='ltr'>in</span> <span class='ocrx_word' id='word_1_123' title='bbox 788 1785 1015 1856; x_wconf 91' lang='lat' dir='ltr'>exequutorem</span> <span class='ocrx_word' id='word_1_124' title='bbox 1041 1773 1250 1853; x_wconf 88' lang='lat' dir='ltr'>praesentiunt</span> <span class='ocrx_word' id='word_1_125' title='bbox 1275 1787 1327 1832; x_wconf 93' lang='lat' dir='ltr'>no-</span> 
     </span>
     <span class='ocr_line' id='line_1_18' title="bbox 582 1864 1326 1952; baseline -0.02 -14"><span class='ocrx_word' id='word_1_126' title='bbox 582 1885 716 1938; x_wconf 90' lang='lat' dir='ltr'>strarum</span> <span class='ocrx_word' id='word_1_127' title='bbox 735 1875 897 1936; x_wconf 89' lang='lat' dir='ltr'>literarum</span> <span class='ocrx_word' id='word_1_128' title='bbox 912 1873 1100 1952; x_wconf 91' lang='lat' dir='ltr'>praedictum</span> <span class='ocrx_word' id='word_1_129' title='bbox 1116 1864 1326 1929; x_wconf 82' lang='lat' dir='ltr'>venerabilem</span> 
     </span>
     <span class='ocr_line' id='line_1_19' title="bbox 582 1961 1329 2046; baseline -0.017 -15"><span class='ocrx_word' id='word_1_130' title='bbox 582 1971 709 2031; x_wconf 82' lang='lat' dir='ltr'>fratrom</span> <span class='ocrx_word' id='word_1_131' title='bbox 742 1969 905 2046; x_wconf 86' lang='lat' dir='ltr'>losephum</span> <span class='ocrx_word' id='word_1_132' title='bbox 938 1966 1123 2044; x_wconf 80' lang='lat' dir='ltr'>Episcopum</span> <span class='ocrx_word' id='word_1_133' title='bbox 1156 1961 1329 2024; x_wconf 86' lang='lat' dir='ltr'>Warmien-</span> 
     </span>
     <span class='ocr_line' id='line_1_20' title="bbox 582 2052 1329 2139; baseline -0.016 -15"><span class='ocrx_word' id='word_1_134' title='bbox 582 2080 659 2136; x_wconf 94' lang='lat' dir='ltr'>sem,</span> <span class='ocrx_word' id='word_1_135' title='bbox 675 2064 712 2124; x_wconf 89' lang='lat' dir='ltr'>de</span> <span class='ocrx_word' id='word_1_136' title='bbox 731 2063 818 2124; x_wconf 90' lang='lat' dir='ltr'>cuius</span> <span class='ocrx_word' id='word_1_137' title='bbox 834 2062 1006 2138; x_wconf 87' lang='lat' dir='ltr'>prudentia,</span> <span class='ocrx_word' id='word_1_138' title='bbox 1023 2057 1160 2139; x_wconf 80' lang='lat' dir='ltr'>doctrina</span> <span class='ocrx_word' id='word_1_139' title='bbox 1175 2064 1267 2132; x_wconf 92' lang='lat' dir='ltr'>atque</span> <span class='ocrx_word' id='word_1_140' title='bbox 1282 2052 1329 2113; x_wconf 96' lang='lat' dir='ltr'>in-</span> 
     </span>
     <span class='ocr_line' id='line_1_21' title="bbox 583 2146 1329 2234; baseline -0.021 -14"><span class='ocrx_word' id='word_1_141' title='bbox 583 2158 725 2234; x_wconf 87' lang='lat' dir='ltr'>tegritate</span> <span class='ocrx_word' id='word_1_142' title='bbox 744 2156 910 2234; x_wconf 89' lang='lat' dir='ltr'>plurimam</span> <span class='ocrx_word' id='word_1_143' title='bbox 926 2155 958 2214; x_wconf 95' lang='lat' dir='ltr'>in</span> <span class='ocrx_word' id='word_1_144' title='bbox 975 2152 1104 2214; x_wconf 85' lang='lat' dir='ltr'>Dourino</span> <span class='ocrx_word' id='word_1_145' title='bbox 1120 2147 1263 2211; x_wconf 84' lang='lat' dir='ltr'>fiduciam</span> <span class='ocrx_word' id='word_1_146' title='bbox 1278 2146 1329 2206; x_wconf 84' lang='lat' dir='ltr'>ha-</span> 
     </span>
     <span class='ocr_line' id='line_1_22' title="bbox 584 2241 1326 2327; baseline -0.015 -16"><span class='ocrx_word' id='word_1_147' title='bbox 584 2252 710 2324; x_wconf 91' lang='lat' dir='ltr'>bemus,</span> <span class='ocrx_word' id='word_1_148' title='bbox 741 2264 886 2327; x_wconf 83' lang='lat' dir='ltr'>expresse</span> <span class='ocrx_word' id='word_1_149' title='bbox 917 2247 1135 2318; x_wconf 88' lang='lat' dir='ltr'>nominamus,</span> <span class='ocrx_word' id='word_1_150' title='bbox 1166 2241 1326 2319; x_wconf 84' lang='lat' dir='ltr'>eligimus,</span> 
     </span>
     <span class='ocr_line' id='line_1_23' title="bbox 583 2339 1329 2419; baseline -0.008 -15"><span class='ocrx_word' id='word_1_151' title='bbox 583 2346 800 2409; x_wconf 87' lang='lat' dir='ltr'>constituimus</span> <span class='ocrx_word' id='word_1_152' title='bbox 815 2353 846 2408; x_wconf 81' lang='lat' dir='ltr'>at</span> <span class='ocrx_word' id='word_1_153' title='bbox 861 2341 1054 2419; x_wconf 71' lang='lat' dir='ltr'>deputamus</span> <span class='ocrx_word' id='word_1_154' title='bbox 1069 2339 1233 2416; x_wconf 83' lang='lat' dir='ltr'>eidemque</span> <span class='ocrx_word' id='word_1_155' title='bbox 1247 2353 1329 2400; x_wconf 89' lang='lat' dir='ltr'>com-</span> 
     </span>
     <span class='ocr_line' id='line_1_24' title="bbox 584 2433 1329 2518; baseline -0.019 -13"><span class='ocrx_word' id='word_1_156' title='bbox 584 2445 749 2517; x_wconf 87' lang='lat' dir='ltr'>mittimus,</span> <span class='ocrx_word' id='word_1_157' title='bbox 773 2449 807 2504; x_wconf 91' lang='lat' dir='ltr'>ut</span> <span class='ocrx_word' id='word_1_158' title='bbox 831 2439 1002 2518; x_wconf 87' lang='lat' dir='ltr'>supradicta</span> <span class='ocrx_word' id='word_1_159' title='bbox 1031 2438 1134 2498; x_wconf 93' lang='lat' dir='ltr'>omnia</span> <span class='ocrx_word' id='word_1_160' title='bbox 1156 2445 1187 2497; x_wconf 94' lang='lat' dir='ltr'>et</span> <span class='ocrx_word' id='word_1_161' title='bbox 1208 2433 1329 2509; x_wconf 91' lang='lat' dir='ltr'>singula</span> 
     </span>
    </p>
   </div>
   <div class='ocr_carea' id='block_1_6' title="bbox 536 2529 1328 2614">
    <p class='ocr_par' dir='ltr' id='par_1_7' title="bbox 536 2529 1328 2614">
     <span class='ocr_line' id='line_1_25' title="bbox 536 2529 1328 2614; baseline -0.02 -13"><span class='ocrx_word' id='word_1_162' title='bbox 536 2561 538 2570; x_wconf 93' lang='lat'>·</span> <span class='ocrx_word' id='word_1_163' title='bbox 584 2557 599 2600; x_wconf 92' lang='lat' dir='ltr'>a</span> <span class='ocrx_word' id='word_1_164' title='bbox 615 2538 701 2598; x_wconf 89' lang='lat' dir='ltr'>nobis</span> <span class='ocrx_word' id='word_1_165' title='bbox 713 2535 854 2614; x_wconf 91' lang='lat' dir='ltr'>disposita</span> <span class='ocrx_word' id='word_1_166' title='bbox 870 2537 904 2594; x_wconf 92' lang='lat' dir='ltr'>ad</span> <span class='ocrx_word' id='word_1_167' title='bbox 918 2532 1137 2611; x_wconf 91' lang='lat' dir='ltr'>praestitutum</span> <span class='ocrx_word' id='word_1_168' title='bbox 1154 2529 1249 2590; x_wconf 84' lang='grc'>33333</span> <span class='ocrx_word' id='word_1_169' title='bbox 1262 2543 1328 2604; x_wconf 91' lang='lat' dir='ltr'>per-</span> 
     </span>
    </p>
   </div>
   <div class='ocr_carea' id='block_1_7' title="bbox 358 4044 570 4262">
    <p class='ocr_par' dir='ltr' id='par_1_8' title="bbox 358 4044 570 4262">
     <span class='ocr_line' id='line_1_26' title="bbox 393 4044 570 4090; baseline -0.006 -1"><span class='ocrx_word' id='word_1_170' title='bbox 393 4044 492 4090; x_wconf 76' lang='grc'>0333333</span> <span class='ocrx_word' id='word_1_171' title='bbox 513 4054 570 4089; x_wconf 87' lang='grc'>333-</span> 
     </span>
     <span class='ocr_line' id='line_1_27' title="bbox 358 4107 570 4262; baseline -0.066 -65"><span class='ocrx_word' id='word_1_172' title='bbox 358 4107 570 4262; x_wconf 56' lang='lat' dir='ltr'>{blithildis</span> 
     </span>
    </p>
   </div>
   <div class='ocr_carea' id='block_1_8' title="bbox 584 2627 1370 5818">
    <p class='ocr_par' dir='ltr' id='par_1_9' title="bbox 584 2627 1334 4026">
     <span class='ocr_line' id='line_1_28' title="bbox 584 2627 1330 2710; baseline -0.013 -17"><span class='ocrx_word' id='word_1_173' title='bbox 584 2633 685 2706; x_wconf 79' lang='grc'>33333,</span> <span class='ocrx_word' id='word_1_174' title='bbox 708 2640 800 2710; x_wconf 91' lang='lat' dir='ltr'>atque</span> <span class='ocrx_word' id='word_1_175' title='bbox 829 2629 944 2707; x_wconf 88' lang='lat' dir='ltr'>pariter</span> <span class='ocrx_word' id='word_1_176' title='bbox 965 2629 999 2690; x_wconf 90' lang='lat' dir='ltr'>ad</span> <span class='ocrx_word' id='word_1_177' title='bbox 1022 2627 1165 2688; x_wconf 88' lang='lat' dir='ltr'>ellectum</span> <span class='ocrx_word' id='word_1_178' title='bbox 1189 2632 1330 2684; x_wconf 88' lang='lat' dir='ltr'>vacantes</span> 
     </span>
     <span class='ocr_line' id='line_1_29' title="bbox 584 2716 1330 2798; baseline -0.016 -10"><span class='ocrx_word' id='word_1_179' title='bbox 584 2725 725 2788; x_wconf 89' lang='lat' dir='ltr'>ecclesias</span> <span class='ocrx_word' id='word_1_180' title='bbox 746 2725 784 2786; x_wconf 92' lang='lat' dir='ltr'>de</span> <span class='ocrx_word' id='word_1_181' title='bbox 804 2723 920 2784; x_wconf 87' lang='lat' dir='ltr'>idoneis</span> <span class='ocrx_word' id='word_1_182' title='bbox 941 2719 1124 2798; x_wconf 89' lang='lat' dir='ltr'>pastoribus,</span> <span class='ocrx_word' id='word_1_183' title='bbox 1139 2733 1218 2795; x_wconf 82' lang='grc'>3333</span> <span class='ocrx_word' id='word_1_184' title='bbox 1232 2716 1330 2792; x_wconf 90' lang='lat' dir='ltr'>prima</span> 
     </span>
     <span class='ocr_line' id='line_1_30' title="bbox 585 2813 1330 2893; baseline -0.02 -11"><span class='ocrx_word' id='word_1_185' title='bbox 585 2821 748 2882; x_wconf 84' lang='lat' dir='ltr'>necessitas</span> <span class='ocrx_word' id='word_1_186' title='bbox 772 2825 829 2892; x_wconf 91' lang='lat' dir='ltr'>est,</span> <span class='ocrx_word' id='word_1_187' title='bbox 851 2817 911 2878; x_wconf 92' lang='lat' dir='ltr'>cito</span> <span class='ocrx_word' id='word_1_188' title='bbox 938 2813 1131 2893; x_wconf 92' lang='lat' dir='ltr'>providendi,</span> <span class='ocrx_word' id='word_1_189' title='bbox 1154 2819 1184 2874; x_wconf 90' lang='lat' dir='ltr'>et</span> <span class='ocrx_word' id='word_1_190' title='bbox 1206 2817 1330 2873; x_wconf 89' lang='lat' dir='ltr'>cunctas</span> 
     </span>
     <span class='ocr_line' id='line_1_31' title="bbox 586 2908 1331 2976; baseline -0.017 0"><span class='ocrx_word' id='word_1_191' title='bbox 586 2931 634 2976; x_wconf 89' lang='lat' dir='ltr'>res</span> <span class='ocrx_word' id='word_1_192' title='bbox 650 2912 864 2974; x_wconf 89' lang='lat' dir='ltr'>ecclesiasticas</span> <span class='ocrx_word' id='word_1_193' title='bbox 878 2909 914 2970; x_wconf 88' lang='lat' dir='ltr'>ad</span> <span class='ocrx_word' id='word_1_194' title='bbox 930 2908 1091 2970; x_wconf 89' lang='lat' dir='ltr'>meliorem</span> <span class='ocrx_word' id='word_1_195' title='bbox 1107 2912 1222 2968; x_wconf 90' lang='lat' dir='ltr'>statum</span> <span class='ocrx_word' id='word_1_196' title='bbox 1237 2913 1268 2964; x_wconf 90' lang='lat' dir='ltr'>et</span> <span class='ocrx_word' id='word_1_197' title='bbox 1282 2920 1331 2964; x_wconf 90' lang='lat' dir='ltr'>or·</span> 
     </span>
     <span class='ocr_line' id='line_1_32' title="bbox 585 2999 1330 3080; baseline -0.017 -10"><span class='ocrx_word' id='word_1_198' title='bbox 585 3008 689 3070; x_wconf 90' lang='lat' dir='ltr'>dinem</span> <span class='ocrx_word' id='word_1_199' title='bbox 720 3004 897 3078; x_wconf 90' lang='lat' dir='ltr'>revocandi,</span> <span class='ocrx_word' id='word_1_200' title='bbox 920 3001 1071 3080; x_wconf 90' lang='lat' dir='ltr'>quaslibet</span> <span class='ocrx_word' id='word_1_201' title='bbox 1099 2999 1238 3063; x_wconf 87' lang='lat' dir='ltr'>ecclesias</span> <span class='ocrx_word' id='word_1_202' title='bbox 1260 3014 1330 3059; x_wconf 92' lang='lat' dir='ltr'>con-</span> 
     </span>
     <span class='ocr_line' id='line_1_33' title="bbox 586 3093 1329 3178; baseline -0.013 -17"><span class='ocrx_word' id='word_1_203' title='bbox 586 3117 662 3178; x_wconf 87' lang='lat' dir='ltr'>grua</span> <span class='ocrx_word' id='word_1_204' title='bbox 693 3107 723 3162; x_wconf 89' lang='lat' dir='ltr'>et</span> <span class='ocrx_word' id='word_1_205' title='bbox 746 3101 833 3162; x_wconf 86' lang='lat' dir='ltr'>hrma</span> <span class='ocrx_word' id='word_1_206' title='bbox 863 3098 1018 3160; x_wconf 89' lang='lat' dir='ltr'>dotatione</span> <span class='ocrx_word' id='word_1_207' title='bbox 1049 3093 1168 3156; x_wconf 90' lang='lat' dir='ltr'>muniri</span> <span class='ocrx_word' id='word_1_208' title='bbox 1198 3093 1329 3164; x_wconf 90' lang='lat' dir='ltr'>studeat,</span> 
     </span>
     <span class='ocr_line' id='line_1_34' title="bbox 585 3185 1332 3256; baseline -0.012 0"><span class='ocrx_word' id='word_1_209' title='bbox 585 3195 685 3256; x_wconf 90' lang='lat' dir='ltr'>media</span> <span class='ocrx_word' id='word_1_210' title='bbox 707 3193 743 3256; x_wconf 93' lang='lat' dir='ltr'>ad</span> <span class='ocrx_word' id='word_1_211' title='bbox 765 3198 821 3256; x_wconf 91' lang='lat' dir='ltr'>hoo</span> <span class='ocrx_word' id='word_1_212' title='bbox 843 3191 1008 3255; x_wconf 89' lang='lat' dir='ltr'>necessaria</span> <span class='ocrx_word' id='word_1_213' title='bbox 1037 3185 1332 3251; x_wconf 78' lang='lat' dir='ltr'>benevolentissime</span> 
     </span>
     <span class='ocr_line' id='line_1_35' title="bbox 585 3282 1332 3360; baseline -0.016 -9"><span class='ocrx_word' id='word_1_214' title='bbox 585 3305 618 3352; x_wconf 89' lang='grc'>33</span> <span class='ocrx_word' id='word_1_215' title='bbox 640 3288 807 3350; x_wconf 86' lang='lat' dir='ltr'>liberaliter</span> <span class='ocrx_word' id='word_1_216' title='bbox 837 3287 1005 3348; x_wconf 85' lang='lat' dir='ltr'>exhibente</span> <span class='ocrx_word' id='word_1_217' title='bbox 1035 3282 1230 3360; x_wconf 88' lang='lat' dir='ltr'>praelaudato</span> <span class='ocrx_word' id='word_1_218' title='bbox 1251 3297 1332 3342; x_wconf 91' lang='lat' dir='ltr'>sere·</span> 
     </span>
     <span class='ocr_line' id='line_1_36' title="bbox 586 3375 1332 3456; baseline -0.011 -12"><span class='ocrx_word' id='word_1_219' title='bbox 586 3384 714 3446; x_wconf 91' lang='lat' dir='ltr'>nissimo</span> <span class='ocrx_word' id='word_1_220' title='bbox 745 3381 905 3443; x_wconf 90' lang='lat' dir='ltr'>Borussiae</span> <span class='ocrx_word' id='word_1_221' title='bbox 936 3395 1023 3455; x_wconf 90' lang='lat' dir='ltr'>rege,</span> <span class='ocrx_word' id='word_1_222' title='bbox 1057 3378 1109 3456; x_wconf 91' lang='lat' dir='ltr'>qui</span> <span class='ocrx_word' id='word_1_223' title='bbox 1141 3375 1332 3452; x_wconf 88' lang='lat' dir='ltr'>magnanimi</span> 
     </span>
     <span class='ocr_line' id='line_1_37' title="bbox 586 3473 1332 3556; baseline -0.012 -18"><span class='ocrx_word' id='word_1_224' title='bbox 586 3476 732 3556; x_wconf 90' lang='lat' dir='ltr'>principis</span> <span class='ocrx_word' id='word_1_225' title='bbox 753 3476 895 3537; x_wconf 90' lang='lat' dir='ltr'>animum</span> <span class='ocrx_word' id='word_1_226' title='bbox 916 3479 947 3536; x_wconf 94' lang='lat' dir='ltr'>et</span> <span class='ocrx_word' id='word_1_227' title='bbox 967 3473 1238 3551; x_wconf 86' lang='lat' dir='ltr'>propensissimam</span> <span class='ocrx_word' id='word_1_228' title='bbox 1260 3483 1332 3544; x_wconf 88' lang='lat' dir='ltr'>erga</span> 
     </span>
     <span class='ocr_line' id='line_1_38' title="bbox 586 3564 1334 3646; baseline -0.013 -13"><span class='ocrx_word' id='word_1_229' title='bbox 586 3571 748 3633; x_wconf 89' lang='lat' dir='ltr'>catholicos</span> <span class='ocrx_word' id='word_1_230' title='bbox 770 3570 836 3630; x_wconf 89' lang='lat' dir='ltr'>eius</span> <span class='ocrx_word' id='word_1_231' title='bbox 867 3569 997 3646; x_wconf 89' lang='lat' dir='ltr'>imperio</span> <span class='ocrx_word' id='word_1_232' title='bbox 1018 3567 1169 3630; x_wconf 88' lang='lat' dir='ltr'>subiectos</span> <span class='ocrx_word' id='word_1_233' title='bbox 1191 3564 1334 3624; x_wconf 88' lang='lat' dir='ltr'>volunta-</span> 
     </span>
     <span class='ocr_line' id='line_1_39' title="bbox 588 3657 1334 3743; baseline -0.012 -16"><span class='ocrx_word' id='word_1_234' title='bbox 588 3676 651 3727; x_wconf 89' lang='lat' dir='ltr'>tem</span> <span class='ocrx_word' id='word_1_235' title='bbox 672 3680 727 3743; x_wconf 91' lang='lat' dir='ltr'>pro</span> <span class='ocrx_word' id='word_1_236' title='bbox 749 3662 925 3725; x_wconf 90' lang='lat' dir='ltr'>ordinandis</span> <span class='ocrx_word' id='word_1_237' title='bbox 946 3661 1059 3739; x_wconf 87' lang='lat' dir='ltr'>absque</span> <span class='ocrx_word' id='word_1_238' title='bbox 1076 3661 1138 3723; x_wconf 91' lang='lat' dir='ltr'>ulla</span> <span class='ocrx_word' id='word_1_239' title='bbox 1153 3675 1237 3720; x_wconf 91' lang='lat' dir='ltr'>mora</span> <span class='ocrx_word' id='word_1_240' title='bbox 1252 3657 1334 3718; x_wconf 92' lang='lat' dir='ltr'>dioe-</span> 
     </span>
     <span class='ocr_line' id='line_1_40' title="bbox 587 3753 1333 3835; baseline -0.012 -14"><span class='ocrx_word' id='word_1_241' title='bbox 587 3760 704 3822; x_wconf 89' lang='lat' dir='ltr'>cesibus</span> <span class='ocrx_word' id='word_1_242' title='bbox 726 3758 871 3820; x_wconf 92' lang='lat' dir='ltr'>omnibus</span> <span class='ocrx_word' id='word_1_243' title='bbox 889 3758 974 3835; x_wconf 84' lang='lat' dir='ltr'>regni</span> <span class='ocrx_word' id='word_1_244' title='bbox 991 3757 1149 3818; x_wconf 81' lang='lat' dir='ltr'>borussiae</span> <span class='ocrx_word' id='word_1_245' title='bbox 1163 3758 1268 3830; x_wconf 89' lang='lat' dir='ltr'>aperte</span> <span class='ocrx_word' id='word_1_246' title='bbox 1283 3753 1333 3814; x_wconf 93' lang='lat' dir='ltr'>de-</span> 
     </span>
     <span class='ocr_line' id='line_1_41' title="bbox 587 3848 1334 3931; baseline -0.012 -14"><span class='ocrx_word' id='word_1_247' title='bbox 587 3855 725 3929; x_wconf 87' lang='lat' dir='ltr'>claravit,</span> <span class='ocrx_word' id='word_1_248' title='bbox 749 3859 779 3916; x_wconf 91' lang='lat' dir='ltr'>et</span> <span class='ocrx_word' id='word_1_249' title='bbox 799 3854 1000 3931; x_wconf 81' lang='lat' dir='ltr'>sequentibus</span> <span class='ocrx_word' id='word_1_250' title='bbox 1031 3852 1151 3914; x_wconf 92' lang='lat' dir='ltr'>ratione</span> <span class='ocrx_word' id='word_1_251' title='bbox 1181 3866 1214 3910; x_wconf 89' lang='lat' dir='ltr'>ao</span> <span class='ocrx_word' id='word_1_252' title='bbox 1243 3848 1334 3910; x_wconf 91' lang='lat' dir='ltr'>modo</span> 
     </span>
     <span class='ocr_line' id='line_1_42' title="bbox 587 3945 1205 4026; baseline -0.015 -15"><span class='ocrx_word' id='word_1_253' title='bbox 587 3951 767 4014; x_wconf 91' lang='lat' dir='ltr'>stabilienda</span> <span class='ocrx_word' id='word_1_254' title='bbox 788 3957 818 4010; x_wconf 90' lang='lat' dir='ltr'>et</span> <span class='ocrx_word' id='word_1_255' title='bbox 840 3947 1015 4026; x_wconf 88' lang='lat' dir='ltr'>applicanda</span> <span class='ocrx_word' id='word_1_256' title='bbox 1037 3945 1205 4022; x_wconf 90' lang='lat' dir='ltr'>proposuit.</span> 
     </span>
    </p>

    <p class='ocr_par' dir='ltr' id='par_1_10' title="bbox 589 4039 1370 5818">
     <span class='ocr_line' id='line_1_43' title="bbox 628 4039 1334 4120; baseline -0.013 -14"><span class='ocrx_word' id='word_1_257' title='bbox 628 4045 646 4120; x_wconf 65' lang='grc' dir='ltr'><strong>ἓ</strong></span> <span class='ocrx_word' id='word_1_258' title='bbox 668 4046 717 4106; x_wconf 69' lang='lat' dir='ltr'>ta.</span> <span class='ocrx_word' id='word_1_259' title='bbox 743 4045 842 4120; x_wconf 87' lang='lat' dir='ltr'>Super</span> <span class='ocrx_word' id='word_1_260' title='bbox 864 4041 992 4120; x_wconf 87' lang='lat' dir='ltr'>publicis</span> <span class='ocrx_word' id='word_1_261' title='bbox 1014 4040 1104 4117; x_wconf 86' lang='lat' dir='ltr'>regni</span> <span class='ocrx_word' id='word_1_262' title='bbox 1126 4039 1219 4117; x_wconf 84' lang='lat' dir='ltr'>sylvis</span> <span class='ocrx_word' id='word_1_263' title='bbox 1235 4039 1334 4100; x_wconf 88' lang='lat' dir='ltr'>nomi-</span> 
     </span>
     <span class='ocr_line' id='line_1_44' title="bbox 589 4136 1335 4214; baseline -0.012 -12"><span class='ocrx_word' id='word_1_264' title='bbox 589 4141 685 4202; x_wconf 88' lang='lat' dir='ltr'>natim</span> <span class='ocrx_word' id='word_1_265' title='bbox 697 4138 893 4214; x_wconf 89' lang='lat' dir='ltr'>designandis</span> <span class='ocrx_word' id='word_1_266' title='bbox 909 4142 953 4196; x_wconf 93' lang='lat' dir='ltr'>tot</span> <span class='ocrx_word' id='word_1_267' title='bbox 968 4151 1077 4196; x_wconf 87' lang='lat' dir='ltr'>census</span> <span class='ocrx_word' id='word_1_268' title='bbox 1092 4136 1272 4196; x_wconf 85' lang='lat' dir='ltr'>auctoritate</span> <span class='ocrx_word' id='word_1_269' title='bbox 1289 4149 1335 4193; x_wconf 91' lang='lat' dir='ltr'>re·</span> 
     </span>
     <span class='ocr_line' id='line_1_45' title="bbox 590 4229 1334 4310; baseline -0.009 -15"><span class='ocrx_word' id='word_1_270' title='bbox 590 4236 636 4310; x_wconf 85' lang='lat' dir='ltr'>gia</span> <span class='ocrx_word' id='word_1_271' title='bbox 661 4235 872 4310; x_wconf 88' lang='lat' dir='ltr'>imponentur,</span> <span class='ocrx_word' id='word_1_272' title='bbox 891 4237 966 4308; x_wconf 91' lang='lat' dir='ltr'>quot</span> <span class='ocrx_word' id='word_1_273' title='bbox 988 4237 1082 4291; x_wconf 91' lang='lat' dir='ltr'>erunt</span> <span class='ocrx_word' id='word_1_274' title='bbox 1106 4229 1259 4290; x_wconf 86' lang='lat' dir='ltr'>dioeceses</span> <span class='ocrx_word' id='word_1_275' title='bbox 1284 4230 1334 4288; x_wconf 95' lang='lat' dir='ltr'>do-</span> 
     </span>
     <span class='ocr_line' id='line_1_46' title="bbox 591 4323 1335 4400; baseline -0.008 -12"><span class='ocrx_word' id='word_1_276' title='bbox 591 4329 709 4400; x_wconf 93' lang='lat' dir='ltr'>tandae,</span> <span class='ocrx_word' id='word_1_277' title='bbox 733 4333 762 4388; x_wconf 91' lang='lat' dir='ltr'>et</span> <span class='ocrx_word' id='word_1_278' title='bbox 783 4326 817 4386; x_wconf 90' lang='lat' dir='ltr'>in</span> <span class='ocrx_word' id='word_1_279' title='bbox 838 4341 871 4385; x_wconf 92' lang='lat' dir='ltr'>ea</span> <span class='ocrx_word' id='word_1_280' title='bbox 901 4324 1070 4400; x_wconf 86' lang='lat' dir='ltr'>respectiva</span> <span class='ocrx_word' id='word_1_281' title='bbox 1093 4323 1277 4400; x_wconf 89' lang='lat' dir='ltr'>quantitate,</span> <span class='ocrx_word' id='word_1_282' title='bbox 1303 4328 1335 4382; x_wconf 96' lang='lat' dir='ltr'>ut</span> 
     </span>
     <span class='ocr_line' id='line_1_47' title="bbox 590 4417 1335 4486; baseline -0.012 -1"><span class='ocrx_word' id='word_1_283' title='bbox 590 4440 627 4486; x_wconf 92' lang='lat' dir='ltr'>ex</span> <span class='ocrx_word' id='word_1_284' title='bbox 649 4423 686 4482; x_wconf 92' lang='lat' dir='ltr'>iis</span> <span class='ocrx_word' id='word_1_285' title='bbox 705 4420 801 4482; x_wconf 91' lang='lat' dir='ltr'>annui</span> <span class='ocrx_word' id='word_1_286' title='bbox 816 4419 936 4480; x_wconf 81' lang='lat' dir='ltr'>tructus</span> <span class='ocrx_word' id='word_1_287' title='bbox 952 4418 988 4478; x_wconf 89' lang='lat' dir='ltr'>ab</span> <span class='ocrx_word' id='word_1_288' title='bbox 1003 4417 1147 4478; x_wconf 88' lang='lat' dir='ltr'>omnibus</span> <span class='ocrx_word' id='word_1_289' title='bbox 1162 4417 1335 4477; x_wconf 92' lang='lat' dir='ltr'>cuiuscum-</span> 
     </span>
     <span class='ocr_line' id='line_1_48' title="bbox 590 4510 1335 4593; baseline -0.009 -16"><span class='ocrx_word' id='word_1_290' title='bbox 590 4533 650 4593; x_wconf 90' lang='lat' dir='ltr'>que</span> <span class='ocrx_word' id='word_1_291' title='bbox 672 4514 795 4590; x_wconf 89' lang='lat' dir='ltr'>generis</span> <span class='ocrx_word' id='word_1_292' title='bbox 816 4511 962 4573; x_wconf 91' lang='lat' dir='ltr'>oneribus</span> <span class='ocrx_word' id='word_1_293' title='bbox 977 4527 1102 4589; x_wconf 87' lang='lat' dir='ltr'>prorsus</span> <span class='ocrx_word' id='word_1_294' title='bbox 1117 4511 1205 4572; x_wconf 91' lang='lat' dir='ltr'>liberi</span> <span class='ocrx_word' id='word_1_295' title='bbox 1221 4510 1335 4588; x_wconf 89' lang='lat' dir='ltr'>percipi</span> 
     </span>
     <span class='ocr_line' id='line_1_49' title="bbox 591 4605 1336 4688; baseline -0.003 -22"><span class='ocrx_word' id='word_1_296' title='bbox 591 4609 718 4688; x_wconf 77' lang='lat' dir='ltr'>pissinl,</span> <span class='ocrx_word' id='word_1_297' title='bbox 734 4609 787 4685; x_wconf 93' lang='lat' dir='ltr'>qui</span> <span class='ocrx_word' id='word_1_298' title='bbox 809 4607 881 4668; x_wconf 88' lang='lat' dir='ltr'>satis</span> <span class='ocrx_word' id='word_1_299' title='bbox 899 4607 961 4667; x_wconf 89' lang='lat' dir='ltr'>sint</span> <span class='ocrx_word' id='word_1_300' title='bbox 977 4605 1027 4665; x_wconf 88' lang='lat' dir='ltr'>vei</span> <span class='ocrx_word' id='word_1_301' title='bbox 1040 4607 1075 4666; x_wconf 86' lang='lat' dir='ltr'>ad</span> <span class='ocrx_word' id='word_1_302' title='bbox 1093 4607 1245 4682; x_wconf 86' lang='lat' dir='ltr'>integrum</span> <span class='ocrx_word' id='word_1_303' title='bbox 1263 4605 1336 4682; x_wconf 89' lang='lat' dir='ltr'>ipsa·</span> 
     </span>
     <span class='ocr_line' id='line_1_50' title="bbox 592 4699 1335 4773; baseline -0.007 -8"><span class='ocrx_word' id='word_1_304' title='bbox 592 4721 662 4765; x_wconf 89' lang='lat' dir='ltr'>rum</span> <span class='ocrx_word' id='word_1_305' title='bbox 679 4702 863 4762; x_wconf 90' lang='lat' dir='ltr'>dioecesium</span> <span class='ocrx_word' id='word_1_306' title='bbox 879 4699 1080 4773; x_wconf 89' lang='lat' dir='ltr'>dotationem,</span> <span class='ocrx_word' id='word_1_307' title='bbox 1093 4700 1118 4759; x_wconf 93' lang='lat' dir='ltr'>si</span> <span class='ocrx_word' id='word_1_308' title='bbox 1135 4699 1252 4760; x_wconf 86' lang='lat' dir='ltr'>nullam</span> <span class='ocrx_word' id='word_1_309' title='bbox 1267 4706 1335 4760; x_wconf 93' lang='lat' dir='ltr'>actu</span> 
     </span>
     <span class='ocr_line' id='line_1_51' title="bbox 592 4793 1336 4872; baseline -0.011 -13"><span class='ocrx_word' id='word_1_310' title='bbox 592 4799 740 4869; x_wconf 89' lang='lat' dir='ltr'>habeant,</span> <span class='ocrx_word' id='word_1_311' title='bbox 772 4795 822 4856; x_wconf 88' lang='lat' dir='ltr'>vel</span> <span class='ocrx_word' id='word_1_312' title='bbox 852 4796 886 4855; x_wconf 87' lang='grc'>33</span> <span class='ocrx_word' id='word_1_313' title='bbox 917 4793 1169 4872; x_wconf 90' lang='lat' dir='ltr'>supplementum</span> <span class='ocrx_word' id='word_1_314' title='bbox 1199 4793 1336 4854; x_wconf 90' lang='lat' dir='ltr'>eiusdem</span> 
     </span>
     <span class='ocr_line' id='line_1_52' title="bbox 591 4889 1338 4969; baseline -0.013 -11"><span class='ocrx_word' id='word_1_315' title='bbox 591 4895 767 4968; x_wconf 87' lang='lat' dir='ltr'>dotationis,</span> <span class='ocrx_word' id='word_1_316' title='bbox 790 4893 815 4954; x_wconf 90' lang='lat' dir='ltr'>si</span> <span class='ocrx_word' id='word_1_317' title='bbox 837 4900 954 4969; x_wconf 89' lang='lat' dir='ltr'>partem</span> <span class='ocrx_word' id='word_1_318' title='bbox 978 4890 1111 4966; x_wconf 89' lang='lat' dir='ltr'>aliquam</span> <span class='ocrx_word' id='word_1_319' title='bbox 1135 4904 1265 4949; x_wconf 89' lang='lat' dir='ltr'>suorum</span> <span class='ocrx_word' id='word_1_320' title='bbox 1288 4889 1338 4948; x_wconf 92' lang='lat' dir='ltr'>bo·</span> 
     </span>
     <span class='ocr_line' id='line_1_53' title="bbox 593 4984 1339 5064; baseline -0.008 -14"><span class='ocrx_word' id='word_1_321' title='bbox 593 5005 706 5050; x_wconf 92' lang='lat' dir='ltr'>norum</span> <span class='ocrx_word' id='word_1_322' title='bbox 735 4989 833 5049; x_wconf 90' lang='lat' dir='ltr'>adhuc</span> <span class='ocrx_word' id='word_1_323' title='bbox 865 4986 1048 5064; x_wconf 87' lang='lat' dir='ltr'>possideant,</span> <span class='ocrx_word' id='word_1_324' title='bbox 1071 4985 1111 5045; x_wconf 94' lang='lat' dir='ltr'>ita</span> <span class='ocrx_word' id='word_1_325' title='bbox 1140 4992 1175 5044; x_wconf 92' lang='lat' dir='ltr'>ut</span> <span class='ocrx_word' id='word_1_326' title='bbox 1196 4984 1339 5060; x_wconf 85' lang='lat' dir='ltr'>singulae</span> 
     </span>
     <span class='ocr_line' id='line_1_54' title="bbox 593 5078 1337 5154; baseline -0.012 -9"><span class='ocrx_word' id='word_1_327' title='bbox 593 5085 745 5145; x_wconf 87' lang='lat' dir='ltr'>dioeceses</span> <span class='ocrx_word' id='word_1_328' title='bbox 767 5097 817 5142; x_wconf 91' lang='lat' dir='ltr'>eos</span> <span class='ocrx_word' id='word_1_329' title='bbox 839 5095 958 5140; x_wconf 86' lang='lat' dir='ltr'>annuos</span> <span class='ocrx_word' id='word_1_330' title='bbox 979 5079 1117 5140; x_wconf 90' lang='lat' dir='ltr'>redditus</span> <span class='ocrx_word' id='word_1_331' title='bbox 1134 5078 1337 5154; x_wconf 85' lang='lat' dir='ltr'>imposterum</span> 
     </span>
     <span class='ocr_line' id='line_1_55' title="bbox 593 5170 1339 5251; baseline -0.012 -12"><span class='ocrx_word' id='word_1_332' title='bbox 593 5178 737 5250; x_wconf 87' lang='lat' dir='ltr'>habeant,</span> <span class='ocrx_word' id='word_1_333' title='bbox 760 5176 812 5251; x_wconf 90' lang='lat' dir='ltr'>qni</span> <span class='ocrx_word' id='word_1_334' title='bbox 835 5173 1003 5235; x_wconf 91' lang='lat' dir='ltr'>redditibus</span> <span class='ocrx_word' id='word_1_335' title='bbox 1022 5187 1078 5249; x_wconf 92' lang='lat' dir='ltr'>pro</span> <span class='ocrx_word' id='word_1_336' title='bbox 1092 5170 1339 5250; x_wconf 88' lang='lat' dir='ltr'>archiepiscopali</span> 
     </span>
     <span class='ocr_line' id='line_1_56' title="bbox 594 5266 1339 5348; baseline -0.012 -15"><span class='ocrx_word' id='word_1_337' title='bbox 594 5273 644 5333; x_wconf 90' lang='lat' dir='ltr'>vel</span> <span class='ocrx_word' id='word_1_338' title='bbox 666 5268 827 5348; x_wconf 87' lang='lat' dir='ltr'>episcopali</span> <span class='ocrx_word' id='word_1_339' title='bbox 849 5283 967 5342; x_wconf 89' lang='lat' dir='ltr'>mensa,</span> <span class='ocrx_word' id='word_1_340' title='bbox 986 5284 1041 5345; x_wconf 92' lang='lat' dir='ltr'>pro</span> <span class='ocrx_word' id='word_1_341' title='bbox 1062 5266 1208 5344; x_wconf 90' lang='lat' dir='ltr'>capitulo,</span> <span class='ocrx_word' id='word_1_342' title='bbox 1223 5282 1278 5344; x_wconf 92' lang='lat' dir='ltr'>pro</span> <span class='ocrx_word' id='word_1_343' title='bbox 1294 5282 1339 5326; x_wconf 90' lang='lat' dir='ltr'>se-</span> 
     </span>
     <span class='ocr_line' id='line_1_57' title="bbox 593 5359 1339 5438; baseline -0.011 -12"><span class='ocrx_word' id='word_1_344' title='bbox 593 5365 726 5427; x_wconf 88' lang='lat' dir='ltr'>minario</span> <span class='ocrx_word' id='word_1_345' title='bbox 742 5364 930 5436; x_wconf 87' lang='lat' dir='ltr'>dioecesano,</span> <span class='ocrx_word' id='word_1_346' title='bbox 945 5377 1062 5438; x_wconf 89' lang='lat' dir='ltr'>proque</span> <span class='ocrx_word' id='word_1_347' title='bbox 1076 5359 1268 5434; x_wconf 75' lang='lat' dir='ltr'>suffraganeo</span> <span class='ocrx_word' id='word_1_348' title='bbox 1282 5368 1339 5419; x_wconf 91' lang='lat' dir='ltr'>sta·</span> 
     </span>
     <span class='ocr_line' id='line_1_58' title="bbox 595 5454 1340 5536; baseline -0.013 -14"><span class='ocrx_word' id='word_1_349' title='bbox 595 5461 669 5522; x_wconf 87' lang='lat' dir='ltr'>tutis</span> <span class='ocrx_word' id='word_1_350' title='bbox 692 5461 722 5519; x_wconf 94' lang='lat' dir='ltr'>in</span> <span class='ocrx_word' id='word_1_351' title='bbox 745 5458 916 5536; x_wconf 89' lang='lat' dir='ltr'>quantitate</span> <span class='ocrx_word' id='word_1_352' title='bbox 944 5455 1075 5530; x_wconf 87' lang='lat' dir='ltr'>singulis</span> <span class='ocrx_word' id='word_1_353' title='bbox 1108 5455 1236 5515; x_wconf 82' lang='lat' dir='ltr'>interius</span> <span class='ocrx_word' id='word_1_354' title='bbox 1264 5454 1340 5514; x_wconf 91' lang='lat' dir='ltr'>desi-</span> 
     </span>
     <span class='ocr_line' id='line_1_59' title="bbox 596 5547 1370 5628; baseline -0.01 -15"><span class='ocrx_word' id='word_1_355' title='bbox 596 5554 716 5628; x_wconf 85' lang='lat' dir='ltr'>gnanda</span> <span class='ocrx_word' id='word_1_356' title='bbox 739 5551 871 5628; x_wconf 90' lang='lat' dir='ltr'>perlecto</span> <span class='ocrx_word' id='word_1_357' title='bbox 889 5555 1111 5627; x_wconf 88' lang='lat' dir='ltr'>respondeant:</span> <span class='ocrx_word' id='word_1_358' title='bbox 1129 5555 1221 5625; x_wconf 88' lang='lat' dir='ltr'>atque</span> <span class='ocrx_word' id='word_1_359' title='bbox 1236 5547 1339 5608; x_wconf 89' lang='lat' dir='ltr'>huius·</span> <span class='ocrx_word' id='word_1_360' title='bbox 1367 5596 1370 5625; x_wconf 75' lang='lat'>,</span> 
     </span>
     <span class='ocr_line' id='line_1_60' title="bbox 595 5628 1370 5793; baseline -0.012 -83"><span class='ocrx_word' id='word_1_361' title='bbox 595 5647 677 5710; x_wconf 92' lang='lat' dir='ltr'>modi</span> <span class='ocrx_word' id='word_1_362' title='bbox 700 5662 850 5708; x_wconf 88' lang='lat' dir='ltr'>censuum</span> <span class='ocrx_word' id='word_1_363' title='bbox 874 5647 1041 5724; x_wconf 90' lang='lat' dir='ltr'>proprietas</span> <span class='ocrx_word' id='word_1_364' title='bbox 1063 5659 1118 5722; x_wconf 91' lang='lat' dir='ltr'>per</span> <span class='ocrx_word' id='word_1_365' title='bbox 1134 5643 1340 5704; x_wconf 89' lang='lat' dir='ltr'>instrumenta</span> <span class='ocrx_word' id='word_1_366' title='bbox 1367 5628 1370 5793; x_wconf 61' lang='lat' dir='ltr'>p</span> 
     </span>
     <span class='ocr_line' id='line_1_61' title="bbox 597 5737 1340 5818; baseline -0.009 -15"><span class='ocrx_word' id='word_1_367' title='bbox 597 5741 790 5818; x_wconf 87' lang='lat' dir='ltr'>inlegitima</span> <span class='ocrx_word' id='word_1_368' title='bbox 818 5741 978 5817; x_wconf 86' lang='lat' dir='ltr'>validaque</span> <span class='ocrx_word' id='word_1_369' title='bbox 1001 5737 1093 5814; x_wconf 86' lang='lat' dir='ltr'>regni</span> <span class='ocrx_word' id='word_1_370' title='bbox 1120 5737 1217 5798; x_wconf 87' lang='lat' dir='ltr'>iorma</span> <span class='ocrx_word' id='word_1_371' title='bbox 1245 5737 1340 5814; x_wconf 93' lang='lat' dir='ltr'>stipu-</span> 
     </span>
    </p>
   </div>
   <div class='ocr_carea' id='block_1_9' title="bbox 597 5830 1371 6004">
    <p class='ocr_par' dir='ltr' id='par_1_11' title="bbox 597 5830 1371 6004">
     <span class='ocr_line' id='line_1_62' title="bbox 597 5830 1371 5959; baseline -0.009 -63"><span class='ocrx_word' id='word_1_372' title='bbox 597 5837 684 5896; x_wconf 89' lang='lat' dir='ltr'>landa</span> <span class='ocrx_word' id='word_1_373' title='bbox 707 5843 737 5895; x_wconf 92' lang='lat' dir='ltr'>et</span> <span class='ocrx_word' id='word_1_374' title='bbox 757 5851 773 5894; x_wconf 92' lang='grc'>3</span> <span class='ocrx_word' id='word_1_375' title='bbox 802 5833 996 5912; x_wconf 89' lang='lat' dir='ltr'>praelaudato</span> <span class='ocrx_word' id='word_1_376' title='bbox 1014 5840 1098 5907; x_wconf 86' lang='lat' dir='ltr'>&#39;rege</span> <span class='ocrx_word' id='word_1_377' title='bbox 1125 5830 1341 5892; x_wconf 87' lang='lat' dir='ltr'>subscribenda</span> <span class='ocrx_word' id='word_1_378' title='bbox 1368 5848 1371 5959; x_wconf 74' lang='lat' dir='ltr'>p</span> 
     </span>
     <span class='ocr_line' id='line_1_63' title="bbox 597 5923 1342 6004; baseline -0.008 -15"><span class='ocrx_word' id='word_1_379' title='bbox 597 5927 766 6004; x_wconf 92' lang='lat' dir='ltr'>uuicuique</span> <span class='ocrx_word' id='word_1_380' title='bbox 781 5925 925 5989; x_wconf 88' lang='lat' dir='ltr'>ecclesiae</span> <span class='ocrx_word' id='word_1_381' title='bbox 939 5925 1128 5988; x_wconf 82' lang='lat' dir='ltr'>conteretur.</span> <span class='ocrx_word' id='word_1_382' title='bbox 1142 5925 1180 5986; x_wconf 84' lang='lat' dir='ltr'>Et</span> <span class='ocrx_word' id='word_1_383' title='bbox 1195 5923 1342 6002; x_wconf 92' lang='lat' dir='ltr'>quoniam</span> 
     </span>
    </p>
   </div>
   <div class='ocr_carea' id='block_1_10' title="bbox 1383 1303 2140 5608">
    <p class='ocr_par' dir='ltr' id='par_1_12' title="bbox 1383 1303 2140 5608">
     <span class='ocr_line' id='line_1_64' title="bbox 1383 1303 2130 1386; baseline -0.013 -16"><span class='ocrx_word' id='word_1_384' title='bbox 1383 1308 1500 1370; x_wconf 89' lang='lat' dir='ltr'>toribus</span> <span class='ocrx_word' id='word_1_385' title='bbox 1511 1308 1736 1386; x_wconf 81' lang='lat' dir='ltr'>hypothecariis</span> <span class='ocrx_word' id='word_1_386' title='bbox 1748 1307 1838 1369; x_wconf 89' lang='lat' dir='ltr'>lactas</span> <span class='ocrx_word' id='word_1_387' title='bbox 1853 1305 1931 1368; x_wconf 88' lang='lat' dir='ltr'>aeris</span> <span class='ocrx_word' id='word_1_388' title='bbox 1941 1303 2034 1365; x_wconf 90' lang='lat' dir='ltr'>alieni</span> <span class='ocrx_word' id='word_1_389' title='bbox 2045 1317 2130 1362; x_wconf 91' lang='lat' dir='ltr'>sum-</span> 
     </span>
     <span class='ocr_line' id='line_1_65' title="bbox 1385 1399 2130 1481; baseline -0.009 -17"><span class='ocrx_word' id='word_1_390' title='bbox 1385 1419 1443 1478; x_wconf 90' lang='lat' dir='ltr'>ma,</span> <span class='ocrx_word' id='word_1_391' title='bbox 1460 1403 1616 1464; x_wconf 82' lang='lat' dir='ltr'>sussiciens</span> <span class='ocrx_word' id='word_1_392' title='bbox 1637 1403 1797 1481; x_wconf 79' lang='lat' dir='ltr'>sylvarum</span> <span class='ocrx_word' id='word_1_393' title='bbox 1811 1403 1964 1479; x_wconf 88' lang='lat' dir='ltr'>quantitas</span> <span class='ocrx_word' id='word_1_394' title='bbox 1979 1399 2130 1476; x_wconf 74' lang='lat' dir='ltr'>hypothe-</span> 
     </span>
     <span class='ocr_line' id='line_1_66' title="bbox 1383 1497 2131 1573; baseline -0.008 -15"><span class='ocrx_word' id='word_1_395' title='bbox 1383 1513 1434 1558; x_wconf 89' lang='lat' dir='ltr'>cae</span> <span class='ocrx_word' id='word_1_396' title='bbox 1456 1497 1581 1558; x_wconf 88' lang='lat' dir='ltr'>ninculo</span> <span class='ocrx_word' id='word_1_397' title='bbox 1603 1497 1727 1559; x_wconf 90' lang='lat' dir='ltr'>liberata</span> <span class='ocrx_word' id='word_1_398' title='bbox 1750 1497 1855 1572; x_wconf 81' lang='lat' dir='ltr'>luerit3</span> <span class='ocrx_word' id='word_1_399' title='bbox 1871 1510 2006 1573; x_wconf 91' lang='lat' dir='ltr'>cumque</span> <span class='ocrx_word' id='word_1_400' title='bbox 2020 1509 2131 1554; x_wconf 91' lang='lat' dir='ltr'>secun-</span> 
     </span>
     <span class='ocr_line' id='line_1_67' title="bbox 1383 1585 2132 1668; baseline -0.007 -18"><span class='ocrx_word' id='word_1_401' title='bbox 1383 1589 1458 1652; x_wconf 92' lang='lat' dir='ltr'>dum</span> <span class='ocrx_word' id='word_1_402' title='bbox 1481 1590 1594 1666; x_wconf 89' lang='lat' dir='ltr'>legem,</span> <span class='ocrx_word' id='word_1_403' title='bbox 1617 1607 1677 1668; x_wconf 92' lang='lat' dir='ltr'>qua</span> <span class='ocrx_word' id='word_1_404' title='bbox 1697 1591 1913 1652; x_wconf 91' lang='lat' dir='ltr'>serenissimus</span> <span class='ocrx_word' id='word_1_405' title='bbox 1930 1603 1985 1650; x_wconf 90' lang='lat' dir='ltr'>rex</span> <span class='ocrx_word' id='word_1_406' title='bbox 2000 1585 2132 1649; x_wconf 91' lang='lat' dir='ltr'>credito·</span> 
     </span>
     <span class='ocr_line' id='line_1_68' title="bbox 1384 1679 2131 1761; baseline -0.008 -17"><span class='ocrx_word' id='word_1_407' title='bbox 1384 1683 1470 1744; x_wconf 91' lang='lat' dir='ltr'>ribus</span> <span class='ocrx_word' id='word_1_408' title='bbox 1492 1683 1621 1761; x_wconf 91' lang='lat' dir='ltr'>publicis</span> <span class='ocrx_word' id='word_1_409' title='bbox 1641 1685 1732 1757; x_wconf 88' lang='lat' dir='ltr'>cavit,</span> <span class='ocrx_word' id='word_1_410' title='bbox 1755 1699 1837 1744; x_wconf 91' lang='lat' dir='ltr'>anno</span> <span class='ocrx_word' id='word_1_411' title='bbox 1854 1682 2019 1744; x_wconf 89' lang='lat' dir='ltr'>millesimo</span> <span class='ocrx_word' id='word_1_412' title='bbox 2032 1679 2131 1742; x_wconf 92' lang='lat' dir='ltr'>octin-</span> 
     </span>
     <span class='ocr_line' id='line_1_69' title="bbox 1385 1773 2132 1856; baseline -0.005 -18"><span class='ocrx_word' id='word_1_413' title='bbox 1385 1781 1558 1854; x_wconf 90' lang='lat' dir='ltr'>gentesimo</span> <span class='ocrx_word' id='word_1_414' title='bbox 1580 1780 1740 1856; x_wconf 89' lang='lat' dir='ltr'>trigesimo</span> <span class='ocrx_word' id='word_1_415' title='bbox 1762 1779 1853 1840; x_wconf 88' lang='lat' dir='ltr'>tertio</span> <span class='ocrx_word' id='word_1_416' title='bbox 1870 1795 1884 1838; x_wconf 91' lang='grc'>3</span> <span class='ocrx_word' id='word_1_417' title='bbox 1902 1773 2132 1851; x_wconf 89' lang='lat' dir='ltr'>magistratibus</span> 
     </span>
     <span class='ocr_line' id='line_1_70' title="bbox 1385 1868 2132 1948; baseline -0.008 -16"><span class='ocrx_word' id='word_1_418' title='bbox 1385 1871 1597 1933; x_wconf 83' lang='lat' dir='ltr'>deliniendum</span> <span class='ocrx_word' id='word_1_419' title='bbox 1619 1872 1669 1947; x_wconf 91' lang='lat' dir='ltr'>sit,</span> <span class='ocrx_word' id='word_1_420' title='bbox 1693 1872 1746 1948; x_wconf 85' lang='lat' dir='ltr'>qui</span> <span class='ocrx_word' id='word_1_421' title='bbox 1762 1871 1827 1947; x_wconf 85' lang='lat' dir='ltr'>agri</span> <span class='ocrx_word' id='word_1_422' title='bbox 1841 1872 1878 1932; x_wconf 90' lang='lat' dir='ltr'>ab</span> <span class='ocrx_word' id='word_1_423' title='bbox 1893 1886 1929 1931; x_wconf 94' lang='grc'>33</span> <span class='ocrx_word' id='word_1_424' title='bbox 1945 1868 2069 1930; x_wconf 89' lang='lat' dir='ltr'>vinculo</span> <span class='ocrx_word' id='word_1_425' title='bbox 2086 1885 2132 1927; x_wconf 90' lang='lat' dir='ltr'>so-</span> 
     </span>
     <span class='ocr_line' id='line_1_71' title="bbox 1385 1965 2133 2044; baseline 0 -18"><span class='ocrx_word' id='word_1_426' title='bbox 1385 1965 1454 2040; x_wconf 91' lang='lat' dir='ltr'>luti,</span> <span class='ocrx_word' id='word_1_427' title='bbox 1470 1967 1584 2044; x_wconf 89' lang='lat' dir='ltr'>quique</span> <span class='ocrx_word' id='word_1_428' title='bbox 1605 1966 1703 2028; x_wconf 91' lang='lat' dir='ltr'>adhuc</span> <span class='ocrx_word' id='word_1_429' title='bbox 1725 1967 1798 2026; x_wconf 92' lang='lat' dir='ltr'>nexi</span> <span class='ocrx_word' id='word_1_430' title='bbox 1816 1966 2040 2028; x_wconf 89' lang='lat' dir='ltr'>remanebunt:</span> <span class='ocrx_word' id='word_1_431' title='bbox 2058 1965 2133 2026; x_wconf 95' lang='lat' dir='ltr'>hinc</span> 
     </span>
     <span class='ocr_line' id='line_1_72' title="bbox 1385 2058 2133 2136; baseline -0.007 -14"><span class='ocrx_word' id='word_1_432' title='bbox 1385 2061 1581 2122; x_wconf 91' lang='lat' dir='ltr'>deceruimus</span> <span class='ocrx_word' id='word_1_433' title='bbox 1603 2061 1772 2136; x_wconf 85' lang='lat' dir='ltr'>praedictus</span> <span class='ocrx_word' id='word_1_434' title='bbox 1794 2074 1903 2121; x_wconf 91' lang='lat' dir='ltr'>censos</span> <span class='ocrx_word' id='word_1_435' title='bbox 1923 2075 2015 2136; x_wconf 92' lang='lat' dir='ltr'>super</span> <span class='ocrx_word' id='word_1_436' title='bbox 2036 2058 2133 2135; x_wconf 75' lang='lat' dir='ltr'>sylvis</span> 
     </span>
     <span class='ocr_line' id='line_1_73' title="bbox 1384 2151 2134 2228; baseline 0 -16"><span class='ocrx_word' id='word_1_437' title='bbox 1384 2154 1656 2228; x_wconf 90' lang='lat' dir='ltr'>supramemoratis</span> <span class='ocrx_word' id='word_1_438' title='bbox 1671 2153 1751 2214; x_wconf 92' lang='lat' dir='ltr'>dicto</span> <span class='ocrx_word' id='word_1_439' title='bbox 1763 2169 1845 2214; x_wconf 91' lang='lat' dir='ltr'>anno</span> <span class='ocrx_word' id='word_1_440' title='bbox 1858 2151 2023 2214; x_wconf 91' lang='lat' dir='ltr'>millesimo</span> <span class='ocrx_word' id='word_1_441' title='bbox 2034 2152 2134 2214; x_wconf 90' lang='lat' dir='ltr'>octin-</span> 
     </span>
     <span class='ocr_line' id='line_1_74' title="bbox 1386 2246 2132 2323; baseline 0.001 -17"><span class='ocrx_word' id='word_1_442' title='bbox 1386 2246 1557 2322; x_wconf 89' lang='lat' dir='ltr'>gentesimo</span> <span class='ocrx_word' id='word_1_443' title='bbox 1580 2247 1739 2323; x_wconf 88' lang='lat' dir='ltr'>trigesimo</span> <span class='ocrx_word' id='word_1_444' title='bbox 1756 2247 1858 2320; x_wconf 91' lang='lat' dir='ltr'>tertio,</span> <span class='ocrx_word' id='word_1_445' title='bbox 1873 2255 1904 2307; x_wconf 94' lang='lat' dir='ltr'>et</span> <span class='ocrx_word' id='word_1_446' title='bbox 1920 2246 2010 2307; x_wconf 87' lang='lat' dir='ltr'>citius</span> <span class='ocrx_word' id='word_1_447' title='bbox 2025 2247 2132 2318; x_wconf 89' lang='lat' dir='ltr'>etiam,</span> 
     </span>
     <span class='ocr_line' id='line_1_75' title="bbox 1385 2339 2134 2418; baseline -0.004 -17"><span class='ocrx_word' id='word_1_448' title='bbox 1385 2341 1410 2401; x_wconf 90' lang='lat' dir='ltr'>si</span> <span class='ocrx_word' id='word_1_449' title='bbox 1433 2341 1518 2418; x_wconf 90' lang='lat' dir='ltr'>prius</span> <span class='ocrx_word' id='word_1_450' title='bbox 1535 2342 1706 2402; x_wconf 89' lang='lat' dir='ltr'>antedictae</span> <span class='ocrx_word' id='word_1_451' title='bbox 1720 2341 1826 2415; x_wconf 82' lang='lat' dir='ltr'>sylvae</span> <span class='ocrx_word' id='word_1_452' title='bbox 1841 2340 1877 2400; x_wconf 91' lang='lat' dir='ltr'>ab</span> <span class='ocrx_word' id='word_1_453' title='bbox 1891 2339 2063 2418; x_wconf 81' lang='lat' dir='ltr'>hypotheca</span> <span class='ocrx_word' id='word_1_454' title='bbox 2078 2339 2134 2400; x_wconf 91' lang='lat' dir='ltr'>sal-</span> 
     </span>
     <span class='ocr_line' id='line_1_76' title="bbox 1387 2433 2134 2512; baseline -0.001 -18"><span class='ocrx_word' id='word_1_455' title='bbox 1387 2441 1449 2494; x_wconf 92' lang='lat' dir='ltr'>tem</span> <span class='ocrx_word' id='word_1_456' title='bbox 1471 2450 1526 2512; x_wconf 91' lang='lat' dir='ltr'>pru</span> <span class='ocrx_word' id='word_1_457' title='bbox 1548 2443 1610 2496; x_wconf 92' lang='lat' dir='ltr'>rata</span> <span class='ocrx_word' id='word_1_458' title='bbox 1634 2449 1785 2496; x_wconf 90' lang='lat' dir='ltr'>censuum</span> <span class='ocrx_word' id='word_1_459' title='bbox 1812 2434 2075 2512; x_wconf 91' lang='lat' dir='ltr'>imponendorum</span> <span class='ocrx_word' id='word_1_460' title='bbox 2099 2433 2134 2493; x_wconf 94' lang='lat' dir='ltr'>li-</span> 
     </span>
     <span class='ocr_line' id='line_1_77' title="bbox 1387 2529 2135 2609; baseline -0.003 -19"><span class='ocrx_word' id='word_1_461' title='bbox 1387 2531 1508 2591; x_wconf 89' lang='lat' dir='ltr'>beratue</span> <span class='ocrx_word' id='word_1_462' title='bbox 1529 2529 1658 2604; x_wconf 87' lang='lat' dir='ltr'>inerint,</span> <span class='ocrx_word' id='word_1_463' title='bbox 1681 2545 1747 2590; x_wconf 86' lang='lat' dir='ltr'>esse</span> <span class='ocrx_word' id='word_1_464' title='bbox 1762 2529 1978 2609; x_wconf 89' lang='lat' dir='ltr'>imponendos,</span> <span class='ocrx_word' id='word_1_465' title='bbox 1995 2535 2135 2605; x_wconf 91' lang='lat' dir='ltr'>propter·</span> 
     </span>
     <span class='ocr_line' id='line_1_78' title="bbox 1386 2623 2136 2702; baseline 0.001 -18"><span class='ocrx_word' id='word_1_466' title='bbox 1386 2638 1483 2702; x_wconf 90' lang='lat' dir='ltr'>eaque</span> <span class='ocrx_word' id='word_1_467' title='bbox 1505 2623 1666 2699; x_wconf 84' lang='lat' dir='ltr'>esingulis</span> <span class='ocrx_word' id='word_1_468' title='bbox 1681 2624 1869 2686; x_wconf 89' lang='lat' dir='ltr'>dioecesibus</span> <span class='ocrx_word' id='word_1_469' title='bbox 1885 2624 2065 2686; x_wconf 87' lang='lat' dir='ltr'>immediate</span> <span class='ocrx_word' id='word_1_470' title='bbox 2079 2625 2136 2688; x_wconf 90' lang='lat' dir='ltr'>sal-</span> 
     </span>
     <span class='ocr_line' id='line_1_79' title="bbox 1389 2718 2136 2796; baseline 0.003 -18"><span class='ocrx_word' id='word_1_471' title='bbox 1389 2727 1450 2779; x_wconf 91' lang='lat' dir='ltr'>tem</span> <span class='ocrx_word' id='word_1_472' title='bbox 1473 2725 1540 2794; x_wconf 91' lang='lat' dir='ltr'>post</span> <span class='ocrx_word' id='word_1_473' title='bbox 1561 2733 1679 2780; x_wconf 93' lang='lat' dir='ltr'>annum</span> <span class='ocrx_word' id='word_1_474' title='bbox 1708 2718 1910 2780; x_wconf 91' lang='lat' dir='ltr'>millesimum</span> <span class='ocrx_word' id='word_1_475' title='bbox 1942 2719 2136 2796; x_wconf 85' lang='lat' dir='ltr'>octingente-</span> 
     </span>
     <span class='ocr_line' id='line_1_80' title="bbox 1386 2812 2135 2891; baseline 0.001 -18"><span class='ocrx_word' id='word_1_476' title='bbox 1386 2812 1502 2873; x_wconf 91' lang='lat' dir='ltr'>simum</span> <span class='ocrx_word' id='word_1_477' title='bbox 1533 2813 1727 2889; x_wconf 85' lang='lat' dir='ltr'>trigesimum</span> <span class='ocrx_word' id='word_1_478' title='bbox 1757 2813 1883 2875; x_wconf 91' lang='lat' dir='ltr'>tertium</span> <span class='ocrx_word' id='word_1_479' title='bbox 1907 2813 2135 2891; x_wconf 90' lang='lat' dir='ltr'>praedictorum</span> 
     </span>
     <span class='ocr_line' id='line_1_81' title="bbox 1388 2905 2136 2984; baseline 0.001 -17"><span class='ocrx_word' id='word_1_480' title='bbox 1388 2923 1536 2968; x_wconf 89' lang='lat' dir='ltr'>censuum</span> <span class='ocrx_word' id='word_1_481' title='bbox 1551 2907 1670 2969; x_wconf 85' lang='lat' dir='ltr'>tructus</span> <span class='ocrx_word' id='word_1_482' title='bbox 1682 2923 1747 2968; x_wconf 91' lang='grc'>3333</span> <span class='ocrx_word' id='word_1_483' title='bbox 1760 2905 1984 2984; x_wconf 88' lang='lat' dir='ltr'>percipiendos:</span> <span class='ocrx_word' id='word_1_484' title='bbox 1999 2923 2136 2968; x_wconf 92' lang='lat' dir='ltr'>exnunc</span> 
     </span>
     <span class='ocr_line' id='line_1_82' title="bbox 1388 2999 2137 3079; baseline -0.004 -16"><span class='ocrx_word' id='word_1_485' title='bbox 1388 3009 1492 3065; x_wconf 90' lang='lat' dir='ltr'>aulem</span> <span class='ocrx_word' id='word_1_486' title='bbox 1514 3001 1661 3079; x_wconf 89' lang='lat' dir='ltr'>usquead</span> <span class='ocrx_word' id='word_1_487' title='bbox 1679 3008 1779 3063; x_wconf 91' lang='lat' dir='ltr'>totum</span> <span class='ocrx_word' id='word_1_488' title='bbox 1794 3015 1913 3061; x_wconf 92' lang='lat' dir='ltr'>annum</span> <span class='ocrx_word' id='word_1_489' title='bbox 1931 2999 2137 3061; x_wconf 88' lang='lat' dir='ltr'>millesimum</span> 
     </span>
     <span class='ocr_line' id='line_1_83' title="bbox 1388 3093 2136 3172; baseline -0.004 -15"><span class='ocrx_word' id='word_1_490' title='bbox 1388 3097 1684 3172; x_wconf 89' lang='lat' dir='ltr'>octingentesimum</span> <span class='ocrx_word' id='word_1_491' title='bbox 1708 3094 1903 3170; x_wconf 88' lang='lat' dir='ltr'>trigesimum</span> <span class='ocrx_word' id='word_1_492' title='bbox 1925 3095 2067 3169; x_wconf 91' lang='lat' dir='ltr'>tertium,</span> <span class='ocrx_word' id='word_1_493' title='bbox 2085 3093 2136 3154; x_wconf 90' lang='lat' dir='ltr'>vel</span> 
     </span>
     <span class='ocr_line' id='line_1_84' title="bbox 1389 3188 2137 3266; baseline -0.004 -16"><span class='ocrx_word' id='word_1_494' title='bbox 1389 3204 1486 3266; x_wconf 92' lang='lat' dir='ltr'>usque</span> <span class='ocrx_word' id='word_1_495' title='bbox 1501 3190 1535 3250; x_wconf 91' lang='grc'>33</span> <span class='ocrx_word' id='word_1_496' title='bbox 1548 3188 1729 3251; x_wconf 90' lang='lat' dir='ltr'>celeriorem</span> <span class='ocrx_word' id='word_1_497' title='bbox 1745 3188 1897 3250; x_wconf 90' lang='lat' dir='ltr'>dictorum</span> <span class='ocrx_word' id='word_1_498' title='bbox 1914 3203 2066 3250; x_wconf 91' lang='lat' dir='ltr'>censuum</span> <span class='ocrx_word' id='word_1_499' title='bbox 2080 3188 2137 3248; x_wconf 91' lang='lat' dir='ltr'>im-</span> 
     </span>
     <span class='ocr_line' id='line_1_85' title="bbox 1388 3282 2138 3358; baseline 0.001 -16"><span class='ocrx_word' id='word_1_500' title='bbox 1388 3282 1585 3358; x_wconf 89' lang='lat' dir='ltr'>positionem,</span> <span class='ocrx_word' id='word_1_501' title='bbox 1609 3283 1737 3344; x_wconf 81' lang='grc'>3333333</span> <span class='ocrx_word' id='word_1_502' title='bbox 1759 3282 1880 3358; x_wconf 87' lang='lat' dir='ltr'>argenti</span> <span class='ocrx_word' id='word_1_503' title='bbox 1902 3297 2057 3343; x_wconf 90' lang='lat' dir='ltr'>summam</span> <span class='ocrx_word' id='word_1_504' title='bbox 2073 3282 2138 3344; x_wconf 87' lang='lat' dir='ltr'>iru-</span> 
     </span>
     <span class='ocr_line' id='line_1_86' title="bbox 1388 3375 2137 3453; baseline -0.004 -15"><span class='ocrx_word' id='word_1_505' title='bbox 1388 3375 1488 3438; x_wconf 85' lang='lat' dir='ltr'>ctibus</span> <span class='ocrx_word' id='word_1_506' title='bbox 1514 3392 1665 3437; x_wconf 91' lang='lat' dir='ltr'>censuum</span> <span class='ocrx_word' id='word_1_507' title='bbox 1692 3377 1933 3453; x_wconf 87' lang='lat' dir='ltr'>respondentem</span> <span class='ocrx_word' id='word_1_508' title='bbox 1954 3377 1992 3438; x_wconf 88' lang='lat' dir='ltr'>ab</span> <span class='ocrx_word' id='word_1_509' title='bbox 2013 3377 2137 3438; x_wconf 89' lang='lat' dir='ltr'>aerariis</span> 
     </span>
     <span class='ocr_line' id='line_1_87' title="bbox 1389 3471 2137 3550; baseline 0 -18"><span class='ocrx_word' id='word_1_510' title='bbox 1389 3473 1629 3547; x_wconf 87' lang='lat' dir='ltr'>provincialibus</span> <span class='ocrx_word' id='word_1_511' title='bbox 1652 3474 1822 3550; x_wconf 90' lang='lat' dir='ltr'>unicuique</span> <span class='ocrx_word' id='word_1_512' title='bbox 1843 3471 1972 3534; x_wconf 90' lang='lat' dir='ltr'>dioecesi</span> <span class='ocrx_word' id='word_1_513' title='bbox 1995 3488 2062 3532; x_wconf 89' lang='lat' dir='ltr'>esse</span> <span class='ocrx_word' id='word_1_514' title='bbox 2080 3488 2137 3532; x_wconf 94' lang='lat' dir='ltr'>nu-</span> 
     </span>
     <span class='ocr_line' id='line_1_88' title="bbox 1390 3565 2138 3640; baseline -0.005 -11"><span class='ocrx_word' id='word_1_515' title='bbox 1390 3568 1579 3640; x_wconf 76' lang='lat' dir='ltr'>merandam.</span> <span class='ocrx_word' id='word_1_516' title='bbox 1604 3569 1649 3632; x_wconf 93' lang='lat' dir='ltr'>Ne</span> <span class='ocrx_word' id='word_1_517' title='bbox 1671 3584 1744 3630; x_wconf 88' lang='lat' dir='ltr'>vero</span> <span class='ocrx_word' id='word_1_518' title='bbox 1778 3566 1841 3627; x_wconf 92' lang='lat' dir='ltr'>ullo</span> <span class='ocrx_word' id='word_1_519' title='bbox 1873 3565 1964 3626; x_wconf 93' lang='lat' dir='ltr'>modo</span> <span class='ocrx_word' id='word_1_520' title='bbox 1992 3581 2138 3627; x_wconf 90' lang='lat' dir='ltr'>numera·</span> 
     </span>
     <span class='ocr_line' id='line_1_89' title="bbox 1390 3658 2137 3743; baseline -0.016 -13"><span class='ocrx_word' id='word_1_521' title='bbox 1390 3668 1484 3730; x_wconf 89' lang='lat' dir='ltr'>tionis</span> <span class='ocrx_word' id='word_1_522' title='bbox 1505 3662 1680 3743; x_wconf 87' lang='lat' dir='ltr'>prorogatio</span> <span class='ocrx_word' id='word_1_523' title='bbox 1702 3660 1783 3722; x_wconf 88' lang='lat' dir='ltr'>ultra</span> <span class='ocrx_word' id='word_1_524' title='bbox 1798 3674 1916 3719; x_wconf 89' lang='lat' dir='ltr'>annum</span> <span class='ocrx_word' id='word_1_525' title='bbox 1932 3658 2137 3719; x_wconf 89' lang='lat' dir='ltr'>millesimum</span> 
     </span>
     <span class='ocr_line' id='line_1_90' title="bbox 1390 3753 2139 3836; baseline -0.011 -14"><span class='ocrx_word' id='word_1_526' title='bbox 1390 3757 1683 3836; x_wconf 85' lang='lat' dir='ltr'>octingentesimum</span> <span class='ocrx_word' id='word_1_527' title='bbox 1700 3753 1895 3830; x_wconf 87' lang='lat' dir='ltr'>trigesimum</span> <span class='ocrx_word' id='word_1_528' title='bbox 1909 3753 2037 3814; x_wconf 91' lang='lat' dir='ltr'>tertium</span> <span class='ocrx_word' id='word_1_529' title='bbox 2051 3755 2139 3814; x_wconf 91' lang='lat' dir='ltr'>time-</span> 
     </span>
     <span class='ocr_line' id='line_1_91' title="bbox 1391 3848 2138 3932; baseline -0.013 -16"><span class='ocrx_word' id='word_1_530' title='bbox 1391 3856 1417 3916; x_wconf 93' lang='lat' dir='ltr'>ri</span> <span class='ocrx_word' id='word_1_531' title='bbox 1434 3853 1539 3932; x_wconf 86' lang='lat' dir='ltr'>possit,</span> <span class='ocrx_word' id='word_1_532' title='bbox 1556 3867 1655 3929; x_wconf 92' lang='lat' dir='ltr'>quum</span> <span class='ocrx_word' id='word_1_533' title='bbox 1676 3853 1756 3910; x_wconf 91' lang='lat' dir='ltr'>lorte</span> <span class='ocrx_word' id='word_1_534' title='bbox 1778 3848 1974 3923; x_wconf 87' lang='lat' dir='ltr'>magistratus</span> <span class='ocrx_word' id='word_1_535' title='bbox 1990 3848 2138 3909; x_wconf 91' lang='lat' dir='ltr'>interces-</span> 
     </span>
     <span class='ocr_line' id='line_1_92' title="bbox 1390 3941 2139 4020; baseline -0.012 -10"><span class='ocrx_word' id='word_1_536' title='bbox 1390 3949 1499 4020; x_wconf 88' lang='lat' dir='ltr'>serint,</span> <span class='ocrx_word' id='word_1_537' title='bbox 1516 3959 1554 4006; x_wconf 93' lang='lat' dir='ltr'>ne</span> <span class='ocrx_word' id='word_1_538' title='bbox 1570 3960 1681 4006; x_wconf 89' lang='lat' dir='ltr'>census</span> <span class='ocrx_word' id='word_1_539' title='bbox 1697 3942 1909 4020; x_wconf 90' lang='lat' dir='ltr'>imponantur,</span> <span class='ocrx_word' id='word_1_540' title='bbox 1926 3956 1990 4002; x_wconf 94' lang='lat' dir='ltr'>non</span> <span class='ocrx_word' id='word_1_541' title='bbox 2006 3941 2079 4002; x_wconf 89' lang='lat' dir='ltr'>satis</span> <span class='ocrx_word' id='word_1_542' title='bbox 2095 3943 2139 4002; x_wconf 95' lang='lat' dir='ltr'>di-</span> 
     </span>
     <span class='ocr_line' id='line_1_93' title="bbox 1393 4035 2137 4116; baseline -0.009 -13"><span class='ocrx_word' id='word_1_543' title='bbox 1393 4043 1512 4104; x_wconf 88' lang='lat' dir='ltr'>minuta</span> <span class='ocrx_word' id='word_1_544' title='bbox 1534 4037 1648 4116; x_wconf 90' lang='lat' dir='ltr'>publici</span> <span class='ocrx_word' id='word_1_545' title='bbox 1671 4036 1748 4096; x_wconf 89' lang='lat' dir='ltr'>aeris</span> <span class='ocrx_word' id='word_1_546' title='bbox 1763 4035 1854 4095; x_wconf 90' lang='lat' dir='ltr'>alieni</span> <span class='ocrx_word' id='word_1_547' title='bbox 1871 4036 2056 4112; x_wconf 86' lang='lat' dir='ltr'>quantitate,</span> <span class='ocrx_word' id='word_1_548' title='bbox 2075 4035 2137 4096; x_wconf 87' lang='lat' dir='ltr'>lau-</span> 
     </span>
     <span class='ocr_line' id='line_1_94' title="bbox 1392 4128 2138 4207; baseline -0.011 -8"><span class='ocrx_word' id='word_1_549' title='bbox 1392 4138 1478 4199; x_wconf 88' lang='lat' dir='ltr'>datus</span> <span class='ocrx_word' id='word_1_550' title='bbox 1499 4149 1552 4194; x_wconf 91' lang='lat' dir='ltr'>rex</span> <span class='ocrx_word' id='word_1_551' title='bbox 1569 4131 1651 4194; x_wconf 92' lang='lat' dir='ltr'>ultro</span> <span class='ocrx_word' id='word_1_552' title='bbox 1666 4129 1820 4207; x_wconf 90' lang='lat' dir='ltr'>promisit,</span> <span class='ocrx_word' id='word_1_553' title='bbox 1837 4128 2054 4206; x_wconf 89' lang='lat' dir='ltr'>conceptisque</span> <span class='ocrx_word' id='word_1_554' title='bbox 2070 4145 2138 4191; x_wconf 88' lang='lat' dir='ltr'>ver-</span> 
     </span>
     <span class='ocr_line' id='line_1_95' title="bbox 1392 4225 2139 4302; baseline -0.007 -11"><span class='ocrx_word' id='word_1_555' title='bbox 1392 4231 1436 4292; x_wconf 90' lang='lat' dir='ltr'>bis</span> <span class='ocrx_word' id='word_1_556' title='bbox 1458 4245 1523 4290; x_wconf 90' lang='lat' dir='ltr'>sese</span> <span class='ocrx_word' id='word_1_557' title='bbox 1545 4225 1704 4302; x_wconf 88' lang='lat' dir='ltr'>obligavit,</span> <span class='ocrx_word' id='word_1_558' title='bbox 1726 4225 1750 4284; x_wconf 94' lang='lat' dir='ltr'>si</span> <span class='ocrx_word' id='word_1_559' title='bbox 1770 4229 1890 4300; x_wconf 90' lang='lat' dir='ltr'>praeter</span> <span class='ocrx_word' id='word_1_560' title='bbox 1905 4239 2031 4284; x_wconf 89' lang='lat' dir='ltr'>omnem</span> <span class='ocrx_word' id='word_1_561' title='bbox 2047 4241 2139 4302; x_wconf 88' lang='lat' dir='ltr'>expe·</span> 
     </span>
     <span class='ocr_line' id='line_1_96' title="bbox 1392 4320 2136 4395; baseline -0.011 -7"><span class='ocrx_word' id='word_1_562' title='bbox 1392 4325 1558 4388; x_wconf 90' lang='lat' dir='ltr'>ctutionem</span> <span class='ocrx_word' id='word_1_563' title='bbox 1590 4322 1618 4382; x_wconf 96' lang='lat' dir='ltr'>id</span> <span class='ocrx_word' id='word_1_564' title='bbox 1649 4320 1773 4392; x_wconf 89' lang='lat' dir='ltr'>accidat,</span> <span class='ocrx_word' id='word_1_565' title='bbox 1796 4334 1827 4379; x_wconf 87' lang='lat' dir='ltr'>se</span> <span class='ocrx_word' id='word_1_566' title='bbox 1850 4325 2031 4380; x_wconf 91' lang='lat' dir='ltr'>curaturum</span> <span class='ocrx_word' id='word_1_567' title='bbox 2058 4336 2136 4395; x_wconf 90' lang='grc'>3333,</span> 
     </span>
     <span class='ocr_line' id='line_1_97' title="bbox 1394 4412 2139 4491; baseline -0.009 -10"><span class='ocrx_word' id='word_1_568' title='bbox 1394 4428 1428 4481; x_wconf 91' lang='lat' dir='ltr'>nt</span> <span class='ocrx_word' id='word_1_569' title='bbox 1451 4428 1494 4481; x_wconf 93' lang='lat' dir='ltr'>tot</span> <span class='ocrx_word' id='word_1_570' title='bbox 1516 4416 1582 4491; x_wconf 87' lang='lat' dir='ltr'>agri</span> <span class='ocrx_word' id='word_1_571' title='bbox 1603 4415 1697 4490; x_wconf 91' lang='lat' dir='ltr'>regiis</span> <span class='ocrx_word' id='word_1_572' title='bbox 1720 4413 1866 4491; x_wconf 92' lang='lat' dir='ltr'>impensis</span> <span class='ocrx_word' id='word_1_573' title='bbox 1887 4422 2032 4474; x_wconf 88' lang='lat' dir='ltr'>emantur</span> <span class='ocrx_word' id='word_1_574' title='bbox 2046 4412 2139 4490; x_wconf 90' lang='lat' dir='ltr'>pleno</span> 
     </span>
     <span class='ocr_line' id='line_1_98' title="bbox 1393 4505 2137 4583; baseline -0.013 -7"><span class='ocrx_word' id='word_1_575' title='bbox 1393 4512 1523 4576; x_wconf 92' lang='lat' dir='ltr'>dominii</span> <span class='ocrx_word' id='word_1_576' title='bbox 1555 4510 1622 4570; x_wconf 92' lang='lat' dir='ltr'>iure</span> <span class='ocrx_word' id='word_1_577' title='bbox 1652 4507 1783 4583; x_wconf 87' lang='lat' dir='ltr'>singulis</span> <span class='ocrx_word' id='word_1_578' title='bbox 1813 4505 1949 4568; x_wconf 87' lang='lat' dir='ltr'>ecclesiis</span> <span class='ocrx_word' id='word_1_579' title='bbox 1981 4505 2137 4579; x_wconf 91' lang='lat' dir='ltr'>tradendi,</span> 
     </span>
     <span class='ocr_line' id='line_1_99' title="bbox 1393 4601 2137 4686; baseline -0.008 -20"><span class='ocrx_word' id='word_1_580' title='bbox 1393 4616 1468 4686; x_wconf 87' lang='lat' dir='ltr'>quot</span> <span class='ocrx_word' id='word_1_581' title='bbox 1491 4603 1652 4666; x_wconf 86' lang='lat' dir='ltr'>necessarii</span> <span class='ocrx_word' id='word_1_582' title='bbox 1675 4603 1737 4662; x_wconf 92' lang='lat' dir='ltr'>sint</span> <span class='ocrx_word' id='word_1_583' title='bbox 1760 4606 1792 4660; x_wconf 90' lang='lat' dir='ltr'>ut</span> <span class='ocrx_word' id='word_1_584' title='bbox 1810 4615 1919 4661; x_wconf 90' lang='lat' dir='ltr'>eorum</span> <span class='ocrx_word' id='word_1_585' title='bbox 1935 4601 2072 4661; x_wconf 90' lang='lat' dir='ltr'>redditus</span> <span class='ocrx_word' id='word_1_586' title='bbox 2088 4616 2137 4660; x_wconf 93' lang='lat' dir='ltr'>an·</span> 
     </span>
     <span class='ocr_line' id='line_1_100' title="bbox 1394 4697 2139 4771; baseline -0.012 -9"><span class='ocrx_word' id='word_1_587' title='bbox 1394 4717 1471 4761; x_wconf 88' lang='lat' dir='ltr'>nuas</span> <span class='ocrx_word' id='word_1_588' title='bbox 1494 4697 1558 4758; x_wconf 91' lang='lat' dir='ltr'>illas</span> <span class='ocrx_word' id='word_1_589' title='bbox 1579 4711 1716 4757; x_wconf 90' lang='lat' dir='ltr'>summas</span> <span class='ocrx_word' id='word_1_590' title='bbox 1739 4699 1921 4771; x_wconf 82' lang='lat' dir='ltr'>exaequent,</span> <span class='ocrx_word' id='word_1_591' title='bbox 1937 4709 2016 4770; x_wconf 88' lang='lat' dir='ltr'>quae</span> <span class='ocrx_word' id='word_1_592' title='bbox 2037 4709 2139 4754; x_wconf 91' lang='lat' dir='ltr'>acen-</span> 
     </span>
     <span class='ocr_line' id='line_1_101' title="bbox 1394 4787 2138 4870; baseline -0.009 -15"><span class='ocrx_word' id='word_1_593' title='bbox 1394 4795 1479 4855; x_wconf 91' lang='lat' dir='ltr'>sibus</span> <span class='ocrx_word' id='word_1_594' title='bbox 1494 4789 1705 4870; x_wconf 90' lang='lat' dir='ltr'>percipiendae</span> <span class='ocrx_word' id='word_1_595' title='bbox 1727 4797 1842 4862; x_wconf 89' lang='lat' dir='ltr'>essent,</span> <span class='ocrx_word' id='word_1_596' title='bbox 1860 4788 1919 4849; x_wconf 92' lang='lat' dir='ltr'>nisi</span> <span class='ocrx_word' id='word_1_597' title='bbox 1937 4787 2138 4864; x_wconf 92' lang='lat' dir='ltr'>impedimen-</span> 
     </span>
     <span class='ocr_line' id='line_1_102' title="bbox 1396 4881 2138 4957; baseline -0.012 -6"><span class='ocrx_word' id='word_1_598' title='bbox 1396 4897 1462 4951; x_wconf 90' lang='lat' dir='ltr'>tum</span> <span class='ocrx_word' id='word_1_599' title='bbox 1484 4886 1560 4948; x_wconf 91' lang='lat' dir='ltr'>iliud</span> <span class='ocrx_word' id='word_1_600' title='bbox 1585 4883 1817 4946; x_wconf 90' lang='lat' dir='ltr'>intercessisset.</span> <span class='ocrx_word' id='word_1_601' title='bbox 1841 4883 1924 4957; x_wconf 84' lang='lat' dir='ltr'>Quae</span> <span class='ocrx_word' id='word_1_602' title='bbox 1944 4881 2046 4943; x_wconf 86' lang='lat' dir='ltr'>omnia</span> <span class='ocrx_word' id='word_1_603' title='bbox 2067 4898 2138 4943; x_wconf 89' lang='lat' dir='ltr'>cum</span> 
     </span>
     <span class='ocr_line' id='line_1_103' title="bbox 1395 4974 2139 5054; baseline -0.013 -10"><span class='ocrx_word' id='word_1_604' title='bbox 1395 4981 1611 5044; x_wconf 89' lang='lat' dir='ltr'>serenissimus</span> <span class='ocrx_word' id='word_1_605' title='bbox 1640 4995 1695 5040; x_wconf 92' lang='lat' dir='ltr'>rex</span> <span class='ocrx_word' id='word_1_606' title='bbox 1717 4992 1772 5054; x_wconf 87' lang='lat' dir='ltr'>per</span> <span class='ocrx_word' id='word_1_607' title='bbox 1802 4976 1965 5053; x_wconf 89' lang='lat' dir='ltr'>diplomata</span> <span class='ocrx_word' id='word_1_608' title='bbox 1987 4977 2020 5035; x_wconf 92' lang='lat' dir='ltr'>in</span> <span class='ocrx_word' id='word_1_609' title='bbox 2041 4974 2139 5036; x_wconf 86' lang='lat' dir='ltr'>valida</span> 
     </span>
     <span class='ocr_line' id='line_1_104' title="bbox 1395 5069 2138 5153; baseline -0.013 -15"><span class='ocrx_word' id='word_1_610' title='bbox 1395 5077 1482 5153; x_wconf 85' lang='lat' dir='ltr'>regni</span> <span class='ocrx_word' id='word_1_611' title='bbox 1506 5075 1605 5134; x_wconf 83' lang='lat' dir='ltr'>turma</span> <span class='ocrx_word' id='word_1_612' title='bbox 1626 5091 1639 5132; x_wconf 92' lang='grc'>3</span> <span class='ocrx_word' id='word_1_613' title='bbox 1662 5089 1694 5132; x_wconf 90' lang='grc'>33</span> <span class='ocrx_word' id='word_1_614' title='bbox 1715 5069 1934 5131; x_wconf 87' lang='lat' dir='ltr'>subscribenda</span> <span class='ocrx_word' id='word_1_615' title='bbox 1958 5069 1988 5128; x_wconf 95' lang='lat' dir='ltr'>in</span> <span class='ocrx_word' id='word_1_616' title='bbox 2007 5075 2073 5130; x_wconf 91' lang='lat' dir='ltr'>tuto</span> <span class='ocrx_word' id='word_1_617' title='bbox 2088 5084 2138 5146; x_wconf 93' lang='lat' dir='ltr'>po·</span> 
     </span>
     <span class='ocr_line' id='line_1_105' title="bbox 1397 5162 2138 5244; baseline -0.016 -11"><span class='ocrx_word' id='word_1_618' title='bbox 1397 5187 1471 5233; x_wconf 88' lang='lat' dir='ltr'>nere</span> <span class='ocrx_word' id='word_1_619' title='bbox 1491 5169 1530 5228; x_wconf 89' lang='lat' dir='ltr'>sit</span> <span class='ocrx_word' id='word_1_620' title='bbox 1551 5165 1717 5244; x_wconf 91' lang='lat' dir='ltr'>pollicitus,</span> <span class='ocrx_word' id='word_1_621' title='bbox 1734 5170 1768 5224; x_wconf 94' lang='lat' dir='ltr'>ut</span> <span class='ocrx_word' id='word_1_622' title='bbox 1790 5162 1917 5240; x_wconf 88' lang='lat' dir='ltr'>plenum</span> <span class='ocrx_word' id='word_1_623' title='bbox 1934 5171 1965 5222; x_wconf 92' lang='lat' dir='ltr'>et</span> <span class='ocrx_word' id='word_1_624' title='bbox 1981 5163 2138 5237; x_wconf 86' lang='lat' dir='ltr'>integrum</span> 
     </span>
     <span class='ocr_line' id='line_1_106' title="bbox 1396 5254 2140 5336; baseline -0.013 -10"><span class='ocrx_word' id='word_1_625' title='bbox 1396 5263 1539 5326; x_wconf 85' lang='lat' dir='ltr'>ellectum</span> <span class='ocrx_word' id='word_1_626' title='bbox 1561 5276 1616 5322; x_wconf 90' lang='lat' dir='ltr'>suo</span> <span class='ocrx_word' id='word_1_627' title='bbox 1638 5267 1776 5336; x_wconf 90' lang='lat' dir='ltr'>tempore</span> <span class='ocrx_word' id='word_1_628' title='bbox 1798 5255 1986 5332; x_wconf 81' lang='lat' dir='ltr'>sortiantur3</span> <span class='ocrx_word' id='word_1_629' title='bbox 2003 5254 2076 5316; x_wconf 89' lang='lat' dir='ltr'>hinc</span> <span class='ocrx_word' id='word_1_630' title='bbox 2091 5272 2140 5316; x_wconf 89' lang='lat' dir='ltr'>su·</span> 
     </span>
     <span class='ocr_line' id='line_1_107' title="bbox 1397 5348 2140 5438; baseline -0.013 -20"><span class='ocrx_word' id='word_1_631' title='bbox 1397 5357 1549 5438; x_wconf 90' lang='lat' dir='ltr'>pradictus</span> <span class='ocrx_word' id='word_1_632' title='bbox 1565 5353 1709 5430; x_wconf 86' lang='lat' dir='ltr'>Iosephus</span> <span class='ocrx_word' id='word_1_633' title='bbox 1725 5351 1891 5428; x_wconf 81' lang='lat' dir='ltr'>Episcopus</span> <span class='ocrx_word' id='word_1_634' title='bbox 1906 5349 2070 5427; x_wconf 90' lang='lat' dir='ltr'>diplomata</span> <span class='ocrx_word' id='word_1_635' title='bbox 2086 5348 2140 5409; x_wconf 95' lang='lat' dir='ltr'>hu·</span> 
     </span>
     <span class='ocr_line' id='line_1_108' title="bbox 1397 5443 2140 5524; baseline -0.013 -12"><span class='ocrx_word' id='word_1_636' title='bbox 1397 5450 1529 5514; x_wconf 90' lang='lat' dir='ltr'>iusmodi</span> <span class='ocrx_word' id='word_1_637' title='bbox 1551 5447 1681 5524; x_wconf 86' lang='lat' dir='ltr'>singulis</span> <span class='ocrx_word' id='word_1_638' title='bbox 1703 5444 1838 5507; x_wconf 90' lang='lat' dir='ltr'>ecclesiis</span> <span class='ocrx_word' id='word_1_639' title='bbox 1866 5443 1964 5503; x_wconf 89' lang='lat' dir='ltr'>tradet</span> <span class='ocrx_word' id='word_1_640' title='bbox 1987 5443 2017 5503; x_wconf 92' lang='lat' dir='ltr'>in</span> <span class='ocrx_word' id='word_1_641' title='bbox 2040 5457 2140 5520; x_wconf 91' lang='lat' dir='ltr'>respe-</span> 
     </span>
     <span class='ocr_line' id='line_1_109' title="bbox 1396 5540 1861 5608; baseline -0.024 -1"><span class='ocrx_word' id='word_1_642' title='bbox 1396 5545 1485 5608; x_wconf 90' lang='lat' dir='ltr'>ctivis</span> <span class='ocrx_word' id='word_1_643' title='bbox 1507 5543 1651 5604; x_wconf 86' lang='lat' dir='ltr'>archiviis</span> <span class='ocrx_word' id='word_1_644' title='bbox 1667 5540 1861 5600; x_wconf 88' lang='lat' dir='ltr'>asservauda.</span> 
     </span>
    </p>
   </div>
   <div class='ocr_carea' id='block_1_11' title="bbox 1438 5625 2348 5735">
    <p class='ocr_par' dir='ltr' id='par_1_13' title="bbox 1438 5625 2348 5735">
     <span class='ocr_line' id='line_1_110' title="bbox 1438 5625 2348 5735; baseline -0.016 -34"><span class='ocrx_word' id='word_1_645' title='bbox 1438 5641 1456 5714; x_wconf 62' lang='lat' dir='ltr'>g</span> <span class='ocrx_word' id='word_1_646' title='bbox 1478 5639 1527 5700; x_wconf 80' lang='lat' dir='ltr'>us.</span> <span class='ocrx_word' id='word_1_647' title='bbox 1551 5635 1674 5699; x_wconf 87' lang='lat' dir='ltr'>Similes</span> <span class='ocrx_word' id='word_1_648' title='bbox 1688 5643 1791 5695; x_wconf 88' lang='lat' dir='ltr'>autem</span> <span class='ocrx_word' id='word_1_649' title='bbox 1808 5631 1944 5694; x_wconf 90' lang='lat' dir='ltr'>redditus</span> <span class='ocrx_word' id='word_1_650' title='bbox 1960 5629 1995 5690; x_wconf 91' lang='lat' dir='ltr'>ad</span> <span class='ocrx_word' id='word_1_651' title='bbox 2010 5629 2139 5690; x_wconf 88' lang='lat' dir='ltr'>iormam</span> <span class='ocrx_word' id='word_1_652' title='bbox 2157 5625 2326 5735; x_wconf 56' lang='lat' dir='ltr'>,dssflssfflffiddl</span> <span class='ocrx_word' id='word_1_653' title='bbox 2346 5667 2348 5670; x_wconf 88' lang='lat'><em>-</em></span> 
     </span>
    </p>
   </div>
   <div class='ocr_carea' id='block_1_12' title="bbox 1398 5725 2324 5812">
    <p class='ocr_par' dir='ltr' id='par_1_14' title="bbox 1398 5725 2324 5812">
     <span class='ocr_line' id='line_1_111' title="bbox 1398 5725 2324 5812; baseline -0.026 -16"><span class='ocrx_word' id='word_1_654' title='bbox 1398 5733 1608 5812; x_wconf 89' lang='lat' dir='ltr'>promissionis</span> <span class='ocrx_word' id='word_1_655' title='bbox 1624 5730 1737 5806; x_wconf 88' lang='lat' dir='ltr'>regiae,</span> <span class='ocrx_word' id='word_1_656' title='bbox 1750 5725 1888 5789; x_wconf 89' lang='lat' dir='ltr'>deductis</span> <span class='ocrx_word' id='word_1_657' title='bbox 1900 5725 2058 5796; x_wconf 73' lang='lat' dir='ltr'>oneribus</span> <span class='ocrx_word' id='word_1_658' title='bbox 2070 5738 2140 5784; x_wconf 89' lang='lat' dir='ltr'>con·</span> <span class='ocrx_word' id='word_1_659' title='bbox 2158 5752 2207 5790; x_wconf 72' lang='lat' dir='ltr'>rum</span> <span class='ocrx_word' id='word_1_660' title='bbox 2226 5741 2324 5784; x_wconf 78' lang='lat' dir='ltr'>censuum.</span> 
     </span>
    </p>
   </div>
   <div class='ocr_carea' id='block_1_13' title="bbox 1398 5817 2139 5992">
    <p class='ocr_par' dir='ltr' id='par_1_15' title="bbox 1398 5817 2139 5992">
     <span class='ocr_line' id='line_1_112' title="bbox 1398 5817 2139 5900; baseline -0.019 -10"><span class='ocrx_word' id='word_1_661' title='bbox 1398 5829 1471 5890; x_wconf 89' lang='lat' dir='ltr'>itare</span> <span class='ocrx_word' id='word_1_662' title='bbox 1493 5825 1650 5888; x_wconf 92' lang='lat' dir='ltr'>debebunt</span> <span class='ocrx_word' id='word_1_663' title='bbox 1678 5828 1843 5900; x_wconf 90' lang='lat' dir='ltr'>sequentes</span> <span class='ocrx_word' id='word_1_664' title='bbox 1871 5833 1990 5879; x_wconf 89' lang='lat' dir='ltr'>annuas</span> <span class='ocrx_word' id='word_1_665' title='bbox 2015 5817 2139 5878; x_wconf 90' lang='lat' dir='ltr'>dotatio·</span> 
     </span>
     <span class='ocr_line' id='line_1_113' title="bbox 1399 5909 2139 5992; baseline -0.02 -9"><span class='ocrx_word' id='word_1_666' title='bbox 1399 5937 1476 5983; x_wconf 93' lang='lat' dir='ltr'>num</span> <span class='ocrx_word' id='word_1_667' title='bbox 1507 5933 1654 5990; x_wconf 88' lang='lat' dir='ltr'>sommas,</span> <span class='ocrx_word' id='word_1_668' title='bbox 1683 5929 1795 5992; x_wconf 91' lang='lat' dir='ltr'>nempe</span> <span class='ocrx_word' id='word_1_669' title='bbox 1825 5927 1880 5990; x_wconf 91' lang='lat' dir='ltr'>pro</span> <span class='ocrx_word' id='word_1_670' title='bbox 1908 5909 2139 5988; x_wconf 72' lang='lat' dir='ltr'>archiepiscopo</span> 
     </span>
    </p>
   </div>
   <div class='ocr_carea' id='block_1_14' title="bbox 0 0 2432 6980">
    <p class='ocr_par' dir='ltr' id='par_1_16' title="bbox 0 0 2432 6980">
     <span class='ocr_line' id='line_1_114' title="bbox 0 0 2432 6980; baseline 0 0"><span class='ocrx_word' id='word_1_671' title='bbox 0 0 2432 6980; x_wconf 95' lang='lat' dir='ltr'> </span> 
     </span>
    </p>
   </div>
  </div>
 </body>
</html>
