4740 6962
2102 505 2157 570 An.
2171 516 2200 570 (l.
2223 505 2301 568 1775

308 513 363 577 11.
376 519 407 576 e.
428 510 497 606 rats
546 505 604 584 eol
1050 525 1115 582 ton.
1138 521 1230 580 tour.
1253 519 1294 576 oc
1316 520 1344 576 1.
1368 517 1397 576 v.
1421 525 1503 580 rans
1525 524 1547 579 1.

526 657 617 720 rectis
643 653 796 734 inclinati,
818 651 856 719 de
883 656 1109 721 venerabilium
1135 652 1269 716 fratrum
1325 650 1455 731 aliisque
1484 654 1695 718 ecclesiasticis
1724 655 1881 731 censuris,
1909 656 2071 719 sententiis

525 759 706 814 nostrorum
726 751 757 814 S.
768 750 803 813 li.
815 750 852 813 tt.
876 751 1085 815 cardinalium
1102 749 1179 812 sacri
1200 745 1268 808 'lri-
1325 752 1356 807 et
1381 747 1488 825 poenis
1510 749 1620 827 quovis
1646 748 1737 812 modo
1759 757 1790 813 et
1816 765 2012 829 quacumque
2032 748 2070 812 de

524 843 646 909 deutini
661 846 791 910 concilii
813 847 1023 926 interpretum
1045 844 1174 908 consilio
1188 843 1268 908 dicto
1325 858 1414 905 causa
1427 842 1505 918 latis,
1522 843 1546 904 si
1562 857 1636 920 quas
1651 843 1731 906 torte
1746 843 1961 921 incurrerunt,
1977 845 2070 910 buius

524 937 618 1001 Beato
640 941 790 1002 moderno
816 957 849 1002 ac
877 955 933 1018 pro
956 946 1095 1018 tempore
1122 933 1268 1000 existenti
1326 943 1449 1000 tanturn
1472 936 1518 998 rei
1539 937 1636 1014 gratia
1650 935 1844 1002 absolventes
1865 947 1897 1001 et
1917 939 2070 1002 absolutas

524 1029 625 1093 abbati
646 1031 834 1095 Einsidlensi
850 1038 1077 1094 sacramentnm
1096 1029 1268 1093 condrma-
1325 1031 1392 1095 iore
1412 1039 1587 1108 censentes,
1603 1031 1781 1094 huiusmodi
1795 1033 2070 1113 supplicationibus

525 1123 618 1186 tionis
639 1125 796 1187 catholicis
816 1125 944 1188 occultis
965 1125 997 1187 in
1020 1123 1113 1186 terris
1133 1119 1270 1185 llelveti·
1325 1123 1483 1200 inclinati,
1517 1123 1634 1187 eisdem
1666 1142 1750 1189 nunc
1781 1137 1812 1191 et
1844 1145 1899 1208 pro
1931 1137 2070 1208 tempore

524 1233 632 1280 corum
654 1221 893 1297 protestantium
907 1217 1172 1282 commorantibus
1187 1223 1217 1277 et
1233 1214 1267 1275 ad
1308 1215 1531 1282 'existentibus
1552 1220 1738 1299 presbyteris
1756 1222 1962 1286 saecularibus
1984 1238 2068 1301 prae·

525 1313 663 1375 tramites
684 1311 717 1375 in
738 1313 884 1375 omnibus
899 1313 971 1376 dicti
994 1309 1117 1374 articuli
1138 1309 1267 1390 separati
1325 1310 1403 1374 latae
1418 1314 1667 1390 congregationis
1684 1315 1817 1378 civitatis
1832 1315 2069 1378 Gnatimalensis

471 1395 474 1402 ⁴
524 1407 695 1482 dumtaxat,
717 1404 886 1469 dummodo
909 1412 1011 1468 tamen
1033 1419 1156 1468 sacrum
1177 1402 1268 1466 Cirri-

523 1516 588 1562 sma
602 1499 640 1561 ab
655 1499 801 1578 Episcopo
816 1515 871 1577 pro
885 1508 1024 1577 tempore
1039 1497 1267 1562 constantiensi

524 1593 701 1672 recipiatur,
717 1593 952 1656 administrandi
973 1601 1005 1656 et
1026 1591 1219 1667 conferendi,
1235 1608 1268 1654 ac

523 1685 665 1748 ecclesias
688 1686 771 1749 iuxta
793 1686 960 1749 articulum
982 1685 1129 1766 quintum
1150 1684 1267 1764 praedi-

523 1785 589 1841 ctae
603 1779 783 1842 concordiae
798 1781 1008 1855 consecrandi,
1019 1779 1140 1857 plenam
1158 1787 1189 1840 et
1204 1793 1267 1839 am-

523 1874 605 1954 plam
627 1873 816 1949 facultatem,
831 1874 1013 1936 auctoritate
1028 1871 1202 1952 apostolica,
1224 1879 1267 1934 te·

523 1983 600 2030 nore
630 1968 853 2048 praesentium,
877 1967 1045 2030 tribuimus
1067 1972 1098 2028 et
1128 1965 1266 2044 imperti·

522 2077 604 2124 mur.

562 2158 580 2232 ἓ
600 2157 629 2217 3.
654 2155 722 2218 Non
739 2154 932 2218 obstantibus
946 2153 1221 2217 constitutionibus
1236 2161 1267 2215 et

522 2250 767 2312 ordinationibus
795 2248 967 2328 apostolicis
991 2265 1025 2311 ac
1046 2249 1078 2310 in
1108 2249 1268 2309 universa·

521 2343 601 2405 libus
623 2343 760 2406 conciliis
781 2342 871 2407 editis
883 2342 1079 2420 generalibus
1101 2349 1131 2404 et
1152 2343 1266 2420 specia-

521 2436 612 2512 libus,
625 2437 814 2516 caeterisque
828 2436 990 2500 contrariis
1004 2436 1263 2514 quibuscumque.

563 2532 672 2593 ilatum
693 2531 808 2593 Romae
828 2531 907 2610 apnd
930 2530 961 2593 S.
986 2531 1112 2592 Petrum
1134 2531 1193 2591 sub
1213 2546 1266 2592 an·

522 2625 596 2686 nulo
618 2624 777 2686 Piscatoris
798 2623 848 2686 die
870 2641 890 2684 1.
914 2622 1061 2686 februarii
1079 2637 1263 2686 nocctxxv.

521 2719 659 2798 pontific.
683 2717 782 2779 nostri
803 2733 885 2779 anno
907 2734 928 2780 1.

873 3003 910 3065 ll.

522 3187 724 3252 Facultatum
746 3190 888 3252 concedit
908 3187 1044 3270 stipendi
1067 3190 1102 3252 in
1123 3189 1265 3268 superio-

561 3299 628 3344 rem
648 3284 907 3363 congregationis
929 3283 1075 3346 drotcrtt
1095 3283 1126 3346 S.
1143 3283 1265 3362 Ptttip-

559 3377 594 3455 pi
616 3377 707 3442 derit
725 3377 873 3439 ciuitatis
894 3378 1148 3442 Gootimulensis
1166 3377 1265 3440 etium

560 3487 631 3533 euna
654 3472 709 3549 qni
731 3471 889 3551 desectum
912 3471 1077 3534 autolium
1098 3471 1263 3549 portator.

776 3641 862 3711 ΡΙ118
886 3642 946 3709 ΡΡ.
970 3642 1015 3709 vt.

659 3764 1123 3836 mmmmmwm

1325 1406 1516 1483 huiusmodi,
1530 1416 1565 1471 ut
1580 1410 1636 1488 ipsi
1652 1411 1771 1489 quoties
1787 1414 1822 1475 ad
1839 1429 2006 1476 commune
2017 1415 2069 1476 bo·

1325 1516 1403 1563 num
1433 1501 1647 1582 maioremque
1676 1506 1872 1584 spiritualem
1900 1506 2067 1570 utilitatem

1325 1591 1421 1655 dictae
1444 1594 1694 1672 congregationis
1716 1598 1862 1676 expedire
1882 1600 1914 1660 in
1938 1600 2068 1662 Domino

1325 1685 1546 1765 iudicaverint,
1573 1705 1804 1770 quemcumque
1831 1693 2066 1772 presbyterum,

1325 1779 1377 1858 qui
1405 1781 1505 1843 eidem
1533 1785 1770 1862 congregationi
1800 1801 1915 1848 nornen
1937 1789 2067 1864 dederit,

1324 1873 1440 1952 quique
1460 1877 1659 1956 caeteroquin
1681 1879 1716 1939 ad
1740 1879 1768 1942 id
1786 1880 1915 1942 idoneus
1936 1883 2069 1960 reperia-

1326 1976 1389 2043 tur,
1405 1968 1479 2031 licet
1493 1970 1558 2048 ipse
1573 1969 1729 2035 deiectum
1751 1973 1900 2036 natalium
1915 1991 1952 2036 ex
1967 1975 2069 2036 soluto

1325 2069 1430 2123 tamen
1450 2069 1482 2124 et
1509 2063 1609 2125 soluta
1635 2065 1785 2143 patiatur,
1814 2065 1935 2130 deiectu
1962 2069 2069 2130 buius·

1323 2155 1406 2216 modi
1428 2171 1492 2218 non
1513 2157 1665 2233 obstante,
1681 2160 1706 2220 si
1729 2158 1855 2223 nullum
1876 2160 1958 2222 alind
1979 2175 2069 2223 cano·

1323 2247 1431 2310 nicum
1453 2255 1483 2311 et
1505 2249 1559 2312 hac
1575 2249 1607 2312 in
1624 2267 1658 2312 re
1672 2251 1773 2315 obstet
1795 2253 2067 2332 impedimentum,

1324 2342 1516 2422 servatisque
1527 2343 1594 2406 aliis
1604 2347 1777 2421 servandis,
1788 2348 1998 2426 praepositum
2012 2367 2067 2414 sen

1322 2435 1516 2514 superiorem
1539 2445 1754 2517 nuncupatum
1779 2439 1917 2502 eiusdem
1939 2459 2069 2520 congre-

1324 2529 1456 2604 gationis
1483 2530 1581 2592 libere
1610 2539 1640 2593 ct
1672 2531 1755 2594 licite
1783 2532 1899 2610 eligere
1926 2551 1959 2597 ac
1986 2553 2069 2601 assu-

1323 2637 1410 2683 mere
1429 2623 1548 2700 possint
1562 2631 1593 2686 et
1605 2622 1740 2701 valeant,
1753 2627 1935 2689 auctoritate
1948 2637 2067 2708 aposto-

1323 2713 1378 2776 lica
1401 2723 1509 2778 tenore
1531 2718 1742 2794 praesentium
1763 2721 1960 2784 concedimus
1975 2732 2005 2786 et
2021 2724 2069 2786 in-

1323 2805 1499 2884 dulgemus.

1362 2903 1431 2976 53.
1455 2902 1524 2965 Non
1557 2903 1748 2968 obstantibus
1779 2908 1951 2984 apostolicis
1979 2910 2064 2974 acin
2097 2917 2236 3019 gerrigqffio
2253 2930 2304 2964 eon

1323 2995 1550 3059 universalibus
1568 2999 1871 3080 provincialibusque
1886 3009 1917 3065 et
1938 3005 2067 3081 synoda·
2085 2975 2095 3017 ⁸

1323 3086 1404 3150 libus
1435 3088 1572 3152 conciliis
1593 3091 1682 3154 editis
1712 3095 1908 3170 generalibus
1930 3097 1979 3159 vel
2001 3114 2068 3177 spe-

1323 3180 1449 3244 cialibus
1469 3183 1742 3248 constitutionibus
1757 3195 1788 3248 et
1810 3187 2064 3267 ordinationibus,

1322 3290 1464 3336 necnon
1492 3276 1591 3339 dictae
1619 3279 1866 3356 congregationis
1895 3283 1989 3346 etiam
2020 3285 2066 3346 iu·

1322 3377 1476 3444 ramento,
1493 3371 1728 3434 confirmatione
1750 3374 1912 3451 apostolica
1928 3378 1978 3440 vel
1993 3393 2066 3456 qna·

1322 3464 1368 3524 vis
1390 3463 1537 3526 firmitate
1558 3464 1614 3526 alia
1637 3466 1788 3529 roboratis
1808 3469 1932 3531 statutis
1947 3478 1978 3533 et
1992 3488 2065 3533 con-

1321 3557 1554 3634 suetudinibus3
1576 3558 1749 3638 privilegiis
1771 3577 1908 3640 qnoque,
1935 3563 2066 3628 indultis

1322 3659 1354 3712 et
1381 3649 1479 3712 literis
1507 3651 1677 3729 apostolicis
1701 3654 1912 3732 superioribus
1940 3662 1971 3717 et
1997 3673 2066 3736 per·

1321 3744 1415 3818 sonis,
1428 3742 1485 3804 sub
1506 3743 1756 3824 quibuscumque
1778 3746 1938 3810 tenoribus
1958 3758 1990 3811 et
2004 3749 2066 3811 inr-

1322 3835 1392 3908 mi5‚
1416 3853 1449 3898 ac
1469 3851 1540 3898 cnm
1569 3837 1758 3916 quibuslibet
1783 3839 1877 3902 etiam
1906 3841 2066 3920 derogato-

558 3949 578 4024 5
601 3947 628 4010 l.
653 3945 772 4025 Exponi
794 3943 882 4005 nobis
904 3957 1005 4020 nuper
1027 3941 1168 4003 iecerunt
1188 3941 1263 4003 dite.
1306 3930 1438 3990 riarum
1453 3929 1666 4006 derogatoriis,
1687 3931 1817 4010 aliisque
1831 3932 2063 4012 efficacioribus,

300 3961 430 4020 nxpostttc
448 3972 500 4019 prs·

287 4027 353 4062 cum.
518 4043 560 4105 cti
583 4041 636 4103 filii
658 4039 850 4118 praepositus
879 4045 910 4097 eq
939 4036 1110 4114 presbyteri
1131 4035 1265 4096 saecula.
1321 4023 1538 4086 efficacissimis
1559 4040 1592 4086 ao
1613 4023 1747 4086 insolitis
1768 4025 1923 4104 clausulis,
1941 4030 2065 4094 irritan-

517 4151 567 4198 res
587 4129 835 4210 congregationis
856 4128 987 4192 Oratorii
1004 4127 1107 4192 Sancti
1130 4127 1264 4207 Philippi
1321 4118 1466 4197 libusque
1497 4123 1527 4180 sl
1559 4118 1625 4180 aliis
1653 4118 1783 4181 decretis
1811 4119 1843 4183 in
1873 4137 1989 4198 genere
2016 4123 2065 4185 vel

518 4228 604 4292 Nerii
614 4225 747 4289 civitatis
760 4221 1001 4286 (luatimalensis
1016 4222 1048 4283 in
1064 4221 1169 4297 lndiis,
1182 4221 1262 4300 quod
1320 4215 1353 4276 in
1375 4213 1487 4291 specie,
1510 4227 1544 4274 ac
1564 4211 1631 4274 aliis
1653 4212 1684 4274 in
1713 4214 1907 4277 contrarium
1936 4232 2066 4294 quomo-

517 4323 597 4386 dicta
607 4335 718 4383 eorum
733 4315 942 4393 congregatio,
955 4331 1025 4377 cum
1038 4324 1181 4379 recenter
1193 4315 1263 4378 inn-
1319 4306 1437 4368 dolibsl
1457 4305 1619 4380 concessis,
1643 4307 1814 4385 3111101131ῐὸ
1836 4317 1867 4370 sl
1897 4309 2063 4372 innovatis.

517 4417 584 4478 data
615 4415 667 4488 sit,
693 4412 765 4474 hinc
793 4407 980 4489 presbyteris
1007 4422 1069 4470 non
1097 4409 1263 4471 admodum
1319 4400 1436 4476 Quibus
1457 4399 1602 4461 omnibus
1624 4407 1655 4460 et
1675 4400 1808 4477 singulis
1830 4401 1957 4465 illorum
1979 4411 2065 4467 teno-

517 4509 668 4570 abundat:
692 4504 818 4583 evenire
833 4507 938 4564 autent
953 4501 1139 4580 quandoque
1149 4509 1261 4581 potest,
1320 4509 1368 4555 res
1390 4491 1603 4571 praesentibus
1625 4508 1680 4572 pro
1701 4494 1794 4572 plene
1821 4503 1852 4558 et
1873 4497 2067 4561 sufficienter

518 4608 553 4664 ut
576 4601 730 4662 intereos
752 4595 862 4674 aliquis
883 4601 1093 4668 recenseatur,
1106 4595 1160 4673 qni
1181 4595 1264 4658 dele·
1318 4587 1482 4665 expressis,
1505 4603 1537 4648 ao
1558 4586 1595 4648 de
1617 4586 1712 4649 verbo
1727 4585 1763 4647 ad
1786 4588 1919 4652 verbum
1941 4590 2066 4654 insertis

516 4703 601 4758 ctum
624 4691 772 4754 natalium
795 4688 948 4750 exsoluto
963 4695 1067 4750 tamen
1084 4694 1115 4749 et
1131 4688 1263 4751 muliere
1319 4681 1479 4755 habentes,
1496 4677 1556 4740 illis
1578 4679 1650 4741 alias
1671 4680 1703 4741 in
1719 4697 1775 4742 suo
1793 4682 1901 4744 robore
1922 4699 2065 4762 perman·

516 4787 615 4851 soluta
639 4784 803 4862 illegitime
825 4782 950 4860 genitus
975 4781 1120 4860 patiatur,
1143 4783 1262 4860 quade
1318 4773 1409 4848 suris,
1432 4773 1467 4834 ad
1490 4773 1732 4852 praemissorum
1747 4773 1904 4851 ellectum,
1921 4777 1976 4840 bac
1998 4777 2065 4840 vice

516 4897 605 4944 causa
626 4879 696 4943 licet
721 4876 850 4941 caeteris
877 4875 1077 4954 qualitatibus
1106 4875 1262 4955 praeditus
1318 4872 1489 4944 dumtaxat,
1519 4867 1691 4947 specialiter
1714 4874 1744 4930 et
1772 4885 1916 4948 expresse
1937 4870 2066 4948 deroga·

515 4975 568 5049 sit,
590 4973 625 5035 ad
654 4987 769 5035 munus
799 4979 903 5032 tamen
930 4967 1094 5047 praepositi
1123 4969 1261 5032 eiusdem
1319 4961 1779 5041 mus,caeterisquecontrariis
1795 4964 2055 5044 quibuscumque.

515 5065 765 5144 congregationis
782 5062 895 5126 assumi
917 5068 948 5124 et
963 5062 1036 5138 eligi
1051 5069 1197 5141 nequeat,
1214 5063 1262 5124 iu·
1358 5058 1470 5119 Datum
1481 5055 1595 5116 Romae
1605 5056 1684 5135 apud
1698 5055 1729 5118 S.
1742 5055 1938 5120 Petrumsub
1948 5057 2065 5120 annulo

516 5161 616 5240 deque
638 5160 752 5231 sictut
772 5156 883 5219 electio
904 5155 1082 5220 huiusmodi
1096 5154 1261 5218 admodum
1318 5149 1478 5213 Piscatoris
1494 5149 1542 5211 die
1558 5165 1628 5210 rur.
1646 5148 1749 5210 martii
1764 5165 1964 5227 succursu,
1990 5168 2064 5230 pon·

516 5253 704 5316 cohibeatur.
728 5250 821 5313 Nobis
835 5256 997 5329 propterea
1011 5248 1174 5311 humiliter
1190 5265 1260 5328 sup·
1318 5245 1450 5308 tidcatus
1472 5243 1570 5305 nostri
1592 5258 1674 5304 anno
1697 5259 1719 5305 1.

516 5345 620 5424 plicari
632 5344 783 5418 iecerunt,
795 5350 830 5404 ut
844 5342 901 5405 sibi
917 5341 949 5403 in
963 5341 1137 5419 praemissis
1152 5356 1260 5420 oppor-

517 5445 593 5502 tune
621 5437 796 5519 providere,
819 5443 850 5499 et
871 5444 905 5499 ut
931 5435 1012 5498 inira
1040 5434 1203 5512 indulgere
1224 5437 1260 5498 de

515 5533 709 5609 benignitate
730 5530 892 5609 apostolica
914 5530 1126 5606 dignaremur.
1666 5527 1716 5590 lll.

300 5645 386 5706 ¹norror·
399 5651 497 5688 concas
556 5629 575 5703 ᾗ
595 5626 625 5687 2.
649 5623 710 5686 Nos
721 5623 819 5701 igitur
840 5623 918 5702 ipsos
936 5627 1129 5701 exponentes
1149 5621 1262 5700 specia-

286 5695 372 5743 ⁸¹⁰¹¹¹⁸'
515 5721 598 5784 libus
619 5720 725 5797 gratiis
752 5725 783 5780 et
804 5717 960 5779 lavoribus
988 5716 1132 5795 prosequi
1153 5716 1261 5778 volen·
1320 5714 1496 5792 Confirmet
1517 5711 1689 5794 privilegio
1711 5715 1970 5794 corrqrequtionis
1988 5715 2065 5779 Oro-

1576 5403 1813 5414 ———-—-———-

518 5821 573 5890 tes,
596 5821 759 5876 eteorum
785 5811 959 5888 singulares
987 5827 1131 5890 personas
1153 5829 1169 5872 a
1193 5811 1261 5891 qui·
1361 5807 1439 5869 torii
1471 5807 1583 5869 Sancti
1615 5807 1759 5885 Philippi
1792 5807 1883 5871 Nerii
1917 5809 2063 5870 claritatis

517 5908 622 5972 busvis
656 5903 987 5970 excommunicationis
1019 5911 1049 5966 et
1084 5901 1260 5982 interdicti,
1362 5899 1627 5964 Guntircnlcnsic.
