4776 6974
85 593 119 642 13,
129 587 151 636 G.
169 579 229 631 1786

920 590 992 635 PIUS
1014 589 1062 634 PP·
1088 592 1129 636 Vl.

254 707 339 768 rerba
361 707 570 784 significabas:
598 712 762 786 Qoratcnus
778 711 872 782 inibi,
888 713 997 771 stante

252 800 349 860 edicto
382 802 453 864 Sao.
480 801 567 866 Caes.
592 805 786 876 Maiestatis,
821 803 903 882 quad
935 817 993 862 333.

251 890 385 954 octobris
407 895 489 954 aurci
514 896 674 970 praedicti
705 911 910 958 unucnxxxv.
936 893 995 956 1133

251 985 281 1044 in
304 1001 420 1046 caussa
435 987 470 1046 ia
486 988 621 1064 luniparia
635 989 811 1057 emanavit,
829 990 993 1068 intapram

248 1079 319 1138 crit.
337 1078 400 1139 lda
417 1085 457 1153 13,
474 1081 661 1142 venerahilis
676 1081 782 1156 irater,
800 1081 889 1144 nobis
904 1081 994 1157 plane

247 1171 478 1248 inexpectatum
505 1173 624 1249 accidit,
650 1192 722 1237 curn
749 1174 992 1252 perspectissime

248 1273 296 1324 tua
319 1274 411 1341 esset,
435 1267 495 1328 laon
517 1267 554 1328 31)
573 1282 610 1326 33
628 1275 778 1346 tempore,
794 1267 993 1346 3331313113-

247 1373 313 1418 3333
333 1359 367 1420 13
381 1375 464 1420 33333
480 1360 646 1422 incubuisti
660 1359 773 1435 studia,
790 1379 862 1438 erga
876 1377 993 1422 sacram

246 1450 323 1512 hanc
345 1454 460 1514 sedem
473 1453 678 1530 observantia,
695 1473 728 1516 33
751 1455 911 1517 nobiscum
926 1453 993 1530 plu-

246 1543 329 1604 ribus
353 1553 422 1606 tuae
452 1545 575 1622 pietatis
607 1546 844 1625 nlllciorurnque
873 1546 992 1608 indiciis

244 1636 439 1712 comprobata
454 1636 639 1700 coniunctio.
652 1638 781 1699 11131333
796 1639 923 1717 quidem
936 1637 993 1698 mi-

246 1743 314 1788 3333
339 1729 427 1790 331313
448 1739 505 1805 est,
529 1731 597 1792 illos
617 1731 701 1794 abuti
718 1731 864 1794 Caesareo
879 1731 991 1804 edicto,

245 1820 297 1898 qui
319 1823 413 1885 etiam
435 1839 490 1900 per
510 1824 688 1897 artificium,
709 1832 745 1886 ut
767 1825 849 1887 idem
864 1825 993 1887 confice-

246 1921 342 1989 retur,
364 1922 526 1978 curarunt.
551 1917 650 1980 Facile
671 1927 766 1994 certe,
790 1935 851 1997 quo
866 1919 911 1979 illi
925 1934 992 1994 spe-

246 2015 342 2082 ctent,
364 2010 573 2084 agnoscimus:
591 2020 625 2073 ut
641 2010 794 2073 nimirum
809 2027 903 2088 snper
918 2010 992 2072 alios

245 2097 992 2182 dominentur.lpsipraetexunttimoreu1,quem

247 2207 302 2252 nos
323 2193 361 2254 ab
380 2209 492 2256 eorum
515 2195 627 2256 animis
651 2204 796 2274 tanquam
818 2212 934 2258 uanum
949 2203 993 2256 at-

247 2301 304 2362 que
332 2285 470 2360 inanem,
493 2303 565 2348 curn
597 2287 706 2350 iisdem
733 2305 878 2364 responsa
907 2287 992 2352 dare-

249 2393 325 2452 mus,
349 2380 555 2441 ostendimus.
572 2379 631 2442 Sed
652 2380 702 2442 hic
724 2381 855 2458 longum
876 2389 907 2444 et
928 2399 993 2444 non

248 2471 454 2532 necessarium
483 2478 574 2548 esset,
604 2474 657 2550 qni
685 2473 748 2536 sint
776 2475 833 2550 illi,
856 2491 992 2554 quasque

248 2563 415 2624 detulerint
443 2563 585 2641 querelas
612 2565 649 2626 ad
671 2565 843 2642 camaram,
867 2567 993 2646 quihus-

248 2673 304 2732 que
325 2657 374 2716 usi
393 2657 457 2716 sint
477 2656 515 2718 ad
536 2673 609 2718 eum
637 2661 880 2736 expugnandum
902 2661 991 2723 ratiu-

249 2749 347 2823 31133,
379 2763 634 2811 commemorare.
668 2750 751 2825 Quae
782 2751 886 2812 333313
907 2759 991 2814 33313

248 2841 388 2902 omnibus
403 2841 437 2903 in
454 2841 627 2918 Germania,
641 2845 758 2906 nedum
774 2844 840 2919 tibi,
854 2851 928 2906 sunt
943 2862 991 2906 co·

249 2935 328 3011 guita
349 2953 384 2996 ae
406 2943 573 3014 perspecta.
596 2937 662 3014 lpse
682 2945 767 2998 33313
783 2937 902 3012 Caesar,
918 2955 991 3000 cum

249 3026 281 3087 ad
307 3043 381 3088 3333
412 3026 635 3104 confugerent,
668 3037 775 3106 aperte
806 3030 987 3093 declaravit:

248 3137 306 3180 csse
329 3119 364 3180 in
387 3121 418 3182 S.
443 3119 531 3184 Sedis
553 3117 693 3182 arbitrio
725 3121 867 3193 mittere,
890 3123 918 3185 si
941 3122 990 3188 ito

250 3213 306 3290 ipsi
328 3213 504 3286 uideretur,
523 3229 586 3274 nori
607 3213 711 3275 solam
726 3231 839 3288 unam,
857 3215 909 3278 scd
926 3221 990 3278 tres

248 3308 341 3369 ctiam
363 3307 517 3376 Nnncios,
540 3323 637 3385 neque
666 3324 710 3378 se,
734 3308 791 3385 qui
823 3313 922 3386 caput
943 3317 990 3372 cst

248 3400 388 3477 imperii,
409 3399 487 3462 buia
516 3401 688 3461 immisceri
716 3402 841 3481 roeqotio
869 3400 988 3475 daborc,

247 3511 314 3556 cano
337 3493 421 3556 illud
443 3500 527 3554 certo
549 3493 639 3556 oculto
660 3495 750 3556 modo
772 3495 814 3556 ad
833 3497 990 3558 33331113-

248 3589 345 3650 113333
365 3587 493 3665 innuerit
507 3587 669 3664 pertinere
685 3588 892 3667 intellipcrct.
911 3591 991 3654 11333

246 3689 316 3743 3331
337 3696 479 3758 expressa
500 3681 594 3742 verba
615 3682 737 3744 33331113
758 3683 795 3744 de
813 3683 991 3746 Seiuskeim

246 3776 361 3837 133313
382 3774 495 3836 11113313
516 3773 567 3835 3113
587 3789 657 3836 333.
682 3775 761 3836 13311
782 3791 988 3838 3333333333.

246 3867 481 3931 administrum
508 3866 623 3929 Romae
648 3867 840 3930 residentem
861 3871 990 3946 perscri-

245 3963 312 4040 ptis.
337 3961 473 4024 ltultum
494 3958 620 4037 quidem
642 3960 745 4040 abest,
761 3969 794 4021 31
815 3963 989 4038 credamus,

246 4063 274 4116 13
293 4069 367 4117 eum
389 4053 436 4127 iis,
459 4053 497 4114 de
517 4053 629 4130 quibus
650 4051 820 4130 loquimur,
838 4054 990 4118 13331333

245 4149 422 4211 societatem
440 4146 557 4207 iniisse.
574 4145 707 4208 Proinde
722 4161 919 4224 nequaqnam
934 4149 990 4210 tibi

245 4242 404 4320 displicere
430 4254 519 4318 posse
547 4238 769 4312 existimamus,
799 4240 824 4300 si
846 4256 902 4301 nos
924 4257 989 4304 333-

245 4349 316 4398 nem
342 4333 466 4396 3313313
487 4347 526 4393 33
546 4332 652 4394 animo
680 4340 732 4393 tuo
764 4331 989 4396 dubitationem

244 4429 413 4506 cupientes,
437 4435 563 4505 3313333
583 4425 686 4488 studio
707 4426 926 4502 aggrediamur
939 4427 991 4489 de-

246 4530 416 4584 monstrare
433 4519 498 4594 tibi,
513 4519 597 4580 illam
609 4517 743 4580 Caesaris
759 4518 920 4597 epistolam
935 4537 991 4582 en·

245 4615 387 4694 cyaticam
408 4630 464 4676 seu
485 4611 667 4674 circularem
690 4626 791 4688 neque
813 4615 990 4676 33333331)-

244 4718 332 4784 31333,
357 4723 416 4769 333
436 4707 531 4768 etiam
553 4705 673 4766 obstare
700 4720 797 4782 posse,
820 4707 989 4783 quominus

245 4803 431 4880 recipiantur
453 4801 483 4863 S·
501 4797 587 4862 Sectis
605 4798 717 4862 Nuncii
733 4807 853 4861 nostras
869 4803 988 4877 gessuri

245 4897 322 4960 vices
354 4911 388 4956 ea
419 4910 491 4956 cum
510 4899 672 4986 ‘potestate
700 4909 734 4954 ac
764 4893 987 4971 iurisdictione,

245 5006 333 5070 quaxn
365 4991 513 5052 hacteuus
548 4993 768 5048 exercuerunt.
804 4986 990 5052 Notissimae

245 5092 312 5148 sunt
334 5083 501 5146 canonicae
521 5081 706 5156 sanctiones,
723 5097 779 5158 per
799 5097 874 5159 quas
889 5091 990 5159 potest

245 5177 398 5240 Romanus
419 5173 562 5236 Pontifex
583 5174 615 5234 31
636 5173 685 5234 331
705 5174 857 5251 primatus
873 5189 937 5236 uon
953 5175 990 5236 ab

245 5270 433 5343 hominihus,
455 5268 508 5329 sed
523 5285 539 5328 a
554 5267 627 5341 neo,
643 5267 816 5343 constituti,
832 5283 903 5330 suus
918 5266 989 5329 3311-

246 5373 307 5425 1333
328 5361 478 5437 Ν333133,
501 5368 592 5437 33331
614 5359 987 5437 3333313331333333331-

244 5455 385 5528 31333133,
416 5469 533 5532 eosque
564 5451 676 5514 dehere
706 5453 830 5527 agnosci
857 5461 889 5514 et
918 5468 989 5514 cum

245 5551 360 5612 honore
380 5548 477 5625 recipi
498 5547 535 5608 31)
556 5545 699 5607 omnibns
718 5545 886 5620 catholicis,
904 5561 990 5624 prae-

245 5643 350 5704 sertim
371 5657 448 5702 uero
464 5640 501 5703 31)
517 5637 759 5717 3133131331333313
774 5645 805 5700 31
820 5637 987 5717 Ε31333313,

245 5736 294 5813 qui
309 5734 443 5796 solemni
460 5730 660 5795 iureiurando
674 5731 710 5793 ad
725 5732 783 5792 hoc
797 5730 988 5808 explendum

246 5829 379 5892 311131333
399 5843 467 5888 3333
493 5825 740 5888 obstrinxerunt.
764 5825 898 5887 Proinde
919 5825 988 5886 nul·

247 5922 289 5984 lus
309 5930 356 5984 est
377 5919 538 5983 dubitandi
558 5919 653 5993 13333,
669 5917 695 5978 31
717 5918 810 5980 etiam
829 5917 907 5996 legis
921 5919 989 5982 3133

1052 717 1104 771 331
1135 711 1226 772 edicti
1258 711 1432 787 obligaturii
1462 722 1492 774 et
1519 711 1645 773 33331131
1672 711 1799 772 haberet

1051 819 1141 880 supra
1164 810 1334 866 memorata
1355 804 1525 879 circularis,
1542 805 1620 866 13333
1642 803 1737 882 ipsam
1757 814 1800 866 13-

1052 911 1124 956 3333
1153 913 1216 958 333
1248 913 1348 974 33333,
1376 905 1483 975 313313
1504 913 1519 957 3
1541 903 1692 974 potestate
1724 895 1799 958 laica

1052 989 1302 1066 provenientem,
1326 991 1447 1052 obstare
1466 989 1742 1052 ecclesiasticarum
1758 989 1800 1050 le-

1052 1097 1127 1157 gum
1142 1083 1372 1159 observantiam
1388 1090 1481 1160 atque
1496 1081 1610 1144 idcireo
1626 1079 1750 1142 nullum
1762 1098 1801 1142 ex

1051 1175 1219 1249 catholicis,
1251 1175 1414 1253 multoque
1439 1175 1543 1236 rninus
1569 1191 1607 1237 ex
1629 1174 1798 1252 Episcopis,

1051 1267 1181 1330 eandem
1202 1266 1353 1330 adducere
1374 1284 1462 1344 posse
1484 1275 1640 1345 turriquaui
1662 1282 1798 1329 caussam

1049 1375 1083 1420 se
1096 1359 1133 1420 ab
1144 1375 1239 1420 onere
1250 1360 1307 1421 sihi
1322 1361 1467 1438 imposito
1480 1358 1695 1433 subtrahendi,
1708 1360 1799 1436 quin·

1051 1453 1113 1512 1333
1134 1453 1174 1514 31)
1194 1469 1262 1514 eam
1284 1453 1548 1529 coniunctionem,
1568 1469 1647 1532 quae
1669 1452 1728 1514 illis
1745 1469 1799 1513 no-

1051 1545 1169 1607 biscum
1192 1555 1349 1622 tamqnam
1369 1545 1518 1608 membris
1539 1562 1611 1608 cum
1632 1547 1729 1622 capite
1752 1546 1799 1606 in-

1051 1639 1192 1714 tercedit,
1208 1648 1239 1701 et
1260 1640 1299 1701 ob
1320 1655 1399 1713 3333,
1422 1640 1458 1700 all
1479 1655 1572 1716 quani
1596 1639 1693 1700 uocati
1711 1647 1797 1713 sunt,

1050 1742 1174 1794 3331333
1208 1733 1368 1810 3331333113
1401 1725 1619 1793 sollicitudinis
1654 1739 1797 1809 partem,

1049 1841 1137 1887 33333
1160 1841 1287 1888 omnem
1307 1841 1424 1898 curam,
1441 1823 1591 1900 studium,
1614 1831 1706 1902 atque
1727 1840 1800 1901 ope-

1050 1937 1116 1982 ram
1138 1920 1298 1982 nobiscum
1317 1919 1509 1992 coniungere
1523 1917 1685 1991 deberent,
1704 1925 1738 1978 ut
1753 1918 1800 1979 in-

1049 2012 1178 2074 columis
1192 2020 1284 2090 atque
1302 2013 1422 2088 integra
1440 2011 1631 2072 retineretur
1646 2011 1799 2072 Ecclesiae

1049 2107 1225 2179 3331331133,
1242 2113 1335 2182 atque
1356 2106 1439 2168 hunc
1455 2106 1487 2167 iu
1504 2107 1631 2166 33331333
1646 2104 1733 2182 sequi
1748 2121 1800 2166 eo-

1051 2215 1121 2260 rum
1142 2199 1324 2260 Germaniae
1339 2199 1561 2276 Episcoporum
1577 2197 1728 2273 exempla,
1745 2198 1797 2276 qui

1049 2302 1080 2355 31
1107 2293 1243 2369 antiquis
1264 2299 1295 2353 et
1323 2291 1548 2354 recentioribus
1575 2291 1658 2353 hisce
1680 2299 1796 2370 tempo-

1050 2388 1134 2451 ribus
1162 2387 1408 2450 iurisdictionem
1436 2384 1649 2446 Romanorum
1671 2385 1797 2446 Pontifi-

1048 2497 1119 2544 cum
1142 2481 1175 2542 in
1198 2481 1252 2540 hac
1274 2481 1367 2542 etiam
1389 2484 1474 2556 parte
1497 2475 1594 2539 333113
1615 2492 1687 2538 auru
1709 2476 1797 2538 laude

1049 2575 1320 2648 333113333·331,31
1334 2570 1501 2633 sustinent.
1521 2569 1579 2632 Sed
1594 2569 1695 2629 omnis
1711 2584 1798 2630 3333-

1050 2668 1133 2729 33113
1155 2668 1287 2746 33131133·
1301 2686 1366 2742 333,
1383 2683 1477 2746 qunm
1492 2674 1690 2747 praetexunt,
1708 2666 1796 2740 ratio,

1048 2760 1154 2823 statim
1175 2777 1208 2822 ac
1228 2778 1263 2821 ea
1283 2759 1442 2822 circularis
1467 2776 1531 2822 333
1552 2767 1710 2838 tamquam
1734 2758 1794 2833 lex,

1048 2871 1103 2916 seu
1126 2853 1273 2929 edictum,
1297 2860 1332 2917 ut
1353 2851 1418 2931 ipse
1440 2853 1560 2928 asseris,
1576 2852 1796 2915 consideranda

1049 2963 1112 3009 non
1134 2947 1185 3021 sit,
1202 2947 1255 3008 sea
1277 2955 1311 3008 nt
1332 2945 1464 3024 simplex
1479 2962 1584 3007 333333
1599 2945 1796 3007 insinuatio·

1049 3039 1268 3118 31333131313,
1291 3053 1346 3116 per
1368 3037 1595 3101 nonnullorum
1610 3037 1797 3114 importuni-

1050 3141 1144 3196 tatem
1166 3150 1181 3193 3
1204 3134 1331 3196 Caesare
1353 3131 1531 3210 3333331313,
1548 3146 1611 3193 333
1633 3146 1797 3208 personam

1048 3226 1243 3303 legislatoris,
1275 3224 1326 3286 sed
1358 3224 1508 3286 advocati
1533 3232 1565 3285 et
1595 3223 1718 3302 13333311
1746 3225 1796 3285 de·

1048 3321 1178 3384 13333313
1201 3325 1342 3396 gerente:
1367 3333 1427 3395 qua
1449 3317 1578 3394 epistola
1599 3316 1644 3378 nil
1665 3315 1747 3379 aliud
1767 3333 1797 3376 3-

1048 3416 1105 3492 git,
1127 3427 1219 3492 quam
1240 3420 1275 3473 ut
1290 3411 1541 3488 archepiscopus
1560 3411 1716 3485 hortetur,
1735 3425 1797 3489 qno

1047 3509 1151 3570 illaesa
1171 3512 1357 3567 conservent
1378 3520 1431 3564 sua
1450 3503 1701 3580 3313333331333,
1719 3519 1798 3581 quae

1048 3617 1102 3682 per
1121 3600 1209 3661 131333
1230 3605 1261 3659 31
1283 3611 1428 3658 erroneas
1449 3595 1591 3674 querelas
1611 3596 1708 3658 ablata
1725 3596 1797 3672 ipsis

1047 3710 1113 3756 esse
1133 3692 1279 3753 13333133
1305 3688 1418 3750 33331113
1448 3687 1588 3756 illicitis,
1612 3691 1644 3746 31
1670 3687 1729 3765 fini
1751 3703 1797 3748 ec-

1048 3785 1160 3847 clesiae
1182 3777 1450 3860 repugnantibus,
1475 3795 1579 3857 neque
1601 3780 1796 3858 permittant,

1046 3873 1309 3956 quemadmodum
1339 3889 1397 3936 nec
1428 3873 1655 3953 permissurum
1676 3889 1710 3933 33
1732 3872 1797 3950 1333

1047 3971 1212 4048 profitetur
1234 3965 1346 4028 Nuneii
1378 3954 1573 4028 emcrcit'ium
1595 3965 1798 4026 iurisdictio-

1047 4063 1098 4124 nis
1130 4063 1165 4122 in
1197 4059 1319 4120 caussis
1351 4057 1603 4131 ecclesiasticis,
1633 4058 1797 4134 subiungit

1046 4171 1150 4236 porro,
1165 4168 1209 4229 se,
1227 4153 1303 4214 dum
1324 4151 1451 4230 exponit
1466 4151 1545 4212 13333
1560 4151 1664 4212 animi
1679 4151 1733 4212 sui
1749 4151 1797 4212 ia-

1048 4248 1231 4318 tentionem,
1245 4259 1310 4305 non
1325 4244 1443 4318 iubere,
1461 4241 1514 4304 sed
1530 4244 1698 4319 exhortari,
1715 4243 1797 4306 131333

1047 4341 1198 4402 nimirum
1220 4337 1340 4399 verbis:
1365 4335 1503 4400 13313331
1528 4340 1557 4396 13
1572 4351 1794 4413 provocamus,

1047 4440 1084 4496 at
1108 4433 1184 4494 iura
1207 4435 1265 4492 tua
1287 4427 1527 4505 metropolitica
1550 4435 1579 4490 et
1598 4428 1795 4498 dioecesana,

1048 4533 1115 4590 tam
1136 4541 1193 4602 pro
1213 4529 1308 4601 parte
1331 4526 1401 4590 tua,
1425 4537 1520 4599 quarn
1548 4527 1675 4582 attento
1699 4521 1797 4584 etiarn

1046 4619 1328 4697 suffraganeorum
1351 4622 1485 4676 tuorum
1506 4629 1544 4675 ac
1561 4619 1794 4690 insinuarunt,

1046 4712 1150 4790 siqui
1172 4708 1363 4788 provinciae.
1387 4713 1463 4768 tuac
1486 4706 1617 4776 insuat,
1641 4707 1797 4784 33133333-

1046 4821 1118 4868 rum
1140 4801 1269 4866 eonsilio
1290 4807 1405 4862 contra
1430 4799 1559 4876 quasvis
1582 4797 1735 4860 laesiones
1758 4796 1796 4860 il-

1046 4896 1150 4960 111313
1172 4893 1308 4957 tuearis.
1333 4893 1466 4955 Demum
1491 4905 1647 4952 caesareae
1670 4888 1798 4952 circula·

1047 4990 1089 5052 ris
1110 4988 1226 5062 verbis,
1240 4985 1455 5063 unusquisque
1473 4983 1560 5046 133113
1575 4984 1681 5045 videre
1695 4990 1797 5059 331331

1046 5082 1162 5146 salvam
1181 5096 1246 5142 esse
1263 5076 1579 5154 archiepiscoporum
1590 5083 1621 5137 et
1636 5075 1798 5154 Episcepn

1046 5192 1119 5238 rum
1146 5175 1333 5244 libertatem,
1356 5183 1434 5247 quae
1462 5183 1517 5245 per
1545 5167 1796 5230 exhortationem

1047 5284 1111 5332 non
1133 5267 1276 5344 eripitur,
1299 5269 1329 5326 et
1351 5262 1433 5340 ipsos
1455 5268 1614 5340 praeterea
1635 5260 1796 5338 133131331-

1046 5377 1151 5438 scopos
1173 5358 1293 5421 nullam
1323 5355 1395 5417 inde
1417 5363 1623 5433 consequutus
1654 5369 1721 5415 esse
1742 5371 1796 5416 au·

1046 5455 1220 5518 31331131333
1242 5453 1278 5514 ad
1299 5464 1371 5512 suos
1392 5445 1630 5524 adstringeudos
1648 5447 1796 5524 sullraga·

1046 5565 1132 5622 neos,
1155 5561 1228 5609 cum
1249 5559 1341 5621 agere
1362 5541 1488 5604 nonnisi
1510 5557 1549 5600 ex
1570 5556 1682 5603 333333
1696 5542 1796 5604 33331-

1046 5642 1087 5704 113
1109 5641 1249 5703 debeant.
1275 5639 1321 5699 Ex
1342 5653 1403 5714 quo
1425 5641 1518 5714 33131,
1535 5634 1561 5696 31
1581 5635 1655 5711 quid
1672 5635 1745 5695 3331
1761 5635 1794 5696 iu

1045 5735 1208 5799 Germania
1231 5730 1375 5794 acciderit
1397 5729 1430 5791 13
1457 5728 1682 5791 (1313133331333
1704 5727 1797 5790 13313·

1046 5827 1189 5889 dictionis
1211 5823 1418 5898 Nanniorum,
1435 5837 1499 5883 non
1521 5821 1551 5882 id
1565 5819 1643 5882 13313
1659 5821 1795 5884 Caesaris

1046 5917 1276 5998 imputandum,
1292 5917 1345 5979 sed
1366 5913 1609 5992 archiepiscopis
1624 5920 1656 5976 31
1672 5914 1793 5992 Ε31333-

1722 573 1780 636 303
1832 573 1885 624 Δ3.
1900 573 1931 624 0.
1952 571 2021 624 1786
