4734 7004
296 547 350 601 An.
365 551 395 601 0.
417 545 485 602 tote
538 545 575 614 (Ξ

317 1059 400 1106 Sacris
421 1061 496 1107 mlnl·

283 1114 343 1160 stris
364 1124 495 1162 sacrarum

515 704 605 765 suae;
628 695 659 751 et
680 688 721 749 ita
743 703 846 750 mores
861 688 892 750 in
908 688 1005 751 altero
1019 690 1258 769 reprehendere,

514 787 549 844 ut
570 783 738 861 quominus
768 783 825 860 ipsi
856 781 1094 860 redarguantur,
1117 799 1259 845 recusare

515 891 579 936 uon
609 884 735 954 queant.
759 877 804 938 bd
825 891 919 954 puros
950 885 1132 956 sanctosque
1158 893 1258 940 mores

514 969 634 1030 accedat
654 975 775 1047 oportet
796 969 887 1047 digua
909 969 1111 1032 ecclesiastico
1133 969 1259 1031 homine

513 1061 550 1123 ab
571 1061 606 1130 iis
627 1068 770 1141 percepta
791 1061 939 1124 doctriua.
964 1062 1137 1142 Scripturas
1155 1063 1259 1140 cogui-

282 1167 427 1214 uuararum
442 1171 496 1216 stu·
514 1163 559 1218 tas
579 1156 726 1219 habeant:
750 1156 856 1220 Omnis
880 1157 964 1219 enim
986 1153 1032 1239 (l)
1049 1157 1199 1235 scriptura
1214 1157 1259 1218 di·

283 1221 328 1267 dia
341 1221 455 1268 colenda.

513 1251 632 1312 viuitus
652 1251 812 1329 inspirata,
835 1251 921 1314 utilis
942 1263 988 1313 est
1016 1253 1050 1314 ad
1073 1251 1257 1325 docendum,

512 1343 548 1406 ad
570 1343 776 1423 arguendum,
799 1347 834 1408 ad
864 1346 1107 1425 corripiendum,
1130 1344 1165 1406 ad
1188 1361 1259 1407 eru·

512 1439 661 1502 diendum
681 1440 715 1502 iu
736 1440 863 1514 iustitia,
887 1449 921 1502 ut
943 1439 1097 1518 perlectus
1111 1439 1150 1501 sit
1164 1439 1258 1501 homo

512 1531 566 1594 Dei
587 1533 622 1594 ad
644 1548 738 1595 omne
758 1548 835 1611 opus
863 1533 980 1596 bonum
1004 1533 1184 1595 instructus.
1206 1529 1260 1593 Sa-

512 1641 601 1688 crum
630 1626 727 1704 igitur
758 1627 921 1705 utriusque
951 1624 1082 1690 foederis
1109 1627 1257 1702 codicem,

513 1717 663 1781 Ecclesiae
675 1717 866 1794 traditiones,
878 1731 1118 1798 sanctorumque
1133 1720 1259 1781 Patrum

512 1813 634 1890 scripta,
657 1812 755 1875 veluti
777 1811 876 1875 lontes
898 1813 1018 1888 adeant,
1039 1811 1122 1875 uude
1137 1829 1213 1892 pura
1228 1819 1258 1874 et

513 1904 689 1983 incorrupte
718 1905 788 1967 iidei
817 1921 1003 1985 morumque
1028 1907 1167 1968 doctriua
1189 1921 1258 1985 pro-

512 1998 669 2062 funditur:
699 1998 874 2061 llomauum
900 2016 975 2062 vero
1001 1999 1256 2076 cathechismum,

512 2092 677 2155 catholicae
699 2092 856 2156 doctrinae
873 2109 1039 2168 summam,
1055 2092 1175 2154 assidue
1190 2109 1259 2154 ver·

512 2191 582 2248 seut
604 2194 635 2247 et
656 2185 808 2261 lectitent,
831 2186 914 2249 uude
929 2203 1028 2249 sacras
1043 2187 1208 2250 conciones
1222 2189 1257 2250 ad

513 2279 662 2359 populum
686 2279 837 2341 habendas
858 2279 1052 2359 depromant.

281 2381 389 2480 rffigffig
402 2379 497 2481 ((1ξῖ
553 2373 572 2448 5
595 2371 641 2435 le.
666 2371 734 2435 Non
755 2372 864 2438 studiis
880 2373 979 2450 igitur
993 2375 1133 2453 privatis,
1149 2389 1206 2436 nec
1220 2391 1258 2436 ex

281 2487 348 2533 um:
375 2489 496 2534 consua-
513 2483 693 2544 cuiusquam
722 2467 1005 2542 commendatione,
1026 2470 1077 2531 sed
1105 2468 1259 2547 optimum

281 2541 332 2587 rati
348 2541 449 2587 consilii
460 2553 496 2590 es·

282 2595 496 2652 semanustmpo-
513 2576 682 2640 quemque,
706 2560 858 2638 illumque
888 2561 1079 2640 praesertim,
1112 2562 1201 2624 cuius
1223 2563 1258 2624 ti·

282 2657 350 2694 nere.

513 2654 593 2717 mida
615 2655 718 2716 virtus
739 2653 948 2716 ministerium
970 2653 1116 2732 defugiat,
1133 2655 1256 2718 fidelem

512 2747 578 2809 lore
599 2748 712 2826 putetis
733 2747 927 2821 ministrum,
942 2748 990 2809 oui
1013 2754 1133 2825 partem
1154 2750 1257 2826 gregis

451 2831 455 2838 ’
512 2838 660 2901 dominici
686 2838 898 2902 committatis.
932 2839 967 2901 lu
989 2841 1174 2902 universum
1196 2857 1258 2902 ma·

512 2949 571 2995 uus
602 2933 663 2994 cito
694 2932 815 2994 nemini
847 2931 1075 3011 imposueritis:
1104 2932 1151 3015 (E)
1176 2937 1255 3014 quod

511 3032 588 3088 tuuc
607 3025 679 3106 cito,
689 3026 756 3090 iteri
772 3024 970 3100 arbitramur,
985 3042 1057 3088 oum
1073 3029 1196 3090 nonnisi
1211 3045 1259 3091 se·

512 3119 574 3180 mel
601 3127 654 3182 aut
685 3119 800 3181 iterum
830 3117 973 3180 homines
1001 3121 1205 3198 expendimus
1226 3105 1257 3184 et

512 3211 694 3289 probamus,
723 3226 816 3289 quem
844 3219 950 3273 contra
981 3219 1121 3276 accurate
1152 3214 1258 3293 exqui-

511 3303 633 3383 siteque
662 3303 859 3382 exploratum
887 3319 920 3365 ao
947 3319 1056 3368 severe
1088 3306 1258 3370 iudicatum

513 3397 661 3476 oportuit,
684 3414 724 3458 ne
745 3395 853 3459 alienis
874 3398 1001 3476 peccatis
1016 3395 1062 3478 (3)
1082 3400 1257 3462 commuui-

512 3501 628 3567 cantes,
650 3490 841 3553 inconsultae
873 3491 1041 3553 temeritati
1063 3492 1125 3554 Deo
1146 3509 1259 3572 poeuas

512 3587 630 3648 demus.
654 3584 762 3662 Neque
776 3599 831 3645 vos
847 3585 976 3659 taedeat,
993 3586 1185 3649 venerabiles
1200 3587 1258 3650 ira·

513 3687 588 3754 tres,
609 3677 635 3740 si
657 3678 690 3739 in
711 3693 746 3740 ea
767 3693 813 3752 re,
828 3691 908 3755 quae
922 3679 1258 3755 maguam-cautionem

512 3771 615 3846 habet,
638 3769 741 3849 paullo
763 3771 879 3832 diutius
909 3770 1124 3833 immoremur.
1149 3772 1257 3834 Cuius·

513 3865 596 3926 modi
617 3864 702 3927 euim
722 3870 798 3925 suut
817 3863 1002 3938 sacerdotes,
1025 3863 1176 3926 eiusmodi
1197 3865 1260 3944 ple·

512 3971 648 4036 rumque
669 3971 734 4018 esse
748 3957 826 4017 solet
841 3965 873 4018 et
887 3957 1029 4034 populus.
1043 3956 1079 4018 lu
1094 3973 1156 4032 eos
1173 3972 1259 4035 prae·

511 4051 620 4112 sertim
641 4050 666 4111 si
689 4049 813 4129 parochi
833 4049 907 4124 sint,
928 4057 1086 4127 tamquam
1107 4051 1140 4111 in
1154 4065 1260 4128 specu·

513 4144 579 4206 lum
601 4158 711 4205 omues
739 4143 920 4220 inspiciunt.
950 4143 1139 4222 Quapropter
1161 4145 1260 4206 nemi·

514 4252 588 4300 uem
601 4236 803 4314 perniciosius
820 4237 858 4298 de
875 4235 1007 4298 Ecclesia
1022 4237 1149 4313 mereri,
1166 4253 1259 4316 quam

514 4331 639 4392 vitiosos
658 4329 784 4391 clericos
805 4330 1049 4392 existimandum
1064 4341 1121 4405 est,
1137 4332 1191 4409 qui
1205 4349 1259 4394 sua

513 4423 588 4485 vitia
619 4423 793 4484 iuluuduut
814 4424 846 4485 iu
869 4423 1032 4501 populum,
1062 4439 1198 4503 eumque
1220 4425 1259 4485 ita

513 4523 730 4593 corrumpunt,
751 4525 787 4578 ut
809 4516 877 4594 plus
904 4516 1047 4594 exemplo
1074 4533 1142 4592 suo,
1165 4533 1259 4597 quam

513 4620 649 4689 peccato,
670 4625 783 4673 nocere
805 4610 978 4672 videantur.

297 4721 498 4778 uunusuptsce
555 4705 573 4779 ἓ
597 4703 643 4765 lt.
667 4704 778 4766 hscitis
798 4712 903 4765 autem
925 4705 957 4766 iu
979 4721 1100 4768 sacrum
1122 4705 1262 4768 ministe-

301 4787 375 4824 orum
403 4787 448 4834 per

284 4789 354 4888 :pesce
369 4830 499 4886 mmm.
515 4814 600 4861 rrum
614 4798 690 4860 viris
702 4799 844 4877 quamvis
858 4798 1004 4874 egregiis,
1021 4813 1084 4860 nou
1099 4807 1259 4877 propterea

285 4895 319 4931 ΓΘ.

515 4891 749 4969 evangelizandi
777 4907 911 4954 munere
937 4907 993 4953 uos
1014 4907 1079 4954 esse
1100 4891 1261 4955 defunctos

515 4984 749 5048 arbitrabimur:
773 4987 815 5048 sic
837 4985 977 5048 enimin
999 4985 1132 5047 aliorum
1151 5001 1261 5049 manus

515 5081 591 5141 retia
610 5079 768 5140 dimittere
782 5079 972 5154 videremur,
988 5095 1067 5158 quae
1083 5086 1184 5141 tamen
1200 5087 1261 5140 tra·

515 5173 592 5235 didit
614 5173 702 5234 uobis
726 5171 887 5247 Dominus,
911 5179 944 5235 ut
966 5173 1022 5251 ipsi
1044 5173 1142 5234 simus
1162 5173 1262 5233 homi·

515 5281 593 5328 uum
613 5264 659 5346 (lt)
680 5267 853 5345 piscatores.
879 5267 1081 5345 Praecipuum
1099 5265 1260 5345 Episcopo·

420 5425 424 5434 ,
515 5375 587 5422 rum
609 5361 745 5422 ollicium
767 5367 812 5422 est
833 5359 973 5423 Verbum
998 5359 1052 5420 Dei
1076 5358 1258 5438 praedicare.

516 5451 580 5515 Vae
601 5453 694 5527 mihi,
716 5452 864 5515 clamabat
886 5451 1049 5532 Apostolus
1069 5451 1127 5535 (li),
1149 5454 1174 5513 si
1197 5468 1259 5514 unu

515 5547 786 5625 evangelizavero:
815 5549 978 5610 necessitas
1006 5548 1092 5610 euim
1114 5547 1192 5610 mihi
1213 5547 1260 5608 in-

556 5749 587 5806 (ι)
601 5751 631 5796 u.
647 5749 759 5796 usmeta.
775 5753 818 5796 111.
834 5753 867 5796 re.

450 5851 454 5860 .
556 5819 586 5874 (2)
602 5820 620 5863 1.
635 5819 749 5866 Timoth.
763 5821 791 5864 V.
806 5821 840 5864 22.

556 5885 586 5941 (a)
601 5883 664 5930 tutu.

557 5955 586 6018 qq
602 5955 694 6001 ustae.
710 5957 749 6000 1v.
765 5957 797 6001 to.

1038 566 1104 616 tuti.
1127 566 1218 616 PONT-
1242 567 1283 614 DE
1303 563 1333 616 P·
1357 564 1386 614 E.
1410 567 1492 614 PARS
1513 565 1534 614 l.

2089 541 2143 598 Au.
2158 547 2189 600 0.
2207 511 2276 599 3758
2320 610 2323 619 Ι

1313 688 1445 750 cumbit:
1463 703 1519 752 uec
1530 689 1693 767 praecipue
1707 690 1742 752 ad
1759 686 1932 767 baptizandi
1944 701 2060 749 munus

1313 784 1455 862 quamvis
1480 789 1632 860 sanctum,
1659 784 1710 846 sed
1739 783 1936 862 potissimum
1957 782 1993 843 ad
2014 775 2061 860 (6)
2166 797 2173 810 ·

1313 875 1589 954 evangelizandum
1612 894 1627 937 a
1650 877 1773 940 Christo
1795 877 1926 940 Domino
1940 890 1973 936 se
1987 873 2060 934 mis-

1312 985 1382 1033 sum
1404 986 1479 1032 esse.
1504 971 1570 1050 lpso
1591 980 1695 1033 autem
1712 965 1930 1050 Apostolorum
1948 965 2061 1030 iudicio

1313 1065 1427 1143 primas
1441 1071 1550 1126 tenere
1565 1065 1711 1126 novimus
1727 1063 1819 1126 Verbi
1836 1061 2058 1136 ministerium,

1313 1158 1394 1238 quod
1416 1153 1462 1240 (7)
1482 1174 1545 1221 nou
1567 1173 1702 1238 aequum
1723 1158 1942 1236 derelinquere
1956 1156 2061 1218 eristi-

1313 1261 1439 1314 maruut
1459 1252 1643 1314 sanctissimi
1665 1252 1741 1329 viri:
1764 1268 1798 1313 ac
1812 1259 1973 1330 propterea
1988 1249 2060 1312 reli·

1313 1363 1373 1424 qua
1389 1362 1491 1424 opera,
1505 1361 1583 1427 quae
1598 1349 1632 1409 ad
1648 1345 1892 1410 misericordiam
1907 1359 1980 1421 erga
1990 1359 2061 1422 pro-

1313 1441 1435 1502 ximum
1462 1442 1673 1518 pertinerent,
1706 1439 1841 1503 diaconis
1868 1445 2060 1501 censuerunt

1313 1542 1456 1611 oportere
1484 1533 1707 1596 committi.‘Et
1730 1532 1923 1594 beatissimus
1950 1529 2060 1592 Paulus

1313 1626 1348 1688 ad
1370 1626 1569 1688 Timotheum
1591 1627 1713 1688 scribit:
1737 1623 1783 1707 (8)
1802 1625 1936 1688 btteude
1957 1623 2060 1686 lectio-

1314 1720 1358 1794 ni,
1381 1719 1589 1781 exhortationi
1612 1725 1642 1781 et
1667 1718 1836 1782 doctrinae.
1860 1718 1891 1782 Si
1917 1719 1986 1797 quis
2007 1734 2060 1780 au·
2088 1722 2297 1788 optumescunt

1314 1821 1378 1876 tem
1399 1830 1431 1874 se
1448 1827 1552 1874 carere
1567 1813 1680 1875 sentiat
1694 1812 1839 1876 iacultate
1853 1811 1986 1888 dicendi,
2003 1829 2060 1876 nec
2079 1779 2296 1878 {gpgbguffl

1313 1907 1435 1983 ingenii
1455 1907 1503 1968 sui
1524 1922 1589 1968 esse
1611 1906 1690 1968 dicat
1705 1905 1734 1966 id
1750 1923 1865 1968 munus
1879 1907 2009 1984 exequi3
2027 1906 2060 1970 in
2079 1883 2191 1932 ΜΨ·

1313 1999 1442 2078 reliquis
1463 1999 1584 2073 saltem,
1602 2015 1679 2079 quae
1701 2001 1737 2062 ad
1760 1998 1899 2062 Verbum
1914 1999 1969 2061 bei
1985 2015 2060 2078 quo·

1313 2093 1467 2172 quomodo
1488 2094 1659 2171 pertinent,
1683 2109 1747 2155 nou
1769 2093 1903 2172 patiatur
1924 2092 2061 2168 officium

1312 2201 1405 2249 suum
1433 2186 1559 2264 requiri.
1584 2187 1691 2265 ltaque
1711 2187 1737 2248 si
1758 2186 1951 2248 mandaverit
1971 2185 2060 2248 cleri-

1312 2281 1366 2354 cis,
1380 2288 1414 2344 ut
1428 2279 1612 2342 christianae
1627 2280 1783 2341 doctrinae
1798 2278 1976 2342 rudimenta
1987 2294 2061 2358 pue-

1313 2373 1355 2434 ris
1378 2375 1510 2448 tradant,
1530 2373 1562 2434 in
1585 2389 1653 2434 eam
1675 2389 1742 2435 rem
1763 2376 1815 2436 det
1837 2389 1964 2453 operam
1985 2390 2061 2453 quo-

1313 2483 1374 2544 que
1393 2483 1492 2528 suam.
1516 2466 1658 2528 Paroohis
1679 2466 1774 2529 etiam
1795 2467 1827 2529 iu
1850 2467 1987 2529 docendo
2009 2483 2060 2545 po-

1313 2561 1385 2639 pulo
1405 2562 1524 2624 socium
1546 2577 1578 2624 se
1598 2561 1757 2638 adiungat,
1773 2571 1808 2622 ut
1828 2576 1922 2624 suum
1936 2577 2058 2624 annuu-

1311 2656 1410 2718 ciandi
1432 2653 1526 2719 Verbi
1548 2671 1663 2718 munus
1685 2655 1784 2734 aliqua
1806 2671 1845 2716 ex
1867 2663 1953 2734 parte
1975 2661 2060 2717 tuea-

1315 2757 1380 2812 tur:
1405 2765 1483 2828 quae
1506 2766 1553 2811 res
1575 2749 1766 2811 alacritatem
1788 2749 1883 2810 etiam
1903 2764 2059 2812 summam

1312 2844 1456 2905 omuibus
1478 2843 1597 2918 alteret,
1620 2859 1679 2921 qua
1700 2859 1792 2906 suum
1820 2844 1949 2922 quisque
1971 2843 2059 2906 obeat

1311 2936 1456 2997 officium.
1470 2936 1677 3010 Quamobrem
1690 2951 1730 2998 ne
1742 2945 1890 3012 gravetur
1901 2953 1973 3000 cum
1985 2952 2058 2999 con-

1311 3030 1519 3092 sacerdotibus
1539 3029 1603 3092 suis
1624 3030 1785 3108 aliquoties
1807 3030 2003 3095 Sacramenta
2026 3030 2059 3091 li·

1311 3122 1430 3184 delibus
1452 3123 1642 3197 miuistrare,
1664 3123 1795 3186 chorum
1816 3124 1976 3186 interdum
1998 3121 2059 3184 adi-

1311 3231 1356 3291 re,
1380 3222 1410 3277 et
1431 3215 1564 3294 psalmos
1584 3230 1657 3278 cum
1678 3217 1831 3278 canonicis
1853 3233 1974 3292 cauere,
1997 3217 2057 3278 col-

1311 3308 1490 3383 lationibus,
1503 3324 1577 3387 quas
1593 3308 1776 3383 instituerit,
1789 3323 1891 3371 coram
1906 3325 2057 3388 praeesse:

1312 3417 1350 3462 ex
1371 3418 1433 3480 quo
1454 3403 1519 3476 liet,
1543 3409 1578 3463 ut
1599 3417 1662 3463 nou
1685 3402 1853 3464 minimum
1874 3404 1951 3465 sacri
1967 3403 2060 3465 mini·

1311 3494 1367 3556 stri
1389 3495 1427 3556 de
1456 3494 1540 3557 illius
1572 3495 1697 3572 spiritu,
1729 3494 1992 3572 quemadmodum
2013 3511 2060 3557 se·

1312 3588 1470 3666 ptuaginta
1492 3587 1551 3649 viri
1572 3589 1610 3650 de
1630 3588 1743 3666 spiritu
1764 3587 1874 3665 Moysis
1894 3588 2055 3666 accipiant.

1313 3681 1379 3743 Huc
1399 3680 1526 3755 accedit,
1548 3682 1628 3758 quod
1642 3757 1645 3766 Ι
1659 3681 1820 3760 populum,
1843 3681 1897 3760 qui
1919 3681 1992 3745 haec
2014 3682 2060 3743 vi-

1313 3774 1404 3848 derit,
1426 3788 1548 3835 summa
1575 3775 1614 3836 de
1634 3773 1735 3836 divini
1764 3774 1926 3835 sanctitate
1956 3775 2060 3836 cultus

1313 3865 1448 3944 opplebit
1473 3864 1593 3943 opinio,
1617 3873 1647 3926 et
1669 3866 1821 3928 eiusmodi
1841 3874 1972 3941 augusto
1993 3881 2061 3946 spe·

1313 3958 1430 4020 ctaculo
1459 3957 1602 4019 homines
1629 3957 1776 4020 maculosi
1797 3958 1938 4020 deterriti
1959 3959 1994 4022 ad
2016 3975 2061 4020 sa-

1313 4067 1402 4114 crum
1425 4050 1635 4113 ministerium
1658 4067 1698 4113 ne
1719 4053 1852 4130 aspirare
1866 4052 1993 4130 quidem
2008 4069 2061 4116 au·

1315 4145 1443 4207 debunt.

1354 4238 1441 4314 515.
1465 4238 1617 4313 Quoniam
1645 4253 1720 4300 vero
1741 4237 1896 4301 Ecclesiae
1919 4253 2060 4316 procura·
2107 4257 2245 4357 episcopus
2259 4257 2293 4304 au

1315 4333 1444 4407 tionem,
1468 4333 1633 4410 gregisque
1656 4331 1784 4392 tutelam
1798 4347 1855 4392 suo
1870 4331 1957 4393 nullo
1971 4341 2060 4410 pacto
2078 4314 2157 4421 qssffim
2167 4365 2245 4422 ψει(
2257 4366 2294 4412 ni-

1313 4435 1413 4504 potest
1424 4441 1544 4502 gerere,
1557 4425 1582 4486 si
1596 4425 1684 4500 absit,
1698 4426 1880 4504 Episcopus:
1897 4433 2059 4504 propterea
2077 4419 2295 4522 {fflaussslglgfglej

1313 4535 1386 4580 suae
1406 4518 1537 4596 quisque
1557 4527 1697 4580 vestrum
1713 4517 1867 4581 Ecclesiae
1888 4518 1976 4581 nullo
1995 4535 2058 4582 nou
2078 4527 2155 4573 cestu
2171 4529 2264 4577 visitet.

1315 4620 1455 4689 tempore
1475 4611 1636 4673 adsidentis
1664 4618 1796 4689 oportet.
1820 4611 1852 4674 ld
1873 4619 1906 4673 et
1926 4612 2059 4675 naturali
2087 4641 2090 4646 ·

1315 4702 1393 4780 lege,
1417 4713 1449 4764 et
1468 4704 1559 4766 sacris
1581 4705 1676 4764 etiam
1689 4705 1870 4781 canonibus,
1886 4710 1917 4766 et
1932 4705 2060 4767 Triden-

1314 4797 1387 4859 tiuis
1404 4797 1583 4874 praesertim
1598 4797 1729 4859 decretis
1743 4798 1897 4860 sancitum
1912 4808 1967 4861 est.
1987 4799 2061 4860 Uni-

1315 4906 1420 4951 versae
1441 4905 1564 4968 quoque
1592 4891 1738 4952 dioecesis
1760 4890 1823 4952 loca
1852 4891 2004 4966 adeunda,
2026 4899 2062 4954 ut

1315 4997 1447 5061 quarum
1464 4983 1568 5059 legum
1584 4984 1665 5044 vires
1680 4981 1812 5046 delicere
1826 4984 1997 5063 coeperint,
2013 5001 2062 5047 eas

1316 5075 1365 5136 vel
1387 5091 1402 5135 a
1426 5075 1642 5138 ministrorum
1664 5075 1870 5154 indiligentia,
1886 5078 1937 5138 vel
1957 5079 2061 5140 asub

1315 5169 1451 5230 ditorum
1465 5170 1658 5232 coutumacia
1673 5170 1845 5233 vindicetis.
1862 5171 1987 5244 Quodsi
2003 5187 2062 5249 qua

1316 5261 1441 5338 gravior
1456 5273 1487 5324 et
1504 5263 1673 5325 necessaria
1688 5280 1774 5326 causa
1791 5265 1942 5340 extiterit,
1954 5279 2062 5343 quam·

1315 5357 1423 5419 obrem
1443 5358 1481 5436 de
1502 5367 1603 5419 vestra
1624 5356 1754 5420 dioecesi
1775 5358 1995 5421 discedendum
2009 5373 2061 5418 vo-

1316 5450 1361 5512 bis
1381 5451 1432 5525 sit,
1454 5458 1546 5529 atque
1566 5451 1603 5512 ab
1623 5465 1658 5512 ea
1678 5451 1859 5530 aliquandiu
1885 5467 1938 5513 vos
1959 5452 2062 5514 abesse

1316 5552 1472 5623 oporteat:
1490 5559 1541 5618 ue,
1557 5561 1680 5623 quaeso,
1695 5545 1855 5623 patiemini
1870 5546 1997 5624 pastoris
2011 5547 2061 5608 de

2136 4347 2141 4356 .
2161 4323 2208 4358 sua
2224 4322 2292 4357 nun·

1356 5749 1385 5804 (5)
1400 5751 1418 5793 1.
1434 5751 1491 5794 cor.
1506 5751 1546 5793 ix.
1563 5750 1596 5794 lo.

1356 5817 1385 5870 (dt
1401 5815 1465 5860 ibid.
1481 5817 1499 5860 l.
1517 5818 1548 5860 17.

1356 5886 1387 5940 (η
1402 5887 1455 5930 rtet.
1472 5887 1511 5929 v1.
1526 5885 1547 5940 n,
1562 5887 1582 5928 4.

1356 5952 1386 6008 (8)
1402 5955 1420 5996 Ι.
1436 5951 1548 5996 timoth.
1565 5953 1604 5998 lv,
1621 5955 1653 6002 1³.
