4734 7004
336 561 435 618 sno.
456 566 525 620 rasa
575 565 614 632 26

556 713 648 784 stare,
665 715 695 770 et
709 707 869 778 facultates
885 711 920 774 ad
936 729 1010 791 quas
1031 713 1166 792 promoti
1181 711 1299 776 luerint

555 803 666 864 docere
686 811 716 864 et
739 805 842 882 legere
870 823 903 870 ac
925 807 1136 886 interpretari,
1153 806 1185 868 in
1202 805 1300 882 iisqne

555 895 722 974 disputare,
739 915 797 962 nec
817 915 881 963 non
902 915 1115 980 quoscumque
1135 905 1221 962 actus
1233 912 1298 975 gra·

555 989 607 1050 dui
628 1007 682 1052 seu
705 994 849 1068 gradibus
870 1009 926 1072 per
946 1011 998 1056 eos
1022 993 1166 1072 receptis,
1189 1007 1301 1054 conve·

555 1083 690 1160 nientes,
713 1103 746 1148 ac
766 1087 840 1150 alias
862 1086 1007 1150 omnibus
1035 1094 1066 1149 et
1086 1085 1218 1163 singulis
1240 1084 1320 1162 pri··

554 1176 694 1254 vilegiis,
721 1181 844 1256 gratiis,
868 1180 1035 1255 favoribus,
1064 1177 1298 1258 praerogativis,

555 1279 586 1332 et
608 1271 749 1348 indultis,
765 1275 876 1353 quibos
898 1275 949 1336 alii
971 1275 1002 1338 in
1025 1273 1153 1336 caeteris
1174 1272 1300 1335 univer-

555 1363 697 1426 sitatibus
718 1367 802 1430 iuxta
831 1367 956 1432 illarum
982 1370 1060 1432 ritus
1082 1376 1113 1429 et
1141 1381 1243 1428 mores
1264 1363 1299 1424 ad

556 1457 668 1532 gradus
689 1458 769 1537 ipsos
796 1462 930 1540 promoti
952 1463 989 1526 de
1010 1463 1077 1523 iure
1101 1461 1152 1522 vel
1173 1474 1301 1522 consue·

557 1553 675 1629 tudine,
688 1561 741 1617 aut
752 1555 835 1631 alias,
850 1563 994 1630 utuntur,
1007 1557 1172 1634 potiuntur
1183 1561 1213 1616 et
1228 1568 1299 1630 gau·

555 1645 640 1720 dent,
663 1647 776 1724 acuti,
799 1650 890 1728 potiri
910 1660 941 1713 et
963 1652 1096 1726 gaudere
1118 1657 1247 1726 possunt
1266 1663 1301 1708 ac

556 1746 704 1817 poterunt
725 1743 957 1818 quomodolibet
978 1745 1010 1805 in
1031 1742 1185 1816 futurum,
1204 1756 1301 1818 aeque

555 1831 768 1911 principaliter
790 1836 846 1910 nti,
870 1837 973 1914 potiri,
996 1844 1027 1898 et
1049 1837 1183 1913 gaudere
1206 1833 1301 1896 libere

556 1942 589 1988 ac
611 1926 696 1989 licite
723 1930 841 2008 possint
862 1940 894 1993 et
915 1931 1050 2007 valeant,
1074 1947 1108 1992 ac
1129 1929 1301 2008 respective

555 2021 648 2081 etiam
669 2022 800 2085 debeant
822 2032 853 2085 et
874 2033 1053 2100 teneamur,
1070 2025 1177 2088 eadem
1198 2034 1303 2088 aucto-

557 2111 648 2175 ritate
668 2114 779 2178 harum
802 2133 925 2197 qnoque
946 2121 1027 2181 serie
1053 2119 1249 2182 concedimus
1272 2126 1301 2182 et

557 2205 768 2285 indulgemus.

322 2301 538 2402 tifihbllallli
597 2301 666 2376 56.
690 2303 848 2369 Praeterea
876 2307 976 2371 eidem
1006 2307 1156 2370 moderno
1184 2317 1215 2370 et
1246 2324 1301 2387 pro

323 2407 539 2518 {garffpgggneptesrtcss
559 2403 698 2473 tempore
718 2400 874 2476 existenti,
900 2403 1071 2481 praeposito
1094 2402 1243 2478 generali,
1266 2410 1301 2464 ut

322 2515 382 2560 cura
399 2514 527 2578 condonat
557 2505 612 2568 pro
634 2491 769 2556 feliciae
790 2510 936 2574 prospero
958 2496 1053 2574 ipsius
1076 2495 1299 2569 universitatis,

323 2549 539 2682 fflggllfflsgf
557 2592 592 2645 ut
613 2585 796 2664 praefertur,
819 2598 938 2654 erectae
962 2589 1116 2668 regimine
1138 2598 1168 2651 et
1190 2589 1302 2665 guber·

323 2675 538 2778 fflffigflessgfflffiff
556 2694 622 2754 nro,
644 2697 678 2742 ac
699 2683 797 2788 magis
813 2692 884 2790 ¹apta
906 2685 1051 2790 methodo
1077 2693 1107 2748 et
1129 2702 1237 2792 norma
1253 2686 1302 2749 lit-

323 2777 371 2828 rta.
557 2781 637 2836 teras
658 2785 689 2836 et
710 2786 853 2840 scientias
875 2779 987 2842 rbrdem
1010 2781 1301 2854 docendr,statnen·

236 2865 238 2869 '
557 2869 649 2947 dique
671 2871 815 2948 religiosa
836 2890 868 2935 ac
897 2873 943 2952 pia
966 2874 1123 2948 exercitia,
1145 2891 1223 2952 quae
1246 2890 1301 2951 per

556 2963 652 3042 ipsius
686 2966 899 3029 universitatis
934 2967 1076 3031 alumnos
1110 2975 1141 3030 et
1174 2969 1300 3031 studen-

556 3063 601 3118 tes
623 3057 812 3136 frequentari
834 3061 966 3125 debeant
985 3077 1039 3140 per
1059 3079 1093 3124 se
1121 3061 1170 3124 vel
1192 3061 1299 3138 alium,

554 3167 609 3212 seu
631 3151 716 3227 alios,
732 3169 946 3234 quaecumque
960 3163 1073 3219 statuta
1088 3164 1119 3218 et
1132 3155 1300 3218 ordinatio-

555 3262 622 3318 nes,
644 3246 725 3311 licita
749 3257 852 3311 tamen
874 3258 905 3312 et
926 3250 1111 3324 honestans
1131 3251 1224 3312 sacris
1247 3251 1301 3312 Ca·

555 3341 691 3404 nonibns
718 3349 748 3404 et
782 3343 929 3422 praedicti
961 3344 1090 3407 Concilii
1124 3345 1298 3407 Tridentini

553 3435 684 3500 decretis
707 3454 743 3500 ac
762 3437 1037 3501 constitutionibus
1057 3437 1228 3516 apostolicis
1243 3438 1299 3500 mi-

553 3530 639 3592 nime
665 3532 830 3606 contraria,
861 3535 952 3596 edere
975 3541 1005 3594 et
1033 3532 1299 3610 promulgarem

553 3624 633 3688 edita
664 3632 695 3686 et
723 3625 917 3704 promulgata
949 3641 1003 3704 pro
1030 3641 1135 3688 rernm
1167 3635 1197 3688 et
1221 3634 1298 3688 tem·

553 3736 665 3800 porum
686 3720 917 3798 opportunitate
940 3728 1073 3794 mutare,
1096 3720 1254 3796 corrigere
1268 3730 1299 3782 et

553 3812 735 3887 reformare,
758 3829 812 3876 seo
835 3813 884 3876 illa
917 3829 1033 3875 cassare
1066 3813 1113 3874 vel
1139 3812 1297 3890 abrogare,

552 3905 674 3984 aliaque
693 3909 730 3968 de
752 3923 834 3969 novo
855 3907 1000 3981 condere,
1015 3907 1128 3969 addere
1148 3913 1180 3966 et
1201 3905 1301 3982 publi·

553 4015 633 4074 care,
655 4006 686 4062 et
700 4015 755 4078 pro
771 4000 895 4062 illorum
919 4000 1132 4062 observatione
1154 3998 1299 4060 adversus

553 4095 825 4158 contravenientes
840 4109 953 4173 poenas
967 4093 1134 4170 condignas
1148 4099 1297 4167 statuere,

553 4195 584 4250 et
605 4195 734 4251 statutas
756 4204 810 4266 pro
840 4189 951 4252 merito
974 4189 1128 4266 irrogare;
1151 4205 1209 4250 nec
1235 4201 1298 4248 non

553 4281 651 4346 dictae
674 4282 895 4357 universitatis,
919 4294 953 4346 ut
975 4283 1159 4362 praefertur,
1177 4288 1298 4344 erectae

552 4375 694 4450 lectores,
724 4378 903 4454 magistros,
927 4377 1132 4451 scholasticos,
1154 4393 1299 4454 procura·

554 4477 648 4545 tores,
671 4470 815 4546 bidellos,
839 4471 975 4549 aliosque
997 4470 1155 4532 ministros
1180 4479 1210 4532 et
1232 4469 1297 4530 olli-

553 4563 643 4625 ciales
673 4563 788 4640 eligere
810 4570 840 4626 et
872 4564 1048 4638 nominare,
1073 4579 1106 4625 ac
1133 4563 1246 4626 electos
1267 4571 1298 4625 et

554 4658 730 4720 nominatos
751 4673 897 4720 amovere
912 4659 1008 4720 libere
1030 4665 1060 4719 et
1082 4658 1165 4720 licite
1180 4674 1235 4736 pro
1248 4658 1298 4720 sui

553 4752 681 4814 arbitrio
702 4754 796 4831 possit
810 4759 841 4815 et
856 4753 966 4826 valeat,
984 4753 1107 4831 plenam
1124 4759 1154 4814 et
1168 4752 1297 4816 liberam

553 4845 730 4910 facultatem
753 4849 858 4910 eadem
880 4847 1061 4909 anctoritate
1080 4862 1134 4924 per
1155 4862 1298 4924 praesen·

554 4953 599 5004 tes
632 4943 798 5004 tribuimus
830 4951 861 5004 et
892 4943 1099 5020 impertimur.
1137 4933 1296 5007 Praeterea

553 5037 803 5115 quibuscumque
824 5037 953 5099 aliarum
980 5040 1221 5101 universitatum
1242 5057 1296 5103 seu

553 5131 730 5194 scholarum
764 5131 1011 5194 moderatoribus
1036 5141 1067 5195 et
1099 5134 1298 5212 praesidenti-

463 5303 467 5311 ·
554 5226 622 5300 bns,
652 5226 843 5303 regentibus,
872 5225 1048 5302 lectoribus
1076 5229 1243 5306 magistris,
1267 5239 1298 5291 et

553 5322 714 5398 quibusvis
744 5319 810 5382 aliis
841 5321 932 5384 etiam
959 5322 1172 5398 superioribus
1197 5339 1299 5401 perso-

556 5412 615 5490 nis,
637 5431 670 5476 ac
690 5413 748 5476 loci
769 5429 895 5493 qnoque
915 5415 1088 5490 ordinarie,
1110 5430 1149 5477 ne
1172 5415 1298 5478 univer-

553 5509 663 5584 sitatis,
679 5517 713 5570 ut
729 5509 915 5588 praefertur,
938 5519 1057 5573 erectae
1079 5517 1244 5585 rectorem,
1259 5511 1300 5572 le-

554 5614 665 5678 ctores,
679 5603 854 5680 magistros,
869 5604 1074 5679 scholasticos,
1099 5605 1256 5667 ministros
1269 5613 1299 5668 et

555 5715 711 5782 personas,
733 5713 790 5760 nec
812 5713 874 5760 non
895 5699 1067 5773 studentes,
1084 5699 1193 5778 quovis
1214 5714 1300 5777 prae-

556 5801 645 5856 textu
667 5807 774 5869 perse
796 5791 848 5853 vel
869 5790 981 5866 alium,
1006 5807 1061 5852 seu
1086 5793 1178 5866 alios,
1205 5809 1299 5871 super

555 5887 653 5948 libero
676 5885 793 5947 iuriam
816 5884 910 5963 ipsius
926 5883 1149 5960 universitatis,
1165 5893 1199 5946 nt
1215 5902 1301 5964 prae-

555 5979 667 6054 fertur,
689 5985 820 6053 erectae,
836 5995 870 6040 ac
884 5978 1120 6058 privilegiorum
1142 5980 1182 6055 ei,
1205 5979 1299 6042 etiam

1080 582 1142 638 ibn.
1169 593 1259 637 ebur.
1283 592 1324 637 bv,
1346 592 1375 636 P·
1398 591 1427 637 F.
1453 592 1534 638 PARS
1557 593 1577 636 1.

2133 578 2185 633 An.
2199 584 2227 635 G.
2248 588 2306 642 1759

1355 718 1390 774 nt
1410 711 1596 790 praefertur,
1618 728 1834 776 concessorum
1856 717 1914 775 u'su
1936 719 1967 775 et
1988 712 2105 776 exerci-

1356 805 1398 867 tio
1417 805 1576 884 impedire,
1594 805 1768 886 inquietare
1785 806 1834 868 vel
1850 805 2012 868 molestare
2028 821 2103 883 quo-

1354 901 1510 976 quomodo
1538 901 1670 962 audeant
1697 916 1752 962 seu
1774 907 1984 979 praesumant,
2007 899 2104 961 inter·

1355 991 1486 1056 dicimus
1508 1002 1539 1056 et
1560 993 1750 1056 inhibemus.

1395 1086 1414 1160 ἓ
1437 1085 1464 1148 7.
1489 1086 1694 1150 decernentes
1719 1087 1842 1150 easdem
1870 1094 2050 1166 praesentes
2071 1095 2102 1150 et
2140 1099 2319 1154 clausiano-

1355 1178 1387 1240 in
1410 1178 1454 1239 eis
1485 1187 1630 1242 contenta
1663 1195 1877 1270 quaecumque
1902 1195 2025 1258 semper
2050 1181 2102 1242 frr·
2122 1152 2177 1253 fffi
2192 1157 2319 1258 fifpffiff·

1357 1289 1431 1348 mas,
1457 1273 1570 1337 validas
1593 1281 1627 1335 et
1647 1273 1782 1337 efficaces
1802 1275 1946 1348 existere,
1969 1291 2103 1352 suosque

1357 1368 1509 1448 plenarios
1531 1379 1561 1434 et
1584 1370 1720 1446 integros
1739 1371 1867 1434 effectus
1887 1371 1990 1434 sortiri
2005 1378 2036 1433 et
2050 1369 2102 1432 ob-

1358 1464 1469 1538 tinere,
1493 1481 1526 1526 ac
1551 1465 1588 1526 ab
1609 1465 1669 1527 illis
1690 1465 1725 1526 ad
1748 1481 1825 1544 qnos
1846 1469 1972 1542 spectat,
1995 1473 2025 1528 et
2047 1479 2102 1543 pro

1357 1565 1496 1635 tempore
1507 1560 1769 1640 quandocumque
1782 1559 1941 1636 spectabit,
1955 1560 1986 1620 in
2002 1556 2102 1619 omni·

1357 1651 1413 1712 bus
1434 1660 1464 1713 et
1487 1669 1541 1730 per
1561 1652 1666 1714 omnia
1688 1652 1868 1731 plenissime
1888 1651 2049 1728 suffragari
2072 1659 2103 1712 et

1355 1744 1458 1807 abeis
1488 1745 1708 1807 iuviolabiliter
1735 1745 1901 1808 observari.
1936 1745 2047 1825 Sicque
2069 1745 2102 1806 in

1356 1838 1531 1916 praemissis
1557 1855 1613 1918 per
1643 1855 1855 1918 quoscumque
1884 1839 2000 1902 iudices
2021 1838 2103 1900 ordi·

1357 1932 1459 1993 narios
1486 1940 1518 1994 et
1546 1933 1717 2010 delegatos,
1747 1935 1839 1995 etiam
1868 1947 2030 1996 causarum
2052 1947 2102 2010 pa·

1356 2025 1419 2088 latii
1442 2027 1599 2107 apostolici
1626 2029 1792 2102 auditores,
1815 2045 1849 2089 ac
1872 2025 1903 2090 S.
1921 2026 1957 2089 R.
1972 2026 2006 2088 E.
2030 2025 2104 2088 Gar·

1356 2119 1484 2194 dinales,
1507 2121 1602 2182 etiam
1623 2121 1660 2182 de
1681 2120 1778 2183 latere
1800 2120 1927 2196 legatos,
1950 2118 2101 2195 vicelega-

1357 2221 1414 2288 tos,
1448 2214 1607 2290 dictaeque
1629 2211 1716 2276 Sedis
1747 2212 1894 2287 Nuncios,
1918 2212 2036 2275 sublata
2057 2211 2102 2273 eis

1355 2314 1386 2368 et
1409 2323 1518 2368 eornm
1540 2308 1667 2371 cuilibet
1693 2308 1801 2385 quavis
1822 2307 1913 2370 aliter
1934 2307 2101 2381 iudicandi,

1357 2400 1581 2478 interpretandi
1604 2401 1747 2464 laenitate
1768 2409 1799 2462 et
1814 2400 2008 2472 anctoritate,
2024 2399 2104 2461 indi·

1355 2494 1415 2556 cari
1441 2502 1472 2557 et
1494 2495 1618 2558 clehniri
1633 2494 1760 2572 debere;
1784 2495 1909 2557 irritum
1931 2509 2056 2574 quoque
2071 2500 2103 2554 et

1356 2589 1459 2664 inane,
1475 2591 1499 2650 si
1515 2605 1603 2652 secus
1615 2589 1767 2668 superbis
1781 2605 1797 2650 a
1809 2603 1978 2668 quoquam,
1994 2586 2103 2665 quavis

1355 2684 1548 2757 auctoritate,
1564 2683 1699 2746 scienter
1719 2681 1769 2744 vel
1792 2682 1985 2758 ignoranter,
2000 2680 2102 2743 conti·

1356 2777 1436 2852 gerit
1451 2778 1606 2839 attentari.

1394 2871 1413 2945 5
1434 2870 1462 2932 8.
1487 2871 1554 2934 Non
1570 2872 1765 2935 obstantibus
1781 2869 2055 2933 constitutionibus
2071 2874 2103 2930 et
2121 2879 2317 2976 ,Pssffigfflfffll'

1356 2966 1601 3030 ordinationibus
1621 2969 1808 3048 apostolicis,
1832 2967 2004 3046 privilegiis
2025 2983 2104 3046 quo·

1355 3077 1427 3140 qne,
1451 3061 1580 3123 indultis
1601 3069 1632 3124 et
1655 3063 1765 3124 litteris
1786 3061 1960 3140 apostolicis
1982 3061 2013 3122 iu
2029 3076 2103 3123 con·

1356 3157 1484 3217 trarinm
1497 3156 1737 3232 praemissorum
1752 3155 1984 3233 quomodolibet
1999 3152 2101 3217 forsan

1354 3249 1516 3322 caucasis,
1532 3250 1722 3312 confirmatis
1744 3259 1775 3311 et
1798 3248 1962 3311 innovatis.
1984 3246 2104 3322 Quibus

1354 3342 1499 3404 omnibus
1521 3352 1552 3404 et
1573 3343 1703 3418 singulis
1726 3343 1853 3405 illorum
1869 3350 1993 3404 tenores
2015 3355 2103 3420 prae·

1354 3437 1495 3498 sentibus
1518 3453 1571 3515 pro
1593 3437 1685 3515 plene
1710 3446 1740 3499 et
1766 3437 1957 3499 sufficienter
1978 3450 2105 3512 expres·

1353 3529 1394 3590 sis
1415 3538 1445 3592 et
1466 3529 1502 3590 de
1524 3531 1620 3593 verbo
1635 3530 1669 3591 ad
1688 3531 1819 3592 verbnm
1842 3531 1966 3594 insertis
1988 3530 2107 3592 haben-

1354 3629 1412 3700 tes,
1434 3622 1495 3684 illis
1516 3623 1588 3686 alias
1610 3624 1642 3684 in
1665 3641 1721 3686 suo
1747 3625 1857 3687 robore
1878 3625 2104 3704 permansuris,

1354 3719 1388 3780 ad
1412 3719 1652 3796 praemissorum
1668 3718 1828 3794 enectum,
1846 3723 1901 3782 hac
1923 3723 1990 3781 vice
2012 3720 2108 3782 dorn-

1356 3818 1448 3883 taxat,
1479 3810 1589 3872 harum
1620 3827 1744 3890 quoque
1768 3813 1847 3874 serie
1875 3812 2049 3891 specialiter
2070 3820 2108 3875 et

1355 3917 1497 3980 expresse
1518 3904 1703 3982 derogamus
1717 3911 1747 3966 et
1763 3906 1945 3982 derogatum
1968 3921 2034 3968 esse
2048 3921 2107 3968 vo·

1355 3995 1470 4071 lomus,
1493 3999 1656 4060 contrariis
1678 4001 1938 4079 quibuscumque.

1394 4095 1412 4166 §
1432 4090 1461 4152 9.
1487 4090 1572 4154 Nulli
1588 4108 1662 4169 ergo
1677 4095 1808 4156 omnino
1829 4094 1994 4156 hominum
2010 4095 2103 4157 liceat

1356 4189 1497 4264 paginam
1512 4186 1591 4249 hanc
1605 4196 1784 4250 nostrarum
1806 4187 2019 4262 absolutionis,
2035 4204 2103 4250 ere-

1354 4281 1476 4354 ctionis,
1500 4282 1715 4356 institutionis,
1733 4282 1951 4358 concessionis,
1973 4283 2101 4360 indulti,

1353 4373 1545 4448 facultatum,
1568 4375 1778 4438 attributionis
1806 4385 1837 4438 et
1866 4377 2101 4455 impertitionis,

1355 4467 1523 4542 interdicti,
1543 4468 1750 4543 inhibitionis,
1768 4471 1914 4540 mandati,
1939 4473 2056 4533 decreti
2072 4483 2103 4536 et

1354 4560 1561 4638 derogationis
1582 4561 1766 4638 infringere,
1784 4563 1835 4624 vel
1855 4564 1884 4624 ei
1906 4581 1982 4626 ausu
2006 4573 2103 4630 teme·

1355 4655 1434 4716 rario
1456 4655 1623 4717 contraire.
1647 4656 1770 4736 Siquis
1794 4665 1897 4720 autem
1921 4662 2103 4727 hocatten·

1354 4755 1419 4809 tare
1447 4749 1702 4828 praesumpserit,
1730 4751 1979 4828 indignationem
2000 4758 2104 4817 omni-

1354 4843 1489 4921 potentis
1523 4842 1574 4904 [lei
1600 4860 1633 4905 ac
1661 4843 1824 4907 beatorum
1850 4847 1932 4909 Petri
1955 4858 1986 4912 et
2016 4849 2102 4914 Pauli

1354 4935 1572 5015 Apostolorum
1595 4938 1661 5000 eius
1688 4955 1722 5000 se
1741 4940 1866 5001 noverit
1888 4943 2099 5005 incursurum.

1394 5032 1505 5092 batum
1528 5031 1642 5094 Romae
1663 5032 1743 5109 apud
1765 5031 1795 5094 S.
1807 5033 1933 5096 blaciam
1952 5035 2100 5100 llaiorem

1355 5141 1436 5186 anno
1455 5125 1677 5186 incarnationis
1696 5123 1869 5188 dominicae
1884 5143 2036 5190 uocccrx.
2054 5146 2101 5192 se-

1356 5221 1452 5299 ptimo
1474 5215 1622 5280 kalendas
1643 5216 1758 5296 aprilis,
1780 5218 1980 5296 pontificatus
2002 5223 2100 5284 nostri

1355 5331 1428 5376 anm
1451 5331 1473 5376 r.

1612 5459 1850 5471 ————-—-

1695 5592 1771 5659 Vlll.

1359 5791 1564 5868 Confirmatis
1581 5789 1631 5851 lit.
1649 5805 1699 5867 op.
1718 5791 1794 5852 Bere.
1814 5790 1892 5852 XIV.
1911 5758 2101 5869 Supremum

1397 5885 1676 5962 gravissimumque
1694 5898 1791 5960 super
1805 5881 1955 5945 electione
1976 5879 2101 5946 abbatia

1396 5975 2101 6058 generalisetcfocr'coduaaccommeden-
