4808 6988
103 2622 198 2670 Preces
214 2633 297 2681 porro·

74 2677 137 2722 ctae
151 2685 297 2732 1116661166·

74 2729 187 2783 quenda
203 2741 297 2830 nroro·

74 2783 188 2881 gatiano
215 2783 296 2831 ndul-

988 547 1061 594 etus
1082 546 1132 592 1’1’.
1156 549 1211 595 vll.

323 653 403 718 libus
430 658 568 722 conciliis
589 661 678 724 editis
707 664 903 748 generalibus
924 663 975 728 vel
1002 680 1069 742 spe·

323 747 449 812 cialibus
477 754 750 818 constitutionibus
763 764 795 818 61
809 756 1068 831 ordinationibus,

324 855 468 905 necnon
493 846 651 922 ordinum,
679 863 815 928 quorum
842 865 991 929 personae
1011 850 1068 912 bu·

323 931 455 995 iusmodi
466 937 619 1013 professae
629 939 760 1016 1666161,
772 942 864 1003 etiam
879 942 1067 1018 iuramento,

322 1025 559 1092 confirmatione
588 1033 769 1110 apostolica,
800 1035 851 1096 vel
879 1034 986 1114 quavis
1017 1035 1069 1096 111-

323 1117 498 1183 mitatealia
512 1123 660 1187 roboratis
676 1127 798 1189 statutis
820 1135 850 1189 el
872 1127 1070 1191 consuetudi·

322 1212 432 1289 uibus,
453 1217 625 1295 privilegiis
639 1235 764 1299 quoquo
782 1221 909 1284 indultis
923 1227 954 1282 et
970 1220 1068 1282 literis

322 1308 492 1386 apostolicis
504 1311 536 1372 16
546 1314 983 1392 contrariumpraemissorum
995 1329 1067 1390 quo·

321 1402 489 1466 modolibet
516 1407 678 1484 concessis,
707 1408 897 1470 confirmatis
926 1407 1066 1470 611666-

320 1495 410 1572 vatis;
431 1497 543 1575 quibus
567 1501 711 1563 omnibus
732 1507 764 1564 et
784 1502 916 1578 siugulis
938 1501 1065 1562 illorum

321 1595 444 1654 tenores
465 1595 677 1670 praesentibus
691 1611 746 1673 pro
760 1594 852 1674 plene
866 1602 897 1657 et
911 1594 1065 1660 sufficieu-

320 1691 369 1748 ter
392 1688 557 1763 expressis,
578 1704 611 1751 ae
633 1688 671 1750 de
691 1689 786 1751 verbo
807 1688 843 1749 ad
866 1689 996 1750 verbum
1017 1688 1065 1750 iu·

318 1777 410 1842 sertis
438 1779 602 1856 habentes,
631 1780 693 1842 illis
720 1781 792 1843 alias
814 1781 848 1844 16
870 1797 926 1843 666
953 1779 1064 1844 robore

319 1875 546 1951 permansuris,
580 1874 616 1934 ad
647 1875 888 1952 praemissorum
919 1873 1064 1936 61166166

320 1968 374 2029 1166
395 1967 463 2031 6166
489 1969 649 2032 dumtaxat
669 1967 900 2046 specialiteret
920 1981 1065 2044 expresse

318 2061 513 2138 derogamus,
537 2060 727 2139 caeterisque
750 2059 911 2122 contrariis
939 2058 1064 2137 quibus·

318 2169 462 2233 cumque.

356 2248 469 2310 Datum
499 2246 614 2309 Romae
644 2246 724 2325 apud
754 2242 786 2307 S.
819 2244 945 2308 11611616
974 2244 1064 2308 11616·

316 2357 386 2404 6661
405 2342 464 2404 sub
484 2341 598 2404 annulo
621 2340 792 2415 Piscatoris,
821 2339 871 2402 die
898 2353 956 2401 xxx.
983 2338 1063 2401 iunii

316 2450 498 2510 1166611616,
520 2433 718 2514 pontificatus
734 2431 831 2496 nostri
852 2449 934 2495 anno
956 2449 1026 2495 6111.

355 2622 424 2700 §b
447 2621 550 2697 Quum
571 2626 687 2696 autem,
709 2618 789 2681 sicut
812 2618 978 2682 maiestatis
991 2625 1062 2682 tuae

315 2716 443 2778 nomine
458 2713 632 2791 expositum
647 2721 704 2788 est,
727 2711 848 2790 expleto
864 2712 925 2774 iam
937 2720 1059 2790 septen·

315 2809 381 2883 nio,
402 2806 559 2869 facultates
584 2805 757 2882 praedictae
777 2805 810 2866 in
831 2805 1002 2882 praecitatis
1025 2805 1059 2867 li·

314 2901 388 2965 16116
409 2915 570 2978 expressae
591 2898 624 2960 in
646 2899 733 2960 exitu
754 2898 828 2972 sint,
845 2898 1010 2976 cupiasque
1024 2899 1059 2960 il·

313 2994 357 3056 las
378 2992 504 3056 alterius
532 2991 702 3070 prorogari,
724 3006 803 3053 nova
824 2992 938 3054 adiecta
960 2991 1059 3054 decla-

314 3088 445 3162 ratione,
467 3093 502 3148 61
524 3085 670 3148 castrensi
698 3083 917 3147 ecclesiasticae
938 3084 1058 3147 iurisdi-

314 3180 409 3243 ctioui
437 3179 608 3256 praedictae
632 3177 764 3239 subiecti
781 3177 854 3252 sint,
877 3185 908 3238 et
928 3176 1059 3240 subiecti

313 3273 486 3334 habeantur
507 3287 570 3334 nou
598 3270 699 3332 solum
721 3269 779 3346 illi,
802 3271 855 3348 qui
880 3269 966 3332 iuxta
987 3277 1058 3332 ante

314 3376 392 3430 aetas
422 3365 506 3441 leges
532 3364 598 3426 loro
627 3363 800 3440 gaudebant
831 3364 953 3440 integro
984 3363 1057 3426 belli

314 3469 367 3522 aut
395 3459 532 3521 marinae
563 3455 689 3518 militari
717 3463 770 3519 aut
799 3455 940 3532 politico,
972 3455 1057 3518 civili

313 3553 428 3615 scilicet
448 3558 480 3612 et
503 3549 668 3624 criminali,
691 3550 832 3627 quamvis
853 3549 889 3610 ad
914 3564 1056 3627 praesens

313 3645 397 3709 civili
419 3659 482 3705 uon
498 3644 663 3720 gaudeant,
679 3641 731 3719 qui
754 3655 839 3702 nunc
860 3657 925 3702 non
940 3642 1055 3717 existit,

311 3738 478 3802 sedetiam
506 3750 617 3797 eorum
644 3733 778 3796 familiae
804 3740 834 3795 et
855 3749 963 3796 omnes
988 3750 1056 3812 per·

311 3847 404 3894 sonae
425 3830 564 3909 ipsorum
579 3825 714 3890 servitiis
726 3826 875 3900 addictae,
887 3826 1056 3891 dummodo

311 3926 369 3987 bae
389 3924 504 4002 pariter
525 3919 659 3983 familiae
678 3924 770 3998 atque
791 3934 940 3996 personae
961 3938 999 3984 ex
1021 3921 1056 3983 il-

311 4017 349 4078 lis
369 4016 444 4090 siut,
466 4030 554 4093 quae,
571 4012 596 4073 si
616 4017 771 4073 anteactae
792 4011 938 4088 vigerent
959 4013 1054 4090 leges,

311 4117 377 4172 toto
397 4110 582 4184 integroque
602 4103 773 4181 gauderent
794 4105 948 4181 praedicto
969 4105 1051 4168 toro:

103 4209 187 4270 aanor
206 4217 294 4266 prore
352 4204 372 4278 5
391 4202 420 4265 6.
438 4199 499 4262 Nos
509 4213 584 4260 vero
595 4197 762 4260 maiestatis
774 4204 844 4260 tuae
855 4198 945 4273 votis,
958 4215 1055 4277 quan-

76 4259 199 4316 galienus.

310 4307 379 4361 tum
396 4293 575 4358 1611616166
595 4305 768 4368 possumus,
787 4307 927 4354 annuere
947 4293 1055 4356 volen-

310 4401 367 4467 tes,
389 4385 664 4468 supplicationibus
675 4391 727 4446 tuo
741 4385 868 4446 nomine
882 4385 970 4447 nobis
985 4403 1055 4466 por-

309 4483 401 4548 rectis
421 4481 573 4555 inclinati,
602 4477 754 4541 moderno
777 4495 810 4542 ac
832 4495 887 4556 pro
915 4487 1054 4558 tempore

310 4575 455 4641 existenti
475 4573 666 4636 Patriarebae
687 4571 848 4634 indiarum
870 4573 914 4635 uti
934 4575 1052 4653 cappel-

310 4673 379 4734 lano
401 4669 509 4731 maiori
531 4683 563 4729 66
584 4665 742 4742 regiorum
770 4667 965 4729 exercituum
986 4684 1055 4745 cap-

309 4765 430 4846 pellano
451 4760 573 4834 maiori,
595 4767 627 4820 ct
648 4757 765 4820 idoneis
788 4760 995 4822 sacerdotibus
1016 4762 1053 4824 ab

309 4861 372 4938 ipso
393 4852 540 4930 delegatis
562 4851 613 4915 vel
634 4849 810 4927 delegandis
834 4859 887 4915 aut
913 4853 1053 4917 subdele-

309 4952 415 5029 gandis
430 4952 580 5010 66166661
594 4943 733 5020 singulas
749 4943 908 5008 facultates
923 4945 956 5007 in
968 4962 1052 5024 prae-

309 5043 433 5108 insertis
454 5039 568 5102 nostris
589 5038 688 5100 literis
710 5047 869 5100 contentas
884 5046 914 5100 et
929 5055 1053 5117 expres-

307 5136 410 5199 sasad
431 5131 631 5212 septennium
651 5133 831 5208 proximum
852 5137 976 5194 tautum
997 5132 1054 5196 du·

308 5236 427 5292 naturas
448 5225 630 5289 auctoritate
654 5223 817 5301 apostoliea
838 5232 945 5286 tenore
968 5241 1052 5304 prae-

307 5321 447 5383 sentium
458 5319 561 5380 denuo
581 5315 779 5378 concedimus
793 5324 824 5377 et
839 5315 1050 5394 impertimur,

307 5429 366 5476 nec
386 5427 449 5474 nou
470 5410 593 5472 easdem
613 5407 725 5484 gratias
740 5413 771 5468 et
784 5407 946 5484 privilegia
961 5424 1070 5486 quae--

307 5519 440 5585 cumque
460 5503 493 5565 in
516 5500 689 5581 praecitatis
710 5499 808 5562 literis
833 5517 975 5564 concessa
996 5503 1051 5564 ite·

306 5613 378 5663 rum
399 5597 569 5673 elargimur
590 5602 620 5656 et
634 5594 867 5669 confirmemus
883 5597 1052 5666 decernen-

307 5701 363 5770 tes,
387 5699 423 5754 ut
443 5689 599 5755 castrensi
612 5687 830 5750 ecclesiasticae
843 5687 1051 5751 iurisdictioni

347 5901 378 5959 (l)
392 5904 430 5947 ltx
444 5901 504 5947 'rab
520 5904 598 5959 cong.
612 5903 675 5958 Rog.
690 5901 733 5947 dei
747 5899 823 5946 Brevi
837 5901 886 5947 vol.
902 5904 954 5957 111.,
968 5913 992 5958 p.
1007 5902 1055 5947 2³0.

1126 665 1297 742 praedictae
1316 670 1448 736 subiecti
1469 672 1534 736 sint
1549 680 1579 736 et
1593 673 1722 738 subiecti
1738 675 1870 739 babean-

1128 763 1178 818 tur
1198 775 1261 823 non
1293 763 1395 826 solum
1426 764 1483 841 illi,
1514 767 1567 845 qui
1599 767 1685 830 iuxta
1715 775 1870 831 anteactas

1126 848 1208 925 leges
1229 853 1295 915 loro
1317 857 1493 932 gaudebant
1507 858 1630 936 integro
1651 859 1726 922 belli
1740 867 1793 922 aut
1806 877 1870 922 ma-

1125 941 1212 1004 rinae
1240 947 1363 1009 militari
1391 955 1444 1012 aut
1472 951 1612 1028 politico,
1641 951 1724 1014 civili
1753 952 1870 1016 scilicet

1125 1040 1156 1097 et
1183 1036 1353 1115 criminali,
1379 1042 1521 1119 quamvis
1542 1042 1578 1104 ad
1608 1059 1753 1123 praesens
1784 1045 1869 1108 civili

1125 1143 1188 1189 non
1210 1132 1379 1208 gaudeant,
1401 1136 1455 1212 qui
1476 1151 1560 1200 nunc
1585 1152 1648 1199 nou
1679 1135 1794 1212 existit,
1815 1139 1869 1200 sed

1124 1221 1218 1282 etiam
1238 1237 1349 1288 eorum
1375 1223 1509 1290 familiae
1533 1235 1565 1290 et
1586 1245 1694 1317 omues
1719 1245 1870 1308 personae

1123 1310 1261 1390 ipsorum
1288 1318 1423 1381 servitiis
1444 1319 1591 1398 addictae,
1622 1322 1789 1386 dummodo
1811 1324 1869 1385 bae

1124 1405 1237 1481 pariter
1250 1405 1382 1473 familiae
1397 1418 1488 1489 atque
1503 1427 1653 1490 personae
1666 1414 1777 1478 exiliis
1790 1416 1866 1490 sint,

1122 1513 1212 1575 quae,
1232 1500 1261 1560 ’61
1281 1507 1437 1565 anteactae
1458 1505 1602 1582 vigerent
1624 1506 1718 1584 leges,
1734 1513 1799 1569 toto
1820 1507 1868 1570 in·

1124 1597 1271 1668 aegroque
1302 1594 1473 1668 gauderent
1503 1598 1658 1675 praedicto
1689 1598 1775 1676 ioro;
1803 1615 1867 1661 ser·

1122 1689 1188 1744 vata
1222 1685 1379 1750 tamenin
1410 1689 1537 1768 reliquis
1563 1691 1660 1753 161616
1683 1697 1714 1753 61
1742 1693 1868 1771 disposi-

1122 1773 1206 1836 tione
1234 1779 1470 1855 apostoliearum
1497 1789 1675 1845 nostrarum
1704 1783 1866 1847 literarum

1121 1868 1262 1945 superius
1284 1871 1463 1935 relatarum.

1160 1961 1179 2036 ἓ
1202 1962 1229 2025 7.
1254 1961 1324 2025 Non
1350 1966 1541 2030 obstantibus
1570 1970 1717 2032 omuibus
1745 1977 1776 2033 et
1802 1971 1866 2033 sin·
1897 1992 1954 2040 1116
1966 1994 2097 2052 derogatio

1885 2045 1912 2090 16
1940 2049 2097 2096 contrarium

1884 2099 2042 2149 1661661166.

1121 2051 1293 2131 6611611116,
1317 2055 1587 2135 6666166166616
1608 2061 1705 2126 literis
1727 2078 1790 2126 uon
1812 2065 1864 2128 ob·

1119 2153 1201 2208 stare
1222 2148 1595 2231 6616111166,66616116666
1616 2158 1866 2236 6661661116661-

1121 2239 1324 2320 busoumque.

1160 2333 1272 2396 1161616
1290 2335 1418 2412 Romae,
1434 2338 1513 2415 apud
1530 2338 1560 2403 S.
1577 2339 1704 2404 blaciam
1718 2340 1865 2406 Maiorem

1118 2425 1176 2487 sub
1200 2428 1316 2490 annulo
1353 2429 1529 2505 Piscatoris,
1566 2433 1616 2496 die
1643 2450 1710 2497 xxx.
1735 2437 1864 2499 ianuarii

1119 2533 1322 2584 uncccxxxrx.
1345 2523 1540 2600 pontificatus
1556 2527 1654 2589 nostri
1668 2544 1751 2591 anno
1767 2543 1861 2594 111111.

1436 2746 1536 2870 Ι01111.

1118 2985 1161 3050 Ob
1195 2992 1397 3067 grassantem
1430 2993 1683 3067 persecutionem
1718 2994 1863 3056 6616661111

1159 3079 1285 3143 1166616
1312 3081 1493 3159 apostatico
1522 3091 1552 3148 61
1579 3085 1649 3146 eius
1679 3086 1862 3149 coadiutorc'

1155 3173 1190 3232 16
1213 3172 1301 3235 Sinis
1323 3173 1565 3254 obaeratorum
1584 3175 1863 3250 66661666666666-

1153 3281 1254 3326 sorem
1275 3263 1332 3348 (1).
1363 3273 1368 3280 “

1114 3447 1343 3518 venerabilibus
1355 3449 1503 3520 tratribus
1516 3451 1629 3521 1161616
1642 3452 1780 3524 1661666
1793 3454 1861 3540 Ε61·

1152 3560 1247 3628 scopo
1270 3541 1417 3612 sinitensi
1445 3544 1565 3613 llioario
1592 3545 1860 3630 1666161166361-

1152 3637 1280 3706 obuenei
1310 3637 1491 3722 provinciae,
1514 3644 1545 3707 61
1568 3639 1677 3708 1666116
1700 3639 1860 3710 leonardo

1154 3731 1333 3801 Ρ666611666
1346 3730 1496 3816 Episcopo
1509 3731 1858 3804 116661661111116661616

1153 3826 1292 3909 praelato
1314 3824 1489 3904 6661161661,

1362 4009 1449 4078 elus
1473 4010 1531 4080 ΡΡ.
1548 4011 1605 4080 tlt.
1675 4072 1679 4080 .

1311 4192 1510 4267 venerabiles
1533 4200 1660 4281 1661666,

1144 4293 1274 4362 salutem
1295 4297 1328 4360 61
1349 4292 1548 4377 apostolicam
1571 4294 1820 4365 16661161166616.

1151 4485 1170 4560 5
1194 4482 1377 4546 illumin
1400 4482 1588 4545 Sutcbueusi
1610 4484 1768 4561 provincia
1790 4501 1859 4564 per-

1109 4577 1227 4639 6666116
1248 4583 1354 4638 666166
1378 4575 1575 4651 66116116666,
1598 4576 1670 4639 11661
1696 4576 1859 4657 paululum

1110 4668 1420 4743 1161616616,666611
1442 4675 1546 4730 tamen
1569 4670 1714 4745 extincta,
1733 4678 1764 4732 et
1786 4671 1859 4733 mis·

1109 4764 1153 4825 sio
1176 4761 1280 4823 111616
1308 4759 1355 4821 bis
1377 4761 1476 4823 adbuc
1507 4769 1649 4823 versetur
1678 4771 1790 4825 rerum
1808 4763 1858 4825 ad·

1109 4854 1234 4929 iuuetis,
1258 4861 1292 4916 ut
1313 4852 1469 4930 Episcopis
1490 4853 1664 4917 Pastoribus
1685 4856 1748 4918 suis
1770 4855 1858 4919 166116

1109 4947 1225 5028 privari
1240 4946 1347 5025 possit,
1365 4944 1475 5007 idcirco
1490 4963 1546 5008 nos
1560 4962 1616 5025 pro
1631 4947 1787 5010 commissi
1803 4965 1858 5012 uo·

1109 5041 1155 5103 bis
1169 5039 1318 5101 divinitus
1331 5038 1491 5116 pastoralis
1505 5038 1597 5100 officii
1613 5055 1695 5114 cura,
1712 5057 1753 5102 ne
1768 5041 1858 5104 Chri·

1107 5132 1254 5196 stiddeles
1284 5131 1422 5194 eiusdem
1454 5132 1632 5210 provinciae
1662 5133 1701 5194 ob
1727 5133 1857 5196 nimiam

1109 5228 1247 5290 locorum
1268 5226 1444 5288 distantiam
1466 5225 1597 5287 Pastoris
1617 5224 1725 5287 solatio
1741 5226 1793 5288 diu
1809 5243 1856 5289 ca·

1109 5335 1178 5382 rere
1199 5318 1368 5395 contingat,
1384 5316 1596 5397 spiritualibus
1615 5319 1800 5381 eorumdem
1822 5321 1857 5382 11·

1108 5411 1227 5474 delium
1249 5409 1479 5472 necessitatibus
1510 5409 1752 5472 extraordinaria
1782 5427 1856 5490 qua-

1107 5504 1178 5566 dam
1192 5505 1310 5566 6611666
1323 5502 1552 5581 providendum
1567 5519 1632 5565 esse
1647 5503 1853 5567 decrevimus.

1146 5599 1165 5673 ἓ
1186 5598 1214 5659 2.
1233 5596 1294 5658 Nos
1309 5595 1406 5674 igitur
1420 5611 1486 5671 vos,
1499 5595 1690 5658 venerabiles
1705 5597 1854 5674 lratres,a

1106 5688 1269 5768 quibusvis
1290 5688 1629 5765 excommunicationis,
1644 5691 1855 5769 suspensionis

1793 539 1852 602 631
1901 538 1956 594 An.
1970 540 2001 594 0.
2022 541 2091 595 1823
