4734 7004
921 632 1064 680 caeneus
1086 629 1155 676 xrrr.
1754 593 1794 660 att
1843 596 1897 648 Aa.
1911 593 1942 646 d.
1963 592 2032 648 ttae

266 775 336 824 rum
359 761 434 824 dum
456 757 578 822 viveret
592 758 664 821 dicti
685 755 775 833 regni
790 769 896 832 regem
912 751 1013 815 eidem
1069 751 1175 826 ricam,
1208 745 1431 830 philosophiam
1462 763 1496 809 ac
1518 739 1705 820 theologiam
1726 737 1813 803 scho-

267 857 398 934 collegio
413 855 553 934 elargita,
565 852 778 918 confirmando
799 857 830 912 et
844 849 1013 928 approbari·
1068 843 1216 918 lasticam,
1232 849 1263 906 et
1278 842 1428 906 moralem
1443 857 1476 902 ac
1493 841 1587 902 etiam
1608 835 1813 913 dogmaticam

267 951 317 1026 do,
339 948 507 1028 collegium
529 947 631 1026 ipsum
652 945 736 1022 regia
757 959 812 1006 sua
833 940 1012 1004 anctoritate
1069 947 1099 1000 et
1114 939 1289 1018 positivam,
1301 951 1465 1016 sacrosque
1482 934 1632 1006 Capones,
1650 932 1814 1011 ipsumque

268 1043 481 1107 universitatis
497 1042 589 1104 titulo
608 1047 641 1102 et
662 1036 833 1117 privilegiis
854 1034 1011 1107 omnibus,
1068 1035 1116 1096 ius
1130 1032 1326 1108 canonicum,
1343 1047 1400 1093 nec
1415 1046 1479 1092 non
1495 1043 1548 1108 per
1563 1027 1693 1089 lectores
1708 1030 1812 1086 tamen

268 1139 380 1217 quibus
400 1137 588 1200 universitas
608 1133 794 1207 studiorum,
806 1145 861 1193 seu
883 1129 1012 1192 uocade-
1067 1128 1220 1192 seculares
1230 1129 1322 1190 etiam
1337 1127 1384 1190 ius
1398 1125 1500 1201 civile,
1510 1123 1705 1201 aliarumque
1715 1119 1813 1182 scien·

269 1233 329 1294 mia
363 1231 543 1296 Cracovieu.
576 1229 671 1292 simili
702 1227 787 1304 regia
814 1222 1012 1288 concessione

270 1327 399 1404 gaudet,
429 1325 604 1396 ornaverit,
632 1329 664 1386 et
688 1321 823 1400 gaudere
854 1319 1010 1396 voluerit3

268 1419 474 1484 nihilominus
498 1421 523 1482 si
545 1421 627 1482 idem
652 1417 820 1494 collegium
849 1413 1012 1494 apostolica

267 1515 361 1578 etiam
376 1505 560 1578 auctoritate
575 1513 607 1576 in
620 1511 772 1592 publicam
787 1517 818 1572 et
833 1507 1012 1586 generalem

266 1608 444 1670 studiorum
476 1607 714 1670 universitatem
746 1603 937 1679 erigeretur,
970 1599 1013 1661 ei·

267 1717 328 1778 que
342 1701 445 1764 omnia
461 1707 492 1763 et
505 1699 628 1774 singula
644 1699 814 1777 praedictae
827 1694 1009 1759 Cracovieu.

266 1800 297 1854 et
319 1792 387 1855 aliis
408 1793 589 1872 praesertim
611 1791 701 1868 regni
722 1789 866 1852 Poloniae
886 1787 1013 1850 unirer·

266 1887 410 1950 sitatibus
440 1887 616 1950 studiorum
647 1884 840 1962 generalium
872 1897 1012 1944 concessa

266 1981 443 2059 privilegia,
473 1987 508 2042 ut
536 1979 631 2053 iutra,
656 1979 868 2042 tribuerentur
889 1985 920 2038 et
941 1991 1014 2038 cou-

266 2077 466 2148 cederentur,
489 2089 607 2136 uorum
637 2073 694 2152 ipsi
722 2071 880 2135 iuventuti
904 2087 937 2133 ac
958 2085 1013 2131 no-

267 2169 382 2232 bilibus
409 2169 532 2232 Polonis
560 2169 725 2232 adderetur
752 2165 787 2228 ad
814 2166 908 2227 bonas
934 2173 1014 2227 artes

267 2261 452 2325 excolendas
482 2269 513 2324 et
534 2261 633 2324 studia
664 2259 877 2338 prosequenda
908 2257 1014 2320 incita·

268 2364 425 2419 mentum.
442 2356 500 2418 Pro
512 2371 570 2434 qua
586 2355 712 2434 quidem
727 2353 885 2416 erectione
899 2360 930 2414 et
943 2365 1014 2414 con·

267 2452 407 2512 cessione
417 2449 590 2529 apostolica,
605 2448 725 2510 indulto
737 2455 844 2510 nostro
856 2445 1015 2524 perticieu·

268 2543 317 2618 da,
334 2545 418 2606 idem
432 2546 591 2622 Augustus
612 2541 677 2604 Rex
692 2542 769 2604 datis
781 2541 815 2602 ad
832 2557 887 2603 nos
902 2541 1015 2604 litteris

268 2639 487 2716 gravissimum
503 2637 606 2713 regiae
619 2653 693 2698 suae
704 2635 862 2715 petitionis
876 2649 1016 2696 momen·

268 2742 337 2796 tum
360 2731 480 2794 adiecit.
503 2733 604 2807 Quare
625 2746 680 2809 pro
702 2737 789 2807 parte
813 2730 885 2792 dicti
907 2727 1017 2790 Recto·

270 2827 313 2889 ris
335 2826 423 2888 uobis
435 2825 493 2889 luit
511 2824 673 2887 humiliter
689 2825 909 2904 supplicatum,
922 2831 957 2885 ut
971 2823 1015 2883 di-

268 2921 310 2982 cti
333 2919 453 2997 collegii
486 2919 588 2982 decori
619 2926 651 2980 et
676 2918 819 2998 ampliori
845 2915 1016 2982 celebritati

269 3014 445 3090 consulere,
458 3031 516 3077 nec
536 3029 600 3076 non
623 3013 780 3077 iuventuti
803 3012 927 3074 illarum
949 3027 1015 3088 par-

269 3109 363 3184 tium,
380 3117 426 3183 ut,
442 3117 510 3188 post
524 3107 664 3170 sedulam
678 3123 804 3186 operam
818 3106 928 3168 studiis
943 3105 1016 3184 ipsis

268 3204 461 3280 praestitam,
487 3202 604 3264 debitas
631 3199 857 3280 praerogativas
878 3210 909 3263 et
931 3215 1015 3279 prae·

268 3295 330 3358 mia
351 3293 387 3356 ad
418 3296 473 3360 llei
495 3295 638 3372 gloriam,
662 3302 692 3357 et
714 3295 880 3358 catholicae
908 3309 1016 3374 purae

267 3405 332 3468 que
352 3390 435 3464 iidei,
450 3405 510 3470 qua
532 3389 644 3452 imbuti
666 3389 797 3464 inerint,
824 3388 1014 3467 propagatio-

267 3499 344 3545 nem
365 3492 397 3546 et
419 3487 521 3560 decus,
544 3481 665 3561 assequi
686 3482 818 3556 valeant,
836 3481 874 3544 de
895 3490 1016 3559 aposto-

266 3576 325 3638 lica
348 3577 538 3654 benignitate
559 3577 722 3656 providere
742 3576 953 3653 dignaremur.

72 3688 190 3744 assarna.
208 3699 247 3735 re·
309 3672 329 3747 ἓ
349 3671 378 3732 3.
402 3669 463 3734 Nos
485 3671 582 3748 igitur
601 3671 674 3732 satis
694 3678 890 3748 perspectum
903 3669 1017 3732 baben·

65 3743 247 3842 {ssffiffi
270 3775 329 3840 tes,
352 3767 522 3846 praedictae
542 3766 697 3828 societatis
721 3765 865 3828 alumnos
887 3781 925 3826 ex
946 3779 1015 3842 pro-

70 3850 247 3960 ffiffifflfg
269 3861 330 3938 prii
352 3860 488 3922 instituti
516 3860 585 3936 lege
606 3861 639 3922 in
672 3859 701 3920 id
732 3861 929 3938 potissimum
951 3867 1015 3922 stu-

73 3963 247 4058 t‘sffiffi
268 3953 371 4016 diosos
385 3951 503 4015 labores
517 3968 588 4014 suos
609 3951 757 4030 dirigere,
773 3961 808 4016 ut
823 3969 895 4016 cum
916 3954 1015 4016 scien·

72 4021 159 4164 ΞΕέἐιι.
179 4067 245 4111 sesa
269 4050 385 4111 tiarum
406 4048 545 4111 doctriua
566 4047 693 4110 solidam
715 4048 861 4127 pietatem
884 4049 1016 4126 discipu·

267 4143 374 4204 lorum
388 4142 498 4203 animis
520 4142 669 4215 inserant,
682 4159 715 4203 ac
729 4141 871 4204 omnium
888 4139 1013 4204 utilium

267 4235 502 4316 disciplinarum
529 4235 647 4309 studia,
669 4235 827 4313 simulque
848 4235 1014 4298 catholicae

1070 1225 1181 1286 tiorum
1191 1225 1290 1288 studia
1306 1222 1522 1301 profiteantur,
1534 1227 1565 1280 et
1580 1217 1709 1280 iuvenes
1724 1229 1815 1293 quos·

1068 1335 1202 1398 cumque
1216 1320 1353 1392 doceant,
1370 1315 1531 1396 apostolica
1547 1309 1815 1387 anctoritateipsa·

1068 1427 1139 1474 rum
1161 1421 1271 1476 tenore
1291 1410 1518 1490 praesentium,
1541 1407 1609 1469 sine
1637 1412 1739 1468 tamen
1760 1401 1815 1463 ali·

1068 1507 1156 1570 cuius
1176 1505 1374 1584 praeiudicio,
1397 1506 1430 1568 in
1452 1510 1642 1582 perpetuum
1663 1497 1814 1575 erigimus

1067 1613 1100 1666 et
1121 1603 1324 1666 instituimus.
1349 1601 1516 1680 ipsumque
1535 1593 1703 1672 collegium
1724 1591 1767 1653 sic
1781 1589 1814 1651 in

1068 1697 1222 1777 publicam
1250 1695 1487 1758 universitatem
1515 1697 1653 1753 erectum
1675 1693 1707 1749 et
1728 1683 1815 1747 iusti·

1069 1801 1173 1854 tutum
1195 1805 1298 1864 curae,
1320 1787 1479 1865 regimini,
1500 1792 1532 1848 et
1553 1780 1814 1846 administrationi

1067 1887 1165 1948 dictae
1186 1885 1351 1960 societatis,
1370 1883 1515 1960 illiusque
1536 1877 1699 1959 praepositi
1721 1890 1815 1952 geue-

1068 1982 1139 2044 ralis
1161 1997 1216 2060 pro
1238 1987 1379 2058 tempore
1399 1976 1572 2049 existentis,
1587 1981 1619 2037 et
1639 1989 1694 2052 pro
1717 1986 1753 2032 eo
1768 1987 1816 2032 re-

1067 2077 1161 2139 ctoris
1176 2075 1212 2136 ab
1227 2075 1292 2152 ipso
1304 2069 1485 2150 deputandi,
1504 2070 1611 2132 eadem
1633 2063 1815 2130 auctoritate

1068 2171 1162 2233 etiam
1188 2175 1337 2248 perpetuo
1362 2165 1567 2244 subponimus
1598 2169 1629 2224 et
1659 2156 1814 2224 submitti·

1069 2281 1148 2327 mils-

1108 2360 1127 2434 §
1148 2359 1177 2420 l.
1203 2359 1243 2420 Ac
1265 2358 1365 2420 eidem
1383 2353 1577 2420 universitati
1592 2351 1634 2416 sic
1649 2358 1769 2414 erectae
1784 2355 1814 2410 et
1832 2354 2046 2464 Leossgrlrffimffie

1070 2457 1242 2527 institutae,
1265 2453 1410 2530 illiusque
1436 2449 1585 2512 moderno
1607 2455 1639 2509 et
1660 2460 1715 2524 pro
1736 2451 1815 2506 tem·
1832 2462 1946 2508 verorum
1971 2462 2046 2520 privt-

1070 2563 1143 2626 pore
1164 2546 1311 2610 existenti
1333 2545 1457 2618 rectori,
1471 2559 1528 2606 nec
1550 2557 1613 2605 nou
1635 2539 1813 2611 lectoribus,
1832 2515 2046 2625 ζῖῑὲῗὶρὲὧῗὲζὲῗ

1071 2642 1236 2720 magistris,
1249 2637 1445 2713 scholasticis,
1463 2637 1591 2715 aliisque
1607 2633 1744 2714 personis
1759 2647 1815 2710 pro
1833 2622 2048 2732 ffssibussssffiggj

1070 2737 1137 2798 eius
1158 2737 1310 2812 regimine
1325 2744 1357 2797 et
1371 2731 1638 2796 administratione
1661 2743 1716 2808 pro
1737 2734 1815 2788 tem·
1834 2729 1941 2777 vitnau.
1964 2733 2050 2829 epote-

1070 2845 1145 2910 pore
1166 2829 1349 2907 deputandis
1377 2826 1585 2907 quibuslibet,
1608 2831 1643 2886 ut
1671 2821 1816 2884 omnibus
1834 2793 1886 2884 {1⁸1⁸
1896 2793 1929 2884 2⁵⁸
1940 2793 2048 2896 ρῃοῗιέῗιῖἶ

1071 2932 1101 2986 et
1123 2925 1372 3002 quibuscumque
1402 2920 1590 3000 privilegiis,
1618 2916 1758 2988 indultis,
1782 2913 1815 2974 li·

1071 3019 1253 3094 bertatibus,
1273 3016 1536 3088 immunitatibus,
1553 3010 1814 3092 exemptionibus,

1070 3113 1239 3188 favoribus,
1252 3111 1369 3189 gratiis,
1382 3109 1615 3190 praerogativis,
1633 3102 1815 3180 bonoribus,

1071 3216 1102 3269 et
1140 3205 1392 3284 praeeminentiis
1429 3202 1603 3282 praedictae
1635 3199 1814 3264 cracovieu.

1071 3301 1200 3378 aliisque
1227 3299 1378 3361 similibus
1408 3295 1536 3374 publicis
1562 3294 1736 3357 studiorum
1764 3307 1816 3368 ge·

1072 3395 1226 3458 uenalium
1254 3390 1529 3465 universitatibus,
1553 3388 1739 3466 illarumque
1761 3402 1816 3465 pro

1072 3498 1211 3568 tempore
1226 3485 1431 3549 existentibus
1452 3483 1634 3557 rectoribus,
1648 3479 1815 3558 magistris,

1071 3579 1249 3656 lectoribus,
1259 3580 1446 3654 doctoribus,
1458 3575 1718 3657 praeceptoribus,
1730 3575 1816 3636 sciro-

1070 3677 1199 3750 lasticis,
1227 3673 1494 3754 procuratoribus,
1518 3669 1656 3744 bidellis,
1680 3669 1814 3744 nunciis,

1070 3769 1265 3844 officialibus,
1297 3767 1447 3829 ministris
1468 3773 1500 3828 et
1520 3765 1587 3828 aliis
1615 3763 1755 3842 personis
1784 3763 1816 3826 in

1071 3881 1186 3944 genere
1207 3863 1257 3924 vel
1278 3863 1311 3924 in
1326 3861 1426 3940 specie
1440 3858 1672 3938 quomodolibet
1693 3873 1816 3920 conces-

1068 3963 1121 4036 sis,
1144 3974 1208 4022 non
1229 3958 1329 4020 solum
1352 3955 1387 4016 ad
1403 3970 1513 4016 eorum
1534 3954 1643 4029 instar,
1660 3955 1712 4015 sed
1735 3951 1815 4032 pari·

1069 4053 1210 4116 formiter
1227 4062 1258 4116 et
1278 4066 1375 4129 aeque
1396 4047 1607 4128 principaliter
1622 4048 1654 4108 iu
1670 4047 1816 4110 omnibus

1068 4157 1099 4210 et
1121 4163 1177 4226 per
1197 4147 1301 4209 omnia
1323 4146 1380 4220 nti,
1403 4144 1495 4224 potiri
1517 4150 1549 4206 et
1570 4141 1715 4218 gaudere.

1108 4240 1176 4316 §b
1202 4242 1244 4302 lc
1265 4241 1394 4317 insuper
1420 4238 1575 4317 praedicto
1603 4235 1753 4300 moderno
1782 4242 1815 4297 et
1833 4235 2047 4336 ml‘oavcglntglsirgtg

266 4329 429 4407 religionis
450 4343 595 4408 ill⁰⁸llssla
616 4335 795 4406 augmenta,
812 4337 963 4407 quantum
981 4329 1012 4390 in
1068 4351 1124 4415 pro
1146 4342 1284 4415 tempore
1299 4333 1446 4398 existenti
1462 4333 1572 4396 rectori
1589 4331 1813 4406 universitatis,
1833 4341 2047 4390 baccalaurus-

265 4425 358 4488 nobis
389 4428 445 4497 est,
478 4436 664 4500 promovere
695 4423 872 4500 cupientes,
895 4423 1012 4485 dictum
1069 4437 1104 4492 ut
1124 4427 1310 4508 praefertur,
1323 4435 1442 4490 erectae
1463 4426 1641 4488 huiusmodi
1664 4441 1719 4504 per
1740 4423 1814 4486 dile·
1833 4396 2047 4498 {ffl’0{¹⁰330²{33

264 4517 455 4580 modernum
484 4521 675 4580 rectorema
704 4514 865 4592 quibusvis
890 4531 1013 4578 excom·
1068 4530 1151 4585 ctum
1180 4522 1283 4584 tilium
1311 4522 1509 4595 modernum,
1533 4527 1564 4582 et
1589 4535 1645 4597 pro
1675 4525 1815 4595 tempore
1833 4508 1927 4550 '³²⁰³'-

263 4610 503 4684 muuicationis,
536 4607 745 4686 suspensionis
777 4615 808 4669 et
839 4609 1012 4684 interdicti,
1067 4617 1254 4678 existentem
1281 4615 1488 4694 praepositum
1511 4613 1689 4690 generalem
1717 4611 1815 4674 dictae

264 4705 397 4782 aliisque
428 4701 638 4765 ecclesiasticis
668 4701 850 4779 sententiis,
872 4705 1013 4766 censuris
1066 4708 1220 4770 societatis
1236 4724 1289 4785 pro
1307 4710 1445 4786 tempore
1464 4705 1651 4784 deputando,
1669 4714 1704 4768 ut
1725 4721 1814 4784 quos-

264 4808 298 4862 et
319 4797 427 4878 poenis
445 4813 461 4858 a
476 4796 544 4858 iure
560 4796 611 4858 vel
632 4797 669 4858 ab
691 4796 819 4859 bomine
840 4799 949 4876 quavis
963 4815 1012 4862 oo·
1067 4817 1200 4881 cumque
1222 4803 1258 4864 ad
1282 4801 1367 4863 illarn
1388 4799 1564 4863 accedentes
1592 4815 1627 4861 ac
1654 4815 1710 4879 per
1731 4800 1814 4862 debi-

264 4894 387 4956 casioue
409 4891 459 4954 vel
480 4907 567 4954 causa
597 4891 677 4966 latis,
704 4890 730 4953 si
752 4892 863 4971 quibus
885 4907 1013 4970 quomo·
1069 4904 1136 4958 tum
1158 4904 1281 4974 tempus
1304 4895 1415 4958 ibidem
1438 4894 1617 4969 studentes,
1639 4897 1664 4956 si
1686 4894 1814 4956 scientia

265 4986 383 5050 dolibet
404 4987 569 5078 innodatus
583 4985 698 5059 existit,
713 4988 748 5049 ad
765 4987 910 5050 ellectum
927 5001 1013 5066 prae·
1066 4996 1097 5050 et
1119 4987 1258 5050 moribus
1272 4985 1398 5049 idoneos
1413 5001 1478 5048 esse
1492 4981 1644 5066 repererit
1667 4987 1698 5048 in
1713 4987 1816 5050 omni·

263 5080 404 5142 sentium
426 5080 586 5142 dumtaxat
610 5081 877 5156 consequendum,
901 5083 1011 5146 barum
1068 5082 1124 5144 bus
1142 5078 1350 5154 facultatibus,
1362 5095 1441 5158 quae
1455 5079 1488 5141 iu
1504 5079 1583 5142 dicta
1596 5081 1813 5155 universitate,

265 5175 347 5234 serie
375 5172 569 5236 absolventes
590 5181 620 5235 et
646 5173 819 5236 absolutum
847 5174 914 5237 iore
941 5191 1012 5238 cen·
1068 5181 1103 5237 ut
1123 5173 1314 5254 praeiertur,
1346 5172 1497 5237 docentur
1525 5181 1556 5236 et
1584 5174 1744 5252 leguntur,
1778 5179 1815 5241 ad

265 5275 387 5344 sentes,
410 5267 586 5330 huiusmodi
616 5267 896 5346 supplicationibus
924 5269 1012 5332 incli-
1067 5267 1812 5346 Baccalanreatusetiamlormati,licentiaturae,

267 5361 345 5436 nati,
367 5361 482 5424 dictum
504 5359 680 5437 Collegium
711 5359 870 5424 Societatis
893 5363 1013 5426 lesuin
1067 5368 1198 5442 laureae,
1221 5383 1255 5429 ac
1276 5367 1464 5439 doctoratus,
1478 5378 1535 5425 nec
1559 5378 1620 5427 nou
1644 5365 1815 5442 magisterii
1903 5347 1907 5354 ⁸

266 5453 420 5532 praedicta
440 5453 619 5532 Leopolien.
644 5455 768 5516 civitate
790 5455 851 5517 iam
873 5464 1013 5518 erectum
1067 5469 1098 5524 et
1112 5475 1327 5540 quoscumque
1348 5457 1423 5520 alios
1437 5457 1679 5534 solitosgradus,
1694 5467 1814 5521 servata

266 5559 297 5611 et
313 5547 675 5627 institutum,regiisque
689 5547 871 5626 privilegiis,
882 5557 916 5612 ut
928 5565 1013 5628 prae·
1068 5555 1225 5617 tamenin
1256 5553 1401 5615 omuibus
1428 5553 1626 5617 decretorum
1655 5553 1813 5616 viennen.

266 5641 377 5718 lertur,
400 5643 561 5717 donatum,
578 5641 630 5705 ubi
650 5641 772 5704 scholae
793 5659 877 5706 nunc
899 5643 1012 5706 baben·
1067 5657 1097 5712 et
1119 5647 1294 5711 Tridentini
1314 5646 1530 5718 conciliorum,
1550 5649 1635 5710 iuxta
1656 5648 1729 5709 alias
1751 5648 1815 5710 lau-

266 5735 513 5813 tur,sculorsan
530 5735 735 5812 inposterum
755 5736 898 5814 ampliori
915 5736 1011 5799 iorma
1067 5739 1179 5805 debiles
1201 5740 1413 5820 quarumlibet
1440 5741 1635 5820 publicarum
1662 5741 1814 5803 universi-

265 5830 499 5892 constituentor
521 5829 554 5892 in
575 5829 730 5908 publicam
746 5827 842 5891 studii
858 5830 1012 5907 generalis
1067 5842 1166 5897 tatum
1180 5833 1432 5908 consuetudines,
1453 5833 1550 5896 torma
1566 5848 1761 5912 promovere.
1778 5836 1817 5898 ll·

265 5923 518 6000 universitatem,
534 5925 566 5987 in
587 5941 647 6004 qua
661 5925 759 5987 dictae
779 5927 933 5989 societatis
947 5927 1012 5990 alu·
1067 5929 1165 6007 lisque
1186 5928 1229 5990 sic
1250 5929 1412 6006 promotis,
1434 5935 1470 5990 ut
1492 5934 1558 6005 post
1584 5929 1815 6006 promotionem

264 6019 330 6083 mni
352 6026 385 6082 et
416 6019 603 6098 professores
634 6019 878 6097 grammaticam,
907 6022 1012 6084 retlro-
1066 6021 1245 6084 huiusmodi
1273 6021 1361 6083 solita
1389 6020 1522 6098 iusignia
1553 6019 1675 6084 deterre
1707 6037 1741 6084 ao
1763 6038 1815 6100 ge·

371 6165 423 6212 latr.
441 6166 510 6212 Porti.
527 6127 849 6225 conscenderetur.
866 6165 918 6214 vol.
935 6169 972 6213 lv.
1694 6174 1707 6218 t
