4734 7004
303 554 357 608 An.
372 557 403 610 O.
424 559 493 610 1760
527 568 583 630 gg

523 697 678 777 tiocben'o,
690 719 822 782 quarum
837 703 962 767 initium
975 704 1097 767 Deitatis
1112 712 1182 778 otc,
1198 703 1266 783 qui·

524 795 580 856 bus
600 795 822 860 abdicationem
845 798 1091 878 electionemque
1113 798 1265 860 eiusmodi

524 888 642 950 nullius
663 891 814 953 momenti
836 909 869 952 ac
890 891 1009 954 roboris
1030 892 1264 964 declaravimus,

523 981 686 1060 eidemque
708 985 900 1061 patriarchali
929 986 1070 1048 ecciesiae
1098 983 1267 1064 Hierapoli·

525 1081 632 1137 tanum
655 1077 838 1157 Episcopum
855 1080 1067 1156 praefecimus,
1084 1095 1215 1160 quarum
1232 1079 1266 1140 11-

524 1175 661 1231 terarum
683 1171 900 1234 authenticum
918 1175 1076 1252 exemplar
1090 1175 1220 1235 seorsim
1235 1173 1267 1232 13

523 1263 634 1324 chartis
662 1267 857 1342 pergamenis
881 1267 1071 1346 descriptum
1092 1276 1122 1329 et
1150 1265 1267 1327 annulo

526 1355 682 1420 Piscatorfs
697 1360 856 1420 munitum
869 1362 1080 1439 praesentibus
1094 1360 1266 1437 alligamus,

525 1457 559 1510 ut
581 1451 646 1513 11133
668 1453 787 1514 debitae
809 1455 1012 1533 exequutioni
1034 1455 1210 1517 demandari
1234 1455 1268 1514 d-

524 1543 635 1605 deliter
656 1555 686 1608 et
701 1545 873 1623 prudenter
886 1545 987 1624 cures,
1003 1564 1143 1628 quaeque
1160 1549 1190 1612 13
1207 1549 1267 1609 1313-

524 1651 557 1697 33
580 1637 633 1698 tibi
656 1639 839 1718 praescripta
860 1650 933 1703 sunt
955 1641 1140 1720 peragenda,
1158 1642 1190 1703 13
1206 1641 1269 1702 313-

524 1736 591 1791 3333
610 1739 733 1792 3333333
751 1734 944 1796 obedientiae
960 1735 1045 1797 omni
1060 1735 1162 1796 studio
1177 1744 1268 1814 atque

523 1822 719 1886 solicitudine
740 1827 894 1890 conficere
913 1837 1042 1906 satagas.

564 1917 633 1990 §2-
657 1919 797 1982 Primum
819 1922 915 1999 igitur
935 1925 971 1986 ad
993 1924 1076 1986 hunc
1098 1925 1205 1998 finem,
1227 1929 1267 1997 te,

525 2012 562 2073 de
583 2012 669 2074 cuius
694 2013 843 2091 singulari
867 2017 937 2092 fade,
961 2017 1123 2094 prudentia
1144 2034 1178 2078 33
1199 2016 1269 2078 reli·

526 2107 626 2184 313313
654 2109 720 2169 3313
748 2109 921 2188 plurimum
951 2111 1148 2185 confidimus,
1172 2125 1210 2172 ex
1233 2125 1269 2170 eo

525 2201 721 2278 potissimum
753 2203 834 2281 quod
866 2204 919 2266 diu
951 2205 1068 2267 istisin
1091 2205 1269 2282 regionibus

526 2295 697 2372 evangelici
713 2298 871 2375 praeconis
887 2314 1003 2362 munus
1014 2299 1193 2373 exercuisti,
1207 2313 1271 2358 mo-

526 2405 586 2463 res,
610 2389 752 2451 idiomata
774 2397 804 2452 et
834 2392 987 2468 instituta,
1010 2411 1043 2455 ac
1065 2395 1142 2456 ritus
1168 2393 1270 2454 orien-

526 2482 593 2544 talis
615 2480 749 2546 nationis
771 2485 864 2563 probe
886 2487 988 2563 331133,
1011 2496 1117 2550 333333
1139 2495 1169 2549 33
1191 2487 1270 2566 dpa-

525 2577 650 2638 stolicae
672 2575 758 2640 Sedis
780 2582 909 2642 nomine
930 2583 964 2642 ad
982 2597 1027 2655 33,
1043 2583 1169 2659 quaein
1185 2595 1271 2658 prae·

527 2669 652 2732 insertis
684 2671 781 2734 literis
807 2674 1050 2752 praecipiuntur,
1078 2675 1268 2753 exequenda,

527 2763 703 2842 ablegatum
735 2773 875 2829 nostrum
907 2768 942 2829 ad
971 2767 1082 2830 dictam
1114 2769 1269 2831 nationem

526 2857 837 2922 Graeco-Melcbitam
859 2869 890 2924 et
909 2864 1110 2940 apostolicum
1128 2866 1272 2925 commis·

526 2951 643 3014 sarium
664 2969 736 3014 3333
757 2955 902 3018 omnibus
923 2964 953 3018 et
973 2958 1105 3034 singulis
1124 2957 1272 3021 facultati-

527 3045 583 3107 bus
604 3047 638 3108 ad
655 3046 799 3110 effectum
813 3050 965 3112 eiusmodi
981 3052 1159 3112 necessariis
1174 3059 1205 3112 et
1220 3069 1271 3130 op-

528 3141 679 3217 portunis,
696 3149 804 3204 tenore
820 3145 1030 3222 praesentium
1046 3143 1184 3220 facimus,
1201 3162 1272 3208 con-

527 3233 687 3296 stituimus
708 3252 741 3298 ac
763 3237 956 3314 deputamus.
975 3237 1128 3313 Secundo,
1145 3255 1272 3302 ornnem

529 3327 583 3388 tibi
598 3327 773 3391 facultatem
790 3330 939 3408 largimur
954 3331 1145 3409 absolvendi,
1162 3333 1272 3395 saltem

528 3421 748 3498 adrumetum,
772 3441 786 3484 3
809 3425 967 3502 quibusvis
989 3427 1139 3500 censuris,
1162 3433 1193 3488 33
1214 3425 1272 3486 dis·

528 3514 678 3590 pensandi
701 3517 793 3578 etiam
808 3533 901 3597 super
915 3519 1139 3598 impedimento
1153 3520 1273 3596 irregu-

530 3606 657 3668 laritatis
672 3609 710 3670 ob
721 3609 960 3674 celebrationem
971 3629 1042 3675 cnm
1054 3613 1191 3676 censuris
1202 3629 1274 3676 con-

531 3707 654 3774 tractae,
678 3701 710 3764 in
733 3719 806 3782 quas
828 3707 959 3784 quilibet
981 3723 1018 3768 ex
1034 3708 1116 3768 clero
1130 3707 1275 3769 sivesae·

528 3794 624 3869 cularf
646 3795 712 3858 sive
733 3799 869 3875 regulari
900 3816 1094 3879 quacumque
1124 3803 1275 3878 dignitate

529 3887 725 3966 praefulgens
756 3891 858 3956 forsan
890 3893 1031 3956 inciderit
1052 3897 1209 3960 occasione
1231 3897 1275 3958 di-

529 3992 594 4045 ctae
616 3987 813 4050 abdicationis
835 3999 865 4051 et
882 3992 1089 4070 subsequutae
1103 3992 1273 4066 electionis,

529 4079 579 4140 vel
602 4093 727 4164 propter
747 4085 879 4149 abusum
901 4086 1120 4150 ecclesiasticae
1143 4086 1191 4147 vel
1207 4101 1275 4164 pro·

530 4186 599 4256 pter
621 4196 714 4241 usum
737 4181 828 4244 laicae
849 4184 1019 4260 potestatis,
1042 4183 1210 4244 dummodo
1232 4191 1276 4244 ta-

530 4287 603 4334 men
625 4272 758 4336 debitam
782 4277 931 4338 mandatis
945 4277 1117 4354 apostolicis
1132 4278 1277 4340 obedien-

531 4367 605 4428 tiam
637 4369 835 4446 praestiterit.
868 4370 983 4448 Tertio,
1016 4370 1191 4432 facultatem
1222 4371 1275 4432 tibi

530 4461 647 4538 pariter
677 4477 851 4523 concessam
883 4462 1039 4539 volumus,
1068 4474 1102 4527 ut
1129 4467 1276 4527 adversus

532 4570 754 4633 quoscumque,
778 4556 830 4633 qui
862 4555 1010 4618 marndatis
1033 4559 1093 4619 tuis
1114 4559 1276 4637 apostolica

532 4647 712 4709 auctoritate
737 4649 840 4710 nostra
865 4649 993 4713 munitis
1018 4667 1080 4712 non
1103 4653 1274 4729 paruerint,

534 4751 691 4819 tamquam
713 4743 859 4804 adversus
875 4753 1071 4806 contumaces
1086 4753 1116 4806 et
1134 4745 1275 4822 rebelles,

533 4835 674 4921 quamvis
696 4835 787 4896 etiam
817 4836 978 4915 episcopali
1001 4837 1050 4900 vel
1078 4839 1276 4918 archiepisco·

533 4927 593 5006 pali
615 4927 766 5004 dignitate
789 4929 852 4990 sint
873 4929 1013 5006 praediti,
1035 4930 1102 4992 sive
1125 4932 1199 4994 cleri
1214 4951 1276 4995 sae-

532 5021 644 5084 cularis
666 5020 783 5083 inerint
804 5022 870 5084 sive
890 5024 1052 5099 regularis,
1068 5025 1161 5086 etiam
1179 5025 1277 5088 Socie-

535 5115 603 5177 tatis
626 5115 705 5190 lesu,
719 5132 841 5178 necnon
855 5117 1023 5179 saeculares
1038 5126 1068 5179 et
1084 5119 1175 5180 laicos
1190 5135 1279 5197 quos·

532 5225 667 5288 cunique
689 5209 824 5272 cuiusvis
856 5212 966 5286 gradus
988 5229 1020 5273 ac
1041 5212 1226 5274 conditionis
1248 5221 1279 5274 et

533 5302 693 5379 dignitatis
714 5305 881 5381 procedere
903 5320 1007 5383 queas,
1031 5306 1055 5366 si
1078 5321 1154 5382 opus
1172 5306 1277 5380 fuerit,

534 5411 606 5458 cum
626 5397 781 5458 canonicis
802 5399 942 5459 censuris
962 5407 993 5459 et
1014 5400 1132 5476 poenis,
1155 5415 1232 5477 quae
1254 5400 1279 5458 si

534 5496 614 5563 333,
646 5498 771 5552 3333333
802 5491 945 5566 11333133,
978 5492 1172 5568 infligantur,
1202 5503 1280 5552 ratas

536 5583 718 5646 babebimus
738 5593 769 5646 et
790 5585 946 5646 observari
972 5586 1129 5647 faciemus.
1154 5585 1278 5660 Quarto,

536 5675 712 5740 facultatem
747 5679 942 5755 impartimur
976 5679 1165 5740 convocandi
1201 5677 1279 5756 Syn-

536 5770 629 5830 odnm
650 5771 837 5832 nationalem
854 5779 884 5833 et
899 5771 1132 5849 provincialem,
1149 5773 1229 5834 utin
1246 5773 1280 5832 ed

537 5863 754 5926 communibus
776 5865 912 5927 consiliis
939 5865 1281 5944 constituantur,‘quae

537 5953 571 6014 ad
587 5953 780 6034 disciplinam
796 5957 1019 6021 restituendam
1034 5960 1206 6021 conducere
1220 5957 1282 6018 exi-

1048 587 1112 633 11111.
1137 587 1292 668 [Uilli-'DE
1314 587 1343 631 P.
1367 587 1395 632 F·
1421 587 1503 632 PARS
1526 587 1547 630 l.

1321 705 1541 780 stipabuntur,
1558 703 1804 782 declarandique,
1822 703 1967 782 perhanc
1983 721 1997 764 3
2013 717 2073 764 no-

1323 797 1498 859 bisfactum
1520 797 1593 860 novi
1616 797 1818 870 Patriarcbae‚
1841 803 1875 858 ut
1896 795 2075 874 praemitti-

1322 896 1384 962 tur,
1412 889 1598 952 electionem
1620 889 1918 968 deputationemque
1944 888 2074 951 nullum

1323 983 1519 1046 antistitibus
1540 991 1571 1044 ct
1593 983 1674 1046 clero
1696 982 1794 1044 dictae
1820 983 1953 1046 nationis
1975 981 2075 1044 detri-

1323 1085 1466 1138 mentum
1489 1076 1610 1138 illatum
1634 1075 1671 1136 iri
1688 1074 1831 1150 voluisse,
1847 1076 1911 1149 sed,
1927 1081 1963 1136 ut
1981 1076 2075 1138 obor-

1325 1169 1361 1230 tis
1383 1171 1540 1232 dumtaxat
1569 1171 1601 1231 13
1624 1170 1680 1232 bac
1701 1186 1809 1232 rerum
1840 1171 2073 1233 circumstantia

1323 1262 1453 1323 dissidiis
1475 1264 1633 1325 nationem
1657 1265 1753 1341 ipsam
1774 1265 2015 1327 distrahentibus
2037 1265 2073 1324 13

1324 1356 1422 1416 varias
1443 1363 1543 1433 partes
1564 1357 1811 1432 consuleremus,
1835 1374 1952 1418 novum
1974 1357 2073 1418 Patri-

1323 1451 1445 1512 arcbam
1468 1449 1614 1526 elegisse3
1638 1467 1695 1512 nec
1716 1462 1877 1529 propterea
1890 1451 1936 1512 ius
1949 1450 2072 1526 eligen-

1324 1544 1354 1605 di
1374 1544 1439 1604 sive
1464 1545 1637 1622 postulandi
1665 1545 1868 1607 Patriarcbarn
1890 1545 2072 1608 huiusmodi

1325 1637 1408 1700 iuxta
1430 1655 1539 1701 eorum
1555 1655 1674 1701 morem
1690 1639 1889 1702 lintistitibus
1904 1639 2002 1701 dictae
2017 1656 2072 1702 na-

1326 1731 1418 1792 tionis
1440 1731 1552 1794 13131333
1572 1731 1730 1794 sublatum
1752 1748 1828 1806 esse,
1852 1733 1893 1794 ita
1909 1739 1944 1794 ut
1957 1731 2074 1794 futuris

1327 1825 1517 1902 temporibus
1531 1841 1603 1887 cum
1619 1825 1825 1888 Patriarcbam
1841 1826 1896 1904 ipsi
1911 1826 1969 1888 sibi
1985 1843 2072 1905 prae-

1325 1917 1418 1978 ficere
1438 1916 1582 1996 debeant,
1606 1934 1699 1997 quem
1720 1918 1892 1981 secundum
1912 1937 2072 1982 sacrorum

1325 2025 1479 2073 canonum
1501 2013 1623 2090 regulus
1655 2014 1751 2089 magis
1774 2013 1805 2074 in
1827 2013 1958 2076 Domino
1980 2031 2073 2093 expe-

1325 2103 1391 2166 dire
1411 2106 1602 2182 censuerint,
1625 2107 1714 2169 sicuti
1740 2109 1888 2170 hactenus
1911 2107 2072 2170 11331333-

1324 2198 1437 2260 suevit.
1460 2199 1587 2273 Quinto,
1605 2199 1781 2262 facultatem
1799 2201 1853 2262 tibi
1875 2201 2073 2264 concedimus

1325 2291 1487 2368 apostolica
1502 2291 1684 2354 auctoritate
1698 2294 1824 2355 sanandi
1839 2309 1948 2356 omnes
1964 2303 1994 2357 et
2008 2296 2074 2358 313-

1326 2385 1414 2462 gulos
1435 2395 1520 2448 actus
1541 2394 1571 2447 et
1594 2386 1808 2462 patriarchales
1828 2389 2073 2465 expeditionesa

1325 2479 1405 2542 dicto
1427 2479 1582 2542 sacerdote
1603 2479 1721 2556 ignatio
1744 2479 1897 2558 usquead
1921 2481 2003 2542 diem
2020 2479 2075 2542 de·

1326 2573 1532 2636 nunciationis
1563 2580 1656 2651 atque
1687 2573 1863 2636 indictionis
1891 2573 2074 2653 apostolicae

1326 2666 1512 2744 provisionis
1527 2676 1649 2730 nostrae
1664 2674 1800 2745 peractos
1818 2674 1909 2745 atque
1923 2674 2071 2744 peractas.

1327 2761 1420 2823 Sexto
1436 2762 1563 2823 demum
1578 2760 1754 2823 facultatem
1768 2759 1822 2821 tibi
1839 2759 1989 2836 largimur
2000 2777 2076 2822 con-

1327 2855 1459 2917 donandi
1475 2853 1717 2932 remittendique
1731 2869 1840 2915 omnes
1856 2853 2070 2931 pecuniarum,

1327 2963 1404 3027 quae
1425 2949 1460 3010 ad
1483 2947 1669 3009 Patriarcbas
1690 2947 1877 3026 spectabant,
1899 2947 2073 3009 exactiones

1327 3057 1342 3099 a
1364 3039 1444 3102 dicto
1465 3039 1620 3102 sacerdote
1641 3040 1760 3118 Ignatio
1781 3041 2011 3119 quomodolibet
2033 3040 2076 3101 fa-

1327 3142 1400 3210 ctas,
1423 3134 1465 3197 ita
1488 3143 1591 3196 tamen
1613 3143 1660 3209 33,
1685 3136 1720 3197 ad
1742 3134 1886 3213 pecunias
1909 3137 1989 3212 quod
2005 3135 2074 3196 atti·

1328 3235 1393 3302 333,
1416 3243 1493 3306 3333
1515 3229 1550 3290 ad
1574 3228 1765 3291 Patriarcbas
1781 3243 1944 3305 personam
1958 3237 2074 3306 specta·

1329 3322 1413 3397 bant,
1436 3322 1615 3398 benigniter
1635 3339 1651 3382 a
1675 3329 1704 3384 te
1725 3323 1825 3384 eidem
1844 3321 2073 3397 condonentur;

1329 3431 1403 3492 3333
1424 3431 1499 3476 vero
1531 3418 1675 3493 pecunias
1696 3416 1731 3477 ad
1758 3414 1864 3476 sedern
1891 3414 2075 3492 patriarcba-

1330 3508 1391 3570 lem
1422 3509 1579 3587 pertinere
1609 3509 1800 3582 constiterit,
1830 3507 1855 3568 13
1884 3506 2074 3586 patriarchali

1328 3603 1392 3664 sedi
1415 3603 1580 3665 restituere
1602 3609 1753 3665 teneatur.

1370 3699 1389 3773 ἓ
1410 3697 1438 3758 3.
1463 3697 1600 3759 Tandem
1629 3702 1790 3759 bortamur
1819 3703 1849 3758 te
1871 3696 2076 3759 vehementer

1331 3791 1363 3855 in
1386 3793 1515 3852 Domino
1538 3800 1583 3864 ut,
1605 3791 1686 3850 serio
1708 3789 1901 3869 perpendens
1922 3806 2014 3869 quam
2029 3807 2076 3851 ar-

1331 3887 1389 3948 dua
1412 3885 1452 3946 sit
1483 3882 1663 3946 demandata
1696 3883 1749 3943 tibi
1782 3884 1951 3962 provincia,
1983 3901 2076 3962 quam

1332 3980 1450 4060 amplae
1471 3977 1630 4041 facultates
1651 3979 1686 4040 ad
1709 3994 1776 4040 eam
1798 3979 1940 4040 alacriter
1960 3981 2076 4042 obeun-

1331 4075 1400 4136 dam
1423 4073 1599 4148 attributae,
1619 4073 1757 4134 studium
1779 4087 1871 4133 omne
1894 4080 1986 4150 atque
2006 4073 2076 4134 soii·

1332 4171 1502 4241 citudinem
1523 4167 1672 4240 conferas,
1696 4165 1775 4228 nibil
1794 4165 1978 4240 omittendo,
1995 4167 2075 4244 quod

1332 4263 1496 4341 prudentia
1511 4260 1738 4338 dexteritasque
1755 4269 1816 4334 tua,
1833 4259 2005 4337 opitulante
2020 4259 2078 4320 bo-

1332 4355 1429 4430 mino,
1458 4353 1711 4432 suppeditaverit,
1735 4360 1780 4426 ut,
1804 4367 1882 4430 3333
1911 4351 1966 4412 tibi
1995 4367 2078 4412 cum-

1332 4451 1423 4512 missa
1444 4456 1529 4522 sunt,
1551 4463 1614 4508 non
1636 4454 1757 4506 tantum
1780 4447 1839 4507 rite
1863 4446 2076 4523 perficiantur,

1333 4555 1445 4602 verum
1461 4541 1554 4602 etiarn
1566 4537 1914 4601 Graeco-Melohftarum
1931 4538 2014 4598 33313
2029 4552 2078 4614 pa-

1334 4642 1438 4696 ternae
1460 4631 1594 4695 caritatis
1615 4639 1738 4692 nostrae
1752 4629 1957 4704 voluntatem,
1971 4645 2078 4718 pacem

1332 4739 1424 4807 atque
1444 4725 1639 4788 concordiam
1662 4724 1753 4785 unice
1766 4715 1968 4801 spectantem,
1984 4737 2077 4799 agno-

1332 4831 1410 4884 scat:
1434 4819 1516 4900 qnod
1538 4817 1589 4880 ubi
1612 4817 1744 4879 ielictter
1774 4824 1947 4895 exequutus
1969 4816 2075 4894 fueris,

1334 4931 1398 4978 non
1431 4923 1492 4976 tarn
1523 4911 1718 4989 apostolicam
1747 4910 1995 4973 benevolentiam
2024 4928 2077 4972 uo-

1332 5021 1429 5073 stram
1444 5007 1498 5069 tibi
1515 5005 1611 5082 magis
1627 5004 1846 5079 demereberis,
1861 5019 1968 5066 verum
1983 5005 2078 5066 etiam

1334 5102 1553 5181 amplissimam
1575 5115 1590 5158 3
1612 5099 1673 5160 Deo
1696 5099 1870 5160 mercedem
1894 5097 2075 5174 assequeris.

1336 5195 1429 5257 Cuius
1451 5191 1707 5270 auspiciivadem
1727 5183 1946 5251 constituimus
1960 5197 2078 5266 aposto-

1336 5286 1425 5347 licam
1447 5285 1706 5358 benedictionem,
1726 5297 1819 5360 quam
1836 5281 1903 5355 tibi,
1918 5279 2029 5342 dilecte
2045 5281 2079 5341 fi-

1336 5381 1368 5456 li,
1391 5385 1588 5459 peramanter
1609 5378 1818 5455 impertimur.

1376 5475 1487 5535 [latum
1516 5473 1647 5544 Romae,
1673 5469 1751 5547 apud
1780 5469 1809 5529 S.
1835 5467 1960 5530 nariam
1989 5467 2079 5528 liafu-

2109 557 2167 608 An.
2183 557 2214 608 C.
2238 557 2304 608 lacu

2355 641 2356 672 1

1337 5585 1416 5642 rem,
1438 5567 1496 5628 sub
1517 5564 1634 5627 annulo
1655 5562 1825 5636 Piscatoris,
1849 5561 1897 5622 die
1916 5579 1938 5624 r.
1956 5561 2082 5638 augusti
2123 5609 2126 5616 .

1337 5677 1488 5735 333333,
1513 5659 1708 5739 pontificatus
1730 5660 1828 5718 nostri
1851 5674 1933 5720 anno
1948 5675 1997 5721 111.

1590 5819 1827 5829 —--....-—----
