4740 6962
884 581 955 626 PIUS
977 582 1026 626 PP·
1051 579 1091 622 Vl.

220 700 413 779 aquibnsvls
441 700 588 762 oneribus
615 700 788 761 immunem
815 695 902 758 mille
930 701 959 758 et

221 796 390 856 bisceutum
413 795 596 856 ducatorum
609 796 751 853 monetae
775 790 865 866 regni
885 787 959 850 Nea-

220 885 342 968 politani
364 884 679 964 supersecundodicti
703 882 882 946 monasterii
897 881 961 943 iru-

219 981 313 1044 ctibus
334 980 437 1042 eidem
459 979 589 1055 collegio
604 987 755 1056 perpetuo
778 975 959 1039 reservavit.

221 1073 321 1136 lloluit
345 1081 450 1136 tamen
473 1081 504 1134 et
531 1069 707 1145 constituit,
730 1071 811 1148 quod
838 1077 961 1147 praeter

219 1183 386 1230 numerum
408 1167 523 1244 viginti
545 1165 750 1229 alumnorum
765 1181 780 1224 a
796 1162 962 1224 Benedicto

220 1262 458 1342 praedecessore,
475 1267 510 1322 ut
525 1259 708 1338 praefertur,
726 1256 960 1336 praescriptum,

219 1356 268 1418 alii
288 1363 358 1416 octo
387 1353 577 1417 adderentur
597 1350 717 1414 alumni
746 1367 811 1412 non
840 1365 879 1411 ex
906 1346 962 1408 alia

219 1465 307 1528 quam
325 1447 449 1510 Sinensi
465 1447 603 1522 natione,
620 1447 660 1508 ila
671 1452 707 1508 ut
721 1444 882 1519 integrum
902 1439 963 1504 col·

220 1541 335 1636 legium
356 1557 394 1602 ex
416 1540 530 1617 viginti
551 1548 620 1600 octo
642 1545 797 1600 constaret
817 1534 960 1597 alumnis.

219 1639 298 1712 Quae
319 1644 426 1699 autem
448 1635 698 1714 praedecessores
724 1631 821 1694 nostri
844 1632 880 1692 od
901 1646 963 1690 am·

219 1731 419 1808 plilicandum
440 1729 521 1790 idem
543 1727 712 1805 collegium
737 1725 865 1803 provide
885 1723 963 1785 desi-

177 1830 356 1906 'gnorunt
384 1829 415 1884 et
445 1827 677 1899 compararunt,
706 1817 841 1880 subsidia
869 1817 962 1878 etiam

222 1927 380 1998 postquam
401 1913 617 1976 secundodicta
640 1912 716 1974 unio
744 1919 775 1972 et
797 1909 964 1973 reservatio

220 2012 386 2090 praemissa
412 2009 540 2072 sortitae
566 2008 683 2070 luerint
711 2008 869 2080 ellectum,
892 2021 962 2068 cnm

220 2105 289 2167 satis
311 2109 486 2183 opportuna
515 2101 648 2164 minime
675 2102 741 2163 lore
773 2099 965 2162 intellexeri-

221 2219 300 2275 mus,
316 2207 351 2262 ut
367 2197 489 2260 educari
511 2196 633 2259 valeant
650 2203 694 2258 tot
707 2193 879 2270 evangelici
895 2208 965 2270 ope-

221 2295 307 2375 parii,
330 2294 397 2372 qui,
421 2295 458 2355 ad
479 2293 591 2370 patrias
613 2291 752 2366 reduces,
774 2287 965 2368 quampluri-

221 2407 286 2450 mos
297 2389 414 2452 ibidem
426 2389 575 2464 degentes
590 2386 753 2449 catholicos
764 2385 964 2456 confirment,

222 2483 460 2560 innumerisque
482 2481 658 2544 infidelibus
680 2495 787 2541 veram
816 2478 967 2542 divinam·

221 2591 280 2653 que
301 2574 490 2652 religionem
512 2573 723 2649 annuncient;
746 2571 825 2644 ideo,
849 2585 882 2630 re
904 2584 967 2631 ma-

223 2676 291 2729 ture
302 2681 464 2746 perpensa,
476 2675 625 2745 patreque
637 2665 795 2728 luminum
812 2664 966 2734 invocato,

223 2766 273 2844 qui
296 2780 353 2843 per
374 2760 479 2825 divina
501 2777 555 2821 sua
576 2759 757 2822 charismata
784 2757 912 2819 uberem
934 2754 967 2815 in

224 2861 286 2922 dies
316 2871 449 2918 messem
477 2860 562 2933 parat
587 2851 775 2930 evangelicis
807 2848 966 2928 operariis,

224 2951 307 3012 iuxta
328 2949 427 3012 dictae
442 2945 699 3023 congregationis
721 2950 830 3005 votum
852 2948 882 3002 et
897 2957 967 3002 con-

223 3041 326 3104 silium
350 3039 437 3102 nobis
459 3039 609 3114 oblatum,
627 3039 744 3101 dictum
767 3035 896 3100 Sanctae
906 3035 967 3098 llla-

225 3136 283 3196 riae
306 3133 411 3196 Matris
432 3132 556 3195 Domini
576 3130 800 3194 monasterium
815 3129 969 3207 cuiusque

225 3228 301 3291 hona
321 3227 428 3289 omnia
449 3226 663 3302 incongruam
685 3223 759 3286 dicti
780 3221 903 3298 collegii
917 3219 969 3282 do-

224 3330 285 3386 tem
308 3323 430 3400 integre
450 3321 641 3385 constituere
669 3317 892 3398 omnipotentis
913 3316 968 3378 Ilei

225 3415 339 3492 gloriae
361 3429 535 3477 consonum
556 3413 782 3475 existimamus.

1684 537 1743 604 217
1793 532 1892 588 xeo.
1914 527 1983 582 rus

1015 693 1117 767 licam,
1134 707 1241 754 vacare
1256 687 1440 764 contigerit3
1463 679 1584 744 etiamsi
1607 681 1676 740 actu
1697 689 1762 735 non

1016 792 1102 847 vacet
1118 802 1151 846 ac
1164 790 1249 845 tanto
1262 789 1402 859 tempore
1417 774 1583 848 vacaverit,
1600 769 1680 850 quod
1696 767 1761 829 eius

1016 877 1149 953 collatio,
1172 874 1318 955 provisio,
1335 883 1365 936 et
1387 869 1564 933 omnimoda
1585 864 1641 926 alia
1664 862 1764 939 dispo-

1015 972 1086 1033 sitio
1108 971 1193 1032 iuxta
1213 965 1428 1030 Lateranensis
1449 967 1561 1026 statuta
1574 956 1705 1022 concilii
1727 952 1761 1014 ad

1017 1064 1130 1128 Sedem
1150 1064 1291 1124 eamdem
1314 1059 1453 1136 legitime
1474 1051 1619 1118 devoluta
1641 1047 1762 1121 existat,

1016 1172 1087 1218 curn
1109 1155 1254 1218 omnibus
1269 1151 1445 1229 etsingulis
1466 1147 1550 1210 illius
1572 1144 1671 1216 bonis,
1695 1139 1765 1202 uni-¹

1017 1249 1114 1310 versis
1143 1248 1251 1322 rebus,
1281 1243 1500 1324 proventibus,
1524 1236 1709 1306 redditibus,
1732 1239 1764 1292 et

1017 1341 1169 1404 tractibus
1192 1339 1353 1419 praedictis
1371 1338 1407 1398 ad
1428 1331 1683 1398 secundodictum
1699 1340 1763 1386 nro

1019 1435 1187 1496 nasterium
1200 1433 1310 1511 quovis
1323 1433 1412 1494 modo
1427 1424 1635 1507 spectantibus
1649 1430 1680 1483 et
1695 1435 1763 1498 per-

1019 1528 1206 1602 tinentibus,
1229 1541 1287 1588 nec
1315 1541 1378 1586 non
1410 1521 1554 1584 omnibus
1575 1526 1606 1579 et
1633 1511 1765 1590 singulis

1019 1621 1119 1684 eidem
1135 1620 1322 1682 monasterio
1340 1614 1557 1679 secundodioto
1574 1605 1702 1672 annexis
1717 1621 1764 1666 ec·

1018 1715 1129 1789 clesiis,
1150 1729 1206 1775 seu
1228 1711 1383 1791 cappellis,
1399 1727 1433 1772 ac
1447 1704 1604 1768 beneflciis
1625 1697 1764 1762 ecclesia·

1019 1809 1102 1872 sticis
1117 1809 1198 1870 dicto
1211 1804 1352 1882 collegio,
1365 1804 1402 1865 ad
1417 1799 1647 1876 infrascriptum
1661 1801 1764 1854 tamen

1019 1903 1163 1966 ellectum
1192 1909 1224 1964 et
1239 1916 1303 1962 non
1325 1898 1408 1971 alias,
1430 1912 1463 1958 ac
1481 1895 1578 1956 donec
1599 1897 1630 1952 et
1651 1900 1764 1966 quous-

1020 2014 1080 2078 que
1094 1997 1210 2059 dietnm
1226 1993 1393 2068 collegium
1408 1990 1441 2050 in
1456 1989 1534 2050 dicta
1550 1985 1675 2046 civitate
1690 1978 1766 2040 Nea·

1020 2090 1153 2168 politana
1181 2085 1395 2166 permanserit.
1429 2081 1472 2143 lta
1497 2079 1577 2156 quod
1606 2073 1711 2136 statim
1732 2089 1766 2132 ac

1020 2182 1199 2245 monasterii
1210 2176 1417 2242 secundodicti
1430 2171 1668 2244 commendant
1681 2181 1765 2245 prae-

1020 2279 1131 2353 lertur,
1154 2275 1330 2347 cessaverit,
1350 2271 1439 2333 liceat
1460 2262 1623 2345 praedictis
1644 2259 1765 2321 moder-

1020 2373 1068 2435 nis
1095 2389 1150 2434 seu
1184 2378 1257 2432 lunc
1287 2362 1493 2428 existentibus
1521 2359 1617 2437 ipsius
1643 2350 1765 2428 collegii

1020 2465 1232 2545 superioribus
1253 2470 1284 2524 et
1305 2456 1492 2538 preshyteris
1518 2448 1698 2514 monasterii
1720 2463 1766 2506 se·

1020 2555 1209 2632 cundodicti,
1236 2556 1381 2632 illiusque
1408 2551 1574 2620 bonorum,
1597 2540 1768 2604 territorio·

1022 2670 1105 2728 rum,
1127 2649 1386 2732 pertinentiarum
1410 2653 1443 2706 et
1464 2653 1583 2713 rerum,
1600 2635 1768 2715 proprieta-

1023 2757 1089 2811 tum
1119 2763 1153 2807 ac
1174 2745 1290 2806 iuriam
1320 2749 1601 2819 quorumcumque,
1624 2743 1766 2791 necnon

1022 2843 1197 2914 tractuum,
1219 2834 1398 2898 reddituum
1413 2839 1444 2892 et
1458 2833 1671 2907 proventuum
1682 2835 1767 2900 prae·

1022 2934 1174 2996 dictorum
1197 2945 1314 3003 veram,
1337 2923 1454 2987 realem
1475 2927 1506 2984 et
1527 2917 1681 2980 actualem
1702 2929 1769 2992 pos-

1023 3029 1190 3091 sessionem
1206 3041 1261 3103 per
1274 3039 1318 3098 se,
1332 3019 1382 3083 vel
1396 3017 1501 3088 alium,
1518 3028 1574 3074 seu
1589 3011 1675 3084 alios,
1687 3009 1768 3069 eius-

1024 3125 1095 3186 dem
1117 3129 1220 3182 tamen
1234 3114 1358 3192 collegii
1372 3110 1512 3184 nornine,
1527 3104 1652 3185 propria
1665 3109 1769 3164 ancto-

1024 3219 1116 3281 ritate
1136 3217 1232 3279 libere
1247 3207 1491 3291 apprehendere,
1503 3213 1534 3267 et
1545 3200 1768 3282 apprehensam

1024 3313 1173 3386 retinere,
1191 3310 1332 3386 dictaque
1346 3306 1436 3379 bona,
1453 3319 1502 3366 res
1519 3306 1550 3362 et
1566 3297 1770 3381 proprietates

1009 3408 1141 3481 locare,
1174 3404 1332 3478 diducere,
1365 3396 1547 3471 arrendare,
1580 3393 1770 3466 illorumque

66 3519 169 3577 amplia:
181 3527 208 3580 a:
263 3509 282 3584 ἓ
302 3509 331 3570 l.
357 3508 398 3571 Ut
419 3507 514 3583 igitur
536 3506 619 3568 idem
634 3504 798 3581 collegium
815 3504 853 3564 de
867 3504 970 3565 callio·
1024 3503 1153 3574 lructus,
1167 3500 1315 3572 redditus,
1329 3499 1498 3575 proventus
1512 3497 1544 3551 et
1559 3485 1770 3550 emolumenta

60 3575 207 3670 {iiiimxiiii}
224 3603 280 3665 lica
302 3601 455 3678 religione
477 3601 594 3678 optime
617 3597 778 3674 meritum,
802 3604 894 3676 prout
916 3612 970 3657 no·
1025 3609 1238 3677 quaecumque
1260 3593 1291 3654 in
1314 3589 1474 3670 quibusvis
1489 3585 1580 3647 rebus
1601 3581 1772 3645 consisten-

64 3677 207 3775 3ls”.²,‘l0{,',⁰,'
224 3697 269 3758 bis
291 3696 323 3756 in
345 3695 479 3756 llonrino
501 3695 605 3756 datum
628 3698 686 3766 est,
702 3691 847 3768 suscipiat
868 3692 968 3751 incre·
1025 3695 1078 3767 tia,
1101 3698 1131 3752 et
1158 3688 1415 3768 quandocumque
1442 3689 1473 3744 et
1501 3679 1771 3759 qualitercumque

66 3783 208 3828 mm·
224 3787 552 3866 mentum,peculiaris
565 3785 795 3848 munificentiae
806 3798 972 3860 argumen·
1026 3804 1066 3850 ex
1086 3787 1130 3848 eis
1151 3781 1367 3862 provenientia
1389 3777 1525 3852 exigere,
1542 3771 1711 3852 percipere,
1730 3768 1770 3828 le-

66 3837 123 3881 urim
139 3836 208 3892 perti-

65 3891 208 3986 ,l'gflgflellr
226 3891 253 3945 ta
274 3883 302 3944 ei
324 3880 472 3960 praebere
489 3881 663 3958 cupientes
680 3879 822 3956 ipsosque
843 3877 969 3940 dilectos
1027 3895 1154 3952 vare,ac
1167 3864 1771 3942 insubstantatloneminfrascriptornm

63 3954 208 4042 ‹maniliiss
226 3977 302 4038 lilios
324 3975 409 4036 illius
438 3975 663 4035 moderatorem
700 3979 730 4033 et
755 3972 969 4049 presbyteros,
1027 3974 1227 4036 alumnorum
1243 3980 1274 4030 et
1295 3963 1565 4029 missionariorum
1587 3965 1707 4038 praeter
1722 3973 1772 4016 su-

64 4050 133 4106 ⁰l⁶³³³²
147 4051 206 4096 ⁵²¹¹*
224 4087 257 4132 ac
277 4070 431 4142 alumnos,
449 4082 621 4144 eorumque
635 4065 809 4142 singulares
825 4081 970 4144 personas

225 4183 240 4224 a
261 4163 420 4242 quibusvis
442 4159 782 4235 excommunicationis,
798 4158 971 4237 suspensio·

226 4257 273 4320 uis
293 4264 325 4319 et
340 4254 509 4329 interdicti,
526 4253 653 4331 aliisque
675 4252 886 4315 ecclesiasticis
902 4269 970 4314 sen·

227 4351 342 4425 tentiis,
375 4348 514 4412 censuris
542 4353 574 4408 et
604 4346 710 4424 poenis
732 4363 747 4406 a
769 4347 839 4408 iure
863 4347 913 4408 vel
935 4345 972 4406 ab

225 4444 353 4506 homine
374 4443 483 4524 quavis
510 4440 668 4504 occasione
694 4440 744 4502 vel
773 4457 860 4502 causa
889 4439 969 4514 latis,

225 4537 383 4615 siquibus
404 4533 636 4615 quomodolibet
657 4533 796 4596 innodati
817 4533 970 4609 existunt,

225 4632 261 4693 ad
287 4630 434 4692 ellectum
466 4627 677 4706 praesentium
712 4634 834 4688 tantum
865 4642 971 4688 conse·

225 4725 398 4804 quendum,
420 4723 532 4783 irarum
553 4720 632 4782 serie
653 4719 848 4781 absolventes
870 4727 901 4781 et
922 4720 973 4780 ab

226 4817 343 4879 solutos
364 4816 430 4878 lore
460 4821 635 4887 censentes,
663 4823 752 4874 motu
780 4811 917 4891 proprio,
942 4820 973 4872 et

226 4928 265 4974 ex
284 4918 366 4974 certa
388 4909 527 4982 scientia,
548 4907 648 4986 deque
676 4906 858 4985 apostolicae
887 4912 972 4984 pote·

226 5005 310 5068 statis
322 5001 518 5082 plenitudine
528 5001 648 5062 dictum
659 4999 882 5061 monasterium
899 4998 972 5061 San·

226 5109 291 5162 ctae
312 5096 417 5160 Matris
431 5093 556 5157 Domini
579 5093 750 5172 praedictae
762 5092 973 5157 Salernitanae

227 5190 383 5264 dioecesis
406 5189 493 5251 cuius
508 5195 539 5248 et
555 5187 601 5248 illi
623 5201 818 5248 annexorum
841 5185 972 5258 fructus,

227 5286 363 5348 redditus
378 5290 409 5344 ct
424 5287 595 5360 proventus
610 5278 645 5338 ad
658 5280 792 5340 llorenos
813 5277 972 5353 sexaginta

228 5395 280 5440 sex
300 5375 367 5438 auri
382 5390 455 5437 cum
472 5373 590 5436 duobus
608 5371 706 5433 tertiis
720 5371 848 5433 alterius
863 5370 973 5432 lloreni

227 5470 333 5533 similis
360 5467 505 5530 inlibris
535 5465 680 5528 Gamerae
707 5463 909 5542 spostolicae,
939 5471 974 5526 ut

229 5563 416 5642 accepimus,
448 5557 540 5620 taxati
573 5556 790 5633 reperiuntur,
819 5572 856 5617 ex
889 5571 973 5618 nunc

230 5667 317 5735 prout
338 5672 377 5717 ex
404 5661 491 5726 tunc,
514 5659 545 5712 et
566 5666 583 5711 e
605 5657 724 5724 contra,
741 5665 813 5711 cunr
835 5648 973 5727 primum

230 5749 303 5812 illud
325 5765 362 5810 ex
385 5761 515 5825 persona
530 5743 603 5807 dicti
622 5742 740 5804 Nicolai
762 5742 888 5804 llaverii
904 5741 975 5820 Epi·

229 5844 304 5923 scopi
327 5843 411 5905 illius
442 5841 625 5903 commenda
653 5840 881 5919 quovismodo
910 5854 973 5900 ces-

231 5949 324 6015 sante,
339 5949 376 6000 ut
390 5945 478 5999 antea
500 5937 594 5998 etiarn
615 5937 693 6014 apud
717 5935 829 5998 Sedem
844 5936 975 6012 Aposto-

333 6086 386 6137 lur.
404 6089 474 6136 Pout.
488 6085 519 6134 de
535 6087 608 6146 l’rop.
625 6085 686 6132 Fide
700 6083 782 6132 Partis
796 6085 815 6129 l.
830 6082 883 6128 Vol.
900 6085 938 6129 lll.

1028 4085 1079 4147 pra
1102 4067 1273 4145 praelixam
1302 4074 1468 4123 numerum
1490 4069 1630 4132 erogare,
1653 4050 1774 4112 dioece-

1027 4163 1092 4224 sani
1114 4161 1173 4222 loci
1194 4158 1244 4220 vel
1265 4154 1402 4220 cuiusvis
1423 4151 1546 4213 licentia
1568 4148 1700 4226 desuper
1716 4145 1772 4208 rui-

1029 4257 1114 4320 nime
1125 4253 1283 4332 requisita,
1299 4245 1485 4328 supportatis
1501 4252 1605 4306 tamen
1622 4241 1772 4321 peridem

1028 4349 1208 4426 collegium,
1230 4353 1261 4406 et
1282 4358 1337 4422 pro
1352 4357 1389 4404 eo
1405 4357 1460 4420 per
1478 4340 1655 4412 modernos,
1672 4343 1703 4398 et
1717 4351 1773 4414 pro

1030 4451 1168 4521 tempore
1178 4440 1348 4502 existentes
1363 4435 1445 4497 illius
1456 4432 1648 4510 superiorem
1663 4439 1695 4492 et
1706 4445 1773 4506 pre·

1027 4537 1167 4615 sbyteros
1194 4531 1378 4611 praedictos,
1411 4526 1556 4590 omnibus
1582 4534 1614 4588 et
1641 4522 1774 4600 singulis

1029 4629 1208 4692 monasterii
1229 4623 1437 4688 secundodicti
1458 4638 1492 4683 ac
1507 4621 1600 4682 etiam
1618 4617 1775 4680 infrascri-

1028 4727 1088 4804 ptis
1110 4723 1268 4796 cneribuS,
1296 4719 1376 4782 dicta
1402 4715 1564 4796 apostolica
1593 4711 1774 4774 auctoritate

1029 4816 1209 4880 earumdem
1220 4823 1327 4877 tenore
1339 4811 1561 4892 praesentium,
1573 4814 1666 4888 prout
1681 4805 1772 4879 inira,

1030 4912 1168 4984 unimus,
1190 4910 1385 4972 annectimus
1407 4915 1438 4970 et
1460 4906 1700 4981 incorporamus.

1068 5010 1087 5082 ,ξ
1108 5008 1138 5068 d.
1164 5007 1313 5084 Expresso
1334 5004 1452 5066 etenim
1475 5001 1675 5074 declaramus,
1692 4997 1772 5077 quod
1820 5008 1947 5066 speciales
1965 5009 2006 5054 oe

1029 5103 1108 5164 clieta
1129 5101 1196 5162 sine
1217 5116 1290 5160 cura
1312 5097 1436 5159 ecclesia
1458 5111 1513 5156 seu
1536 5093 1670 5172 cappella
1700 5093 1775 5154 San·
1793 5062 2006 5180 {bamssffpnpgffiffi

1029 5194 1069 5255 cti
1092 5193 1174 5254 Petri
1197 5209 1213 5252 a
1233 5188 1416 5253 Colonnello
1431 5186 1526 5263 vulgo
1542 5185 1573 5246 lu
1589 5185 1772 5252 Pelrucclo,
1793 5171 1908 5269 ῗὸῃξζξξῖξ,
1927 5172 2007 5270 anfi?

1030 5293 1064 5348 ut
1086 5283 1272 5362 praefertur,
1296 5287 1650 5358 nuncupata,quatenus
1672 5293 1687 5336 a
1710 5291 1774 5336 mo·
1794 5281 1922 5334 cuparum.

1031 5378 1164 5441 naslerio
1192 5375 1409 5438 secundodicto
1440 5372 1571 5434 minime
1592 5370 1774 5448 dependeat,

1029 5482 1082 5534 aut
1104 5471 1149 5533 illi
1178 5471 1250 5532 alias
1278 5469 1409 5532 minime
1436 5466 1529 5528 luerit
1561 5465 1661 5538 unita,
1684 5470 1776 5540 prout

1030 5572 1119 5627 antea
1131 5565 1239 5641 vigore
1251 5562 1414 5624 literarum
1426 5559 1497 5622 dicti
1511 5556 1680 5620 Clementis
1691 5571 1787 5634 prae·-

1030 5657 1197 5719 decessoris
1219 5656 1320 5719 eidem
1336 5652 1472 5730 collegio
1487 5651 1580 5713 etiam
1603 5652 1689 5712 unita
1705 5665 1776 5710 cerr-

1029 5751 1089 5812 seri
1102 5751 1221 5825 debeam
1234 5757 1389 5828 quatenus
1405 5762 1481 5808 vero
1494 5745 1545 5806 illa
1559 5742 1777 5806 amonasterio

1029 5843 1247 5905 secundodiolo
1268 5841 1457 5919 dependens
1474 5838 1523 5898 vel
1538 5838 1583 5899 illi
1598 5836 1670 5898 alias
1690 5833 1777 5897 unita

1030 5935 1136 6010 luerit,
1160 5935 1217 5996 sub
1239 5933 1394 6014 praesenti
1423 5931 1600 5994 monasterii
1627 5928 1778 5990 secundo-

1644 6077 1671 6122 se
