4856 7010
352 539 406 596 111.
421 543 452 597 0.
474 539 542 596 tota
591 534 650 605 684

571 677 622 740 vel
644 677 830 756 Episcopum
847 667 941 740 unius
956 681 994 738 ex
1009 674 1176 738 candidatis
1197 673 1251 753 qui
1266 689 1317 736 su·

571 777 722 850 perernnt
737 771 823 833 iuxta
838 777 998 832 consuetas
1019 767 1180 832 canonicas
1202 765 1329 838 lormas

571 863 725 942 procedet,
741 880 775 925 ac
789 865 1012 926 documentum
1027 861 1187 923 electionis
1209 861 1240 924 111
1256 859 1318 921 101-

571 972 620 1018 ma
642 955 818 1018 authentica
840 956 921 1016 intra
944 969 1084 1016 mensem
1105 954 1141 1016 ad
1156 967 1317 1016 summurn

570 1049 753 1110 Pontificem
774 1047 903 1128 perferri
925 1047 1054 1109 curabit.

367 1162 402 1206 ne
416 1155 552 1208 contencio·
612 1159 646 1202 11.
670 1142 830 1205 Confectio
845 1156 1001 1221 processus
1016 1139 1208 1202 informativi
1223 1153 1317 1216 super

332 1215 554 1317 5¹¹„⁰,¹,‘„¹3,⁰,⁰,⁵fi¹¹⁸¹¹¹'
571 1235 769 1316 qualitatibus
800 1235 1083 1314 promovendorum
1110 1233 1145 1294 ad
1168 1232 1317 1309 archiepi-

570 1329 721 1410 scopalem
734 1327 784 1390 vel
796 1328 980 1407 episcopales
992 1325 1132 1390 ccclesias
1147 1343 1161 1386 a
1176 1326 1316 1388 Romano

571 1425 721 1486 Ponti‘tlce
732 1421 765 1482 ad
779 1421 908 1483 [ormam
921 1421 1133 1483 instructionis
1143 1422 1210 1498 piae
1219 1433 1313 1480 mem.

570 1517 685 1580 Urbani
707 1517 762 1580 PP.
788 1515 867 1578 11111.
890 1514 975 1576 iussn
998 1513 1097 1577 editae
1118 1513 1173 1575 uni
1193 1514 1315 1593 Episco-

570 1627 683 1690 porum
713 1608 892 1689 provinciae
912 1607 964 1669 vel
985 1607 1185 1670 ecclesiastico
1214 1623 1316 1685 respe-

570 1706 651 1768 ctive
673 1703 818 1766 dioecesis
840 1703 907 1764 viro
929 1700 1127 1778 indignitate
1146 1702 1315 1764 constituto

571 1799 799 1861 committetur:
820 1812 880 1875 quo
895 1801 1030 1873 accepto,
1046 1795 1070 1856 si
1085 1811 1226 1857 summus
1237 1796 1315 1857 Pon·

571 1891 647 1954 tiiex
669 1890 854 1969 compererit
869 1889 1118 1966 promovendum
1135 1888 1172 1950 iis
1193 1888 1315 1950 dotibus

570 1987 770 2060 instructum,
786 1999 859 2061 quas
873 1983 950 2043 sacri
966 1997 1097 2043 canones
1113 1982 1144 2043 in
1167 1981 1314 2060 Episcopo

570 2081 751 2159 requirnnt,
773 2091 846 2138 eum
868 2076 1091 2154 quantocitius
1112 2075 1179 2136 lieri
1201 2075 1314 2151 poterit

570 2175 654 2236 iuxta
674 2178 804 2234 statutas
819 2169 931 2232 lormas
946 2182 1000 2248 per
1018 2168 1196 2245 apostolicas
1211 2167 1314 2230 literas

569 2265 776 2330 confirmabit.

363 2379 398 2440 pa
414 2384 482 2436 noea
500 2372 551 2436 ete·
609 2376 657 2421 111.
683 2359 715 2422 Si
734 2373 807 2418 vero
822 2363 875 2418 aut
890 2356 998 2417 electio
1013 2354 1144 2416 minime
1158 2353 1252 2416 inerit
1266 2373 1314 2417 ca·

337 2435 467 2530 3212&ng
482 2437 551 2485 ‘¹¹¹⁰'
569 2455 681 2518 nonice
703 2461 835 2535 peracta,
858 2458 910 2513 ant
938 2449 1167 2528 promovendus
1197 2451 1313 2528 praedi·

568 2549 624 2612 ctis
645 2547 766 2611 dotibus
788 2547 957 2606 instructus
983 2561 1045 2606 non
1069 2544 1253 2622 reperiatur,
1275 2561 1313 2606 ex

568 2641 690 2721 speciali
707 2641 803 2718 gratia
813 2653 954 2700 summus
969 2637 1111 2699 Pontilex
1128 2636 1312 2713 indulgebit,

568 2744 602 2799 ut
624 2735 794 2814 capitulum
816 2733 850 2793 ad
873 2747 986 2794 novam
1007 2731 1192 2793 electionem
1214 2737 1249 2792 ut
1264 2748 1315 2792 su-

567 2847 619 2908 pra
642 2828 786 2892 canonica
808 2827 953 2888 methodo
975 2825 1074 2886 valeat
1096 2826 1269 2902 procedere.

375 2953 409 2994 ne
427 2946 547 3010 capparis
606 2941 650 2985 rv.
675 2920 811 2999 capitula
835 2928 895 2981 tam
918 2919 1195 2997 metropolitanum
1220 2938 1312 2999 quarn

335 3001 506 3048 enarmonios.
565 3015 748 3080 cathedralia
771 3031 826 3092 pro
842 3014 940 3089 primu
962 3013 1030 3074 vice
1045 3029 1079 3075 eo
1095 3014 1148 3092 qui
1169 3014 1312 3091 sequitur

567 3111 657 3173 modo
677 3107 934 3172 efformabantur.
964 3107 1128 3185 Postquam
1156 3107 1312 3184 archiepi-

564 3219 673 3281 scopus
702 3201 752 3263 vel
778 3200 947 3276 Episcopus
978 3200 1150 3276 respective
1182 3199 1311 3264 Sanctae

565 3297 651 3360 Sedis
663 3296 842 3358 auctoritate
856 3294 973 3356 inerint
984 3294 1132 3370 instituti,
1145 3293 1217 3354 eise
1228 3310 1311 3354 sum-

565 3408 616 3456 mo
629 3391 776 3453 Pontibce
788 3389 1015 3462 committetur,
1028 3397 1061 3449 ut
1076 3388 1216 3450 eiusdem
1228 3405 1310 3451 sum-

565 3487 609 3548 rni
631 3483 787 3545 Pontificis
808 3479 935 3542 nomine
950 3480 986 3542 ad
1002 3479 1248 3543 nominationem
1260 3483 1311 3544 de-

565 3579 630 3642 cani
660 3575 893 3650 canonicorum,
916 3583 946 3636 ct
969 3574 1155 3636 vicariorum
1185 3577 1309 3654 capituli

564 3673 741 3752 procedant,
767 3673 865 3748 iisque
887 3669 960 3732 dent
986 3669 1163 3732 canonicam
1184 3670 1310 3732 institu-

563 3771 702 3843 tionem3
726 3765 869 3842 deinceps
885 3780 971 3840 vero,
988 3767 1243 3844 quotiescumque
1258 3768 1309 3828 tle-

564 3869 688 3924 canatus
709 3865 762 3922 aut
783 3859 980 3920 canonicatus
1003 3859 1051 3919 vel
1073 3860 1236 3921 vicariatus
1258 3877 1310 3922 va-

563 3954 714 4028 caverint,
726 3951 982 4028 archiepiscopos
995 3950 1044 4012 vel
1057 3953 1221 4032 Episcopus
1237 3971 1308 4016 cnm

564 4050 736 4126 respectivo
763 4049 896 4128 capitulo
925 4049 1051 4111 alternis
1079 4051 1197 4114 vicibus
1227 4054 1307 4114 intra

563 4162 616 4207 sex
639 4143 841 4205 hebdomadas
856 4159 871 4202 a
886 4141 935 4202 die
957 4144 1122 4206 vacationis
1134 4155 1308 4224 proponent

563 4253 688 4301 summo
718 4237 867 4299 territorii
894 4236 1025 4313 principi
1055 4248 1186 4318 quatuor
1207 4241 1308 4302 candi-

564 4335 648 4396 datos
663 4333 694 4394 in
711 4331 802 4392 sacris
821 4330 981 4392 ordinibus
1003 4333 1194 4409 constitutos
1210 4334 1307 4413 iisque

564 4425 715 4508 praeditos
729 4423 937 4501 qualitatibus
950 4440 1023 4501 quas
1038 4427 1113 4490 sacri
1129 4443 1262 4492 canones
1275 4431 1307 4492 in

564 4519 782 4601 capitularibus
803 4519 979 4596 requirunt.
1002 4517 1086 4595 Quod
1109 4521 1134 4582 si
1155 4520 1234 4584 iorte
1255 4523 1309 4585 ali·

564 4619 632 4696 quis
654 4629 692 4674 ex
720 4612 792 4692 ipsis
813 4611 979 4674 candidatis
1004 4630 1127 4676 summo
1158 4617 1307 4680 territorii

564 4709 695 4788 principi
718 4708 822 4768 minus
837 4707 877 4767 sit
892 4716 1007 4783 gratas,
1021 4710 1050 4771 id
1073 4711 1306 4790 quamprimum

564 4802 797 4880 Archiepiscopo
818 4801 867 4862 vel
891 4803 1048 4880 Episcopo,
1065 4803 1115 4864 vel
1137 4808 1307 4882 respective

563 4897 705 4975 capitulo,
716 4895 796 4956 idern
809 4911 951 4956 summus
963 4895 1105 4972 princeps
1117 4897 1244 4960 indicari
1255 4918 1308 4963 cu·

563 4989 653 5066 rabit,
670 4998 705 5052 ut
720 4989 756 5050 ab
767 4988 896 5050 elencho
911 4989 1143 5052 candidatorum
1155 4990 1303 5056 deleatur.

563 5085 650 5146 Tunc
671 5098 746 5144 vero
768 5081 1022 5159 archiepiscopus
1039 5090 1070 5144 et
1093 5083 1257 5161 Episcopus
1271 5089 1307 5149 ad

561 5177 758 5239 collationem
790 5176 975 5250 decanatus,
1007 5177 1221 5252 canonicatus,
1255 5188 1307 5242 aut

561 5269 764 5350 praebendae,
776 5285 831 5331 seu
853 5269 995 5344 vicariae,
1011 5268 1061 5332 vel
1076 5273 1246 5348 respective
1261 5290 1306 5335 ca-

561 5362 710 5442 pitulum,
726 5363 806 5424 intra
823 5369 955 5439 quatuor
976 5363 1179 5425 hebdomadas
1201 5380 1307 5441 proce·

561 5457 612 5520 det
627 5456 661 5518 ad
678 5455 923 5518 nominationem
939 5455 1032 5517 onius
1047 5471 1085 5516 ex
1098 5456 1224 5534 reliquis
1238 5477 1306 5522 can·

561 5548 682 5625 didatis,
704 5549 753 5611 cui
783 5547 1037 5627 archiepiscopus
1058 5557 1111 5610 ant
1142 5550 1306 5630 Episcopus

560 5643 737 5705 canonicam
761 5643 841 5704 dabit
864 5641 1103 5704 institutionem.

342 5752 541 5818 neotumntsse
600 5751 629 5796 v.
655 5736 689 5797 111
710 5735 877 5797 seminario
902 5735 1150 5816 archiepiscopali
1172 5737 1223 5799 vel
1243 5739 1306 5817 epi·

328 5809 506 5856 ¹¹¹¹¹¹³¹¹⁰f¹¹¹¹¹'
559 5829 672 5908 scopeli
694 5829 718 5890 is
733 5829 917 5892 clericorum
931 5845 1082 5892 numerus
1097 5830 1148 5906 ali,
1165 5840 1257 5910 atque
1270 5835 1306 5897 ad

559 5924 691 5990 lormam
713 5922 908 5986 decretorum
930 5923 1006 5987 sacri
1027 5922 1157 5988 Concilii
1178 5926 1307 5989 Triden-

1091 551 1155 602 lun.
1179 550 1270 602 PONE·
1295 547 1335 600 DE
1355 555 1385 602 1>-
1409 547 1438 602 p,
1463 555 1546 602 Pana
1567 547 1589 600 1.

2108 561 2111 568 ·
2150 533 2205 592 Aa.
2218 537 2246 591 11.
2264 527 2317 596 tota

1372 673 1429 736 tini
1451 672 1572 736 institui
1601 689 1634 735 ac
1654 671 1777 736 educari
1805 666 1939 749 debebit,
1962 669 2016 752 qui
2036 672 2119 736 dioe-

1373 766 1448 830 cesis
1469 767 1666 845 amplitudini
1681 774 1711 831 et
1727 769 1902 832 necessitati
1923 769 2117 845 respondeat,

1371 862 1487 1016 gaique
1507 862 1545 924 ah
1566 862 1713 941 Episcopo
1735 878 1872 938 congrue
1887 861 1947 924 erit
1968 863 2118 950 delinien-

1393 971 1438 1016 ns.

1399 1045 1452 1108 vr.
1476 1048 1622 1111 Liberum
1639 1050 1698 1112 erit
1713 1065 1785 1112 cum
1797 1050 1908 1113 Sancta
1918 1049 1997 1112 Sede
2011 1047 2048 1109 de
2063 1063 2117 1110 ne·
2157 1062 2193 1106 ne
2210 1068 2333 1111 ommuni·

2135 1114 2237 1160 catione
2253 1115 2343 1163 haben·

1372 1142 1435 1218 goci
1441 1142 1464 1202 is
1479 1142 1689 1204 ecclesiasticis
1701 1144 1941 1217 communicare,
1955 1149 2045 1219 atque
2060 1144 2116 1203 111-
2135 1165 2170 1212 g,
2184 1177 2241 1214 cum
2254 1143 2333 1219 sam,

1371 1233 1580 1313 cbiepiscopus
1596 1235 1627 1296 in
1643 1251 1696 1298 sua
1712 1236 1841 1298 dioecesi
1857 1241 1887 1298 et
1901 1233 2059 1313 provincia
2069 1249 2119 1294 ec-
2135 1221 2209 1267 ⁸⁰⁶⁰·

1370 1326 1546 1404 clesiastica,
1559 1329 1606 1392 ati
1627 1336 1658 1391 et
1679 1330 1819 1408 Episcopi
1842 1330 1874 1390 in
1897 1328 2019 1407 propria
2034 1326 2116 1406 quis·

1371 1436 1431 1497 qne
1446 1421 1589 1496 dioecesi,
1604 1421 1698 1499 pleno
1719 1423 1787 1485 inre
1802 1421 2005 1501 episcopalem
2027 1421 2117 1482 ioris-

1372 1512 1538 1577 dictionem
1560 1516 1761 1592 exercebunt,
1777 1531 1856 1594 qnae
1877 1515 1960 1576 iuxta
1984 1503 2133 1576 canones'

1371 1623 1456 1669 nnnc
1477 1608 1619 1684 vigentes
1641 1616 1671 1670 et
1691 1617 1887 1686 praesentem
1908 1596 2051 1670 ecclesiae
2071 1605 2115 1668 di-

1370 1701 1529 1778 sciplinam
1559 1703 1677 1765 eisdem
1707 1703 1865 1782 competit.
1903 1703 1982 1764 Haec
2011 1717 2113 1780 porro,

1370 1811 1447 1872 qnae
1473 1802 1582 1857 tenore
1610 1797 1818 1874 praesentium
1847 1796 2028 1874 apostolicae
2048 1812 2114 1858 san-

1369 1888 1480 1949 ctionis
1496 1888 1606 1950 robore
1618 1887 1861 1965 communimus,
1877 1889 2016 1952 districte
2029 1905 2115 1952 man·

1369 1979 1490 2058 damus,
1507 1989 1542 2044 ut
1559 1982 1719 2047 antistites
1734 1989 1765 2044 et
1779 1983 1911 2061 capitula
1932 1991 2114 2046 memorata·

1369 2092 1441 2138 rom
1462 2077 1584 2139 sedium
1599 2078 1631 2140 in
1653 2077 1700 2154 iis,
1717 2094 1794 2157 quae
1815 2080 1849 2140 ad
1866 2078 1946 2158 ipsos
1961 2085 2112 2156 spectant,

1369 2179 1509 2233 accurate
1529 2187 1563 2233 ac
1584 2171 1751 2250 diligenter
1778 2182 1973 2253 exequantur
1998 2181 2031 2236 et
2051 2190 2114 2238 ser·

1369 2273 1455 2326 vent.
1473 2265 1503 2326 ld
1522 2280 1596 2327 vero
1611 2274 1643 2328 et
1657 2268 1694 2328 ab
1707 2267 1913 2329 serenissimis
1928 2267 2113 2346 principibus

1369 2363 1449 2418 certa
1472 2358 1667 2437 iucundaque
1680 2375 1733 2438 spe
1748 2361 1983 2437 praestolamur,
2000 2369 2035 2424 ut
2049 2362 2114 2423 ani·

1369 2466 1420 2512 mo
1441 2469 1503 2530 qno
1523 2462 1598 2515 sunt
1621 2469 1734 2531 magno
1756 2462 1786 2516 et
1808 2455 1941 2530 excelso,
1964 2463 2056 2535 atque
2076 2455 2112 2518 ad

1369 2545 1556 2622 populorum
1579 2545 1756 2609 felicitatem
1783 2550 1969 2626 operandam
1990 2549 2113 2611 intento

1368 2638 1662 2715 animadvertentes,
1684 2657 1817 2719 quanam
1843 2651 1947 2704 nostra
1970 2649 2033 2704 toto
2055 2644 2113 2705 hoc

1369 2733 1401 2794 in
1423 2733 1548 2809 negotio
1561 2749 1592 2794 se
1607 2750 1640 2794 se
1654 2733 1819 2812 protulerit
1841 2735 2045 2811 indulgentia,
2062 2737 2112 2797 he·

1369 2827 1496 2888 nevolos
1517 2844 1551 2888 se
1572 2829 1605 2890 in
1633 2827 1697 2890 dies
1723 2829 1819 2904 magis
1846 2828 2011 2908 praebeant
2039 2845 2112 2906 erga

1368 2921 1530 2984 catholicos
1557 2921 1707 2998 subditos,
1732 2939 1808 3000 quos
1835 2931 1920 2985 certe
1942 2931 1972 2985 et
1991 2923 2061 2986 lide
2081 2930 2112 2984 et

1368 3015 1514 3092 obsequio
1529 3023 1559 3076 et
1574 3015 1735 3078 obediendi
1751 3017 1852 3078 studio
1868 3017 1925 3078 sibi
1941 3035 2033 3097 quam
2049 3035 2111 3081 ma-

1344 3097 1348 3106 '
1368 3111 1451 3171 xime
1466 3108 1713 3171 devinctissimus
1728 3117 1867 3187 tempore
1881 3112 2019 3190 quolibet
2035 3129 2110 3174 nan-

1366 3203 1532 3264 ciscentur.

1406 3301 1424 3374 §
1445 3302 1474 3362 5.
1493 3303 1700 3365 Decernentes
1716 3306 1836 3367 easdem
1852 3315 2028 3383 praesentes
2044 3307 2110 3371 lite·
2149 3296 2270 3365 clausule
2284 3323 2331 3366 sua-

1365 3413 1413 3457 ras
1436 3396 1523 3457 nullo
1545 3413 1693 3474 umquam,
1721 3406 1861 3477 ternpore
1882 3401 1919 3462 de
1939 3399 2110 3480 subreptio·
2129 3371 2187 3472 {iffi
2203 3373 2331 3473 tss‘rttffi‘nesse'

1366 3489 1413 3552 nis
1436 3498 1466 3552 et
1494 3490 1684 3568 obreptionis
1705 3499 1757 3553 ant
1784 3492 1938 3556 nullitatis
1959 3497 2035 3557 vitio
2056 3513 2111 3560 no·

1367 3587 1435 3662 tari,
1458 3592 1510 3646 ant
1534 3585 1709 3661 impugnari
1734 3602 1831 3664 posse,
1848 3591 1899 3652 sed
1915 3605 2039 3668 semper
2059 3595 2110 3656 fir·

1366 3696 1440 3753 mas,
1464 3677 1578 3740 validas
1605 3688 1636 3742 et
1660 3679 1796 3750 efficaces
1816 3683 1949 3746 existere
1970 3703 2003 3747 ac
2024 3686 2100 3748 iore.

1405 3776 1473 3850 56.
1497 3773 1565 3836 Non
1597 3774 1788 3836 obstantibus
1819 3776 1991 3853 apostolicis
2018 3793 2111 3855 gene·
2142 3799 2330 3860 neqogattoeoa-

1365 3867 1480 3930 ratibus
1501 3867 1551 3927 vel
1572 3866 1755 3945 specialibus
1776 3869 2050 3933 constitutionibus
2079 3885 2110 3935 et
2129 3854 2274 3896 trarrorum.

1365 3960 1621 4034 ordinationibus,
1650 3978 1682 4022 ac
1714 3961 1881 4023 nostriset
1910 3965 2110 4030 cancellariae

1364 4054 1545 4133 apostolicae
1556 4053 1685 4128 regulis,
1698 4055 1875 4131 praesertim
1888 4057 1924 4118 de
1937 4057 2005 4120 iure
2019 4076 2110 4137 quae-

1362 4150 1422 4210 sito
1445 4164 1507 4212 non
1531 4147 1684 4222 tollendo,
1708 4149 1898 4226 caeterisque
1928 4153 2022 4214 etiarn
2042 4171 2110 4234 spe·

1364 4240 1430 4304 ciali
1446 4241 1607 4302 mentione
1621 4240 1722 4318 dignis
1738 4243 1898 4306 contrariis
1910 4247 2111 4323 quibuscum-

1363 4351 1435 4412 que.
1458 4333 1574 4408 Quibus
1603 4333 1747 4394 omnibus
1772 4342 1803 4395 et
1823 4335 1957 4412 singolis
1984 4338 2109 4403 illorum

1365 4437 1489 4490 tenores
1514 4441 1569 4504 pro
1590 4427 1740 4503 expressis
1761 4435 1791 4488 et
1812 4429 1847 4490 ad
1863 4431 1996 4496 verbnm
2012 4433 2109 4496 inser-

1363 4523 1402 4583 tis
1423 4519 1582 4593 habentes‚
1605 4519 1665 4580 illis
1686 4521 1758 4582 alias
1779 4522 1809 4584 in
1831 4541 1886 4586 suo
1909 4526 2019 4590 robore
2039 4545 2109 4608 per-

1363 4615 1529 4689 mansuris,
1545 4615 1579 4674 ad
1598 4617 1837 4693 praemissorum
1854 4620 1999 4684 ellectum
2019 4624 2110 4687 dum-

1362 4717 1446 4772 taxat
1467 4707 1639 4784 specialiter
1655 4717 1687 4770 et
1707 4725 1850 4788 expresse
1871 4713 2065 4792 derogamus.

1401 4804 1421 4878 9
1442 4801 1470 4864 1.
1497 4799 1647 4864 Volumus
1662 4802 1789 4882 insuper
1804 4813 1838 4867 ut
1852 4811 2060 4885 praesentiunt
2073 4812 2109 4874 li·
2127 4810 2325 4911 thannataei

1362 4901 1501 4958 terarum
1515 4896 1716 4973 transumptis
1727 4900 1820 4960 etiam
1833 4901 1999 4980 impressis,
2013 4923 2108 4970 manu
2140 4867 2293 4922 ‘mmm

1362 4997 1466 5051 tamen
1488 4986 1615 5050 alicuius
1637 4990 1750 5051 notarii
1773 4992 1887 5070 publici
1914 4996 2106 5078 subscriptis,

1361 5090 1393 5144 et
1414 5079 1518 5158 sigillo
1531 5097 1679 5158 personae
1696 5082 1728 5143 in
1742 5084 1943 5150 ecclesiastica
1957 5088 2109 5166 dignitate

1362 5175 1549 5238 constitutae
1580 5175 1723 5250 munitis,
1753 5179 1860 5240 eadem
1886 5196 2012 5258 prorsus
2033 5185 2109 5248 fides

1362 5268 1479 5345 ubique
1500 5267 1688 5345 adhibeatur,
1709 5285 1787 5348 quae
1802 5271 1874 5348 ipsis
1895 5278 2108 5352 praesentibus

1362 5360 1598 5422 adhiberetursi
1610 5361 1879 5427 lorentexhibitae
1891 5368 1940 5430 vel
1954 5381 2104 5432 ostensae.
2175 5351 2180 5360 ’

1402 5453 1475 5529 58.
1506 5451 1592 5515 Nulli
1622 5469 1696 5532 ergo
1723 5457 1854 5520 omnino
1878 5460 2042 5525 hominum
2071 5465 2106 5525 li·
2144 5463 2322 5564 Ει1111111101·

1361 5555 1425 5612 ceat
1452 5548 1532 5610 hanc
1560 5548 1703 5624 paginam
1735 5558 1857 5614 nostrae
1888 5528 2142 5632 concessionis,n
2171 5529 2198 5564 ¹⁸'

1362 5641 1604 5722 adprobationis,
1626 5640 1852 5722 derogationis,
1876 5647 1998 5724 statuti,
2020 5665 2107 5712 man·

1361 5736 1423 5801 dati
1437 5743 1469 5797 et
1483 5733 1654 5797 voluntatis
1670 5735 1853 5816 intringere,
1865 5740 1916 5802 vel
1928 5743 1955 5803 ei
1972 5758 2049 5806 ausu
2064 5747 2107 5806 te·

1362 5833 1496 5895 merario
1509 5828 1681 5905 contraire;
1696 5831 1721 5891 si
1736 5833 1805 5909 quis
1826 5841 1930 5895 autem
1943 5837 2107 5898 hocatten·

1361 5936 1427 5990 tare
1448 5925 1704 6006 praesumpserit,
1736 5925 1982 6006 indignationem
2004 5931 2108 5994 omui-
