4750 6980
287 517 340 572 Au.
354 519 385 571 d.
407 518 476 571 1794
525 515 583 578 394

279 4159 492 4314 fflfflssfflss'g

544 657 700 732 Quatenus
722 659 968 722 indeterminatis
990 659 1049 724 illis
1071 661 1173 722 verhis
1194 677 1246 722 eea·

507 749 660 812 terraenae
689 751 730 814 ad
761 768 809 814 res
840 756 1014 816 celeriores
1043 763 1130 818 notet
1161 754 1248 816 velut

505 841 633 904 abusum
646 845 835 910 auctoritatis
848 847 998 910 Ecclesiae
1012 864 1103 910 usum
1119 848 1185 910 eius
1197 863 1248 926 po·

411 947 415 954 ·
506 936 622 998 testatis
642 946 779 1016 acceptae
793 956 808 1000 a
824 940 896 1016 ileo,
912 957 971 1019 qua
983 941 1029 1004 usi
1044 948 1117 1004 suut
1132 948 1163 1003 et
1179 941 1248 1020 ipsi-

505 1037 569 1091 met
590 1029 717 1109 apostoli
738 1031 940 1112 indisciplina
962 1033 1115 1097 exteriore
1136 1034 1248 1097 consti-

506 1122 619 1185 tuenda
640 1133 670 1186 et
690 1126 885 1188 sancienda.-

790 1315 969 1379 Haeretica.

858 1601 894 1664 V.

546 1791 608 1866 Qua
630 1798 717 1870 parte
738 1791 886 1868 insinuat,
916 1791 1083 1854 Ecclesiam
1107 1807 1169 1854 non
1198 1794 1250 1853 ha-

508 1885 581 1946 here
602 1884 813 1946 auctoritatem
827 1884 1026 1948 subiectionis
1040 1884 1103 1946 suis
1122 1885 1251 1948 decretis

508 1975 675 2052 exigendae
685 1977 774 2040 aliter
788 1993 880 2057 quarn
897 1993 951 2057 per
963 1978 1073 2052 media,
1085 1993 1163 2056 quae
1177 1993 1253 2058 pen·

508 2071 581 2133 dent
602 2088 618 2132 a
639 2071 852 2149 persuasioue;

547 2164 704 2240 Quatenus
719 2165 858 2227 intendat
874 2165 1041 2228 Ecclesiam
1056 2181 1119 2226 aaa
1139 2163 1252 2230 hahere

454 2279 458 2288 .
509 2256 659 2322 collatum
679 2256 742 2320 sihi
757 2277 776 2321 a
792 2258 853 2322 Dee
867 2264 1052 2337 potestatem-
1067 2275 1130 2320 non
1149 2258 1251 2321 solum

509 2351 670 2432 diripendi
698 2361 754 2429 per
782 2351 967 2414 concilicet
992 2352 1168 2423 suasiones,
1199 2353 1251 2415 sed

508 2444 606 2507 etiam
628 2443 759 2508 iubendi
783 2461 838 2524 per
866 2447 955 2527 lepes,
980 2445 1141 2509 aedesius
1180 2463 1252 2507 con·

511 2545 709 2618 lactucaeque
724 2539 884 2602 anteriore
905 2539 1092 2613 iudiciuae
1113 2538 1253 2602 salubri·

508 2629 564 2696 ees
587 2631 693 2711 paenis
716 2632 878 2698 coercendi
900 2638 994 2710 cique
1015 2633 1155 2714 cependi.

747 2769 793 2832 En
814 2769 927 2832 Bened.
950 2768 1029 2834 XlV.
1048 2771 1082 2832 in
1098 2771 1188 2832 Brevi
1204 2770 1252 2834 Aa

787 2861 948 2935 assiduas,
961 2863 1034 2925 anni
1049 2862 1123 2927 tutta
1137 2862 1252 2924 Prima·

789 2958 824 3032 ti,
835 2956 1078 3036 archiepiscopis
1090 2964 1120 3019 et
1131 2956 1252 3034 Episco-

790 3051 833 3129 pis
855 3049 945 3126 regni
967 3048 1120 3112 Poloniae.

551 3203 704 3266 leeduceas
720 3201 756 3262 in
769 3205 908 3278 systema
924 3199 1007 3261 alies
1022 3199 1212 3263 damnatum

747 3299 786 3356 ut
802 3293 1010 3356 haereticum.

508 3598 587 3645 runs
608 3595 770 3642 spiscopus
797 3597 943 3646 aaaron
965 3597 1024 3644 ras
1052 3588 1250 3647 nra'ntuurs.

550 3769 639 3833 Eser.
664 3769 701 3832 de
725 3769 799 3832 tlrd.
823 3769 842 3845 5
862 3771 921 3831 25.

856 3956 907 4022 vt.

550 4151 569 4226 ἓ
593 4151 639 4214 tu.
657 4149 800 4212 Doctrina
808 4149 998 4227 synodi,qua
1011 4149 1175 4226 profitetur
1186 4161 1253 4224 per·

510 4258 643 4307 suasum
664 4239 725 4305 sihi
748 4258 823 4313 esse,
846 4240 1036 4319 Episcopum
1058 4241 1254 4318 accepisses

515 4335 643 4398 Christe
666 4336 772 4397 emnia
795 4335 872 4396 iure
897 4335 1075 4397 necessaria
1096 4349 1152 4411 pro
1174 4332 1252 4396 hono

511 4429 666 4510 sepimine
686 4445 763 4492 suae
783 4429 953 4501 dioecesis;

550 4522 681 4586 Perinde
702 4536 735 4582 ao
755 4520 779 4582 si
800 4523 835 4583 ad
858 4522 975 4583 honum
997 4521 1139 4598 regimen
1154 4521 1255 4582 cuius-

510 4633 571 4696 que
592 4614 737 4677 dioecesis
759 4614 946 4676 necessariae
961 4629 1025 4677 uon
1039 4615 1101 4675 sint
1116 4615 1255 4692 superio-

511 4727 560 4772 res
581 4708 788 4772 ordinationes
816 4714 987 4787 spectantes
1007 4707 1075 4769 sire
1095 4707 1130 4768 ad
1160 4707 1253 4776 fidem

511 4812 542 4866 et
563 4817 676 4878 mores,
699 4803 763 4864 sive
784 4803 818 4864 ad
842 4801 1018 4878 generalem
1048 4802 1251 4881 disciplinam,

511 4913 644 4976 quarum
666 4897 713 4958 ius
734 4902 779 4960 est
808 4911 901 4974 penes
929 4910 1067 4956 summos
1094 4895 1254 4973 pontifices

511 4999 541 5054 et
556 4989 682 5054 concilia
697 4989 850 5066 generalia
870 5005 924 5066 pro
944 4989 1087 5052 universa
1110 4989 1252 5052 Ecclesia.

592 5177 814 5248 Schismaticu‚
836 5177 876 5238 nd
898 5178 1005 5240 minus
1029 5193 1171 5241 erronee.

830 5334 936 5345 -u-——e

851 5459 913 5522 llll.

553 5651 629 5713 item
651 5651 684 5710 in
706 5665 743 5710 eo
762 5650 842 5727 quod
859 5651 1000 5712 hortatur
1015 5649 1198 5730 Episcopum
1215 5649 1256 5712 ad

513 5745 758 5823 prosequendam
780 5743 908 5805 reacitcr
921 5744 1142 5823 perfectiorem
1165 5742 1257 5803 cccle-

513 5837 666 5900 siasticue
691 5835 880 5912 discipliuae
906 5837 1181 5906 constitutionem,
1213 5835 1256 5897 id-

514 5946 586 6009 que,
609 5937 723 5991 coutra
746 5943 848 5990 orrcncs
875 5931 1061 5992 corttrurias
1089 5933 1257 5990 cousuetu-

1029 534 1092 587 itln.
1115 541 1207 587 PONE·
1230 541 1270 586 ott
1292 541 1319 585 P.
1344 541 1373 586 E.
1398 541 1480 587 PARS
1502 541 1522 586 l·

2079 522 2144 574 An.
2165 516 2207 566 G.
2238 509 2324 562 1794

1306 661 1406 733 dictes,
1434 662 1662 740 caemptioncs,
1693 663 1939 732 reseruatieaes,
1969 676 2048 740 quae

1305 754 1521 818 adversantur
1536 753 1613 818 bono
1629 757 1735 818 ordini
1755 756 1913 824 dioecesis,
1930 755 2048 817 maiori

1304 848 1425 926 pieriae
1447 847 1517 921 Dei,
1539 856 1569 911 ct
1592 850 1709 912 maiori
1738 847 1956 928 aedificationi
1976 847 2050 926 fide-

1306 942 1405 1016 lt'ttm,·

1344 1035 1402 1098 Per
1424 1036 1452 1098 id
1475 1038 1556 1116 quod
1577 1037 1894 1117 supponitEpiscopo
1919 1036 1962 1098 tas
1984 1053 2049 1099 esse

1306 1129 1430 1210 proprio
1459 1147 1514 1193 suo
1545 1131 1658 1195 iudicio
1688 1139 1719 1194 et
1742 1131 1893 1196 arbitratu
1913 1137 2050 1194 statuere

1306 1230 1337 1286 et
1357 1223 1525 1286 decernere
1546 1231 1651 1287 contra
1672 1224 1923 1300 eonsuetudines,
1945 1238 2050 1286 esem-

1307 1318 1438 1398 ptiones,
1467 1319 1706 1395 reservationes,
1731 1319 1797 1380 sive
1825 1335 1903 1397 quae
1925 1320 1955 1381 in
1981 1319 2049 1382 uni-

1307 1427 1394 1472 versa
1421 1411 1574 1488 Ecclesia.
1594 1413 1660 1474 sive
1686 1413 1782 1475 etiam
1803 1413 1835 1475 in
1864 1427 2049 1491 unaquaque

1307 1504 1463 1583 provincia
1484 1505 1587 1567 locum
1610 1505 1735 1578 hahent,
1756 1505 1826 1569 sine
1846 1505 1937 1568 venia
1958 1513 1989 1567 et
2003 1507 2050 1568 iu-

1307 1604 1452 1660 terreutu
1473 1597 1639 1676 superioris
1660 1599 1865 1662 hierarchicae
1880 1600 2049 1678 potestatis,

1307 1708 1323 1752 a
1344 1708 1404 1770 qua
1425 1691 1568 1754 inductae
1589 1699 1672 1768 sunt,
1694 1699 1747 1754 aut
1769 1693 1924 1772 probatae,
1939 1699 1971 1754 et
1986 1693 2050 1754 vim

1309 1784 1385 1862 legis
1407 1785 1558 1848 obtinent.

1337 1973 1492 2039 Induceus
1515 1975 1549 2036 in
1570 1976 1709 2040 schisma
1730 1983 1760 2040 ct
1781 1977 2016 2042 concursionem

1397 2067 1591 2130 hierarchici
1612 2071 1790 2150 sepiminis,
1815 2065 1957 2135 erronea.

1643 2353 1720 2419 vill.

1349 2549 1425 2610 item
1457 2545 1536 2624 quod
1560 2553 1591 2608 et
1615 2545 1672 2608 sihi
1698 2561 1879 2626 persuasum
1907 2563 1971 2609 esse
1998 2547 2050 2621 ait,

1310 2640 1386 2702 iura
1408 2637 1556 2718 Episcopi
1578 2657 1598 2701 a
1621 2641 1643 2702 l.
1660 2639 1693 2701 C.
1717 2645 1845 2718 accepto
1862 2654 1919 2716 pro
1941 2636 2052 2719 puber·

1309 2732 1417 2796 nando
1434 2730 1576 2794 Ecclesia
1592 2748 1648 2794 nec
1662 2733 1813 2804 alterari,
1830 2749 1886 2795 nec
1902 2733 2051 2812 impediri

1309 2841 1414 2904 possm
1435 2833 1464 2888 ct
1487 2825 1553 2890 uhi·
1571 2827 1745 2905 conciperit
1776 2826 1891 2889 horum
1906 2825 2047 2889 iuriam

1310 2920 1502 2982 cmcrcitium
1525 2921 1636 2999 quaeis
1658 2921 1694 2982 de
1711 2938 1809 2985 causa
1825 2920 1927 3000 fuisse
1949 2921 2050 2982 inier-

1310 3023 1455 3093 ruptum,
1480 3029 1566 3091 posse
1586 3029 1708 3091 semper
1726 3014 1929 3093 Episcopum,
1945 3033 1982 3079 ae
2004 3015 2051 3078 de·

1310 3105 1391 3180 herc,
1407 3109 1443 3170 in
1458 3107 1642 3186 eripiaaric
1655 3124 1716 3170 sua
1732 3107 1808 3172 iura
1823 3108 1960 3189 repredi,
1977 3125 2052 3188 qne·

1311 3202 1504 3279 ticscumqne
1530 3201 1562 3262 icl
1585 3201 1689 3280 accipit
1710 3200 1817 3264 maius
1839 3198 1954 3264 henam
1975 3218 2052 3265 suae

1310 3295 1475 3367 ecelesiam

1350 3389 1383 3452 in
1407 3405 1443 3451 eo
1463 3388 1544 3469 quod
1567 3387 1673 3451 innuit
1694 3389 1810 3452 iuriam
1836 3389 2053 3469 episcopalium

1310 3482 1494 3546 exercitium
1516 3481 1601 3544 nulla
1622 3480 1774 3559 superiori
1798 3489 1947 3558 potestate
1968 3499 2055 3562 prae·

1311 3576 1408 3656 pediri
1436 3582 1489 3637 aut
1509 3575 1644 3638 coerceri
1672 3590 1771 3654 posse,
1794 3574 2052 3654 quandocumque

1311 3670 1477 3748 Episcopus
1492 3668 1616 3748 proprio
1637 3667 1750 3731 iudicio
1775 3669 1929 3732 censuerit
1950 3669 2054 3731 minus

1311 3765 1341 3827 id
1362 3763 1498 3842 expediri
1520 3762 1628 3826 maiori
1650 3762 1730 3824 hono
1751 3778 1824 3825 suae
1844 3762 1999 3826 ecclesiae.

1344 3933 1500 4016 inducens
1523 3953 1557 4014 in
1578 3950 1717 4013 schisma
1737 3957 1767 4013 et
1788 3950 2021 4016 subversionem

1401 4044 1596 4108 hierarchici
1618 4044 1794 4123 reqiminis,
1819 4060 1961 4108 erronea.

1313 4351 1363 4396 lus
1383 4348 1554 4395 PERPERAM
1576 4347 1738 4393 TEIEUTUE
1760 4346 1941 4394 tnrnntdnts
1963 4349 2053 4395 nhut-

1353 4443 1403 4489 tlts
1424 4440 1660 4488 sncnnnontutts
1683 4441 1715 4486 tn
1736 4441 1893 4487 undennis
1908 4441 1994 4488 ntnnt
2016 4443 2054 4488 ET

1351 4536 1565 4584 ntsctnttnnn.

1352 4708 1455 4788 Epist.
1480 4725 1602 4770 concae.

1644 4847 1696 4959 nn

1352 5087 1440 5163 §ih
1465 5087 1619 5158 Doctrina,
1642 5101 1720 5164 qnae
1751 5087 1870 5160 statuit,
1902 5089 2056 5167 reforma·
2096 5095 2170 5142 strae
2185 5097 2227 5142 ce
2244 5098 2317 5144 rurr-

1314 5183 1431 5243 tionem
1453 5179 1613 5243 ahnsuum
1636 5179 1722 5241 circa
1743 5179 1991 5241 ecclesiasticam
2009 5181 2056 5241 di·
2075 5150 2315 5250 ῗιῗῧῃιῗξᾞὲἑξέ

1312 5274 1482 5352 sciplinam
1504 5275 1540 5334 in
1554 5271 1684 5349 synodis
1706 5272 1897 5334 dioecesanis
1919 5270 1958 5334 ab
1983 5275 2057 5352 Epi·
2075 5257 2314 5357 ξίζῇξξῶξῧζθᾞ

1312 5383 1401 5445 scopo
1423 5375 1452 5428 et
1474 5365 1622 5444 parochis
1651 5365 1831 5442 acqualiter
1852 5367 1997 5444 pendere,
2020 5384 2057 5429 ac
2076 5347 2312 5465 gpscgflliisngge’iel

1312 5459 1457 5522 stabiliri
1480 5457 1604 5521 dehere:
1627 5475 1664 5520 ac
1678 5459 1747 5519 sine
1763 5455 1912 5520 lihcrtate
1928 5457 2058 5520 decisio-
2142 5427 2157 5475 Ρ
2243 5456 2247 5462 ’

1313 5556 1364 5616 nis
1376 5551 1551 5615 indebitam
1562 5552 1629 5631 fore
1643 5551 1870 5615 subiectionem
1884 5553 2060 5632 suppestio-

1314 5646 1410 5711 nidus
1431 5653 1460 5709 ct
1484 5645 1680 5709 iussionibus
1704 5647 1943 5723 Episcoporum,

1316 5835 1420 5904 Falsa,
1446 5835 1627 5904 tentareris,
1646 5833 1831 5911 episcopalis
1847 5834 2058 5896 auctoritatis

1355 5929 1483 5999 leesica,
1515 5927 1682 6009 reqimiuis
1712 5925 1908 5990 hierarchici
1931 5925 2061 5990 saucer-
