4754 6966
321 538 376 604 11.
390 545 419 604 e'.
442 543 510 607 nas
564 538 620 615 l't'x‘d
1064 557 1129 607 111.
1154 557 1244 606 nour.
1269 557 1308 602 ov:
1330 559 1358 604 r.
1383 553 1412 606 a.
1437 559 1520 608 rans
1542 555 1563 608 1.

613 712 732 779 llileeto
758 709 822 778 lilio
850 701 938 776 nobili
961 708 1024 775 viro
1046 705 1213 773 Francisoo
1381 679 1400 754 ὅ
1422 680 1450 740 3.
1475 681 1557 754 0⁰³⁰
1580 681 1772 760 iotqinsstma
1802 682 1862 744 ‘¹11⁰
1890 681 2010 764 tudima,
2034 681 2093 744 dis-

795 804 926 871 pugn„
950 801 1032 880 quoq,
1342 775 1535 853 ceptanlibns
1557 776 1629 837 binc
1657 776 1822 837 christiana
1851 776 1996 850 Ecclesia,
2019 776 2093 837 binc

1345 867 1458 928 iudaica
1478 870 1637 944 sinagoga,
1660 870 1712 947 qni
1735 886 1750 928 a
1774 877 1814 945 te,
1838 870 1951 932 dilecte
1974 868 2016 930 nti
2040 885 2093 930 no-

710 975 895 1046 cffpqffls
924 975 1023 1044 pppq
1038 966 1114 1042 'xpp
1341 959 1412 1020 bilis
1434 961 1492 1036 vir,
1515 963 1720 1040 existimasset
1752 977 1818 1023 esso
1847 963 1991 1039 prolecta,
2014 969 2094 1023 atro·

1342 1068 1410 1114 cem
1434 1055 1602 1131 praeclarae
1624 1055 1768 1132 religioni
1802 1064 1872 1116 tuae
1893 1063 1923 1116 et
1945 1055 2092 1132 aequitati

719 1154 837 1221 nqeote
859 1153 903 1220 pp
926 1152 1032 1218 „opple
1054 1152 1105 1230 qn,
1344 1145 1487 1208 iniuriam
1506 1147 1629 1225 laceret,
1646 1149 1734 1210 nobis
1750 1147 1877 1226 quidem
1893 1149 2023 1209 minime
2038 1147 2092 1209 du·

572 1249 699 1319 salutem
721 1254 754 1316 et
774 1247 971 1332 apostolicam
998 1243 1249 1312 benedictionem·
1313 1248 1316 1288 t
1344 1239 1428 1300 bium
1451 1247 1509 1314 est,
1534 1247 1563 1302 te
1586 1242 1734 1303 insciente
1766 1241 1975 1304 Mutinensem
1998 1241 2093 1317 [ttet-

1341 1341 1475 1395 stratum
1498 1343 1559 1396 tam
1576 1336 1696 1398 nullam
1712 1336 1855 1398 habuisse
1870 1336 2021 1398 rationem
2039 1336 2093 1396 Ec-

346 1454 518 1500 outnnarum
577 1442 646 1518 §b
672 1443 750 1504 Cum
782 1454 890 1500 aven.
924 1437 1018 1498 lratre
1050 1437 1163 1498 loanoe
1194 1432 1284 1494 ldaria
1342 1427 1462 1502 clesiao,
1488 1436 1549 1489 tam
1570 1429 1705 1490 stxnliose
1737 1429 1847 1490 lavisse
1869 1429 2005 1490 iudaicae
2025 1445 2092 1507 per·

307 1508 520 1617 ffi‘fss'ffifssssl
538 1536 686 1613 Episcopo
708 1533 865 1610 buglensi,
889 1531 967 1592 hand
993 1530 1031 1591 ita
1061 1528 1181 1606 pridem
1202 1542 1284 1588 arce
1313 1514 1315 1627 j
1344 1520 1441 1582 fidiae.
1467 1521 1564 1582 liuius
1586 1529 1691 1583 autem
1724 1521 1806 1596 lacti,
1829 1523 1866 1585 de
1888 1537 1949 1600 quo
1971 1521 2089 1582 nemini

306 1616 520 1714 wlffissffiss·
538 1630 700 1707 pissemns,
724 1626 867 1686 irulaeum
896 1624 1073 1700 quemdam,
1096 1619 1145 1680 cui
1169 1634 1283 1681 nomen
1343 1628 1482 1690 unquam
1504 1614 1553 1675 vel
1576 1615 1688 1690 exiguo
1710 1613 1873 1690 religionis
1893 1630 1986 1675 sensu
2007 1629 2092 1691 prae·

513 1703 519 1723 '
1312 1643 1315 1790 Ι
1342 1705 1405 1766 dito
1429 1705 1659 1782 indignabunda
1680 1707 1753 1769 satis
1774 1707 1970 1786 suppeditare
1994 1714 2092 1784 potest

307 1723 389 1786 drove
409 1723 519 1767 aruoru-
539 1722 619 1783 Elias
641 1719 812 1791 Scopinas,
834 1715 1025 1778 considerato
1043 1713 1172 1776 consilio
1186 1720 1286 1774 certo-

307 1775 519 1892 t'ffixueffi‘imss‘ssiqr‘!
537 1831 598 1893 qne
629 1814 745 1886 animo,
769 1809 911 1890 parvulas
941 1809 1014 1870 dum
1038 1807 1113 1869 blias
1141 1807 1172 1869 S.
1197 1807 1284 1868 blatri
1312 1799 1315 1823 ²
1342 1798 1449 1872 oratio,
1474 1799 1618 1876 Gelestae
1641 1805 1710 1862 llll&
1727 1801 1849 1878 bilbilis
1864 1801 1924 1861 erit
1940 1799 2090 1874 funditus,

306 1886 415 1930 ΜΘ·
539 1917 661 1970 nostrae
685 1906 835 1968 Ecclesiae
855 1909 965 1984 sponte
986 1919 1039 1964 soa
1062 1901 1219 1974 olnulisse,
1235 1917 1284 1961 su·
1341 1891 1366 1952 si
1390 1892 1456 1952 beri
1474 1900 1582 1970 potest,
1598 1894 1649 1955 vel
1664 1893 1758 1972 ipsam
1775 1895 1879 1955 delere
1895 1894 2086 1956 memoriam.

538 1999 818 2080 perabundavimns
841 1996 961 2074 gaudio,
979 2010 1152 2072 manusque
1166 1995 1200 2056 ad
1216 2009 1285 2053 coe·
1343 1983 1386 2046 At!
1410 1995 1439 2046 ῑθ
1460 1987 1668 2064 conlogimus,
1700 2006 1715 2048 ἃ
1740 1997 1769 2050 lt
1790 1989 1863 2051 duas
1885 1986 2002 2049 animas
2024 1987 2090 2048 leil

539 2095 604 2156 tuin
625 2093 819 2164 sustulimus,
843 2089 954 2166 gratis
970 2097 1096 2164 agentes
1112 2088 1184 2161 beo,
1202 2085 1282 2164 qum
1312 2095 1315 2149 t
1343 2079 1455 2142 Christi
1478 2082 1630 2158 sanguiue
1652 2083 1837 2160 redemptas,
1854 2089 1885 2141 et
1901 2097 1954 2158 per
1968 2095 2088 2141 saci-um

537 2187 735 2248 acerbitatem
756 2182 950 2263 quotidianae
969 2189 1091 2241 nostrae
1106 2178 1284 2240 sollieitudi-
1311 2162 1314 2281 ¹³
1342 2175 1586 2246 regenerationis
1603 2174 1759 2236 lavacrum
1776 2175 1877 2236 eidem
1891 2182 2011 2234 sanctae
2027 2189 2089 2232 ma-

538 2282 585 2342 nis
606 2287 637 2340 et
658 2293 749 2340 curae
771 2292 806 2337 cx
830 2272 949 2336 aillictis
971 2272 1035 2334 lere
1054 2272 1168 2349 ubique
1183 2272 1285 2334 catho-
1311 2328 1313 2349 ,
1343 2265 1393 2340 tri,
1416 2267 1464 2327 cui
1487 2266 1677 2329 denudatae
1702 2267 1842 2341 luerunt,
1874 2265 2088 2340 restituendas,

536 2373 611 2434 licao
635 2371 785 2434 Ecclesiae
807 2369 897 2430 rebus
912 2383 945 2426 ea
962 2365 1061 2427 lenire
1074 2364 1284 2427 consolatione
1311 2372 1313 2389 '
1340 2375 1434 2436 quant
1451 2361 1586 2422 maxime
1601 2361 1783 2435 flagitamus.
1797 2365 1854 2439 Qui
1868 2365 1920 2426 tibi
1934 2364 2088 2426 delectum

535 2467 704 2528 voluisset:
738 2477 925 2542 iptamqnam
958 2459 1107 2536 gaudium
1139 2465 1283 2520 nostrum
1311 2444 1312 2521 l
1341 2451 1462 2514 lacienti
1484 2470 1517 2514 se
1539 2454 1759 2532 exbiberel,et
1782 2457 2091 2519 militiaevellelno-

535 2561 709 2622 itemtidem
741 2567 867 2634 stupore
894 2554 1027 2634 quodam
1057 2552 1284 2615 intermittebat
1309 2542 1312 2627 l
1341 2565 1413 2610 men
1436 2552 1519 2624 dare,
1543 2549 1631 2612 illum
1653 2551 1677 2610 si
1699 2552 1768 2630 quis
1790 2551 1944 2612 malitiose
1961 2568 1975 2612 a
1991 2567 2023 2612 se
2039 2569 2089 2610 su·

534 2670 572 2712 ex
588 2649 893 2730 incomprehensibili
909 2649 962 2710 llei
979 2647 1104 2709 iudicio:
1123 2664 1182 2724 qua
1198 2647 1281 2706 euim
1310 2652 1312 2725 1
1338 2655 1442 2724 scepta
1457 2647 1585 2708 consilio
1602 2647 1784 2722 retraheret,
1800 2647 1926 2722 cogitet,
1943 2647 2089 2723 velimus,

535 2748 631 2824 gratia
653 2744 789 2824 parvulis
811 2741 922 2821 puellis
936 2757 1020 2802 sacro
1036 2739 1283 2817 regenerationis
1310 2728 1312 2753 '
1339 2741 1482 2802 nobilitas
1505 2749 1568 2814 tua,
1591 2756 1683 2818 quam
1706 2741 1844 2818 graviter
1864 2757 1897 2803 ea
1920 2741 2006 2803 dere
2022 2743 2089 2804 iure

536 2839 653 2900 lavacro
685 2836 793 2898 oldatis
822 2843 908 2914 porta
937 2834 1011 2896 coeli
1034 2834 1168 2910 «quodam
1191 2833 1282 2893 modo
1309 2833 1312 2918 1
1339 2833 1464 2910 quidem
1487 2851 1521 2894 ac
1551 2835 1664 2896 merho
1694 2835 1889 2896 irasceretur.
1924 2836 2089 2898 Ecclesiam

534 2932 739 3010 aperiebatur,
755 2929 895 2992 eiusdem
911 2927 1027 3004 gratiae
1048 2925 1185 2987 lructum
1201 2925 1282 2986 idem
1309 2932 1311 2975 t
1340 2928 1453 3004 pariter
1484 2929 1637 3000 estimato,
1670 2928 1780 2989 dilecte
1812 2929 1854 2990 dli
1884 2929 1996 2990 nobilis
2028 2931 2087 3005 vir,

535 3032 621 3103 pater
643 3039 706 3085 non
739 3021 839 3102 potuit
870 3035 990 3098 crepere:
1015 3019 1067 3097 qui
1095 3019 1156 3079 Deo
1179 3017 1216 3078 ab
1237 3017 1282 3077 iu·
1309 2982 1311 3079 1
1340 3018 1407 3080 iuro
1423 3019 1584 3094 indignare
1598 3026 1629 3080 et
1643 3022 1899 3099 conqueri,qnod
1916 3039 1931 3082 a
1946 3040 2002 3086 suo
2017 3024 2087 3085 sinu

535 3119 616 3180 ilaira
648 3117 739 3179 illum
770 3113 991 3192 superstitione
1012 3112 1047 3173 ad
1076 3113 1143 3174 lesu
1167 3110 1281 3174 Christi
1309 3120 1311 3137 ¹
1339 3111 1460 3172 animae
1483 3111 1552 3172 illae
1574 3111 1691 3175 luerint
1717 3115 1850 3190 avulsae,
1873 3133 1947 3193 quas
1970 3117 2020 3178 vel
2044 3118 2088 3179 ul-

535 3212 628 3274 bdem
645 3207 777 3284 vocanti,
790 3207 942 3268 obstinato
957 3206 1061 3266 animo
1077 3205 1201 3266 restitit.
1220 3205 1282 3266 lus·
1309 3236 1311 3247 ·
1340 3211 1446 3266 tronea
1468 3206 1515 3266 soi
1532 3206 1668 3284 ipsarum
1683 3206 1849 3283 deditione,
1867 3210 1915 3270 vel
1932 3209 2088 3274 oblatione

533 3305 630 3366 simus
651 3310 755 3365 antem
777 3302 850 3363 dnos
877 3299 944 3360 illas
966 3297 1134 3361 iniantesa
1165 3313 1281 3358 mema-
1309 3328 1311 3367 i
1340 3299 1478 3376 legitima
1509 3317 1578 3360 suas
1610 3302 1808 3380 propriasque
1838 3304 1905 3366 iure
1933 3306 2085 3380 censebat,

534 3405 600 3460 rato
622 3397 771 3475 Episcopo
793 3392 956 3472 baptizari3
978 3405 1112 3469 euinque
1134 3391 1225 3452 anxie
1248 3391 1283 3452 il·
1309 3370 1311 3493 j
1339 3392 1461 3454 iamiam
1484 3410 1538 3471 pcr
1561 3394 1749 3472 baptismatis
1764 3407 1992 3460 sacramentum
2008 3399 2089 3460 cliri-

534 3491 594 3552 lins
615 3490 717 3551 literas
735 3493 981 3565 expectaremus,
998 3499 1076 3562 quae
1091 3484 1178 3545 nobis
1194 3484 1280 3545 aher·
1309 3524 1311 3630 Ι
1338 3487 1454 3548 stiaoae
1484 3487 1614 3548 militiae
1642 3505 1755 3550 nomen
1784 3489 1917 3552 daturas.
1942 3492 1981 3553 ht
2002 3494 2087 3554 enim

534 3591 616 3658 rent,
638 3598 688 3642 eas
709 3597 793 3642 sacro
814 3579 932 3640 ablutas
955 3578 1073 3638 lavacro
1091 3579 1127 3638 ad
1142 3577 1281 3639 christia·
1338 3580 1433 3642 adulti
1459 3581 1541 3642 illius
1563 3581 1663 3644 iudaei
1684 3585 1733 3644 eui
1762 3600 1850 3645 mens
1877 3585 1998 3662 integra
2021 3603 2084 3648 non

534 3693 606 3740 nam
629 3673 795 3736 Ecclesiam
817 3671 910 3734 luisse
934 3672 994 3732 iam
1020 3678 1210 3747 aggregatas,
1236 3671 1281 3732 in·
1338 3683 1429 3749 esset,
1454 3675 1623 3753 improvida
1641 3677 1793 3738 censenda
1808 3686 1853 3738 est
1868 3686 1900 3739 et
1915 3679 2086 3741 inconsulta

533 3772 656 3850 opinato
677 3785 710 3830 ac
732 3766 822 3844 plane
854 3764 993 3825 horribili
1025 3765 1140 3826 truncia
1170 3781 1280 3826 sumus
1308 3808 1310 3823 .
1338 3768 1514 3830 conversio:
1539 3769 1671 3830 duarum
1694 3769 1802 3830 itidem
1822 3769 1989 3833 infantium
2005 3773 2087 3834 obla-

534 3863 676 3942 perculsi.
701 3860 793 3922 Nobis
815 3859 900 3920 enim
923 3858 1079 3936 rescripsit
1100 3859 1181 3920 idem
1205 3874 1277 3919 ven.
1308 3836 1310 3930 l
1340 3861 1455 3922 tionem
1481 3861 1703 3923 inconsiderate
1725 3861 1833 3924 laetam
1856 3863 1927 3925 inde
1949 3866 2017 3944 quis
2039 3883 2086 3927 re·

533 3958 637 4032 irater,
659 3971 692 4017 se
714 3952 821 4027 inscio,
844 3968 881 4012 ex
904 3951 1073 4030 improviso
1089 3951 1231 4029 parvulas
1248 3951 1281 4011 il·
1337 3964 1386 4014 cte
1409 3954 1600 4029 iudicaverit,
1623 3956 1704 4032 quod
1726 3965 1812 4034 pater
1831 3958 1978 4035 postridie
1992 3976 2086 4037 quam

533 4051 588 4123 las,
613 4049 808 4126 magistratus
828 4044 1011 4107 Mutinensis
1027 4043 1122 4117 iussu,
1140 4044 1280 4105 cathecu-
1339 4048 1415 4108 dlias
1428 4048 1579 4109 Ecclesiae
1590 4048 1714 4124 obtulit,
1724 4049 1839 4112 lactum
1852 4053 2086 4126 mutavit,eam·

533 4158 700 4206 menorum
721 4140 812 4201 doma
834 4147 927 4200 noctu
949 4143 1112 4212 extractas,
1129 4145 1160 4198 et
1181 4137 1215 4197 ad
1237 4137 1281 4198 iu·
1308 4122 1310 4193 ἱ
1337 4158 1399 4219 qne
1420 4141 1607 4203 oblationem
1634 4142 1780 4205 inlectam
1802 4144 1911 4205 voluit.
1936 4147 1979 4207 hd
2003 4147 2086 4209 bunc

533 4240 682 4300 dacorum
703 4242 787 4312 septa
812 4238 990 4310 asportatas,
1013 4231 1120 4310 persidi
1146 4231 1280 4309 parentis
1337 4236 1465 4311 quidem
1486 4236 1613 4296 modom
1634 4237 1663 4297 in
1681 4238 1734 4298 hae
1751 4253 1783 4298 re
1799 4237 1956 4315 disputant
1973 4239 2084 4314 iudaei,

533 4348 623 4393 curae
643 4337 674 4390 et
695 4329 849 4390 custodiae
870 4325 963 4386 hrisse
983 4327 1118 4386 traditas.
1308 4284 1310 4371 μ
1338 4327 1580 4408 indecorumque
1598 4327 1742 4404 lautores,
1759 4331 1871 4408 quibos
1887 4332 2085 4408 magistratus

314 4451 513 4509 gqumdauo
573 4423 641 4500 §2
665 4424 762 4496 Quam
785 4418 1003 4495 indignitatem
1024 4419 1079 4478 aliu
1101 4419 1280 4484 iudaeorum
1308 4428 1310 4511 1
1340 4421 1524 4482 blutineosis
1545 4437 1672 4482 onmem
1695 4423 1802 4485 baltuit
1823 4424 1925 4498 bilem,
1942 4441 2000 4486 nec
2015 4441 2085 4502 prae

300 4504 513 4606 fflffiffiss„
533 4526 722 4594 consequuta
744 4521 800 4588 est,
824 4513 1003 4588 ungistratn
1021 4512 1186 4574 bbnincnsi
1203 4511 1279 4590 pari·
1307 4524 1309 4535 ¹
1337 4515 1482 4591 sinagoga
1506 4515 1582 4575 tanti
1604 4531 1670 4575 esse
1697 4516 1896 4578 christianam
1920 4517 2085 4580 Ecclesiam

301 4615 407 4659 domum
424 4612 514 4708 migro·
534 4622 580 4676 ter
602 4611 753 4681 adiutore,
776 4608 805 4668 in
830 4605 995 4666 Ecclesiam
1013 4605 1135 4666 iniuria.
1152 4606 1280 4680 Quidam
1307 4546 1310 4689 !
1337 4607 1505 4681 estimavit,
1526 4615 1561 4668 ut
1583 4607 1649 4668 eius
1671 4609 1764 4669 etiam
1782 4611 1915 4670 rationes
1930 4610 2087 4672 censuerit

301 4666 514 4784 ssssb‘t'ffitt'ueattfffff
533 4707 618 4770 enim
651 4705 777 4766 iudaeos
804 4701 838 4760 ad
868 4702 1162 4762 catechumenorum
1192 4701 1280 4762 aedes
1307 4706 1309 4807 1
1337 4703 1513 4765 audiendas.
1537 4703 1602 4778 Quo
1624 4703 1703 4764 nihil
1726 4703 1917 4781 iniuriosius,
1937 4705 2013 4767 nihil
2036 4705 2087 4766 ab

301 4771 514 4874 ssbssuetffig⁵erffcbfif'
532 4800 725 4876 conlegerat,
749 4812 841 4875 qoem
865 4793 987 4856 belnaei
1011 4794 1140 4854 cornino
1167 4796 1280 4855 mentis
1337 4797 1471 4872 surdius,
1485 4797 1644 4873 llagitaote
1660 4797 1811 4858 nimirum
1830 4798 1944 4860 iudaica
1959 4799 2086 4878 persidia

533 4895 683 4973 impotem
704 4888 892 4953 dictitabant.
919 4887 1086 4965 Episcopus
1102 4887 1132 4946 in
1149 4887 1215 4948 eius
1229 4887 1281 4948 de·
1307 4848 1309 4965 l
1337 4891 1519 4952 christianos
1542 4889 1656 4951 iudices
1680 4889 1844 4952 Ecclesiam
1865 4890 1977 4954 indicta
1999 4908 2084 4953 cansa

532 4989 677 5061 mentiac,
701 4999 794 5063 quam
817 4983 861 5043 illi
877 4987 1035 5059 tantopere
1052 4981 1277 5058 praedicabant,
1307 4970 1309 5037 l
1337 4986 1374 5046 de
1395 5002 1447 5046 sua
1463 4984 1547 5062 qnasi
1565 4985 1754 5062 possessione
1769 4984 1957 5046 deturbasse.
1975 4985 2085 5048 Obstu-

530 5081 709 5157 cognitione
730 5083 759 5139 el
781 5077 922 5138 examine
945 5074 1134 5147 versabatur,
1150 5074 1280 5150 diligen·
1307 5040 1309 5109 ⁴
1338 5078 1450 5156 pescile
1471 5076 1546 5139 coeli
1568 5093 1659 5154 snper
1682 5078 1749 5151 boc,
1774 5086 1804 5138 et
1828 5087 1939 5158 portae·
1955 5078 2020 5139 eins
2036 5077 2086 5138 de-

533 5184 642 5252 torque
671 5173 833 5233 hominem
863 5168 1048 5242 excutiebat,
1081 5169 1160 5228 serio
1182 5184 1221 5228 ne
1243 5169 1281 5228 de
1307 5112 1309 5249 !
1336 5171 1490 5246 salamini,
1509 5187 1619 5233 verum
1636 5173 1674 5232 de
1688 5171 1866 5233 huiusmodi
1883 5173 1975 5234 rebus
1989 5173 2084 5234 solius

531 5265 742 5347 amplectenda
763 5263 929 5324 christiana
951 5261 1104 5337 religione
1118 5261 1276 5346 cogitaret.
1306 5252 1309 5345 [
1337 5273 1382 5327 est
1404 5265 1556 5327 Ecclesiae
1579 5265 1723 5326 iudicare.

533 5363 610 5424 Ecce
641 5369 756 5434 autem,
778 5356 889 5419 eodem
920 5357 1034 5434 pariter
1062 5355 1159 5416 inscio
1181 5364 1211 5415 et
1233 5355 1281 5415 io·
1306 5352 1309 5393 l
1376 5359 1445 5432 §tc
1469 5358 1521 5419 llla
1550 5359 1634 5418 enim
1666 5357 1811 5418 iudaeum
1841 5357 1931 5420 illum
1952 5360 2031 5437 apud
2053 5373 2086 5420 se

531 5454 673 5516 consulto
695 5453 854 5530 Episcopo,
877 5449 1074 5527 magistratus
1095 5449 1280 5510 Mutinensis
1337 5451 1571 5529 diligentissime
1602 5451 1755 5511 custodire
1786 5451 1931 5525 debebat,
1965 5466 2004 5512 ne
2036 5453 2083 5513 cui

533 5563 566 5606 ea
589 5556 691 5620 nocte,
713 5561 792 5622 quae
814 5554 938 5606 noctem
961 5544 1045 5604 illam
1072 5551 1117 5603 est
1140 5543 1280 5621 proxime
1337 5544 1433 5607 baudi
1456 5553 1508 5606 ant
1529 5544 1722 5606 subversioni
1744 5553 1824 5605 esset
1843 5543 1939 5619 lacus,
1957 5545 2085 5623 eiusque

534 5648 733 5718 consequuta,
751 5653 823 5699 cum
840 5646 1027 5699 memoratae
1043 5638 1120 5698 vinae
1136 5635 1281 5714 parvulae
1337 5639 1531 5700 volunlatem
1563 5638 1790 5699 accuratissime
1822 5637 1992 5715 explorare.
2029 5639 2085 5700 Eos

534 5733 666 5794 infantes
696 5747 790 5812 prope
811 5731 848 5792 ab
870 5730 1021 5792 Ecclesiae
1052 5731 1123 5792 sinu
1152 5729 1279 5790 luerunt
1337 5747 1412 5793 vero
1434 5731 1577 5809 parvulas
1600 5729 1732 5792 infantes
1753 5749 1767 5792 a
1791 5741 1919 5809 parente
1940 5734 2085 5794 cleonae

477 5814 481 5821 ’
533 5829 687 5904 abreptae,
721 5825 865 5885 iudaeum
896 5823 986 5910 illum
1007 5825 1043 5885 ad
1075 5823 1280 5886 hebraeorum
1337 5833 1448 5903 reptas,
1462 5841 1495 5886 ae
1517 5831 1678 5902 propterea
1698 5840 1768 5885 suas
1783 5831 1813 5885 et
1829 5826 1968 5903 proprias
1983 5825 2087 5887 Eccle-

483 5909 486 5914 ’
533 5918 703 5984 habitacula
725 5915 829 5980 reduci
850 5917 980 5980 curavit.
1336 5919 1378 5980 sia
1401 5918 1569 5981 iustissime
1602 5915 1784 5998 possidebat,
1807 5918 1856 5982 cui
1879 5934 1988 5982 oaanus
2010 5919 2086 5983 illud

2128 539 2181 599 An.
2195 547 2227 599 0.
2251 535 2325 598 lael

2122 693 2337 739 lniorloseeala—

2112 749 2152 793 ete
2168 748 2248 794 tuisse
2265 745 2336 792 chri-

2112 801 2213 863 stianae
2230 799 2336 855 religio·

2112 863 2139 898 nr
2158 855 2335 902 demonstrat.

2112 909 2138 952 et
2177 909 2335 953 liptinensis

2112 960 2185 1006 ducis
2200 961 2335 1007 auxilium

2112 1015 2274 1070 expostulat.

2124 5374 2249 5438 Ecclesiae
2266 5389 2321 5434 pro-

2105 5438 2189 5484 prium
2208 5437 2265 5476 erat
2282 5433 2322 5476 iu-

2104 5482 2188 5528 dicare
2209 5488 2266 5531 turn
2289 5487 2321 5528 de

2104 5535 2194 5582 adulto
2223 5538 2320 5583 ludaeo

2104 5593 2160 5636 tum
2174 5590 2204 5634 de
2222 5592 2320 5647 puellis

2104 5642 2199 5688 oblatis
2240 5649 2320 5701 prout

2103 5696 2321 5743 desimilibusiu-

2104 5750 2178 5794 diriis
2191 5750 2267 5808 plura
2279 5752 2321 5796 ba·

2105 5803 2198 5900 bicolor
2228 5815 2321 5851 exem-
