<?xml version="1.0" encoding="UTF-8"?>
<!DOCTYPE html PUBLIC "-//W3C//DTD XHTML 1.0 Transitional//EN"
    "http://www.w3.org/TR/xhtml1/DTD/xhtml1-transitional.dtd">
<html xmlns="http://www.w3.org/1999/xhtml" xml:lang="en" lang="en">
 <head>
  <title>
</title>
<meta http-equiv="Content-Type" content="text/html;charset=utf-8" />
  <meta name='ocr-system' content='tesseract 3.04.00' />
  <meta name='ocr-capabilities' content='ocr_page ocr_carea ocr_par ocr_line ocrx_word'/>
</head>
<body>
  <div class='ocr_page' id='page_1' title='image "./iurispontificii00martgoog_0031.png"; bbox 0 0 4734 7004; ppageno 0'>
   <div class='ocr_carea' id='block_1_1' title="bbox 285 499 563 566">
    <p class='ocr_par' dir='ltr' id='par_1_1' title="bbox 285 499 563 566">
     <span class='ocr_line' id='line_1_1' title="bbox 285 499 563 566; baseline 0.018 -14"><span class='ocrx_word' id='word_1_1' title='bbox 285 499 339 554; x_wconf 79' lang='lat' dir='ltr'><strong><em>An.</em></strong></span> <span class='ocrx_word' id='word_1_2' title='bbox 354 503 383 554; x_wconf 85' lang='lat'><strong><em>0.</em></strong></span> <span class='ocrx_word' id='word_1_3' title='bbox 405 500 473 556; x_wconf 79' lang='lat'>1759</span> <span class='ocrx_word' id='word_1_4' title='bbox 524 501 563 566; x_wconf 61' lang='lat'><strong><em>24</em></strong></span> 
     </span>
    </p>
   </div>
   <div class='ocr_carea' id='block_1_2' title="bbox 500 634 1248 3535">
    <p class='ocr_par' dir='ltr' id='par_1_2' title="bbox 502 634 1248 1452">
     <span class='ocr_line' id='line_1_2' title="bbox 504 634 1248 706; baseline -0.004 -8"><span class='ocrx_word' id='word_1_5' title='bbox 504 634 612 706; x_wconf 89' lang='lat' dir='ltr'><strong><em>Pauli,</em></strong></span> <span class='ocrx_word' id='word_1_6' title='bbox 636 641 667 698; x_wconf 89' lang='lat' dir='ltr'><strong><em>et</em></strong></span> <span class='ocrx_word' id='word_1_7' title='bbox 699 635 736 697; x_wconf 89' lang='lat' dir='ltr'><strong><em>D.</em></strong></span> <span class='ocrx_word' id='word_1_8' title='bbox 768 636 806 699; x_wconf 91' lang='lat' dir='ltr'><strong><em>N.</em></strong></span> <span class='ocrx_word' id='word_1_9' title='bbox 831 635 957 698; x_wconf 84' lang='lat' dir='ltr'><strong><em>Domini</em></strong></span> <span class='ocrx_word' id='word_1_10' title='bbox 991 636 1160 698; x_wconf 89' lang='lat' dir='ltr'><strong><em>Clementis</em></strong></span> <span class='ocrx_word' id='word_1_11' title='bbox 1186 634 1248 696; x_wconf 88' lang='lat' dir='ltr'><strong><em>Pa·</em></strong></span> 
     </span>
     <span class='ocr_line' id='line_1_3' title="bbox 504 728 1247 816; baseline -0.004 -26"><span class='ocrx_word' id='word_1_12' title='bbox 504 744 560 806; x_wconf 92' lang='lat' dir='ltr'><strong><em>poe</em></strong></span> <span class='ocrx_word' id='word_1_13' title='bbox 583 730 682 800; x_wconf 85' lang='lat' dir='ltr'><em>XIII,</em></span> <span class='ocrx_word' id='word_1_14' title='bbox 705 735 735 790; x_wconf 90' lang='lat' dir='ltr'><strong><em>et</em></strong></span> <span class='ocrx_word' id='word_1_15' title='bbox 760 728 790 816; x_wconf 77' lang='lat' dir='ltr'><strong><em>S.</em></strong></span> <span class='ocrx_word' id='word_1_16' title='bbox 808 729 845 792; x_wconf 81' lang='lat' dir='ltr'><strong><em>li.</em></strong></span> <span class='ocrx_word' id='word_1_17' title='bbox 864 729 913 798; x_wconf 78' lang='lat' dir='ltr'><strong><em>E,</em></strong></span> <span class='ocrx_word' id='word_1_18' title='bbox 938 745 994 789; x_wconf 87' lang='lat' dir='ltr'><strong><em>neo</em></strong></span> <span class='ocrx_word' id='word_1_19' title='bbox 1017 745 1080 790; x_wconf 90' lang='lat' dir='ltr'><strong><em>aon</em></strong></span> <span class='ocrx_word' id='word_1_20' title='bbox 1101 728 1247 807; x_wconf 89' lang='lat' dir='ltr'><strong><em>patriar·</em></strong></span> 
     </span>
     <span class='ocr_line' id='line_1_4' title="bbox 504 820 1248 900; baseline -0.001 -17"><span class='ocrx_word' id='word_1_21' title='bbox 504 822 604 886; x_wconf 89' lang='lat' dir='ltr'><strong><em>obolis</em></strong></span> <span class='ocrx_word' id='word_1_22' title='bbox 618 823 775 886; x_wconf 73' lang='lat' dir='ltr'><strong><em>Ecclesiae</em></strong></span> <span class='ocrx_word' id='word_1_23' title='bbox 787 821 1015 900; x_wconf 80' lang='lat' dir='ltr'><strong><em>nohptoaausts</em></strong></span> <span class='ocrx_word' id='word_1_24' title='bbox 1029 820 1089 884; x_wconf 89' lang='lat' dir='ltr'><strong><em>tibi</em></strong></span> <span class='ocrx_word' id='word_1_25' title='bbox 1105 823 1248 884; x_wconf 89' lang='lat' dir='ltr'><strong><em>commis-</em></strong></span> 
     </span>
     <span class='ocr_line' id='line_1_5' title="bbox 503 916 1247 992; baseline -0.003 -14"><span class='ocrx_word' id='word_1_26' title='bbox 503 934 571 990; x_wconf 91' lang='lat' dir='ltr'><strong><em>sae,</em></strong></span> <span class='ocrx_word' id='word_1_27' title='bbox 607 919 769 980; x_wconf 79' lang='lat' dir='ltr'><strong><em>tradimus</em></strong></span> <span class='ocrx_word' id='word_1_28' title='bbox 792 919 852 982; x_wconf 88' lang='lat' dir='ltr'><strong><em>tihi</em></strong></span> <span class='ocrx_word' id='word_1_29' title='bbox 882 916 1025 979; x_wconf 87' lang='lat' dir='ltr'><strong><em>Polliam</em></strong></span> <span class='ocrx_word' id='word_1_30' title='bbox 1054 917 1089 979; x_wconf 92' lang='lat' dir='ltr'><strong><em>de</em></strong></span> <span class='ocrx_word' id='word_1_31' title='bbox 1118 931 1247 992; x_wconf 91' lang='lat' dir='ltr'><strong><em>corporo</em></strong></span> 
     </span>
     <span class='ocr_line' id='line_1_6' title="bbox 503 1009 1248 1097; baseline -0.007 -21"><span class='ocrx_word' id='word_1_32' title='bbox 503 1013 535 1076; x_wconf 89' lang='lat' dir='ltr'><strong><em>S.</em></strong></span> <span class='ocrx_word' id='word_1_33' title='bbox 562 1014 651 1097; x_wconf 67' lang='lat' dir='ltr'><strong><em>Petri</em></strong></span> <span class='ocrx_word' id='word_1_34' title='bbox 680 1021 856 1090; x_wconf 89' lang='lat' dir='ltr'><strong><em>sumptum,</em></strong></span> <span class='ocrx_word' id='word_1_35' title='bbox 879 1011 1115 1090; x_wconf 71' lang='lat' dir='ltr'><strong><em>plenitudinem</em></strong></span> <span class='ocrx_word' id='word_1_36' title='bbox 1136 1009 1248 1072; x_wconf 92' lang='lat' dir='ltr'><strong><em>oideli·</em></strong></span> 
     </span>
     <span class='ocr_line' id='line_1_7' title="bbox 503 1106 1246 1194; baseline -0.011 -22"><span class='ocrx_word' id='word_1_37' title='bbox 503 1115 549 1172; x_wconf 89' lang='lat' dir='ltr'><strong><em>cet</em></strong></span> <span class='ocrx_word' id='word_1_38' title='bbox 571 1107 767 1194; x_wconf 76' lang='lat' dir='ltr'><strong><em>pontificalis</em></strong></span> <span class='ocrx_word' id='word_1_39' title='bbox 790 1107 895 1187; x_wconf 80' lang='lat' dir='ltr'><strong><em>officii,</em></strong></span> <span class='ocrx_word' id='word_1_40' title='bbox 913 1112 951 1170; x_wconf 92' lang='lat' dir='ltr'><strong><em>ut</em></strong></span> <span class='ocrx_word' id='word_1_41' title='bbox 973 1107 1082 1169; x_wconf 87' lang='lat' dir='ltr'><strong><em>utaris</em></strong></span> <span class='ocrx_word' id='word_1_42' title='bbox 1104 1122 1138 1166; x_wconf 91' lang='lat' dir='ltr'><strong><em>eo</em></strong></span> <span class='ocrx_word' id='word_1_43' title='bbox 1154 1106 1246 1184; x_wconf 73' lang='lat' dir='ltr'><strong><em>intro</em></strong></span> 
     </span>
     <span class='ocr_line' id='line_1_8' title="bbox 504 1196 1246 1276; baseline -0.011 -10"><span class='ocrx_word' id='word_1_44' title='bbox 504 1203 679 1266; x_wconf 74' lang='lat' dir='ltr'><strong><em>Ecclesiam</em></strong></span> <span class='ocrx_word' id='word_1_45' title='bbox 696 1209 787 1263; x_wconf 89' lang='lat' dir='ltr'><strong><em>tuom</em></strong></span> <span class='ocrx_word' id='word_1_46' title='bbox 809 1200 907 1261; x_wconf 85' lang='lat' dir='ltr'><strong><em>certis</em></strong></span> <span class='ocrx_word' id='word_1_47' title='bbox 929 1196 1049 1267; x_wconf 89' lang='lat' dir='ltr'><strong><em>diebus,</em></strong></span> <span class='ocrx_word' id='word_1_48' title='bbox 1063 1198 1118 1276; x_wconf 91' lang='lat' dir='ltr'><strong><em>qui</em></strong></span> <span class='ocrx_word' id='word_1_49' title='bbox 1140 1199 1246 1274; x_wconf 86' lang='lat' dir='ltr'><strong><em>acapri-</em></strong></span> 
     </span>
     <span class='ocr_line' id='line_1_9' title="bbox 502 1288 1247 1372; baseline -0.005 -16"><span class='ocrx_word' id='word_1_50' title='bbox 502 1301 641 1359; x_wconf 88' lang='lat' dir='ltr'><strong><em>muntar</em></strong></span> <span class='ocrx_word' id='word_1_51' title='bbox 671 1295 706 1356; x_wconf 92' lang='lat' dir='ltr'><strong><em>in</em></strong></span> <span class='ocrx_word' id='word_1_52' title='bbox 734 1293 917 1372; x_wconf 86' lang='lat' dir='ltr'><strong><em>priuileqiis</em></strong></span> <span class='ocrx_word' id='word_1_53' title='bbox 944 1294 972 1354; x_wconf 92' lang='lat' dir='ltr'><strong><em>ei</em></strong></span> <span class='ocrx_word' id='word_1_54' title='bbox 995 1291 1033 1356; x_wconf 89' lang='lat' dir='ltr'><strong><em>ab</em></strong></span> <span class='ocrx_word' id='word_1_55' title='bbox 1066 1288 1247 1370; x_wconf 75' lang='lat' dir='ltr'><strong><em>apostolica</em></strong></span> 
     </span>
     <span class='ocr_line' id='line_1_10' title="bbox 504 1388 766 1452; baseline -0.015 0"><span class='ocrx_word' id='word_1_56' title='bbox 504 1389 580 1452; x_wconf 90' lang='lat' dir='ltr'><strong><em>Sede</em></strong></span> <span class='ocrx_word' id='word_1_57' title='bbox 601 1388 766 1451; x_wconf 84' lang='lat' dir='ltr'><strong><em>concessis.</em></strong></span> 
     </span>
    </p>

    <p class='ocr_par' dir='ltr' id='par_1_3' title="bbox 502 1478 1245 1641">
     <span class='ocr_line' id='line_1_11' title="bbox 544 1478 1245 1560; baseline -0.013 -14"><span class='ocrx_word' id='word_1_58' title='bbox 544 1485 653 1546; x_wconf 85' lang='lat' dir='ltr'><strong><em>Forma</em></strong></span> <span class='ocrx_word' id='word_1_59' title='bbox 675 1497 749 1544; x_wconf 81' lang='lat' dir='ltr'><strong><em>uero</em></strong></span> <span class='ocrx_word' id='word_1_60' title='bbox 772 1481 949 1556; x_wconf 89' lang='lat' dir='ltr'><strong><em>iuramenti,</em></strong></span> <span class='ocrx_word' id='word_1_61' title='bbox 963 1481 1044 1560; x_wconf 90' lang='lat' dir='ltr'><strong><em>quod</em></strong></span> <span class='ocrx_word' id='word_1_62' title='bbox 1068 1478 1245 1559; x_wconf 76' lang='lat' dir='ltr'><strong><em>praestabis,</em></strong></span> 
     </span>
     <span class='ocr_line' id='line_1_12' title="bbox 502 1580 657 1641; baseline -0.032 -1"><span class='ocrx_word' id='word_1_63' title='bbox 502 1580 576 1641; x_wconf 88' lang='lat' dir='ltr'><strong><em>haee</em></strong></span> <span class='ocrx_word' id='word_1_64' title='bbox 597 1584 657 1638; x_wconf 88' lang='lat' dir='ltr'><strong><em>est:</em></strong></span> 
     </span>
    </p>

    <p class='ocr_par' dir='ltr' id='par_1_4' title="bbox 500 1669 1248 3535">
     <span class='ocr_line' id='line_1_13' title="bbox 544 1669 1248 1752; baseline -0.013 -16"><span class='ocrx_word' id='word_1_65' title='bbox 544 1675 609 1752; x_wconf 41' lang='lat' dir='ltr'><strong><em>.qu</em></strong></span> <span class='ocrx_word' id='word_1_66' title='bbox 637 1671 834 1741; x_wconf 76' lang='lat' dir='ltr'><strong><em>Timotheus,</em></strong></span> <span class='ocrx_word' id='word_1_67' title='bbox 858 1669 1121 1748; x_wconf 72' lang='lat' dir='ltr'><strong><em>archiepiscopus</em></strong></span> <span class='ocrx_word' id='word_1_68' title='bbox 1144 1682 1248 1746; x_wconf 84' lang='lat' dir='ltr'><strong><em>nuper</em></strong></span> 
     </span>
     <span class='ocr_line' id='line_1_14' title="bbox 502 1759 1247 1838; baseline -0.011 -9"><span class='ocrx_word' id='word_1_69' title='bbox 502 1765 773 1836; x_wconf 83' lang='lat' dir='ltr'><strong><em>Diarbelrirensis,</em></strong></span> <span class='ocrx_word' id='word_1_70' title='bbox 799 1765 834 1826; x_wconf 92' lang='lat' dir='ltr'><strong><em>in</em></strong></span> <span class='ocrx_word' id='word_1_71' title='bbox 856 1763 1088 1826; x_wconf 88' lang='lat' dir='ltr'><strong><em>Patriarchom</em></strong></span> <span class='ocrx_word' id='word_1_72' title='bbox 1115 1759 1247 1838; x_wconf 79' lang='lat' dir='ltr'><strong><em>Babylo-</em></strong></span> 
     </span>
     <span class='ocr_line' id='line_1_15' title="bbox 502 1855 1246 1932; baseline -0.008 -8"><span class='ocrx_word' id='word_1_73' title='bbox 502 1877 627 1924; x_wconf 90' lang='lat' dir='ltr'><strong><em>nensem</em></strong></span> <span class='ocrx_word' id='word_1_74' title='bbox 649 1861 781 1930; x_wconf 89' lang='lat' dir='ltr'><strong><em>electus,</em></strong></span> <span class='ocrx_word' id='word_1_75' title='bbox 798 1858 836 1922; x_wconf 91' lang='lat' dir='ltr'><strong><em>ab</em></strong></span> <span class='ocrx_word' id='word_1_76' title='bbox 859 1857 918 1918; x_wconf 90' lang='lat' dir='ltr'><strong><em>hac</em></strong></span> <span class='ocrx_word' id='word_1_77' title='bbox 940 1855 1020 1918; x_wconf 83' lang='lat' dir='ltr'><strong><em>horai</em></strong></span> <span class='ocrx_word' id='word_1_78' title='bbox 1043 1857 1078 1917; x_wconf 88' lang='lat' dir='ltr'><strong><em>ia</em></strong></span> <span class='ocrx_word' id='word_1_79' title='bbox 1100 1863 1196 1919; x_wconf 90' lang='lat' dir='ltr'><strong><em>autea</em></strong></span> <span class='ocrx_word' id='word_1_80' title='bbox 1211 1857 1246 1932; x_wconf 79' lang='lat' dir='ltr'><strong><em>li-</em></strong></span> 
     </span>
     <span class='ocr_line' id='line_1_16' title="bbox 502 1950 1246 2027; baseline -0.008 -11"><span class='ocrx_word' id='word_1_81' title='bbox 502 1953 581 2016; x_wconf 88' lang='lat' dir='ltr'><strong><em>dolis</em></strong></span> <span class='ocrx_word' id='word_1_82' title='bbox 603 1959 633 2016; x_wconf 92' lang='lat' dir='ltr'><strong><em>et</em></strong></span> <span class='ocrx_word' id='word_1_83' title='bbox 656 1952 797 2016; x_wconf 86' lang='lat' dir='ltr'><strong><em>obediens</em></strong></span> <span class='ocrx_word' id='word_1_84' title='bbox 813 1969 866 2014; x_wconf 87' lang='lat' dir='ltr'><strong><em>ero</em></strong></span> <span class='ocrx_word' id='word_1_85' title='bbox 882 1954 917 2014; x_wconf 89' lang='grc' dir='ltr'><strong><em>Β.</em></strong></span> <span class='ocrx_word' id='word_1_86' title='bbox 932 1950 1028 2012; x_wconf 91' lang='lat' dir='ltr'><strong><em>Petro</em></strong></span> <span class='ocrx_word' id='word_1_87' title='bbox 1051 1951 1246 2027; x_wconf 89' lang='lat' dir='ltr'><strong><em>Sanctaeqne</em></strong></span> 
     </span>
     <span class='ocr_line' id='line_1_17' title="bbox 502 2043 1244 2125; baseline -0.008 -15"><span class='ocrx_word' id='word_1_88' title='bbox 502 2047 701 2125; x_wconf 82' lang='lat' dir='ltr'><strong><em>Apostolicae</em></strong></span> <span class='ocrx_word' id='word_1_89' title='bbox 723 2047 885 2110; x_wconf 86' lang='lat' dir='ltr'><strong><em>Romanoa</em></strong></span> <span class='ocrx_word' id='word_1_90' title='bbox 908 2045 1078 2115; x_wconf 79' lang='lat' dir='ltr'><strong><em>Ecclesiae,</em></strong></span> <span class='ocrx_word' id='word_1_91' title='bbox 1095 2061 1132 2106; x_wconf 91' lang='lat' dir='ltr'><strong><em>oc</em></strong></span> <span class='ocrx_word' id='word_1_92' title='bbox 1153 2043 1190 2105; x_wconf 87' lang='lat' dir='ltr'><strong><em>lt.</em></strong></span> <span class='ocrx_word' id='word_1_93' title='bbox 1205 2043 1244 2105; x_wconf 93' lang='lat' dir='ltr'><strong><em>N.</em></strong></span> 
     </span>
     <span class='ocr_line' id='line_1_18' title="bbox 502 2137 1248 2217; baseline -0.011 -11"><span class='ocrx_word' id='word_1_94' title='bbox 502 2143 635 2206; x_wconf 88' lang='lat' dir='ltr'><strong><em>Domino</em></strong></span> <span class='ocrx_word' id='word_1_95' title='bbox 654 2141 807 2205; x_wconf 88' lang='lat' dir='ltr'><strong><em>Clementi</em></strong></span> <span class='ocrx_word' id='word_1_96' title='bbox 819 2140 923 2217; x_wconf 89' lang='lat' dir='ltr'><strong><em>Papae</em></strong></span> <span class='ocrx_word' id='word_1_97' title='bbox 936 2139 1020 2202; x_wconf 83' lang='lat' dir='ltr'><em>XIII.</em></span> <span class='ocrx_word' id='word_1_98' title='bbox 1035 2137 1163 2216; x_wconf 88' lang='lat' dir='ltr'><strong><em>eiusque</em></strong></span> <span class='ocrx_word' id='word_1_99' title='bbox 1177 2155 1248 2201; x_wconf 89' lang='lat' dir='ltr'><strong><em>soc·</em></strong></span> 
     </span>
     <span class='ocr_line' id='line_1_19' title="bbox 501 2230 1246 2304; baseline -0.009 -4"><span class='ocrx_word' id='word_1_100' title='bbox 501 2233 688 2303; x_wconf 80' lang='lat' dir='ltr'><strong><em>sessoribus,</em></strong></span> <span class='ocrx_word' id='word_1_101' title='bbox 705 2233 856 2296; x_wconf 88' lang='lat' dir='ltr'><strong><em>cononice</em></strong></span> <span class='ocrx_word' id='word_1_102' title='bbox 870 2230 1093 2304; x_wconf 59' lang='lat' dir='ltr'><strong><em>iterantibus:</em></strong></span> <span class='ocrx_word' id='word_1_103' title='bbox 1116 2249 1179 2292; x_wconf 93' lang='lat' dir='ltr'><strong><em>non</em></strong></span> <span class='ocrx_word' id='word_1_104' title='bbox 1194 2247 1246 2293; x_wconf 86' lang='lat' dir='ltr'><strong><em>ero</em></strong></span> 
     </span>
     <span class='ocr_line' id='line_1_20' title="bbox 502 2325 1246 2405; baseline -0.007 -12"><span class='ocrx_word' id='word_1_105' title='bbox 502 2333 537 2393; x_wconf 90' lang='lat' dir='ltr'><strong><em>in</em></strong></span> <span class='ocrx_word' id='word_1_106' title='bbox 559 2330 702 2400; x_wconf 86' lang='lat' dir='ltr'><strong><em>consilio,</em></strong></span> <span class='ocrx_word' id='word_1_107' title='bbox 727 2333 787 2391; x_wconf 94' lang='lat' dir='ltr'><strong><em>out</em></strong></span> <span class='ocrx_word' id='word_1_108' title='bbox 815 2345 985 2398; x_wconf 87' lang='lat' dir='ltr'><strong><em>consensu,</em></strong></span> <span class='ocrx_word' id='word_1_109' title='bbox 1010 2325 1058 2388; x_wconf 87' lang='lat' dir='ltr'><strong><em>oei</em></strong></span> <span class='ocrx_word' id='word_1_110' title='bbox 1085 2328 1246 2405; x_wconf 73' lang='lat' dir='ltr'><strong><em>[detaut</em></strong></span> 
     </span>
     <span class='ocr_line' id='line_1_21' title="bbox 501 2419 1247 2500; baseline -0.005 -14"><span class='ocrx_word' id='word_1_111' title='bbox 501 2425 603 2488; x_wconf 87' lang='lat' dir='ltr'><strong><em>uitam</em></strong></span> <span class='ocrx_word' id='word_1_112' title='bbox 618 2423 756 2500; x_wconf 89' lang='lat' dir='ltr'><strong><em>perdant</em></strong></span> <span class='ocrx_word' id='word_1_113' title='bbox 772 2429 830 2484; x_wconf 91' lang='lat' dir='ltr'><strong><em>ant</em></strong></span> <span class='ocrx_word' id='word_1_114' title='bbox 846 2419 1032 2491; x_wconf 86' lang='lat' dir='ltr'><strong><em>mernbrum,</em></strong></span> <span class='ocrx_word' id='word_1_115' title='bbox 1045 2437 1101 2484; x_wconf 89' lang='lat' dir='ltr'><strong><em>sen</em></strong></span> <span class='ocrx_word' id='word_1_116' title='bbox 1117 2422 1247 2500; x_wconf 90' lang='lat' dir='ltr'><strong><em>capian-</em></strong></span> 
     </span>
     <span class='ocr_line' id='line_1_22' title="bbox 502 2514 1247 2593; baseline -0.008 -11"><span class='ocrx_word' id='word_1_117' title='bbox 502 2526 561 2582; x_wconf 89' lang='lat' dir='ltr'><strong><em>tur</em></strong></span> <span class='ocrx_word' id='word_1_118' title='bbox 582 2516 669 2579; x_wconf 89' lang='lat' dir='ltr'><strong><em>mold</em></strong></span> <span class='ocrx_word' id='word_1_119' title='bbox 685 2517 842 2593; x_wconf 86' lang='lat' dir='ltr'><strong><em>captione.</em></strong></span> <span class='ocrx_word' id='word_1_120' title='bbox 869 2515 1048 2577; x_wconf 86' lang='lat' dir='ltr'><strong><em>Consilium</em></strong></span> <span class='ocrx_word' id='word_1_121' title='bbox 1065 2531 1149 2584; x_wconf 86' lang='lat' dir='ltr'><strong><em>aero,</em></strong></span> <span class='ocrx_word' id='word_1_122' title='bbox 1166 2514 1247 2592; x_wconf 92' lang='lat' dir='ltr'><strong><em>quod</em></strong></span> 
     </span>
     <span class='ocr_line' id='line_1_23' title="bbox 501 2609 1247 2685; baseline -0.005 -12"><span class='ocrx_word' id='word_1_123' title='bbox 501 2612 582 2673; x_wconf 92' lang='lat' dir='ltr'><strong><em>mihi</em></strong></span> <span class='ocrx_word' id='word_1_124' title='bbox 604 2609 764 2672; x_wconf 90' lang='lat' dir='ltr'><strong><em>credituri</em></strong></span> <span class='ocrx_word' id='word_1_125' title='bbox 792 2615 870 2670; x_wconf 90' lang='lat' dir='ltr'><strong><em>sant</em></strong></span> <span class='ocrx_word' id='word_1_126' title='bbox 896 2623 950 2685; x_wconf 87' lang='lat' dir='ltr'><strong><em>per</em></strong></span> <span class='ocrx_word' id='word_1_127' title='bbox 970 2623 1002 2668; x_wconf 90' lang='lat' dir='ltr'><strong><em>se</em></strong></span> <span class='ocrx_word' id='word_1_128' title='bbox 1024 2616 1083 2670; x_wconf 93' lang='lat' dir='ltr'><strong><em>aut</em></strong></span> <span class='ocrx_word' id='word_1_129' title='bbox 1112 2610 1247 2669; x_wconf 88' lang='lat' dir='ltr'><strong><em>nuncios</em></strong></span> 
     </span>
     <span class='ocr_line' id='line_1_24' title="bbox 501 2701 1244 2773; baseline -0.005 -7"><span class='ocrx_word' id='word_1_130' title='bbox 501 2722 556 2768; x_wconf 91' lang='lat' dir='ltr'><strong><em>sen</em></strong></span> <span class='ocrx_word' id='word_1_131' title='bbox 569 2706 693 2773; x_wconf 89' lang='lat' dir='ltr'><strong><em>literas,</em></strong></span> <span class='ocrx_word' id='word_1_132' title='bbox 704 2703 746 2766; x_wconf 93' lang='lat' dir='ltr'><strong><em>ad</em></strong></span> <span class='ocrx_word' id='word_1_133' title='bbox 757 2719 866 2764; x_wconf 90' lang='lat' dir='ltr'><strong><em>eorum</em></strong></span> <span class='ocrx_word' id='word_1_134' title='bbox 878 2701 1042 2770; x_wconf 91' lang='lat' dir='ltr'><strong><em>damnum,</em></strong></span> <span class='ocrx_word' id='word_1_135' title='bbox 1056 2716 1104 2760; x_wconf 91' lang='lat' dir='ltr'><strong><em>me</em></strong></span> <span class='ocrx_word' id='word_1_136' title='bbox 1115 2701 1244 2772; x_wconf 86' lang='lat' dir='ltr'><strong><em>sciente,</em></strong></span> 
     </span>
     <span class='ocr_line' id='line_1_25' title="bbox 502 2793 1246 2876; baseline -0.005 -16"><span class='ocrx_word' id='word_1_137' title='bbox 502 2799 624 2860; x_wconf 87' lang='lat' dir='ltr'><strong><em>nemini</em></strong></span> <span class='ocrx_word' id='word_1_138' title='bbox 645 2797 794 2876; x_wconf 89' lang='lat' dir='ltr'><strong><em>pandam.</em></strong></span> <span class='ocrx_word' id='word_1_139' title='bbox 824 2796 986 2876; x_wconf 88' lang='lat' dir='ltr'><strong><em>Populum</em></strong></span> <span class='ocrx_word' id='word_1_140' title='bbox 1015 2793 1195 2856; x_wconf 86' lang='lat' dir='ltr'><strong><em>Romanum</em></strong></span> <span class='ocrx_word' id='word_1_141' title='bbox 1217 2803 1246 2856; x_wconf 91' lang='lat' dir='ltr'><strong><em>et</em></strong></span> 
     </span>
     <span class='ocr_line' id='line_1_26' title="bbox 502 2889 1247 2972; baseline -0.005 -19"><span class='ocrx_word' id='word_1_142' title='bbox 502 2892 636 2972; x_wconf 89' lang='lat' dir='ltr'><strong><em>Ileqnlia</em></strong></span> <span class='ocrx_word' id='word_1_143' title='bbox 660 2891 690 2954; x_wconf 89' lang='lat' dir='ltr'><strong><em>S.</em></strong></span> <span class='ocrx_word' id='word_1_144' title='bbox 715 2890 817 2960; x_wconf 90' lang='lat' dir='ltr'><strong><em>Petri,</em></strong></span> <span class='ocrx_word' id='word_1_145' title='bbox 842 2891 975 2953; x_wconf 89' lang='lat' dir='ltr'><strong><em>adiutor</em></strong></span> <span class='ocrx_word' id='word_1_146' title='bbox 996 2891 1040 2950; x_wconf 91' lang='lat' dir='ltr'><strong><em>eis</em></strong></span> <span class='ocrx_word' id='word_1_147' title='bbox 1063 2905 1115 2950; x_wconf 91' lang='lat' dir='ltr'><strong><em>ero</em></strong></span> <span class='ocrx_word' id='word_1_148' title='bbox 1137 2889 1178 2952; x_wconf 92' lang='lat' dir='ltr'><strong><em>ad</em></strong></span> <span class='ocrx_word' id='word_1_149' title='bbox 1200 2905 1247 2950; x_wconf 90' lang='lat' dir='ltr'><strong><em>re-</em></strong></span> 
     </span>
     <span class='ocr_line' id='line_1_27' title="bbox 502 2984 1247 3066; baseline -0.007 -17"><span class='ocrx_word' id='word_1_150' title='bbox 502 2987 683 3058; x_wconf 84' lang='lat' dir='ltr'><strong><em>timendum,</em></strong></span> <span class='ocrx_word' id='word_1_151' title='bbox 700 2993 728 3047; x_wconf 91' lang='lat' dir='ltr'><strong><em>et</em></strong></span> <span class='ocrx_word' id='word_1_152' title='bbox 745 2984 975 3066; x_wconf 71' lang='lat' dir='ltr'><strong><em>defendendum</em></strong></span> <span class='ocrx_word' id='word_1_153' title='bbox 998 2991 1112 3046; x_wconf 89' lang='lat' dir='ltr'><strong><em>contro</em></strong></span> <span class='ocrx_word' id='word_1_154' title='bbox 1126 3000 1247 3046; x_wconf 89' lang='lat' dir='ltr'><strong><em>omnem</em></strong></span> 
     </span>
     <span class='ocr_line' id='line_1_28' title="bbox 502 3077 1247 3160; baseline -0.005 -18"><span class='ocrx_word' id='word_1_155' title='bbox 502 3081 670 3143; x_wconf 87' lang='lat' dir='ltr'><strong><em>hominem.</em></strong></span> <span class='ocrx_word' id='word_1_156' title='bbox 700 3079 853 3160; x_wconf 87' lang='lat' dir='ltr'><strong><em>Lepatnm</em></strong></span> <span class='ocrx_word' id='word_1_157' title='bbox 880 3079 1079 3156; x_wconf 86' lang='lat' dir='ltr'><strong><em>Apostolicae</em></strong></span> <span class='ocrx_word' id='word_1_158' title='bbox 1101 3077 1189 3141; x_wconf 88' lang='lat' dir='ltr'><strong><em>Sedis</em></strong></span> <span class='ocrx_word' id='word_1_159' title='bbox 1212 3079 1247 3139; x_wconf 89' lang='lat' dir='ltr'><strong><em>iu</em></strong></span> 
     </span>
     <span class='ocr_line' id='line_1_29' title="bbox 501 3171 1245 3252; baseline -0.005 -16"><span class='ocrx_word' id='word_1_160' title='bbox 501 3175 602 3239; x_wconf 90' lang='lat' dir='ltr'><strong><em>eundo</em></strong></span> <span class='ocrx_word' id='word_1_161' title='bbox 630 3181 659 3237; x_wconf 93' lang='lat' dir='ltr'><strong><em>et</em></strong></span> <span class='ocrx_word' id='word_1_162' title='bbox 689 3174 850 3237; x_wconf 86' lang='lat' dir='ltr'><strong><em>redeundo</em></strong></span> <span class='ocrx_word' id='word_1_163' title='bbox 879 3173 1048 3252; x_wconf 76' lang='lat' dir='ltr'><strong><em>honorilice</em></strong></span> <span class='ocrx_word' id='word_1_164' title='bbox 1081 3171 1245 3243; x_wconf 85' lang='lat' dir='ltr'><strong><em>tractabo,</em></strong></span> 
     </span>
     <span class='ocr_line' id='line_1_30' title="bbox 500 3263 1247 3332; baseline -0.005 -2"><span class='ocrx_word' id='word_1_165' title='bbox 500 3276 531 3332; x_wconf 90' lang='lat' dir='ltr'><strong><em>et</em></strong></span> <span class='ocrx_word' id='word_1_166' title='bbox 552 3269 589 3331; x_wconf 91' lang='lat' dir='ltr'><strong><em>in</em></strong></span> <span class='ocrx_word' id='word_1_167' title='bbox 610 3269 678 3330; x_wconf 90' lang='lat' dir='ltr'><strong><em>suis</em></strong></span> <span class='ocrx_word' id='word_1_168' title='bbox 694 3265 938 3329; x_wconf 88' lang='lat' dir='ltr'><strong><em>necessitatibus</em></strong></span> <span class='ocrx_word' id='word_1_169' title='bbox 961 3263 1129 3328; x_wconf 84' lang='lat' dir='ltr'><strong><em>adiutabo.</em></strong></span> <span class='ocrx_word' id='word_1_170' title='bbox 1156 3265 1247 3327; x_wconf 89' lang='lat' dir='ltr'><strong><em>Voco-</em></strong></span> 
     </span>
     <span class='ocr_line' id='line_1_31' title="bbox 502 3359 1246 3438; baseline -0.005 -14"><span class='ocrx_word' id='word_1_171' title='bbox 502 3367 556 3424; x_wconf 91' lang='lat' dir='ltr'><strong><em>tus</em></strong></span> <span class='ocrx_word' id='word_1_172' title='bbox 571 3363 612 3425; x_wconf 94' lang='lat' dir='ltr'><strong><em>ad</em></strong></span> <span class='ocrx_word' id='word_1_173' title='bbox 623 3361 785 3438; x_wconf 85' lang='lat' dir='ltr'><strong><em>Sqnodam</em></strong></span> <span class='ocrx_word' id='word_1_174' title='bbox 800 3361 938 3431; x_wconf 88' lang='lat' dir='ltr'><strong><em>veniam,</em></strong></span> <span class='ocrx_word' id='word_1_175' title='bbox 955 3359 1018 3420; x_wconf 87' lang='lat' dir='ltr'><strong><em>nisi</em></strong></span> <span class='ocrx_word' id='word_1_176' title='bbox 1040 3359 1246 3437; x_wconf 88' lang='lat' dir='ltr'><strong><em>praepeditas</em></strong></span> 
     </span>
     <span class='ocr_line' id='line_1_32' title="bbox 501 3452 1245 3535; baseline -0.005 -17"><span class='ocrx_word' id='word_1_177' title='bbox 501 3459 594 3535; x_wconf 75' lang='lat' dir='ltr'><strong><em>luero</em></strong></span> <span class='ocrx_word' id='word_1_178' title='bbox 624 3455 779 3518; x_wconf 90' lang='lat' dir='ltr'><strong><em>canonicd</em></strong></span> <span class='ocrx_word' id='word_1_179' title='bbox 806 3453 1054 3532; x_wconf 78' lang='lat' dir='ltr'><strong><em>praepeditione.</em></strong></span> <span class='ocrx_word' id='word_1_180' title='bbox 1085 3452 1245 3531; x_wconf 85' lang='lat' dir='ltr'><strong><em>Apostolo-</em></strong></span> 
     </span>
    </p>
   </div>
   <div class='ocr_carea' id='block_1_3' title="bbox 500 3546 1248 3627">
    <p class='ocr_par' dir='ltr' id='par_1_5' title="bbox 500 3546 1248 3627">
     <span class='ocr_line' id='line_1_33' title="bbox 500 3546 1248 3627; baseline -0.001 -18"><span class='ocrx_word' id='word_1_181' title='bbox 500 3566 574 3612; x_wconf 89' lang='lat' dir='ltr'><strong><em>rum</em></strong></span> <span class='ocrx_word' id='word_1_182' title='bbox 597 3550 711 3611; x_wconf 89' lang='lat' dir='ltr'><strong><em>limiuo</em></strong></span> <span class='ocrx_word' id='word_1_183' title='bbox 732 3547 874 3627; x_wconf 88' lang='lat' dir='ltr'><strong><em>sinpulis</em></strong></span> <span class='ocrx_word' id='word_1_184' title='bbox 899 3546 1122 3625; x_wconf 78' lang='lat' dir='ltr'><strong><em>quadrienniis</em></strong></span> <span class='ocrx_word' id='word_1_185' title='bbox 1143 3562 1248 3626; x_wconf 90' lang='lat' dir='ltr'><strong><em>perso-</em></strong></span> 
     </span>
    </p>
   </div>
   <div class='ocr_carea' id='block_1_4' title="bbox 500 3639 1247 3906">
    <p class='ocr_par' dir='ltr' id='par_1_6' title="bbox 500 3639 1247 3906">
     <span class='ocr_line' id='line_1_34' title="bbox 500 3639 1246 3720; baseline -0.005 -16"><span class='ocrx_word' id='word_1_186' title='bbox 500 3643 623 3705; x_wconf 89' lang='lat' dir='ltr'><strong><em>naliter</em></strong></span> <span class='ocrx_word' id='word_1_187' title='bbox 637 3639 776 3704; x_wconf 89' lang='lat' dir='ltr'><strong><em>aisitobo</em></strong></span> <span class='ocrx_word' id='word_1_188' title='bbox 792 3649 851 3702; x_wconf 91' lang='lat' dir='ltr'><strong><em>aut</em></strong></span> <span class='ocrx_word' id='word_1_189' title='bbox 866 3656 922 3720; x_wconf 92' lang='lat' dir='ltr'><strong><em>per</em></strong></span> <span class='ocrx_word' id='word_1_190' title='bbox 936 3655 983 3700; x_wconf 91' lang='lat' dir='ltr'><strong><em>me</em></strong></span> <span class='ocrx_word' id='word_1_191' title='bbox 998 3647 1056 3702; x_wconf 92' lang='lat' dir='ltr'><strong><em>aut</em></strong></span> <span class='ocrx_word' id='word_1_192' title='bbox 1071 3656 1128 3718; x_wconf 91' lang='lat' dir='ltr'><strong><em>per</em></strong></span> <span class='ocrx_word' id='word_1_193' title='bbox 1142 3657 1246 3702; x_wconf 92' lang='lat' dir='ltr'><strong><em>meum</em></strong></span> 
     </span>
     <span class='ocr_line' id='line_1_35' title="bbox 500 3731 1244 3811; baseline -0.004 -14"><span class='ocrx_word' id='word_1_194' title='bbox 500 3736 670 3807; x_wconf 85' lang='lat' dir='ltr'><strong><em>nuncium,</em></strong></span> <span class='ocrx_word' id='word_1_195' title='bbox 693 3735 759 3796; x_wconf 90' lang='lat' dir='ltr'><strong><em>nisi</em></strong></span> <span class='ocrx_word' id='word_1_196' title='bbox 781 3732 958 3811; x_wconf 78' lang='lat' dir='ltr'><strong><em>apostolici</em></strong></span> <span class='ocrx_word' id='word_1_197' title='bbox 980 3731 1127 3796; x_wconf 85' lang='lat' dir='ltr'><strong><em>absolvar</em></strong></span> <span class='ocrx_word' id='word_1_198' title='bbox 1149 3734 1244 3795; x_wconf 92' lang='lat' dir='ltr'><strong><em>licen·</em></strong></span> 
     </span>
     <span class='ocr_line' id='line_1_36' title="bbox 501 3828 1247 3906; baseline -0.001 -16"><span class='ocrx_word' id='word_1_199' title='bbox 501 3828 568 3891; x_wconf 87' lang='lat' dir='ltr'><strong><em>tid:</em></strong></span> <span class='ocrx_word' id='word_1_200' title='bbox 590 3829 797 3906; x_wconf 86' lang='lat' dir='ltr'><strong><em>possessiones</em></strong></span> <span class='ocrx_word' id='word_1_201' title='bbox 812 3843 884 3888; x_wconf 85' lang='lat' dir='ltr'><strong><em>uero</em></strong></span> <span class='ocrx_word' id='word_1_202' title='bbox 899 3828 940 3889; x_wconf 91' lang='lat' dir='ltr'><strong><em>ad</em></strong></span> <span class='ocrx_word' id='word_1_203' title='bbox 955 3844 1094 3890; x_wconf 88' lang='lat' dir='ltr'><strong><em>mensam</em></strong></span> <span class='ocrx_word' id='word_1_204' title='bbox 1115 3828 1178 3889; x_wconf 90' lang='lat' dir='ltr'><strong><em>mei</em></strong></span> <span class='ocrx_word' id='word_1_205' title='bbox 1191 3844 1247 3906; x_wconf 90' lang='lat' dir='ltr'><strong><em>pa-</em></strong></span> 
     </span>
    </p>
   </div>
   <div class='ocr_carea' id='block_1_5' title="bbox 501 3921 1247 3999">
    <p class='ocr_par' dir='ltr' id='par_1_7' title="bbox 501 3921 1247 3999">
     <span class='ocr_line' id='line_1_37' title="bbox 501 3921 1247 3999; baseline 0 -16"><span class='ocrx_word' id='word_1_206' title='bbox 501 3921 706 3985; x_wconf 84' lang='lat' dir='ltr'><strong><em>triarchatus</em></strong></span> <span class='ocrx_word' id='word_1_207' title='bbox 727 3923 925 3999; x_wconf 89' lang='lat' dir='ltr'><strong><em>pertinentes</em></strong></span> <span class='ocrx_word' id='word_1_208' title='bbox 947 3938 1010 3983; x_wconf 94' lang='lat' dir='ltr'><strong><em>non</em></strong></span> <span class='ocrx_word' id='word_1_209' title='bbox 1032 3923 1175 3992; x_wconf 82' lang='lat' dir='ltr'><strong><em>cendam,</em></strong></span> <span class='ocrx_word' id='word_1_210' title='bbox 1194 3941 1247 3984; x_wconf 93' lang='lat' dir='ltr'><strong><em>ne·</em></strong></span> 
     </span>
    </p>
   </div>
   <div class='ocr_carea' id='block_1_6' title="bbox 493 4012 1245 5571">
    <p class='ocr_par' dir='ltr' id='par_1_8' title="bbox 494 4012 1245 4840">
     <span class='ocr_line' id='line_1_38' title="bbox 499 4012 1245 4094; baseline -0.003 -16"><span class='ocrx_word' id='word_1_211' title='bbox 499 4033 557 4094; x_wconf 90' lang='lat' dir='ltr'><strong><em>que</em></strong></span> <span class='ocrx_word' id='word_1_212' title='bbox 579 4013 709 4086; x_wconf 90' lang='lat' dir='ltr'><strong><em>donabo,</em></strong></span> <span class='ocrx_word' id='word_1_213' title='bbox 735 4031 831 4092; x_wconf 90' lang='lat' dir='ltr'><strong><em>neque</em></strong></span> <span class='ocrx_word' id='word_1_214' title='bbox 851 4012 1080 4094; x_wconf 86' lang='lat' dir='ltr'><strong><em>impipnoraho,</em></strong></span> <span class='ocrx_word' id='word_1_215' title='bbox 1098 4033 1195 4094; x_wconf 89' lang='lat' dir='ltr'><strong><em>neque</em></strong></span> <span class='ocrx_word' id='word_1_216' title='bbox 1210 4015 1245 4077; x_wconf 90' lang='lat' dir='ltr'><strong><em>de</em></strong></span> 
     </span>
     <span class='ocr_line' id='line_1_39' title="bbox 499 4108 1243 4192; baseline 0.001 -21"><span class='ocrx_word' id='word_1_217' title='bbox 499 4127 578 4172; x_wconf 87' lang='lat' dir='ltr'><strong><em>nouo</em></strong></span> <span class='ocrx_word' id='word_1_218' title='bbox 600 4108 773 4192; x_wconf 74' lang='lat' dir='ltr'><strong><em>infeudabo</em></strong></span> <span class='ocrx_word' id='word_1_219' title='bbox 788 4109 834 4171; x_wconf 88' lang='lat' dir='ltr'><strong><em>ael</em></strong></span> <span class='ocrx_word' id='word_1_220' title='bbox 852 4109 1064 4188; x_wconf 90' lang='lat' dir='ltr'><strong><em>aliquomodo</em></strong></span> <span class='ocrx_word' id='word_1_221' title='bbox 1085 4109 1243 4182; x_wconf 89' lang='lat' dir='ltr'><strong><em>alienabo,</em></strong></span> 
     </span>
     <span class='ocr_line' id='line_1_40' title="bbox 498 4203 1244 4281; baseline -0.001 -15"><span class='ocrx_word' id='word_1_222' title='bbox 498 4203 680 4266; x_wconf 89' lang='lat' dir='ltr'><strong><em>inconsulto</em></strong></span> <span class='ocrx_word' id='word_1_223' title='bbox 702 4203 843 4266; x_wconf 85' lang='lat' dir='ltr'><strong><em>Romano</em></strong></span> <span class='ocrx_word' id='word_1_224' title='bbox 859 4203 1024 4281; x_wconf 71' lang='lat' dir='ltr'><strong><em>Pantitae,</em></strong></span> <span class='ocrx_word' id='word_1_225' title='bbox 1042 4204 1244 4266; x_wconf 86' lang='lat' dir='ltr'><strong><em>etconstitu·</em></strong></span> 
     </span>
     <span class='ocr_line' id='line_1_41' title="bbox 497 4294 1244 4375; baseline -0.001 -17"><span class='ocrx_word' id='word_1_226' title='bbox 497 4297 616 4358; x_wconf 90' lang='lat' dir='ltr'><strong><em>tionem</em></strong></span> <span class='ocrx_word' id='word_1_227' title='bbox 650 4313 747 4374; x_wconf 87' lang='lat' dir='ltr'><strong><em>super</em></strong></span> <span class='ocrx_word' id='word_1_228' title='bbox 780 4294 999 4375; x_wconf 84' lang='lat' dir='ltr'><strong><em>prohibitione</em></strong></span> <span class='ocrx_word' id='word_1_229' title='bbox 1030 4296 1244 4358; x_wconf 86' lang='lat' dir='ltr'><strong><em>incestitura-</em></strong></span> 
     </span>
     <span class='ocr_line' id='line_1_42' title="bbox 497 4386 1242 4466; baseline 0 -16"><span class='ocrx_word' id='word_1_230' title='bbox 497 4406 582 4462; x_wconf 86' lang='lat' dir='ltr'><strong><em>rum,</em></strong></span> <span class='ocrx_word' id='word_1_231' title='bbox 606 4386 759 4451; x_wconf 91' lang='lat' dir='ltr'><strong><em>bonorum</em></strong></span> <span class='ocrx_word' id='word_1_232' title='bbox 783 4388 1099 4451; x_wconf 89' lang='lat' dir='ltr'><strong><em>iurisdictiouoliam</em></strong></span> <span class='ocrx_word' id='word_1_233' title='bbox 1115 4390 1161 4466; x_wconf 19' lang='lat' dir='ltr'><strong><em>,od</em></strong></span> <span class='ocrx_word' id='word_1_234' title='bbox 1185 4391 1242 4452; x_wconf 91' lang='lat' dir='ltr'><strong><em>Ec-</em></strong></span> 
     </span>
     <span class='ocr_line' id='line_1_43' title="bbox 496 4483 1243 4564; baseline 0.004 -21"><span class='ocrx_word' id='word_1_235' title='bbox 496 4483 609 4544; x_wconf 89' lang='lat' dir='ltr'><strong><em>clesios</em></strong></span> <span class='ocrx_word' id='word_1_236' title='bbox 637 4483 810 4564; x_wconf 67' lang='lat' dir='ltr'><strong><em>litteriones</em></strong></span> <span class='ocrx_word' id='word_1_237' title='bbox 839 4483 1067 4560; x_wconf 88' lang='lat' dir='ltr'><strong><em>spectantium,</em></strong></span> <span class='ocrx_word' id='word_1_238' title='bbox 1096 4483 1132 4544; x_wconf 91' lang='lat' dir='ltr'><strong><em>de</em></strong></span> <span class='ocrx_word' id='word_1_239' title='bbox 1158 4499 1243 4546; x_wconf 90' lang='lat' dir='ltr'><strong><em>anno</em></strong></span> 
     </span>
     <span class='ocr_line' id='line_1_44' title="bbox 496 4573 1242 4653; baseline -0.001 -17"><span class='ocrx_word' id='word_1_240' title='bbox 496 4573 625 4636; x_wconf 87' lang='lat' dir='ltr'><strong><em>Domini</em></strong></span> <span class='ocrx_word' id='word_1_241' title='bbox 654 4573 822 4635; x_wconf 88' lang='lat' dir='ltr'><strong><em>millesimo</em></strong></span> <span class='ocrx_word' id='word_1_242' title='bbox 842 4573 1070 4636; x_wconf 78' lang='lat' dir='ltr'><strong><em>sescentesimo</em></strong></span> <span class='ocrx_word' id='word_1_243' title='bbox 1091 4575 1242 4653; x_wconf 87' lang='lat' dir='ltr'><strong><em>aipesimo</em></strong></span> 
     </span>
     <span class='ocr_line' id='line_1_45' title="bbox 495 4665 1242 4746; baseline 0.001 -17"><span class='ocrx_word' id='word_1_244' title='bbox 495 4669 606 4746; x_wconf 88' lang='lat' dir='ltr'><strong><em>quinto</em></strong></span> <span class='ocrx_word' id='word_1_245' title='bbox 621 4668 752 4738; x_wconf 88' lang='lat' dir='ltr'><strong><em>editam,</em></strong></span> <span class='ocrx_word' id='word_1_246' title='bbox 769 4665 908 4738; x_wconf 85' lang='lat' dir='ltr'><strong><em>servabo,</em></strong></span> <span class='ocrx_word' id='word_1_247' title='bbox 926 4669 973 4728; x_wconf 91' lang='lat' dir='ltr'><strong><em>sic</em></strong></span> <span class='ocrx_word' id='word_1_248' title='bbox 988 4682 1036 4727; x_wconf 91' lang='lat' dir='ltr'><strong><em>me</em></strong></span> <span class='ocrx_word' id='word_1_249' title='bbox 1050 4667 1133 4730; x_wconf 83' lang='lat' dir='ltr'><strong><em>neas</em></strong></span> <span class='ocrx_word' id='word_1_250' title='bbox 1149 4667 1242 4730; x_wconf 83' lang='lat' dir='ltr'><strong><em>odire-</em></strong></span> 
     </span>
     <span class='ocr_line' id='line_1_46' title="bbox 494 4758 1133 4840; baseline 0.002 -18"><span class='ocrx_word' id='word_1_251' title='bbox 494 4770 557 4832; x_wconf 89' lang='lat' dir='ltr'><strong><em>aet,</em></strong></span> <span class='ocrx_word' id='word_1_252' title='bbox 580 4766 611 4823; x_wconf 90' lang='lat' dir='ltr'><strong><em>et</em></strong></span> <span class='ocrx_word' id='word_1_253' title='bbox 633 4761 709 4823; x_wconf 90' lang='lat' dir='ltr'><strong><em>hoec</em></strong></span> <span class='ocrx_word' id='word_1_254' title='bbox 729 4765 843 4823; x_wconf 91' lang='lat' dir='ltr'><strong><em>sancta</em></strong></span> <span class='ocrx_word' id='word_1_255' title='bbox 866 4758 924 4820; x_wconf 84' lang='lat' dir='ltr'><strong><em>ilai</em></strong></span> <span class='ocrx_word' id='word_1_256' title='bbox 946 4759 1133 4840; x_wconf 87' lang='lat' dir='ltr'><strong><em>annpelio.</em></strong></span> 
     </span>
    </p>

    <p class='ocr_par' dir='ltr' id='par_1_9' title="bbox 493 4854 1241 5571">
     <span class='ocr_line' id='line_1_47' title="bbox 534 4854 1241 4931; baseline 0.001 -14"><span class='ocrx_word' id='word_1_257' title='bbox 534 4855 602 4931; x_wconf 65' lang='lat' dir='ltr'><strong><em>§.h</em></strong></span> <span class='ocrx_word' id='word_1_258' title='bbox 628 4854 780 4917; x_wconf 88' lang='lat' dir='ltr'><strong><em>Volumus</em></strong></span> <span class='ocrx_word' id='word_1_259' title='bbox 811 4860 932 4928; x_wconf 90' lang='lat' dir='ltr'><strong><em>autem,</em></strong></span> <span class='ocrx_word' id='word_1_260' title='bbox 956 4862 991 4915; x_wconf 89' lang='lat' dir='ltr'><strong><em>ut</em></strong></span> <span class='ocrx_word' id='word_1_261' title='bbox 1018 4854 1121 4916; x_wconf 89' lang='lat' dir='ltr'><strong><em>statim</em></strong></span> <span class='ocrx_word' id='word_1_262' title='bbox 1144 4873 1176 4916; x_wconf 89' lang='lat' dir='ltr'><strong><em>ao</em></strong></span> <span class='ocrx_word' id='word_1_263' title='bbox 1203 4857 1241 4918; x_wconf 92' lang='lat' dir='ltr'><strong><em>de</em></strong></span> 
     </span>
     <span class='ocr_line' id='line_1_48' title="bbox 494 4947 1241 5028; baseline 0 -18"><span class='ocrx_word' id='word_1_264' title='bbox 494 4948 645 5028; x_wconf 89' lang='lat' dir='ltr'><strong><em>petitione</em></strong></span> <span class='ocrx_word' id='word_1_265' title='bbox 659 4948 743 5027; x_wconf 87' lang='lat' dir='ltr'><strong><em>pallii</em></strong></span> <span class='ocrx_word' id='word_1_266' title='bbox 764 4947 941 5010; x_wconf 88' lang='lat' dir='ltr'><strong><em>huiusmodi</em></strong></span> <span class='ocrx_word' id='word_1_267' title='bbox 957 4948 1071 5026; x_wconf 89' lang='lat' dir='ltr'><strong><em>absque</em></strong></span> <span class='ocrx_word' id='word_1_268' title='bbox 1094 4950 1138 5010; x_wconf 90' lang='lat' dir='ltr'><strong><em>tui</em></strong></span> <span class='ocrx_word' id='word_1_269' title='bbox 1154 4963 1241 5010; x_wconf 89' lang='lat' dir='ltr'><strong><em>man·</em></strong></span> 
     </span>
     <span class='ocr_line' id='line_1_49' title="bbox 494 5039 1240 5119; baseline 0.003 -19"><span class='ocrx_word' id='word_1_270' title='bbox 494 5041 563 5102; x_wconf 88' lang='lat' dir='ltr'><strong><em>dato</em></strong></span> <span class='ocrx_word' id='word_1_271' title='bbox 576 5055 722 5119; x_wconf 83' lang='lat' dir='ltr'><strong><em>procuras</em></strong></span> <span class='ocrx_word' id='word_1_272' title='bbox 731 5039 808 5102; x_wconf 83' lang='lat' dir='ltr'><strong><em>tacta</em></strong></span> <span class='ocrx_word' id='word_1_273' title='bbox 820 5039 973 5102; x_wconf 89' lang='lat' dir='ltr'><strong><em>nuncium</em></strong></span> <span class='ocrx_word' id='word_1_274' title='bbox 983 5042 1146 5119; x_wconf 84' lang='lat' dir='ltr'><strong><em>acceperis,</em></strong></span> <span class='ocrx_word' id='word_1_275' title='bbox 1159 5057 1240 5103; x_wconf 87' lang='lat' dir='ltr'><strong><em>eam-</em></strong></span> 
     </span>
     <span class='ocr_line' id='line_1_50' title="bbox 494 5133 1238 5211; baseline 0.003 -17"><span class='ocrx_word' id='word_1_276' title='bbox 494 5133 565 5195; x_wconf 87' lang='lat' dir='ltr'><strong><em>dem</em></strong></span> <span class='ocrx_word' id='word_1_277' title='bbox 587 5139 684 5196; x_wconf 86' lang='lat' dir='ltr'><strong><em>ratnm</em></strong></span> <span class='ocrx_word' id='word_1_278' title='bbox 706 5134 819 5195; x_wconf 86' lang='lat' dir='ltr'><strong><em>babere</em></strong></span> <span class='ocrx_word' id='word_1_279' title='bbox 841 5141 872 5194; x_wconf 91' lang='lat' dir='ltr'><strong><em>et</em></strong></span> <span class='ocrx_word' id='word_1_280' title='bbox 893 5133 980 5196; x_wconf 88' lang='lat' dir='ltr'><strong><em>nobis</em></strong></span> <span class='ocrx_word' id='word_1_281' title='bbox 1002 5134 1115 5209; x_wconf 83' lang='lat' dir='ltr'><strong><em>gratias</em></strong></span> <span class='ocrx_word' id='word_1_282' title='bbox 1135 5151 1238 5211; x_wconf 83' lang='lat' dir='ltr'><strong><em>agere,</em></strong></span> 
     </span>
     <span class='ocr_line' id='line_1_51' title="bbox 493 5225 1239 5306; baseline 0.001 -18"><span class='ocrx_word' id='word_1_283' title='bbox 493 5228 805 5306; x_wconf 82' lang='lat' dir='ltr'><strong><em>instrumentumque</em></strong></span> <span class='ocrx_word' id='word_1_284' title='bbox 820 5225 1047 5288; x_wconf 85' lang='lat' dir='ltr'><strong><em>ratihabitionis</em></strong></span> <span class='ocrx_word' id='word_1_285' title='bbox 1063 5228 1239 5290; x_wconf 81' lang='lat' dir='ltr'><strong><em>huiusmodi</em></strong></span> 
     </span>
     <span class='ocr_line' id='line_1_52' title="bbox 494 5321 1239 5400; baseline 0 -18"><span class='ocrx_word' id='word_1_286' title='bbox 494 5321 529 5382; x_wconf 89' lang='lat' dir='ltr'><strong><em>ad</em></strong></span> <span class='ocrx_word' id='word_1_287' title='bbox 552 5321 667 5384; x_wconf 83' lang='lat' dir='ltr'><strong><em>Urbem</em></strong></span> <span class='ocrx_word' id='word_1_288' title='bbox 681 5321 890 5400; x_wconf 87' lang='lat' dir='ltr'><strong><em>quantocitius</em></strong></span> <span class='ocrx_word' id='word_1_289' title='bbox 912 5321 1123 5384; x_wconf 86' lang='lat' dir='ltr'><strong><em>transmittere</em></strong></span> <span class='ocrx_word' id='word_1_290' title='bbox 1138 5322 1239 5384; x_wconf 90' lang='lat' dir='ltr'><strong><em>omni-</em></strong></span> 
     </span>
     <span class='ocr_line' id='line_1_53' title="bbox 493 5414 1237 5492; baseline 0 -14"><span class='ocrx_word' id='word_1_291' title='bbox 493 5431 533 5478; x_wconf 91' lang='lat' dir='ltr'><strong><em>no</em></strong></span> <span class='ocrx_word' id='word_1_292' title='bbox 550 5415 693 5490; x_wconf 86' lang='lat' dir='ltr'><strong><em>tenearis,</em></strong></span> <span class='ocrx_word' id='word_1_293' title='bbox 707 5423 737 5478; x_wconf 90' lang='lat' dir='ltr'><strong><em>et</em></strong></span> <span class='ocrx_word' id='word_1_294' title='bbox 751 5415 878 5477; x_wconf 89' lang='lat' dir='ltr'><strong><em>interim</em></strong></span> <span class='ocrx_word' id='word_1_295' title='bbox 894 5414 987 5477; x_wconf 87' lang='lat' dir='ltr'><strong><em>Pallio</em></strong></span> <span class='ocrx_word' id='word_1_296' title='bbox 1003 5415 1156 5492; x_wconf 89' lang='lat' dir='ltr'><strong><em>praedicto</em></strong></span> <span class='ocrx_word' id='word_1_297' title='bbox 1173 5431 1237 5478; x_wconf 92' lang='lat' dir='ltr'><strong><em>non</em></strong></span> 
     </span>
     <span class='ocr_line' id='line_1_54' title="bbox 495 5509 599 5571; baseline -0.029 -1"><span class='ocrx_word' id='word_1_298' title='bbox 495 5509 599 5571; x_wconf 88' lang='lat' dir='ltr'><strong><em>utaris.</em></strong></span> 
     </span>
    </p>
   </div>
   <div class='ocr_carea' id='block_1_7' title="bbox 491 5779 1237 5974">
    <p class='ocr_par' dir='ltr' id='par_1_10' title="bbox 491 5779 1237 5974">
     <span class='ocr_line' id='line_1_55' title="bbox 534 5779 1237 5836; baseline 0.01 -13"><span class='ocrx_word' id='word_1_299' title='bbox 534 5781 563 5836; x_wconf 87' lang='lat' dir='ltr'><strong><em>(l)</em></strong></span> <span class='ocrx_word' id='word_1_300' title='bbox 578 5781 672 5825; x_wconf 71' lang='lat' dir='ltr'><strong><em>Essem</em></strong></span> <span class='ocrx_word' id='word_1_301' title='bbox 685 5779 735 5826; x_wconf 84' lang='lat' dir='ltr'><strong><em>suit</em></strong></span> <span class='ocrx_word' id='word_1_302' title='bbox 749 5780 910 5827; x_wconf 84' lang='lat' dir='ltr'><strong><em>universitas</em></strong></span> <span class='ocrx_word' id='word_1_303' title='bbox 924 5781 1073 5829; x_wconf 87' lang='lat' dir='ltr'><strong><em>incivitate</em></strong></span> <span class='ocrx_word' id='word_1_304' title='bbox 1087 5783 1237 5830; x_wconf 86' lang='lat' dir='ltr'><strong><em>Gualimaia</em></strong></span> 
     </span>
     <span class='ocr_line' id='line_1_56' title="bbox 492 5847 1236 5908; baseline 0.003 -14"><span class='ocrx_word' id='word_1_305' title='bbox 492 5847 525 5894; x_wconf 86' lang='lat' dir='ltr'><strong><em>ab</em></strong></span> <span class='ocrx_word' id='word_1_306' title='bbox 539 5852 624 5893; x_wconf 81' lang='lat' dir='ltr'><strong><em>innoc.</em></strong></span> <span class='ocrx_word' id='word_1_307' title='bbox 639 5850 680 5892; x_wconf 79' lang='lat' dir='ltr'><strong><em>xl.</em></strong></span> <span class='ocrx_word' id='word_1_308' title='bbox 694 5847 799 5894; x_wconf 87' lang='lat' dir='ltr'><strong><em>constit.</em></strong></span> <span class='ocrx_word' id='word_1_309' title='bbox 815 5849 877 5894; x_wconf 89' lang='lat' dir='ltr'><strong><em>edit.</em></strong></span> <span class='ocrx_word' id='word_1_310' title='bbox 888 5861 1072 5904; x_wconf 80' lang='lat' dir='ltr'><strong><em>uncoxxxvrn,</em></strong></span> <span class='ocrx_word' id='word_1_311' title='bbox 1082 5850 1141 5895; x_wconf 90' lang='lat' dir='ltr'><strong><em>iulii</em></strong></span> <span class='ocrx_word' id='word_1_312' title='bbox 1152 5861 1236 5908; x_wconf 78' lang='lat' dir='ltr'><strong><em>xvnn,</em></strong></span> 
     </span>
     <span class='ocr_line' id='line_1_57' title="bbox 491 5915 1237 5974; baseline 0.003 -11"><span class='ocrx_word' id='word_1_313' title='bbox 491 5916 609 5974; x_wconf 80' lang='lat' dir='ltr'><strong><em>itemque</em></strong></span> <span class='ocrx_word' id='word_1_314' title='bbox 623 5916 708 5962; x_wconf 84' lang='lat' dir='ltr'><strong><em>altera</em></strong></span> <span class='ocrx_word' id='word_1_315' title='bbox 721 5915 748 5961; x_wconf 90' lang='lat' dir='ltr'><strong><em>in</em></strong></span> <span class='ocrx_word' id='word_1_316' title='bbox 762 5915 869 5964; x_wconf 84' lang='lat' dir='ltr'><strong><em>civitate</em></strong></span> <span class='ocrx_word' id='word_1_317' title='bbox 884 5919 907 5963; x_wconf 85' lang='lat' dir='ltr'><strong><em>S.</em></strong></span> <span class='ocrx_word' id='word_1_318' title='bbox 924 5917 1010 5965; x_wconf 85' lang='lat' dir='ltr'><strong><em>iacobi</em></strong></span> <span class='ocrx_word' id='word_1_319' title='bbox 1023 5917 1055 5963; x_wconf 89' lang='lat' dir='ltr'><strong><em>de</em></strong></span> <span class='ocrx_word' id='word_1_320' title='bbox 1069 5921 1138 5965; x_wconf 87' lang='lat' dir='ltr'><strong><em>Leon</em></strong></span> <span class='ocrx_word' id='word_1_321' title='bbox 1151 5919 1183 5964; x_wconf 85' lang='lat' dir='ltr'><strong><em>da</em></strong></span> <span class='ocrx_word' id='word_1_322' title='bbox 1193 5922 1237 5966; x_wconf 85' lang='lat' dir='ltr'><strong><em>Cn·</em></strong></span> 
     </span>
    </p>
   </div>
   <div class='ocr_carea' id='block_1_8' title="bbox 1029 515 1527 564">
    <p class='ocr_par' dir='ltr' id='par_1_11' title="bbox 1029 515 1527 564">
     <span class='ocr_line' id='line_1_58' title="bbox 1029 515 1527 564; baseline -0.004 -2"><span class='ocrx_word' id='word_1_323' title='bbox 1029 517 1093 564; x_wconf 79' lang='lat' dir='ltr'><strong><em>illu.</em></strong></span> <span class='ocrx_word' id='word_1_324' title='bbox 1118 518 1208 564; x_wconf 81' lang='lat' dir='ltr'><strong>PON&#39;I·</strong></span> <span class='ocrx_word' id='word_1_325' title='bbox 1233 517 1273 560; x_wconf 81' lang='lat' dir='ltr'><strong><em>DE</em></strong></span> <span class='ocrx_word' id='word_1_326' title='bbox 1295 516 1324 560; x_wconf 80' lang='lat' dir='ltr'><strong><em>P.</em></strong></span> <span class='ocrx_word' id='word_1_327' title='bbox 1347 515 1377 560; x_wconf 67' lang='grc' dir='ltr'><strong><em>Β.</em></strong></span> <span class='ocrx_word' id='word_1_328' title='bbox 1402 515 1484 562; x_wconf 77' lang='lat' dir='ltr'><strong>PARS</strong></span> <span class='ocrx_word' id='word_1_329' title='bbox 1506 517 1527 561; x_wconf 94' lang='lat'><strong><em>1.</em></strong></span> 
     </span>
    </p>
   </div>
   <div class='ocr_carea' id='block_1_9' title="bbox 2082 477 2341 556">
    <p class='ocr_par' dir='ltr' id='par_1_12' title="bbox 2082 477 2341 556">
     <span class='ocr_line' id='line_1_59' title="bbox 2082 477 2341 556; baseline 0.008 -1"><span class='ocrx_word' id='word_1_330' title='bbox 2082 499 2140 556; x_wconf 74' lang='lat' dir='ltr'><strong><em>sn.</em></strong></span> <span class='ocrx_word' id='word_1_331' title='bbox 2155 502 2188 556; x_wconf 90' lang='lat' dir='ltr'><strong><em>o.</em></strong></span> <span class='ocrx_word' id='word_1_332' title='bbox 2209 501 2274 556; x_wconf 82' lang='lat' dir='ltr'><strong><em>nass</em></strong></span> <span class='ocrx_word' id='word_1_333' title='bbox 2340 477 2341 540; x_wconf 69' lang='lat' dir='ltr'><strong><em>i</em></strong></span> 
     </span>
    </p>
   </div>
   <div class='ocr_carea' id='block_1_10' title="bbox 1303 633 2050 994">
    <p class='ocr_par' dir='ltr' id='par_1_13' title="bbox 1303 633 2050 994">
     <span class='ocr_line' id='line_1_60' title="bbox 1343 633 2047 714; baseline 0.004 -18"><span class='ocrx_word' id='word_1_334' title='bbox 1343 633 1454 696; x_wconf 87' lang='lat' dir='ltr'><strong><em>Datum</em></strong></span> <span class='ocrx_word' id='word_1_335' title='bbox 1470 634 1596 710; x_wconf 82' lang='lat' dir='ltr'><strong><em>Romae,</em></strong></span> <span class='ocrx_word' id='word_1_336' title='bbox 1610 634 1689 714; x_wconf 91' lang='lat' dir='ltr'><strong><em>apud</em></strong></span> <span class='ocrx_word' id='word_1_337' title='bbox 1705 633 1737 697; x_wconf 91' lang='lat' dir='ltr'><strong><em>S.</em></strong></span> <span class='ocrx_word' id='word_1_338' title='bbox 1748 633 1872 697; x_wconf 86' lang='lat' dir='ltr'><strong><em>Mariam</em></strong></span> <span class='ocrx_word' id='word_1_339' title='bbox 1889 634 2047 714; x_wconf 84' lang='lat' dir='ltr'><strong><em>liniarem,</em></strong></span> 
     </span>
     <span class='ocr_line' id='line_1_61' title="bbox 1303 726 2049 792; baseline 0.007 -5"><span class='ocrx_word' id='word_1_340' title='bbox 1303 743 1385 788; x_wconf 89' lang='lat' dir='ltr'><strong><em>anno</em></strong></span> <span class='ocrx_word' id='word_1_341' title='bbox 1401 728 1621 790; x_wconf 85' lang='lat' dir='ltr'><strong><em>incarnationis</em></strong></span> <span class='ocrx_word' id='word_1_342' title='bbox 1634 728 1810 790; x_wconf 87' lang='lat' dir='ltr'><strong><em>Dominicae</em></strong></span> <span class='ocrx_word' id='word_1_343' title='bbox 1825 726 1990 790; x_wconf 90' lang='lat' dir='ltr'><strong><em>millesimo</em></strong></span> <span class='ocrx_word' id='word_1_344' title='bbox 2003 747 2049 792; x_wconf 92' lang='lat' dir='ltr'><strong><em>se·</em></strong></span> 
     </span>
     <span class='ocr_line' id='line_1_62' title="bbox 1303 821 2050 898; baseline 0.008 -18"><span class='ocrx_word' id='word_1_345' title='bbox 1303 821 1548 897; x_wconf 80' lang='lat' dir='ltr'><strong><em>utingentesimo</em></strong></span> <span class='ocrx_word' id='word_1_346' title='bbox 1570 821 1830 898; x_wconf 79' lang='lat' dir='ltr'><strong><em>quinquagesimo</em></strong></span> <span class='ocrx_word' id='word_1_347' title='bbox 1852 837 1949 897; x_wconf 90' lang='lat' dir='ltr'><strong><em>nono,</em></strong></span> <span class='ocrx_word' id='word_1_348' title='bbox 1966 839 2050 886; x_wconf 91' lang='lat' dir='ltr'><strong><em>nono</em></strong></span> 
     </span>
     <span class='ocr_line' id='line_1_63' title="bbox 1303 912 2039 994; baseline 0.003 -20"><span class='ocrx_word' id='word_1_349' title='bbox 1303 912 1449 977; x_wconf 86' lang='lat' dir='ltr'><strong><em>kalendas</em></strong></span> <span class='ocrx_word' id='word_1_350' title='bbox 1471 913 1587 992; x_wconf 82' lang='lat' dir='ltr'><strong><em>aprilis,</em></strong></span> <span class='ocrx_word' id='word_1_351' title='bbox 1612 913 1749 991; x_wconf 80' lang='lat' dir='ltr'><strong><em>pontific.</em></strong></span> <span class='ocrx_word' id='word_1_352' title='bbox 1774 915 1872 978; x_wconf 87' lang='lat' dir='ltr'><strong><em>nostri</em></strong></span> <span class='ocrx_word' id='word_1_353' title='bbox 1901 930 1983 978; x_wconf 88' lang='lat' dir='ltr'><strong><em>anno</em></strong></span> <span class='ocrx_word' id='word_1_354' title='bbox 2004 932 2039 994; x_wconf 87' lang='lat' dir='ltr'><strong><em>u.</em></strong></span> 
     </span>
    </p>
   </div>
   <div class='ocr_carea' id='block_1_11' title="bbox 1642 1197 1708 1261">
    <p class='ocr_par' dir='ltr' id='par_1_14' title="bbox 1642 1197 1708 1261">
     <span class='ocr_line' id='line_1_64' title="bbox 1642 1197 1708 1261; baseline -0.045 0"><span class='ocrx_word' id='word_1_355' title='bbox 1642 1197 1708 1261; x_wconf 85' lang='lat' dir='ltr'><strong><em>vil.</em></strong></span> 
     </span>
    </p>
   </div>
   <div class='ocr_carea' id='block_1_12' title="bbox 1306 1379 2051 1929">
    <p class='ocr_par' dir='ltr' id='par_1_15' title="bbox 1306 1379 2051 1929">
     <span class='ocr_line' id='line_1_65' title="bbox 1306 1379 2050 1459; baseline 0.005 -17"><span class='ocrx_word' id='word_1_356' title='bbox 1306 1379 1482 1459; x_wconf 76' lang='lat' dir='ltr'><strong><em>Confirmat</em></strong></span> <span class='ocrx_word' id='word_1_357' title='bbox 1500 1383 1688 1446; x_wconf 88' lang='lat' dir='ltr'><strong><em>erectionem</em></strong></span> <span class='ocrx_word' id='word_1_358' title='bbox 1703 1385 1930 1448; x_wconf 88' lang='lat' dir='ltr'><strong><em>uniuersitatis</em></strong></span> <span class='ocrx_word' id='word_1_359' title='bbox 1945 1385 2050 1449; x_wconf 90' lang='lat' dir='ltr'><strong><em>studii</em></strong></span> 
     </span>
     <span class='ocr_line' id='line_1_66' title="bbox 1343 1475 2051 1557; baseline 0.01 -23"><span class='ocrx_word' id='word_1_360' title='bbox 1343 1475 1378 1534; x_wconf 89' lang='lat' dir='ltr'><strong><em>in</em></strong></span> <span class='ocrx_word' id='word_1_361' title='bbox 1404 1475 1545 1538; x_wconf 87' lang='lat' dir='ltr'><strong><em>Ciuitate</em></strong></span> <span class='ocrx_word' id='word_1_362' title='bbox 1560 1476 1685 1555; x_wconf 88' lang='lat' dir='ltr'><strong><em>Leopoli</em></strong></span> <span class='ocrx_word' id='word_1_363' title='bbox 1706 1475 1878 1557; x_wconf 87' lang='lat' dir='ltr'><strong><em>aiiepibus</em></strong></span> <span class='ocrx_word' id='word_1_364' title='bbox 1899 1477 2051 1542; x_wconf 90' lang='lat' dir='ltr'><strong><em>Potoniae</em></strong></span> 
     </span>
     <span class='ocr_line' id='line_1_67' title="bbox 1344 1567 2050 1650; baseline 0.008 -20"><span class='ocrx_word' id='word_1_365' title='bbox 1344 1569 1435 1650; x_wconf 74' lang='lat' dir='ltr'><strong><em>facta</em></strong></span> <span class='ocrx_word' id='word_1_366' title='bbox 1455 1567 1515 1631; x_wconf 87' lang='lat' dir='ltr'><strong><em>sub</em></strong></span> <span class='ocrx_word' id='word_1_367' title='bbox 1538 1569 1714 1632; x_wconf 88' lang='lat' dir='ltr'><strong><em>directione</em></strong></span> <span class='ocrx_word' id='word_1_368' title='bbox 1734 1569 1905 1636; x_wconf 78' lang='lat' dir='ltr'><strong><em>societatis</em></strong></span> <span class='ocrx_word' id='word_1_369' title='bbox 1920 1574 2003 1648; x_wconf 89' lang='lat' dir='ltr'><strong><em>Iesu,</em></strong></span> <span class='ocrx_word' id='word_1_370' title='bbox 2020 1580 2050 1636; x_wconf 90' lang='lat' dir='ltr'><strong><em>et</em></strong></span> 
     </span>
     <span class='ocr_line' id='line_1_68' title="bbox 1344 1661 2049 1744; baseline 0.006 -20"><span class='ocrx_word' id='word_1_371' title='bbox 1344 1661 1443 1724; x_wconf 88' lang='lat' dir='ltr'><strong><em>huius</em></strong></span> <span class='ocrx_word' id='word_1_372' title='bbox 1459 1663 1631 1744; x_wconf 85' lang='lat' dir='ltr'><strong><em>priuileqia</em></strong></span> <span class='ocrx_word' id='word_1_373' title='bbox 1643 1665 1830 1735; x_wconf 86' lang='lat' dir='ltr'><strong><em>constituit,</em></strong></span> <span class='ocrx_word' id='word_1_374' title='bbox 1842 1663 1957 1744; x_wconf 91' lang='lat' dir='ltr'><strong><em>quibus</em></strong></span> <span class='ocrx_word' id='word_1_375' title='bbox 1973 1668 2049 1730; x_wconf 90' lang='lat' dir='ltr'><strong><em>Cra·</em></strong></span> 
     </span>
     <span class='ocr_line' id='line_1_69' title="bbox 1344 1755 2051 1842; baseline 0.008 -27"><span class='ocrx_word' id='word_1_376' title='bbox 1344 1755 1498 1816; x_wconf 87' lang='lat' dir='ltr'><strong><em>oooieusis</em></strong></span> <span class='ocrx_word' id='word_1_377' title='bbox 1516 1756 1716 1819; x_wconf 89' lang='lat' dir='ltr'><strong><em>llnioorsitas</em></strong></span> <span class='ocrx_word' id='word_1_378' title='bbox 1726 1759 1952 1835; x_wconf 79' lang='lat' dir='ltr'><strong><em>praecedentes</em></strong></span> <span class='ocrx_word' id='word_1_379' title='bbox 1963 1761 2051 1842; x_wconf 74' lang='lat' dir='ltr'><strong><em>frue-</em></strong></span> 
     </span>
     <span class='ocr_line' id='line_1_70' title="bbox 1344 1846 1520 1929; baseline 0.006 -20"><span class='ocrx_word' id='word_1_380' title='bbox 1344 1846 1443 1910; x_wconf 89' lang='lat' dir='ltr'><strong><em>batur</em></strong></span> <span class='ocrx_word' id='word_1_381' title='bbox 1463 1848 1520 1929; x_wconf 85' lang='lat' dir='ltr'><strong><em>(l).</em></strong></span> 
     </span>
    </p>
   </div>
   <div class='ocr_carea' id='block_1_13' title="bbox 1466 2018 1892 2093">
    <p class='ocr_par' dir='ltr' id='par_1_16' title="bbox 1466 2018 1892 2093">
     <span class='ocr_line' id='line_1_71' title="bbox 1466 2018 1892 2093; baseline 0.014 -7"><span class='ocrx_word' id='word_1_382' title='bbox 1466 2018 1652 2088; x_wconf 73' lang='lat' dir='ltr'><strong><em>clemens</em></strong></span> <span class='ocrx_word' id='word_1_383' title='bbox 1675 2021 1892 2093; x_wconf 68' lang='lat' dir='ltr'><strong><em>aristaeus</em></strong></span> 
     </span>
    </p>
   </div>
   <div class='ocr_carea' id='block_1_14' title="bbox 1424 2200 1927 2402">
    <p class='ocr_par' dir='ltr' id='par_1_17' title="bbox 1424 2200 1927 2402">
     <span class='ocr_line' id='line_1_72' title="bbox 1493 2200 1865 2282; baseline 0.016 -19"><span class='ocrx_word' id='word_1_384' title='bbox 1493 2213 1601 2266; x_wconf 83' lang='lat' dir='ltr'><strong><em>sersus</em></strong></span> <span class='ocrx_word' id='word_1_385' title='bbox 1623 2214 1778 2268; x_wconf 86' lang='lat' dir='ltr'><strong><em>serrorum</em></strong></span> <span class='ocrx_word' id='word_1_386' title='bbox 1801 2200 1865 2282; x_wconf 83' lang='lat' dir='ltr'><strong><em>itai,</em></strong></span> 
     </span>
     <span class='ocr_line' id='line_1_73' title="bbox 1424 2316 1927 2402; baseline 0.004 -19"><span class='ocrx_word' id='word_1_387' title='bbox 1424 2316 1460 2384; x_wconf 88' lang='lat' dir='ltr'><strong><em>sd</em></strong></span> <span class='ocrx_word' id='word_1_388' title='bbox 1483 2324 1655 2402; x_wconf 79' lang='lat' dir='ltr'><strong><em>perpetuant</em></strong></span> <span class='ocrx_word' id='word_1_389' title='bbox 1678 2321 1721 2389; x_wconf 90' lang='lat' dir='ltr'><strong><em>rei</em></strong></span> <span class='ocrx_word' id='word_1_390' title='bbox 1749 2323 1927 2391; x_wconf 83' lang='lat' dir='ltr'><strong><em>memorien.</em></strong></span> 
     </span>
    </p>
   </div>
   <div class='ocr_carea' id='block_1_15' title="bbox 1297 2508 2341 5504">
    <p class='ocr_par' dir='ltr' id='par_1_18' title="bbox 1301 2508 2341 4366">
     <span class='ocr_line' id='line_1_74' title="bbox 1344 2508 2341 2590; baseline 0.013 -21"><span class='ocrx_word' id='word_1_391' title='bbox 1344 2508 1413 2584; x_wconf 72' lang='lat' dir='ltr'><strong><em>§t</em></strong></span> <span class='ocrx_word' id='word_1_392' title='bbox 1437 2510 1471 2571; x_wconf 93' lang='lat' dir='ltr'><strong><em>in</em></strong></span> <span class='ocrx_word' id='word_1_393' title='bbox 1492 2511 1756 2588; x_wconf 87' lang='lat' dir='ltr'><strong><em>supereminentis</em></strong></span> <span class='ocrx_word' id='word_1_394' title='bbox 1781 2513 1934 2576; x_wconf 86' lang='lat' dir='ltr'><strong><em>Ecclesiae</em></strong></span> <span class='ocrx_word' id='word_1_395' title='bbox 1959 2515 2047 2590; x_wconf 91' lang='lat' dir='ltr'><strong><em>solio,</em></strong></span> <span class='ocrx_word' id='word_1_396' title='bbox 2080 2521 2288 2588; x_wconf 73' lang='lat' dir='ltr'><strong><em>senarumsuun</em></strong></span> <span class='ocrx_word' id='word_1_397' title='bbox 2340 2537 2341 2582; x_wconf 69' lang='lat' dir='ltr'>f</span> 
     </span>
     <span class='ocr_line' id='line_1_75' title="bbox 1305 2576 2289 2694; baseline 0.013 -30"><span class='ocrx_word' id='word_1_398' title='bbox 1305 2603 1399 2664; x_wconf 88' lang='lat' dir='ltr'><strong><em>nullis</em></strong></span> <span class='ocrx_word' id='word_1_399' title='bbox 1421 2602 1491 2664; x_wconf 83' lang='lat' dir='ltr'><strong><em>iicet</em></strong></span> <span class='ocrx_word' id='word_1_400' title='bbox 1513 2605 1627 2665; x_wconf 90' lang='lat' dir='ltr'><strong><em>nostris</em></strong></span> <span class='ocrx_word' id='word_1_401' title='bbox 1642 2607 1772 2681; x_wconf 91' lang='lat' dir='ltr'><strong><em>meritis,</em></strong></span> <span class='ocrx_word' id='word_1_402' title='bbox 1789 2607 1840 2668; x_wconf 90' lang='lat' dir='ltr'><strong><em>sed</em></strong></span> <span class='ocrx_word' id='word_1_403' title='bbox 1857 2607 2048 2671; x_wconf 87' lang='lat' dir='ltr'><strong><em>inscrutabili</em></strong></span> <span class='ocrx_word' id='word_1_404' title='bbox 2070 2576 2289 2694; x_wconf 56' lang='lat' dir='ltr'><strong><em>bifobbbbngbebb&#39;</em></strong></span> 
     </span>
     <span class='ocr_line' id='line_1_76' title="bbox 1305 2684 2288 2784; baseline 0.011 -27"><span class='ocrx_word' id='word_1_405' title='bbox 1305 2697 1860 2764; x_wconf 86' lang='lat' dir='ltr'><strong><em>tantumdivinaebonitatlsconsilio</em></strong></span> <span class='ocrx_word' id='word_1_406' title='bbox 1875 2703 2047 2780; x_wconf 89' lang='lat' dir='ltr'><strong><em>constituti,</em></strong></span> <span class='ocrx_word' id='word_1_407' title='bbox 2070 2684 2193 2784; x_wconf 45' lang='lat'><strong>&amp;¹⁰⁸⁸</strong></span> <span class='ocrx_word' id='word_1_408' title='bbox 2213 2695 2288 2742; x_wconf 69' lang='lat'>&#39;¹⁸⁰¹&#39;</span> 
     </span>
     <span class='ocr_line' id='line_1_77' title="bbox 1304 2788 2341 2870; baseline 0.015 -21"><span class='ocrx_word' id='word_1_409' title='bbox 1304 2788 1448 2850; x_wconf 87' lang='lat' dir='ltr'><strong><em>sollicitas</em></strong></span> <span class='ocrx_word' id='word_1_410' title='bbox 1477 2791 1574 2852; x_wconf 91' lang='lat' dir='ltr'><strong><em>animi</em></strong></span> <span class='ocrx_word' id='word_1_411' title='bbox 1603 2793 1699 2853; x_wconf 90' lang='lat' dir='ltr'><strong><em>nostri</em></strong></span> <span class='ocrx_word' id='word_1_412' title='bbox 1731 2794 1933 2870; x_wconf 84' lang='lat' dir='ltr'><strong><em>cogitationes</em></strong></span> <span class='ocrx_word' id='word_1_413' title='bbox 1962 2798 1995 2860; x_wconf 91' lang='lat' dir='ltr'><strong><em>in</em></strong></span> <span class='ocrx_word' id='word_1_414' title='bbox 2019 2797 2047 2861; x_wconf 91' lang='lat' dir='ltr'><strong><em>id</em></strong></span> <span class='ocrx_word' id='word_1_415' title='bbox 2340 2799 2341 2820; x_wconf 75' lang='lat'><strong><em>.</em></strong></span> 
     </span>
     <span class='ocr_line' id='line_1_78' title="bbox 1304 2883 2049 2966; baseline 0.015 -23"><span class='ocrx_word' id='word_1_416' title='bbox 1304 2899 1396 2944; x_wconf 90' lang='lat' dir='ltr'><strong><em>omne</em></strong></span> <span class='ocrx_word' id='word_1_417' title='bbox 1419 2883 1628 2961; x_wconf 87' lang='lat' dir='ltr'><strong><em>intendimus,</em></strong></span> <span class='ocrx_word' id='word_1_418' title='bbox 1653 2887 1733 2963; x_wconf 87' lang='lat' dir='ltr'><strong><em>quod</em></strong></span> <span class='ocrx_word' id='word_1_419' title='bbox 1756 2889 1942 2966; x_wconf 88' lang='lat' dir='ltr'><strong><em>populorum</em></strong></span> <span class='ocrx_word' id='word_1_420' title='bbox 1965 2891 2049 2955; x_wconf 90' lang='lat' dir='ltr'><strong><em>utili-</em></strong></span> 
     </span>
     <span class='ocr_line' id='line_1_79' title="bbox 1305 2976 2049 3062; baseline 0.015 -25"><span class='ocrx_word' id='word_1_421' title='bbox 1305 2978 1369 3052; x_wconf 87' lang='lat' dir='ltr'><strong><em>tati,</em></strong></span> <span class='ocrx_word' id='word_1_422' title='bbox 1399 2976 1639 3057; x_wconf 89' lang='lat' dir='ltr'><strong><em>animarumque</em></strong></span> <span class='ocrx_word' id='word_1_423' title='bbox 1666 2979 1776 3055; x_wconf 90' lang='lat' dir='ltr'><strong><em>saluti,</em></strong></span> <span class='ocrx_word' id='word_1_424' title='bbox 1799 2998 1832 3044; x_wconf 88' lang='lat' dir='ltr'><strong><em>ao</em></strong></span> <span class='ocrx_word' id='word_1_425' title='bbox 1852 2983 2049 3062; x_wconf 86' lang='lat' dir='ltr'><strong><em>Reipublicae</em></strong></span> 
     </span>
     <span class='ocr_line' id='line_1_80' title="bbox 1305 3071 2048 3156; baseline 0.009 -22"><span class='ocrx_word' id='word_1_426' title='bbox 1305 3071 1497 3134; x_wconf 87' lang='lat' dir='ltr'><strong><em>Christianae</em></strong></span> <span class='ocrx_word' id='word_1_427' title='bbox 1518 3072 1723 3135; x_wconf 88' lang='lat' dir='ltr'><strong><em>incolumitati</em></strong></span> <span class='ocrx_word' id='word_1_428' title='bbox 1739 3076 1893 3140; x_wconf 88' lang='lat' dir='ltr'><strong><em>noscimus</em></strong></span> <span class='ocrx_word' id='word_1_429' title='bbox 1909 3079 2048 3156; x_wconf 87' lang='lat' dir='ltr'><strong><em>prolutu-</em></strong></span> 
     </span>
     <span class='ocr_line' id='line_1_81' title="bbox 1304 3165 2048 3244; baseline 0.012 -17"><span class='ocrx_word' id='word_1_430' title='bbox 1304 3181 1385 3227; x_wconf 91' lang='lat' dir='ltr'><strong><em>rum.</em></strong></span> <span class='ocrx_word' id='word_1_431' title='bbox 1408 3165 1600 3244; x_wconf 80' lang='lat' dir='ltr'><strong><em>Quapropter</em></strong></span> <span class='ocrx_word' id='word_1_432' title='bbox 1613 3183 1686 3229; x_wconf 91' lang='lat' dir='ltr'><strong><em>cum</em></strong></span> <span class='ocrx_word' id='word_1_433' title='bbox 1708 3168 1883 3234; x_wconf 89' lang='lat' dir='ltr'><strong><em>litterarum</em></strong></span> <span class='ocrx_word' id='word_1_434' title='bbox 1898 3178 1930 3234; x_wconf 90' lang='lat' dir='ltr'><strong><em>et</em></strong></span> <span class='ocrx_word' id='word_1_435' title='bbox 1950 3173 2048 3236; x_wconf 89' lang='lat' dir='ltr'><strong><em>soien-</em></strong></span> 
     </span>
     <span class='ocr_line' id='line_1_82' title="bbox 1304 3259 2047 3329; baseline 0.015 -11"><span class='ocrx_word' id='word_1_436' title='bbox 1304 3259 1418 3321; x_wconf 86' lang='lat' dir='ltr'><strong><em>tiarum</em></strong></span> <span class='ocrx_word' id='word_1_437' title='bbox 1440 3259 1549 3321; x_wconf 89' lang='lat' dir='ltr'><strong><em>studiis</em></strong></span> <span class='ocrx_word' id='word_1_438' title='bbox 1570 3260 1716 3322; x_wconf 86' lang='lat' dir='ltr'><strong><em>iuvenilis</em></strong></span> <span class='ocrx_word' id='word_1_439' title='bbox 1730 3271 1811 3324; x_wconf 89' lang='lat' dir='ltr'><strong><em>aetas</em></strong></span> <span class='ocrx_word' id='word_1_440' title='bbox 1831 3265 1869 3327; x_wconf 90' lang='lat' dir='ltr'><strong><em>ad</em></strong></span> <span class='ocrx_word' id='word_1_441' title='bbox 1883 3265 2047 3329; x_wconf 86' lang='lat' dir='ltr'><strong><em>veritatem</em></strong></span> 
     </span>
     <span class='ocr_line' id='line_1_83' title="bbox 1303 3353 2048 3441; baseline 0.013 -29"><span class='ocrx_word' id='word_1_442' title='bbox 1303 3355 1546 3428; x_wconf 79' lang='lat' dir='ltr'><strong><em>agnoscendam,</em></strong></span> <span class='ocrx_word' id='word_1_443' title='bbox 1577 3353 1726 3417; x_wconf 81' lang='lat' dir='ltr'><strong><em>instillam</em></strong></span> <span class='ocrx_word' id='word_1_444' title='bbox 1759 3356 1921 3441; x_wconf 86' lang='lat' dir='ltr'><strong><em>colendam</em></strong></span> <span class='ocrx_word' id='word_1_445' title='bbox 1954 3360 2048 3438; x_wconf 88' lang='lat' dir='ltr'><strong><em>pieta-</em></strong></span> 
     </span>
     <span class='ocr_line' id='line_1_84' title="bbox 1303 3447 2049 3532; baseline 0.015 -26"><span class='ocrx_word' id='word_1_446' title='bbox 1303 3452 1430 3523; x_wconf 89' lang='lat' dir='ltr'><strong><em>temque</em></strong></span> <span class='ocrx_word' id='word_1_447' title='bbox 1459 3448 1648 3523; x_wconf 88' lang='lat' dir='ltr'><strong><em>sequendam</em></strong></span> <span class='ocrx_word' id='word_1_448' title='bbox 1678 3447 1884 3526; x_wconf 80' lang='lat' dir='ltr'><strong><em>informetur,</em></strong></span> <span class='ocrx_word' id='word_1_449' title='bbox 1913 3451 2049 3532; x_wconf 88' lang='lat' dir='ltr'><strong><em>indeque</em></strong></span> 
     </span>
     <span class='ocr_line' id='line_1_85' title="bbox 1302 3539 2049 3624; baseline 0.011 -24"><span class='ocrx_word' id='word_1_450' title='bbox 1302 3540 1431 3601; x_wconf 91' lang='lat' dir='ltr'><strong><em>solertes</em></strong></span> <span class='ocrx_word' id='word_1_451' title='bbox 1452 3539 1625 3602; x_wconf 90' lang='lat' dir='ltr'><strong><em>dominicae</em></strong></span> <span class='ocrx_word' id='word_1_452' title='bbox 1637 3541 1746 3603; x_wconf 89' lang='lat' dir='ltr'><strong><em>vineae</em></strong></span> <span class='ocrx_word' id='word_1_453' title='bbox 1760 3545 1902 3621; x_wconf 87' lang='lat' dir='ltr'><strong><em>operarii,</em></strong></span> <span class='ocrx_word' id='word_1_454' title='bbox 1914 3547 2049 3624; x_wconf 78' lang='lat' dir='ltr'><strong><em>egregii·</em></strong></span> 
     </span>
     <span class='ocr_line' id='line_1_86' title="bbox 1303 3631 2048 3710; baseline 0.012 -17"><span class='ocrx_word' id='word_1_455' title='bbox 1303 3647 1363 3710; x_wconf 88' lang='lat' dir='ltr'><strong><em>que</em></strong></span> <span class='ocrx_word' id='word_1_456' title='bbox 1393 3631 1562 3694; x_wconf 87' lang='lat' dir='ltr'><strong><em>catholicae</em></strong></span> <span class='ocrx_word' id='word_1_457' title='bbox 1590 3633 1747 3708; x_wconf 76' lang='lat' dir='ltr'><strong><em>veritatiS,</em></strong></span> <span class='ocrx_word' id='word_1_458' title='bbox 1770 3644 1801 3697; x_wconf 90' lang='lat' dir='ltr'><strong><em>et</em></strong></span> <span class='ocrx_word' id='word_1_459' title='bbox 1829 3637 2048 3703; x_wconf 88' lang='lat' dir='ltr'><strong><em>ecclesiasticae</em></strong></span> 
     </span>
     <span class='ocr_line' id='line_1_87' title="bbox 1302 3725 2048 3803; baseline 0.015 -18"><span class='ocrx_word' id='word_1_460' title='bbox 1302 3725 1482 3803; x_wconf 86' lang='lat' dir='ltr'><strong><em>disciplinae</em></strong></span> <span class='ocrx_word' id='word_1_461' title='bbox 1503 3735 1668 3788; x_wconf 88' lang='lat' dir='ltr'><strong><em>assertores</em></strong></span> <span class='ocrx_word' id='word_1_462' title='bbox 1683 3743 1716 3788; x_wconf 86' lang='lat' dir='ltr'><strong><em>ac</em></strong></span> <span class='ocrx_word' id='word_1_463' title='bbox 1732 3727 1869 3792; x_wconf 82' lang='lat' dir='ltr'><strong><em>uindices</em></strong></span> <span class='ocrx_word' id='word_1_464' title='bbox 1884 3729 2048 3796; x_wconf 89' lang='lat' dir='ltr'><strong><em>instituan-</em></strong></span> 
     </span>
     <span class='ocr_line' id='line_1_88' title="bbox 1302 3818 2045 3902; baseline 0.013 -23"><span class='ocrx_word' id='word_1_465' title='bbox 1302 3825 1366 3895; x_wconf 91' lang='lat' dir='ltr'><strong><em>tur,</em></strong></span> <span class='ocrx_word' id='word_1_466' title='bbox 1389 3819 1504 3880; x_wconf 82' lang='lat' dir='ltr'><strong><em>ichreo</em></strong></span> <span class='ocrx_word' id='word_1_467' title='bbox 1531 3818 1640 3882; x_wconf 88' lang='lat' dir='ltr'><strong><em>libenti</em></strong></span> <span class='ocrx_word' id='word_1_468' title='bbox 1662 3821 1765 3883; x_wconf 91' lang='lat' dir='ltr'><strong><em>animo</em></strong></span> <span class='ocrx_word' id='word_1_469' title='bbox 1794 3824 1975 3902; x_wconf 88' lang='lat' dir='ltr'><strong><em>apostolicae</em></strong></span> <span class='ocrx_word' id='word_1_470' title='bbox 1995 3844 2045 3889; x_wconf 90' lang='lat' dir='ltr'><strong><em>au-</em></strong></span> 
     </span>
     <span class='ocr_line' id='line_1_89' title="bbox 1302 3913 2047 3992; baseline 0.013 -18"><span class='ocrx_word' id='word_1_471' title='bbox 1302 3913 1451 3974; x_wconf 89' lang='lat' dir='ltr'><strong><em>ctoritatis</em></strong></span> <span class='ocrx_word' id='word_1_472' title='bbox 1480 3923 1603 3976; x_wconf 88' lang='lat' dir='ltr'><strong><em>nostrae</em></strong></span> <span class='ocrx_word' id='word_1_473' title='bbox 1634 3916 1822 3992; x_wconf 85' lang='lat' dir='ltr'><strong><em>praesidium</em></strong></span> <span class='ocrx_word' id='word_1_474' title='bbox 1849 3927 1880 3981; x_wconf 89' lang='lat' dir='ltr'><strong><em>et</em></strong></span> <span class='ocrx_word' id='word_1_475' title='bbox 1908 3920 2047 3984; x_wconf 80' lang='lat' dir='ltr'><strong><em>levorem</em></strong></span> 
     </span>
     <span class='ocr_line' id='line_1_90' title="bbox 1302 4007 2046 4091; baseline 0.015 -23"><span class='ocrx_word' id='word_1_476' title='bbox 1302 4007 1524 4086; x_wconf 87' lang='lat' dir='ltr'><strong><em>impendimus,</em></strong></span> <span class='ocrx_word' id='word_1_477' title='bbox 1540 4019 1575 4072; x_wconf 92' lang='lat' dir='ltr'><strong><em>ut</em></strong></span> <span class='ocrx_word' id='word_1_478' title='bbox 1595 4010 1773 4072; x_wconf 84' lang='lat' dir='ltr'><strong><em>huiusmodi</em></strong></span> <span class='ocrx_word' id='word_1_479' title='bbox 1790 4012 1889 4074; x_wconf 90' lang='lat' dir='ltr'><strong><em>studia</em></strong></span> <span class='ocrx_word' id='word_1_480' title='bbox 1904 4014 2046 4091; x_wconf 89' lang='lat' dir='ltr'><strong><em>ubilibet,</em></strong></span> 
     </span>
     <span class='ocr_line' id='line_1_91' title="bbox 1302 4104 2047 4182; baseline 0.013 -20"><span class='ocrx_word' id='word_1_481' title='bbox 1302 4110 1455 4180; x_wconf 86' lang='lat' dir='ltr'><strong><em>quantum</em></strong></span> <span class='ocrx_word' id='word_1_482' title='bbox 1486 4104 1603 4182; x_wconf 85' lang='lat' dir='ltr'><strong><em>patitur</em></strong></span> <span class='ocrx_word' id='word_1_483' title='bbox 1631 4113 1792 4166; x_wconf 81' lang='lat' dir='ltr'><strong><em>resumet</em></strong></span> <span class='ocrx_word' id='word_1_484' title='bbox 1815 4105 1953 4170; x_wconf 90' lang='lat' dir='ltr'><strong><em>locorum</em></strong></span> <span class='ocrx_word' id='word_1_485' title='bbox 1974 4125 2047 4172; x_wconf 89' lang='lat' dir='ltr'><strong><em>con·</em></strong></span> 
     </span>
     <span class='ocr_line' id='line_1_92' title="bbox 1301 4195 2048 4280; baseline 0.012 -23"><span class='ocrx_word' id='word_1_486' title='bbox 1301 4195 1389 4271; x_wconf 90' lang='lat' dir='ltr'><strong><em>ditio,</em></strong></span> <span class='ocrx_word' id='word_1_487' title='bbox 1421 4198 1599 4260; x_wconf 80' lang='lat' dir='ltr'><strong><em>excitentur</em></strong></span> <span class='ocrx_word' id='word_1_488' title='bbox 1620 4215 1652 4260; x_wconf 91' lang='lat' dir='ltr'><strong><em>ae</em></strong></span> <span class='ocrx_word' id='word_1_489' title='bbox 1681 4199 1779 4276; x_wconf 80' lang='lat' dir='ltr'><strong><em>magis</em></strong></span> <span class='ocrx_word' id='word_1_490' title='bbox 1807 4203 1965 4280; x_wconf 83' lang='lat' dir='ltr'><strong><em>magisque</em></strong></span> <span class='ocrx_word' id='word_1_491' title='bbox 1994 4221 2048 4266; x_wconf 80' lang='lat' dir='ltr'><strong><em>arl-</em></strong></span> 
     </span>
     <span class='ocr_line' id='line_1_93' title="bbox 1301 4300 1444 4366; baseline -0.007 -14"><span class='ocrx_word' id='word_1_492' title='bbox 1301 4300 1444 4366; x_wconf 80' lang='lat' dir='ltr'><strong><em>geantur.</em></strong></span> 
     </span>
    </p>

    <p class='ocr_par' dir='ltr' id='par_1_19' title="bbox 1297 4385 2280 5504">
     <span class='ocr_line' id='line_1_94' title="bbox 1340 4385 2280 4470; baseline 0.004 -22"><span class='ocrx_word' id='word_1_493' title='bbox 1340 4385 1358 4459; x_wconf 69' lang='grc' dir='ltr'><strong>ἓ</strong></span> <span class='ocrx_word' id='word_1_494' title='bbox 1380 4387 1408 4448; x_wconf 78' lang='lat'><strong><em>2.</em></strong></span> <span class='ocrx_word' id='word_1_495' title='bbox 1435 4387 1582 4465; x_wconf 85' lang='lat' dir='ltr'><strong><em>Sanepro</em></strong></span> <span class='ocrx_word' id='word_1_496' title='bbox 1604 4395 1690 4465; x_wconf 90' lang='lat' dir='ltr'><strong><em>parte</em></strong></span> <span class='ocrx_word' id='word_1_497' title='bbox 1705 4388 1808 4451; x_wconf 87' lang='lat' dir='ltr'><strong><em>dilecti</em></strong></span> <span class='ocrx_word' id='word_1_498' title='bbox 1832 4389 1888 4451; x_wconf 85' lang='lat' dir='ltr'><strong><em>filii</em></strong></span> <span class='ocrx_word' id='word_1_499' title='bbox 1903 4392 2045 4456; x_wconf 89' lang='lat' dir='ltr'><strong><em>moderni</em></strong></span> <span class='ocrx_word' id='word_1_500' title='bbox 2095 4407 2183 4452; x_wconf 74' lang='lat' dir='ltr'><strong><em>arecas</em></strong></span> <span class='ocrx_word' id='word_1_501' title='bbox 2199 4416 2280 4470; x_wconf 63' lang='lat' dir='ltr'><strong><em>porso-</em></strong></span> 
     </span>
     <span class='ocr_line' id='line_1_95' title="bbox 1300 4463 2278 4612; baseline 0.02 -73"><span class='ocrx_word' id='word_1_502' title='bbox 1300 4481 1427 4541; x_wconf 87' lang='lat' dir='ltr'><strong><em>reotoris</em></strong></span> <span class='ocrx_word' id='word_1_503' title='bbox 1448 4479 1572 4556; x_wconf 81' lang='lat' dir='ltr'><strong><em>collegii</em></strong></span> <span class='ocrx_word' id='word_1_504' title='bbox 1595 4479 1772 4544; x_wconf 90' lang='lat' dir='ltr'><strong><em>studiorum</em></strong></span> <span class='ocrx_word' id='word_1_505' title='bbox 1798 4483 1956 4546; x_wconf 82' lang='lat' dir='ltr'><strong><em>societatis</em></strong></span> <span class='ocrx_word' id='word_1_506' title='bbox 1976 4487 2044 4550; x_wconf 89' lang='lat' dir='ltr'><strong><em>iesu</em></strong></span> <span class='ocrx_word' id='word_1_507' title='bbox 2064 4463 2198 4576; x_wconf 49' lang='lat' dir='ltr'><strong><em>bbssubb‘}</em></strong></span> <span class='ocrx_word' id='word_1_508' title='bbox 2211 4469 2278 4612; x_wconf 48' lang='lat' dir='ltr'><strong><em>stiffi}</em></strong></span> 
     </span>
     <span class='ocr_line' id='line_1_96' title="bbox 1299 4566 2278 4667; baseline 0.011 -33"><span class='ocrx_word' id='word_1_509' title='bbox 1299 4572 1432 4635; x_wconf 84' lang='lat' dir='ltr'><strong><em>ciuitatis</em></strong></span> <span class='ocrx_word' id='word_1_510' title='bbox 1454 4573 1633 4651; x_wconf 87' lang='lat' dir='ltr'><strong><em>Leopolien.</em></strong></span> <span class='ocrx_word' id='word_1_511' title='bbox 1664 4575 1752 4637; x_wconf 91' lang='lat' dir='ltr'><strong><em>nobis</em></strong></span> <span class='ocrx_word' id='word_1_512' title='bbox 1782 4591 1883 4654; x_wconf 89' lang='lat' dir='ltr'><strong><em>nuper</em></strong></span> <span class='ocrx_word' id='word_1_513' title='bbox 1909 4579 2044 4642; x_wconf 87' lang='lat' dir='ltr'><strong><em>exhibita</em></strong></span> <span class='ocrx_word' id='word_1_514' title='bbox 2064 4566 2278 4667; x_wconf 45' lang='lat' dir='ltr'><strong><em>fflffiffiss</em></strong></span> 
     </span>
     <span class='ocr_line' id='line_1_97' title="bbox 1299 4667 2042 4749; baseline 0.009 -21"><span class='ocrx_word' id='word_1_515' title='bbox 1299 4667 1407 4746; x_wconf 80' lang='lat' dir='ltr'><strong><em>pellito</em></strong></span> <span class='ocrx_word' id='word_1_516' title='bbox 1422 4667 1613 4742; x_wconf 89' lang='lat' dir='ltr'><strong><em>continebat,</em></strong></span> <span class='ocrx_word' id='word_1_517' title='bbox 1626 4669 1707 4746; x_wconf 89' lang='lat' dir='ltr'><strong><em>quod</em></strong></span> <span class='ocrx_word' id='word_1_518' title='bbox 1720 4670 1863 4746; x_wconf 87' lang='lat' dir='ltr'><strong><em>quamvis</em></strong></span> <span class='ocrx_word' id='word_1_519' title='bbox 1876 4671 2042 4749; x_wconf 81' lang='lat' dir='ltr'><strong><em>collegium</em></strong></span> 
     </span>
     <span class='ocr_line' id='line_1_98' title="bbox 1299 4759 2044 4841; baseline 0.012 -20"><span class='ocrx_word' id='word_1_520' title='bbox 1299 4761 1482 4840; x_wconf 88' lang='lat' dir='ltr'><strong><em>praelatum,</em></strong></span> <span class='ocrx_word' id='word_1_521' title='bbox 1495 4761 1533 4822; x_wconf 94' lang='lat' dir='ltr'><strong><em>ob</em></strong></span> <span class='ocrx_word' id='word_1_522' title='bbox 1548 4759 1705 4824; x_wconf 89' lang='lat' dir='ltr'><strong><em>assiduum</em></strong></span> <span class='ocrx_word' id='word_1_523' title='bbox 1727 4763 1936 4841; x_wconf 80' lang='lat' dir='ltr'><strong><em>professorum</em></strong></span> <span class='ocrx_word' id='word_1_524' title='bbox 1948 4767 2044 4830; x_wconf 88' lang='lat' dir='ltr'><strong><em>diotae</em></strong></span> 
     </span>
     <span class='ocr_line' id='line_1_99' title="bbox 1299 4855 2044 4939; baseline 0.008 -22"><span class='ocrx_word' id='word_1_525' title='bbox 1299 4855 1458 4917; x_wconf 82' lang='lat' dir='ltr'><strong><em>societatis</em></strong></span> <span class='ocrx_word' id='word_1_526' title='bbox 1491 4855 1626 4917; x_wconf 89' lang='lat' dir='ltr'><strong><em>laborem</em></strong></span> <span class='ocrx_word' id='word_1_527' title='bbox 1655 4855 1741 4918; x_wconf 84' lang='lat' dir='ltr'><strong><em>iuxta</em></strong></span> <span class='ocrx_word' id='word_1_528' title='bbox 1769 4856 1921 4921; x_wconf 88' lang='lat' dir='ltr'><strong><em>laudabile</em></strong></span> <span class='ocrx_word' id='word_1_529' title='bbox 1950 4861 2044 4939; x_wconf 82' lang='lat' dir='ltr'><strong><em>Ipsius</em></strong></span> 
     </span>
     <span class='ocr_line' id='line_1_100' title="bbox 1299 4947 2044 5030; baseline 0.007 -18"><span class='ocrx_word' id='word_1_530' title='bbox 1299 4947 1459 5012; x_wconf 87' lang='lat' dir='ltr'><strong><em>Societatis</em></strong></span> <span class='ocrx_word' id='word_1_531' title='bbox 1481 4949 1671 5025; x_wconf 88' lang='lat' dir='ltr'><strong><em>institutum,</em></strong></span> <span class='ocrx_word' id='word_1_532' title='bbox 1688 4958 1718 5012; x_wconf 91' lang='lat' dir='ltr'><strong><em>et</em></strong></span> <span class='ocrx_word' id='word_1_533' title='bbox 1733 4967 1796 5013; x_wconf 90' lang='lat' dir='ltr'><strong><em>non</em></strong></span> <span class='ocrx_word' id='word_1_534' title='bbox 1818 4952 1979 5030; x_wconf 80' lang='lat' dir='ltr'><strong><em>vulgarem</em></strong></span> <span class='ocrx_word' id='word_1_535' title='bbox 1994 4967 2044 5017; x_wconf 87' lang='lat' dir='ltr'><strong><em>eo·</em></strong></span> 
     </span>
     <span class='ocr_line' id='line_1_101' title="bbox 1298 5042 2044 5109; baseline 0.009 -7"><span class='ocrx_word' id='word_1_536' title='bbox 1298 5043 1442 5103; x_wconf 84' lang='lat' dir='ltr'><strong><em>rumdam</em></strong></span> <span class='ocrx_word' id='word_1_537' title='bbox 1455 5043 1487 5102; x_wconf 91' lang='lat' dir='ltr'><strong><em>in</em></strong></span> <span class='ocrx_word' id='word_1_538' title='bbox 1500 5042 1662 5106; x_wconf 87' lang='lat' dir='ltr'><strong><em>edocendis</em></strong></span> <span class='ocrx_word' id='word_1_539' title='bbox 1674 5044 1763 5105; x_wconf 91' lang='lat' dir='ltr'><strong><em>bonis</em></strong></span> <span class='ocrx_word' id='word_1_540' title='bbox 1774 5045 1891 5108; x_wconf 87' lang='lat' dir='ltr'><strong><em>artibus</em></strong></span> <span class='ocrx_word' id='word_1_541' title='bbox 1903 5055 1934 5108; x_wconf 93' lang='lat' dir='ltr'><strong><em>et</em></strong></span> <span class='ocrx_word' id='word_1_542' title='bbox 1945 5049 2044 5109; x_wconf 89' lang='lat' dir='ltr'><strong><em>scien-</em></strong></span> 
     </span>
     <span class='ocr_line' id='line_1_102' title="bbox 1299 5133 2044 5220; baseline 0.011 -23"><span class='ocrx_word' id='word_1_543' title='bbox 1299 5133 1348 5197; x_wconf 89' lang='lat' dir='ltr'><strong><em>tiis</em></strong></span> <span class='ocrx_word' id='word_1_544' title='bbox 1369 5135 1558 5212; x_wconf 86' lang='lat' dir='ltr'><strong><em>peritiam,a</em></strong></span> <span class='ocrx_word' id='word_1_545' title='bbox 1579 5137 1745 5199; x_wconf 87' lang='lat' dir='ltr'><strong><em>iuvenibus</em></strong></span> <span class='ocrx_word' id='word_1_546' title='bbox 1765 5139 1889 5203; x_wconf 89' lang='lat' dir='ltr'><strong><em>illarum</em></strong></span> <span class='ocrx_word' id='word_1_547' title='bbox 1910 5143 2044 5220; x_wconf 85' lang='lat' dir='ltr'><strong><em>partium</em></strong></span> 
     </span>
     <span class='ocr_line' id='line_1_103' title="bbox 1297 5227 2045 5309; baseline 0.011 -21"><span class='ocrx_word' id='word_1_548' title='bbox 1297 5227 1470 5306; x_wconf 90' lang='lat' dir='ltr'><strong><em>plurimum</em></strong></span> <span class='ocrx_word' id='word_1_549' title='bbox 1500 5228 1729 5309; x_wconf 80' lang='lat' dir='ltr'><strong><em>frequentetur,</em></strong></span> <span class='ocrx_word' id='word_1_550' title='bbox 1753 5249 1785 5294; x_wconf 86' lang='lat' dir='ltr'><strong><em>aa</em></strong></span> <span class='ocrx_word' id='word_1_551' title='bbox 1812 5235 1906 5296; x_wconf 88' lang='lat' dir='ltr'><strong><em>etiam</em></strong></span> <span class='ocrx_word' id='word_1_552' title='bbox 1927 5235 2045 5298; x_wconf 90' lang='lat' dir='ltr'><strong><em>carissi·</em></strong></span> 
     </span>
     <span class='ocr_line' id='line_1_104' title="bbox 1298 5324 2044 5406; baseline 0.015 -24"><span class='ocrx_word' id='word_1_553' title='bbox 1298 5338 1367 5385; x_wconf 84' lang='lat' dir='ltr'><strong><em>mus</em></strong></span> <span class='ocrx_word' id='word_1_554' title='bbox 1390 5325 1422 5384; x_wconf 89' lang='lat' dir='ltr'><strong><em>in</em></strong></span> <span class='ocrx_word' id='word_1_555' title='bbox 1445 5324 1567 5386; x_wconf 80' lang='lat' dir='ltr'><strong><em>Christo</em></strong></span> <span class='ocrx_word' id='word_1_556' title='bbox 1590 5324 1673 5386; x_wconf 82' lang='lat' dir='ltr'><strong><em>nllus</em></strong></span> <span class='ocrx_word' id='word_1_557' title='bbox 1695 5335 1800 5388; x_wconf 92' lang='lat' dir='ltr'><strong><em>noster</em></strong></span> <span class='ocrx_word' id='word_1_558' title='bbox 1815 5332 1973 5406; x_wconf 83' lang='lat' dir='ltr'><strong><em>Augustus</em></strong></span> <span class='ocrx_word' id='word_1_559' title='bbox 1989 5331 2044 5393; x_wconf 91' lang='lat' dir='ltr'><strong><em>Po-</em></strong></span> 
     </span>
     <span class='ocr_line' id='line_1_105' title="bbox 1297 5415 2043 5504; baseline 0.012 -27"><span class='ocrx_word' id='word_1_560' title='bbox 1297 5415 1399 5478; x_wconf 88' lang='lat' dir='ltr'><strong><em>loniae</em></strong></span> <span class='ocrx_word' id='word_1_561' title='bbox 1420 5433 1476 5478; x_wconf 84' lang='lat' dir='ltr'><strong><em>rex</em></strong></span> <span class='ocrx_word' id='word_1_562' title='bbox 1503 5417 1633 5480; x_wconf 91' lang='lat' dir='ltr'><strong><em>illustris</em></strong></span> <span class='ocrx_word' id='word_1_563' title='bbox 1662 5421 1874 5484; x_wconf 88' lang='lat' dir='ltr'><strong><em>concessiones</em></strong></span> <span class='ocrx_word' id='word_1_564' title='bbox 1895 5431 1926 5486; x_wconf 91' lang='lat' dir='ltr'><strong><em>et</em></strong></span> <span class='ocrx_word' id='word_1_565' title='bbox 1950 5425 2043 5504; x_wconf 87' lang='lat' dir='ltr'><strong><em>privi-</em></strong></span> 
     </span>
    </p>
   </div>
   <div class='ocr_carea' id='block_1_16' title="bbox 1296 5509 2108 5604">
    <p class='ocr_par' dir='ltr' id='par_1_20' title="bbox 1296 5509 2108 5604">
     <span class='ocr_line' id='line_1_106' title="bbox 1296 5509 2108 5604; baseline 0.009 -32"><span class='ocrx_word' id='word_1_566' title='bbox 1296 5509 1375 5588; x_wconf 79' lang='lat' dir='ltr'><strong><em>legia</em></strong></span> <span class='ocrx_word' id='word_1_567' title='bbox 1397 5511 1468 5572; x_wconf 89' lang='lat' dir='ltr'><strong><em>alias</em></strong></span> <span class='ocrx_word' id='word_1_568' title='bbox 1489 5528 1544 5590; x_wconf 89' lang='lat' dir='ltr'><strong><em>per</em></strong></span> <span class='ocrx_word' id='word_1_569' title='bbox 1564 5512 1602 5576; x_wconf 91' lang='lat' dir='ltr'><strong><em>cl.</em></strong></span> <span class='ocrx_word' id='word_1_570' title='bbox 1627 5527 1722 5575; x_wconf 91' lang='lat' dir='ltr'><strong><em>mem.</em></strong></span> <span class='ocrx_word' id='word_1_571' title='bbox 1747 5514 1895 5577; x_wconf 89' lang='lat' dir='ltr'><strong><em>loannem</em></strong></span> <span class='ocrx_word' id='word_1_572' title='bbox 1917 5517 2044 5582; x_wconf 85' lang='lat' dir='ltr'><strong><em>Casimi·</em></strong></span> <span class='ocrx_word' id='word_1_573' title='bbox 2106 5600 2108 5604; x_wconf 23' lang='grc' dir='ltr'>Ι</span> 
     </span>
    </p>
   </div>
   <div class='ocr_carea' id='block_1_17' title="bbox 1293 5785 2040 5912">
    <p class='ocr_par' dir='ltr' id='par_1_21' title="bbox 1293 5785 2040 5912">
     <span class='ocr_line' id='line_1_107' title="bbox 1294 5785 2040 5836; baseline 0.008 -7"><span class='ocrx_word' id='word_1_574' title='bbox 1294 5795 1368 5831; x_wconf 81' lang='lat' dir='ltr'><strong><em>raons</em></strong></span> <span class='ocrx_word' id='word_1_575' title='bbox 1383 5785 1518 5832; x_wconf 86' lang='lat' dir='ltr'><strong><em>indiarum</em></strong></span> <span class='ocrx_word' id='word_1_576' title='bbox 1534 5786 1739 5833; x_wconf 88' lang='lat' dir='ltr'><strong><em>occidentalium</em></strong></span> <span class='ocrx_word' id='word_1_577' title='bbox 1753 5787 1786 5834; x_wconf 84' lang='lat' dir='ltr'><strong><em>ab</em></strong></span> <span class='ocrx_word' id='word_1_578' title='bbox 1801 5790 1886 5836; x_wconf 86' lang='lat' dir='ltr'><strong><em>innoc.</em></strong></span> <span class='ocrx_word' id='word_1_579' title='bbox 1901 5791 1966 5834; x_wconf 85' lang='lat' dir='ltr'><strong><em>Xlll.</em></strong></span> <span class='ocrx_word' id='word_1_580' title='bbox 1982 5800 2040 5835; x_wconf 89' lang='lat' dir='ltr'><strong><em>oon·</em></strong></span> 
     </span>
     <span class='ocr_line' id='line_1_108' title="bbox 1293 5852 1778 5912; baseline 0.006 -14"><span class='ocrx_word' id='word_1_581' title='bbox 1293 5853 1349 5898; x_wconf 86' lang='lat' dir='ltr'><strong><em>stit.</em></strong></span> <span class='ocrx_word' id='word_1_582' title='bbox 1365 5852 1426 5899; x_wconf 88' lang='lat' dir='ltr'><strong><em>edit.</em></strong></span> <span class='ocrx_word' id='word_1_583' title='bbox 1442 5855 1778 5912; x_wconf 79' lang='lat' dir='ltr'><strong><em>unccxxu.,augustix1x.</em></strong></span> 
     </span>
    </p>
   </div>
   <div class='ocr_carea' id='block_1_18' title="bbox 0 0 2372 7001">
    <p class='ocr_par' dir='ltr' id='par_1_22' title="bbox 0 0 2372 7001">
     <span class='ocr_line' id='line_1_109' title="bbox 0 0 2372 7001; baseline 0 0"><span class='ocrx_word' id='word_1_584' title='bbox 0 0 2372 7001; x_wconf 95' lang='lat' dir='ltr'><strong><em> </em></strong></span> 
     </span>
    </p>
   </div>
  </div>
 </body>
</html>
