<?xml version="1.0" encoding="UTF-8"?>
<!DOCTYPE html PUBLIC "-//W3C//DTD XHTML 1.0 Transitional//EN"
    "http://www.w3.org/TR/xhtml1/DTD/xhtml1-transitional.dtd">
<html xmlns="http://www.w3.org/1999/xhtml" xml:lang="en" lang="en">
 <head>
  <title>
</title>
<meta http-equiv="Content-Type" content="text/html;charset=utf-8" />
  <meta name='ocr-system' content='tesseract 3.04.00' />
  <meta name='ocr-capabilities' content='ocr_page ocr_carea ocr_par ocr_line ocrx_word'/>
</head>
<body>
  <div class='ocr_page' id='page_1' title='image "./iurispontificii00martgoog_0614.png"; bbox 0 0 4808 6988; ppageno 0'>
   <div class='ocr_carea' id='block_1_1' title="bbox 13 11 323 252">
    <p class='ocr_par' dir='ltr' id='par_1_1' title="bbox 13 11 323 252">
     <span class='ocr_line' id='line_1_1' title="bbox 13 11 323 252; baseline 0.006 -13"><span class='ocrx_word' id='word_1_1' title='bbox 13 11 323 252; x_wconf 67' lang='lat' dir='ltr'>l*</span> 
     </span>
    </p>
   </div>
   <div class='ocr_carea' id='block_1_2' title="bbox 108 581 285 647">
    <p class='ocr_par' dir='ltr' id='par_1_2' title="bbox 108 581 285 647">
     <span class='ocr_line' id='line_1_2' title="bbox 108 581 285 647; baseline -0.023 -2"><span class='ocrx_word' id='word_1_2' title='bbox 108 591 163 647; x_wconf 78' lang='grc' dir='ltr'><strong>Διι.</strong></span> <span class='ocrx_word' id='word_1_3' title='bbox 175 593 201 646; x_wconf 81' lang='lat' dir='ltr'>G.</span> <span class='ocrx_word' id='word_1_4' title='bbox 221 581 285 644; x_wconf 78' lang='lat'>1821</span> 
     </span>
    </p>
   </div>
   <div class='ocr_carea' id='block_1_3' title="bbox 316 729 1105 1000">
    <p class='ocr_par' dir='ltr' id='par_1_3' title="bbox 316 729 1105 1000">
     <span class='ocr_line' id='line_1_3' title="bbox 317 729 1062 813; baseline 0.012 -26"><span class='ocrx_word' id='word_1_5' title='bbox 317 729 506 807; x_wconf 85' lang='lat' dir='ltr'>vacaverint,</span> <span class='ocrx_word' id='word_1_6' title='bbox 522 730 589 793; x_wconf 87' lang='lat' dir='ltr'>aliis</span> <span class='ocrx_word' id='word_1_7' title='bbox 606 729 740 796; x_wconf 89' lang='lat' dir='ltr'>conferri</span> <span class='ocrx_word' id='word_1_8' title='bbox 756 735 887 798; x_wconf 91' lang='lat' dir='ltr'>minime</span> <span class='ocrx_word' id='word_1_9' title='bbox 902 741 1062 813; x_wconf 91' lang='lat' dir='ltr'>poterunt,</span> 
     </span>
     <span class='ocr_line' id='line_1_4' title="bbox 316 829 1105 916; baseline 0.014 -36"><span class='ocrx_word' id='word_1_10' title='bbox 316 829 410 899; x_wconf 88' lang='lat' dir='ltr'>atque</span> <span class='ocrx_word' id='word_1_11' title='bbox 430 838 469 884; x_wconf 90' lang='lat' dir='ltr'>ex</span> <span class='ocrx_word' id='word_1_12' title='bbox 490 839 576 888; x_wconf 92' lang='lat' dir='ltr'>nunc</span> <span class='ocrx_word' id='word_1_13' title='bbox 596 841 653 904; x_wconf 89' lang='lat' dir='ltr'>pro</span> <span class='ocrx_word' id='word_1_14' title='bbox 674 835 750 890; x_wconf 89' lang='lat' dir='ltr'>tunc</span> <span class='ocrx_word' id='word_1_15' title='bbox 778 845 939 909; x_wconf 87' lang='lat' dir='ltr'>suppressa</span> <span class='ocrx_word' id='word_1_16' title='bbox 961 836 990 891; x_wconf 88' lang='lat' dir='ltr'>et</span> <span class='ocrx_word' id='word_1_17' title='bbox 1011 845 1063 890; x_wconf 86' lang='lat' dir='ltr'>ex·</span> <span class='ocrx_word' id='word_1_18' title='bbox 1100 903 1105 916; x_wconf 34' lang='lat'><strong><em>¹</em></strong></span> 
     </span>
     <span class='ocr_line' id='line_1_5' title="bbox 318 913 1064 1000; baseline 0.011 -26"><span class='ocrx_word' id='word_1_19' title='bbox 318 913 411 976; x_wconf 90' lang='lat' dir='ltr'>tincta</span> <span class='ocrx_word' id='word_1_20' title='bbox 432 917 564 979; x_wconf 90' lang='lat' dir='ltr'>debeant</span> <span class='ocrx_word' id='word_1_21' title='bbox 586 920 732 998; x_wconf 79' lang='lat' dir='ltr'>intelligi,</span> <span class='ocrx_word' id='word_1_22' title='bbox 749 922 783 983; x_wconf 89' lang='lat' dir='ltr'>ad</span> <span class='ocrx_word' id='word_1_23' title='bbox 800 923 857 984; x_wconf 93' lang='lat' dir='ltr'>hoc</span> <span class='ocrx_word' id='word_1_24' title='bbox 872 930 907 985; x_wconf 94' lang='lat' dir='ltr'>ut</span> <span class='ocrx_word' id='word_1_25' title='bbox 921 923 1064 1000; x_wconf 81' lang='lat' dir='ltr'>deinceps</span> 
     </span>
    </p>
   </div>
   <div class='ocr_carea' id='block_1_4' title="bbox 88 1009 1064 4248">
    <p class='ocr_par' dir='ltr' id='par_1_4' title="bbox 315 1009 1064 1814">
     <span class='ocr_line' id='line_1_6' title="bbox 316 1009 1063 1094; baseline 0.011 -27"><span class='ocrx_word' id='word_1_26' title='bbox 316 1009 471 1084; x_wconf 85' lang='lat' dir='ltr'>praefixus</span> <span class='ocrx_word' id='word_1_27' title='bbox 493 1016 640 1090; x_wconf 90' lang='lat' dir='ltr'>utsupra</span> <span class='ocrx_word' id='word_1_28' title='bbox 662 1029 811 1078; x_wconf 90' lang='lat' dir='ltr'>numerus</span> <span class='ocrx_word' id='word_1_29' title='bbox 833 1017 865 1077; x_wconf 94' lang='lat' dir='ltr'>in</span> <span class='ocrx_word' id='word_1_30' title='bbox 883 1014 1063 1094; x_wconf 89' lang='lat' dir='ltr'>respectivis</span> 
     </span>
     <span class='ocr_line' id='line_1_7' title="bbox 315 1099 1062 1184; baseline 0.013 -23"><span class='ocrx_word' id='word_1_31' title='bbox 315 1099 458 1177; x_wconf 87' lang='lat' dir='ltr'>capitulis</span> <span class='ocrx_word' id='word_1_32' title='bbox 479 1104 663 1168; x_wconf 79' lang='lat' dir='ltr'>adamussim</span> <span class='ocrx_word' id='word_1_33' title='bbox 679 1109 872 1170; x_wconf 80' lang='lat' dir='ltr'>observetur.</span> <span class='ocrx_word' id='word_1_34' title='bbox 890 1107 1013 1184; x_wconf 88' lang='lat' dir='ltr'>Quodsi</span> <span class='ocrx_word' id='word_1_35' title='bbox 1030 1109 1062 1171; x_wconf 92' lang='lat' dir='ltr'>in</span> 
     </span>
     <span class='ocr_line' id='line_1_8' title="bbox 316 1192 1064 1280; baseline 0.015 -28"><span class='ocrx_word' id='word_1_36' title='bbox 316 1192 420 1270; x_wconf 89' lang='lat' dir='ltr'>aliquo</span> <span class='ocrx_word' id='word_1_37' title='bbox 440 1196 573 1274; x_wconf 90' lang='lat' dir='ltr'>capitulo</span> <span class='ocrx_word' id='word_1_38' title='bbox 587 1201 726 1261; x_wconf 89' lang='lat' dir='ltr'>canonici</span> <span class='ocrx_word' id='word_1_39' title='bbox 741 1201 915 1263; x_wconf 89' lang='lat' dir='ltr'>minoribus</span> <span class='ocrx_word' id='word_1_40' title='bbox 931 1203 962 1263; x_wconf 94' lang='lat' dir='ltr'>in</span> <span class='ocrx_word' id='word_1_41' title='bbox 980 1219 1064 1280; x_wconf 82' lang='lat' dir='ltr'>prae·</span> 
     </span>
     <span class='ocr_line' id='line_1_9' title="bbox 315 1286 1062 1372; baseline 0.013 -28"><span class='ocrx_word' id='word_1_42' title='bbox 315 1286 487 1348; x_wconf 76' lang='lat' dir='ltr'>sentiarum</span> <span class='ocrx_word' id='word_1_43' title='bbox 516 1287 662 1354; x_wconf 87' lang='lat' dir='ltr'>fruantur</span> <span class='ocrx_word' id='word_1_44' title='bbox 689 1292 871 1369; x_wconf 87' lang='lat' dir='ltr'>redditibus,</span> <span class='ocrx_word' id='word_1_45' title='bbox 894 1310 986 1372; x_wconf 92' lang='lat' dir='ltr'>quam</span> <span class='ocrx_word' id='word_1_46' title='bbox 1008 1294 1062 1371; x_wconf 93' lang='lat' dir='ltr'>qui</span> 
     </span>
     <span class='ocr_line' id='line_1_10' title="bbox 316 1375 1063 1462; baseline 0.015 -24"><span class='ocrx_word' id='word_1_47' title='bbox 316 1375 430 1441; x_wconf 92' lang='lat' dir='ltr'>futuris</span> <span class='ocrx_word' id='word_1_48' title='bbox 460 1395 569 1444; x_wconf 91' lang='lat' dir='ltr'>eorum</span> <span class='ocrx_word' id='word_1_49' title='bbox 600 1383 666 1446; x_wconf 90' lang='lat' dir='ltr'>loco</span> <span class='ocrx_word' id='word_1_50' title='bbox 696 1386 903 1462; x_wconf 90' lang='lat' dir='ltr'>assignantur,</span> <span class='ocrx_word' id='word_1_51' title='bbox 938 1387 1063 1448; x_wconf 88' lang='lat' dir='ltr'>nullum</span> 
     </span>
     <span class='ocr_line' id='line_1_11' title="bbox 316 1471 1062 1561; baseline 0.015 -30"><span class='ocrx_word' id='word_1_52' title='bbox 316 1471 366 1532; x_wconf 92' lang='lat' dir='ltr'>isti</span> <span class='ocrx_word' id='word_1_53' title='bbox 388 1473 567 1536; x_wconf 87' lang='lat' dir='ltr'>reddituum</span> <span class='ocrx_word' id='word_1_54' title='bbox 587 1486 794 1554; x_wconf 89' lang='lat' dir='ltr'>augmentum</span> <span class='ocrx_word' id='word_1_55' title='bbox 821 1489 1062 1561; x_wconf 89' lang='lat' dir='ltr'>consequantur,</span> 
     </span>
     <span class='ocr_line' id='line_1_12' title="bbox 316 1565 1062 1649; baseline 0.011 -22"><span class='ocrx_word' id='word_1_56' title='bbox 316 1565 376 1627; x_wconf 92' lang='lat' dir='ltr'>nisi</span> <span class='ocrx_word' id='word_1_57' title='bbox 396 1566 435 1627; x_wconf 89' lang='lat' dir='ltr'>ab</span> <span class='ocrx_word' id='word_1_58' title='bbox 464 1576 654 1646; x_wconf 90' lang='lat' dir='ltr'>exequutore</span> <span class='ocrx_word' id='word_1_59' title='bbox 685 1572 850 1648; x_wconf 90' lang='lat' dir='ltr'>apostolico</span> <span class='ocrx_word' id='word_1_60' title='bbox 879 1573 1062 1649; x_wconf 90' lang='lat' dir='ltr'>singillatim</span> 
     </span>
     <span class='ocr_line' id='line_1_13' title="bbox 315 1659 1062 1740; baseline 0.009 -19"><span class='ocrx_word' id='word_1_61' title='bbox 315 1659 470 1723; x_wconf 91' lang='lat' dir='ltr'>similibus</span> <span class='ocrx_word' id='word_1_62' title='bbox 484 1662 682 1740; x_wconf 83' lang='lat' dir='ltr'>amplioribus</span> <span class='ocrx_word' id='word_1_63' title='bbox 697 1665 866 1727; x_wconf 88' lang='lat' dir='ltr'>redditibus</span> <span class='ocrx_word' id='word_1_64' title='bbox 881 1666 986 1728; x_wconf 92' lang='lat' dir='ltr'>donati</span> <span class='ocrx_word' id='word_1_65' title='bbox 997 1666 1062 1728; x_wconf 89' lang='lat' dir='ltr'>fue-</span> 
     </span>
     <span class='ocr_line' id='line_1_14' title="bbox 315 1752 391 1814; baseline -0.013 -1"><span class='ocrx_word' id='word_1_66' title='bbox 315 1752 391 1814; x_wconf 91' lang='lat' dir='ltr'>rint.</span> 
     </span>
    </p>

    <p class='ocr_par' dir='ltr' id='par_1_5' title="bbox 88 1845 1064 4166">
     <span class='ocr_line' id='line_1_15' title="bbox 356 1845 1061 1930; baseline 0.014 -24"><span class='ocrx_word' id='word_1_67' title='bbox 356 1848 375 1921; x_wconf 71' lang='lat'>5</span> <span class='ocrx_word' id='word_1_68' title='bbox 395 1845 444 1908; x_wconf 72' lang='lat' dir='ltr'>el.</span> <span class='ocrx_word' id='word_1_69' title='bbox 469 1848 588 1910; x_wconf 84' lang='lat' dir='ltr'>Futuro</span> <span class='ocrx_word' id='word_1_70' title='bbox 609 1856 713 1911; x_wconf 90' lang='lat' dir='ltr'>autem</span> <span class='ocrx_word' id='word_1_71' title='bbox 730 1859 880 1930; x_wconf 92' lang='lat' dir='ltr'>tempore,</span> <span class='ocrx_word' id='word_1_72' title='bbox 896 1869 930 1916; x_wconf 89' lang='lat' dir='ltr'>ac</span> <span class='ocrx_word' id='word_1_73' title='bbox 943 1870 1061 1916; x_wconf 89' lang='grc'>333333-</span> 
     </span>
     <span class='ocr_line' id='line_1_16' title="bbox 315 1939 1062 2012; baseline 0.011 -12"><span class='ocrx_word' id='word_1_74' title='bbox 315 1939 390 2001; x_wconf 87' lang='grc'>33333</span> <span class='ocrx_word' id='word_1_75' title='bbox 412 1940 624 2004; x_wconf 88' lang='grc'>333333333333</span> <span class='ocrx_word' id='word_1_76' title='bbox 643 1960 659 2003; x_wconf 99' lang='grc'>3</span> <span class='ocrx_word' id='word_1_77' title='bbox 675 1944 763 2005; x_wconf 88' lang='grc'>33333</span> <span class='ocrx_word' id='word_1_78' title='bbox 778 1954 808 2007; x_wconf 89' lang='grc'>33</span> <span class='ocrx_word' id='word_1_79' title='bbox 824 1945 968 2012; x_wconf 87' lang='lat' dir='ltr'>Romanis</span> <span class='ocrx_word' id='word_1_80' title='bbox 984 1949 1062 2010; x_wconf 90' lang='lat' dir='ltr'>Pon-</span> 
     </span>
     <span class='ocr_line' id='line_1_17' title="bbox 318 2032 1060 2119; baseline 0.013 -27"><span class='ocrx_word' id='word_1_81' title='bbox 318 2032 451 2094; x_wconf 89' lang='lat' dir='ltr'>tihcibus</span> <span class='ocrx_word' id='word_1_82' title='bbox 470 2035 696 2098; x_wconf 89' lang='lat' dir='ltr'>successoribus</span> <span class='ocrx_word' id='word_1_83' title='bbox 710 2039 824 2100; x_wconf 89' lang='lat' dir='ltr'>nostris</span> <span class='ocrx_word' id='word_1_84' title='bbox 838 2043 1060 2119; x_wconf 89' lang='lat' dir='ltr'>praepositura,</span> 
     </span>
     <span class='ocr_line' id='line_1_18' title="bbox 315 2127 1060 2210; baseline 0.016 -24"><span class='ocrx_word' id='word_1_85' title='bbox 315 2141 394 2204; x_wconf 92' lang='lat' dir='ltr'>quae</span> <span class='ocrx_word' id='word_1_86' title='bbox 415 2127 513 2188; x_wconf 88' lang='lat' dir='ltr'>maior</span> <span class='ocrx_word' id='word_1_87' title='bbox 541 2135 616 2204; x_wconf 85' lang='lat' dir='ltr'>post</span> <span class='ocrx_word' id='word_1_88' title='bbox 636 2130 845 2206; x_wconf 89' lang='lat' dir='ltr'>pontificalem</span> <span class='ocrx_word' id='word_1_89' title='bbox 873 2135 1006 2210; x_wconf 84' lang='lat' dir='ltr'>dignitas</span> <span class='ocrx_word' id='word_1_90' title='bbox 1030 2137 1060 2198; x_wconf 94' lang='lat' dir='ltr'>in</span> 
     </span>
     <span class='ocr_line' id='line_1_19' title="bbox 314 2221 1062 2305; baseline 0.011 -24"><span class='ocrx_word' id='word_1_91' title='bbox 314 2221 586 2298; x_wconf 83' lang='lat' dir='ltr'>supramemoratis</span> <span class='ocrx_word' id='word_1_92' title='bbox 614 2222 921 2303; x_wconf 89' lang='lat' dir='ltr'>archiepiscopalibus</span> <span class='ocrx_word' id='word_1_93' title='bbox 946 2235 978 2289; x_wconf 93' lang='lat' dir='ltr'>et</span> <span class='ocrx_word' id='word_1_94' title='bbox 999 2229 1062 2305; x_wconf 93' lang='lat' dir='ltr'>epi-</span> 
     </span>
     <span class='ocr_line' id='line_1_20' title="bbox 311 2313 1062 2391; baseline 0.012 -17"><span class='ocrx_word' id='word_1_95' title='bbox 311 2313 486 2391; x_wconf 89' lang='lat' dir='ltr'>scopalibus</span> <span class='ocrx_word' id='word_1_96' title='bbox 507 2313 652 2389; x_wconf 87' lang='lat' dir='ltr'>ecclesiis,</span> <span class='ocrx_word' id='word_1_97' title='bbox 675 2330 798 2378; x_wconf 84' lang='lat' dir='ltr'>necnon</span> <span class='ocrx_word' id='word_1_98' title='bbox 822 2319 854 2380; x_wconf 94' lang='lat' dir='ltr'>in</span> <span class='ocrx_word' id='word_1_99' title='bbox 876 2320 1001 2382; x_wconf 89' lang='lat' dir='ltr'>ecclesia</span> <span class='ocrx_word' id='word_1_100' title='bbox 1024 2323 1062 2383; x_wconf 85' lang='lat' dir='ltr'>h-</span> 
     </span>
     <span class='ocr_line' id='line_1_21' title="bbox 310 2407 1062 2485; baseline 0.02 -25"><span class='ocrx_word' id='word_1_101' title='bbox 310 2407 532 2485; x_wconf 68' lang='lat' dir='ltr'>,quisgranensi</span> <span class='ocrx_word' id='word_1_102' title='bbox 554 2407 586 2468; x_wconf 91' lang='lat' dir='ltr'>iu</span> <span class='ocrx_word' id='word_1_103' title='bbox 615 2407 807 2484; x_wconf 84' lang='lat' dir='ltr'>collegiatam</span> <span class='ocrx_word' id='word_1_104' title='bbox 829 2416 863 2472; x_wconf 90' lang='lat' dir='ltr'>ut</span> <span class='ocrx_word' id='word_1_105' title='bbox 894 2411 972 2474; x_wconf 85' lang='lat' dir='ltr'>infra</span> <span class='ocrx_word' id='word_1_106' title='bbox 1002 2413 1062 2475; x_wconf 91' lang='lat' dir='ltr'>eri·</span> 
     </span>
     <span class='ocr_line' id='line_1_22' title="bbox 316 2500 1061 2578; baseline 0.008 -18"><span class='ocrx_word' id='word_1_107' title='bbox 316 2501 432 2574; x_wconf 82' lang='lat' dir='ltr'>gendo,</span> <span class='ocrx_word' id='word_1_108' title='bbox 464 2500 601 2578; x_wconf 88' lang='lat' dir='ltr'>itemque</span> <span class='ocrx_word' id='word_1_109' title='bbox 629 2501 826 2563; x_wconf 87' lang='lat' dir='ltr'>canonicatus</span> <span class='ocrx_word' id='word_1_110' title='bbox 848 2505 880 2564; x_wconf 93' lang='lat' dir='ltr'>in</span> <span class='ocrx_word' id='word_1_111' title='bbox 904 2506 1061 2568; x_wconf 89' lang='lat' dir='ltr'>mensibus</span> 
     </span>
     <span class='ocr_line' id='line_1_23' title="bbox 318 2591 1062 2675; baseline 0.012 -23"><span class='ocrx_word' id='word_1_112' title='bbox 318 2591 461 2666; x_wconf 89' lang='lat' dir='ltr'>ianuarii,</span> <span class='ocrx_word' id='word_1_113' title='bbox 484 2592 598 2667; x_wconf 89' lang='lat' dir='ltr'>martii,</span> <span class='ocrx_word' id='word_1_114' title='bbox 623 2593 706 2668; x_wconf 92' lang='lat' dir='ltr'>maii,</span> <span class='ocrx_word' id='word_1_115' title='bbox 724 2594 802 2669; x_wconf 92' lang='lat' dir='ltr'>iulii,</span> <span class='ocrx_word' id='word_1_116' title='bbox 818 2597 1012 2675; x_wconf 77' lang='lat' dir='ltr'>septembrio,</span> <span class='ocrx_word' id='word_1_117' title='bbox 1029 2617 1062 2662; x_wconf 91' lang='grc'>33</span> 
     </span>
     <span class='ocr_line' id='line_1_24' title="bbox 316 2685 1062 2762; baseline 0.007 -13"><span class='ocrx_word' id='word_1_118' title='bbox 316 2685 496 2750; x_wconf 84' lang='lat' dir='ltr'>novembris</span> <span class='ocrx_word' id='word_1_119' title='bbox 518 2685 550 2747; x_wconf 94' lang='lat' dir='ltr'>in</span> <span class='ocrx_word' id='word_1_120' title='bbox 582 2685 725 2762; x_wconf 89' lang='lat' dir='ltr'>praefatis</span> <span class='ocrx_word' id='word_1_121' title='bbox 756 2688 889 2750; x_wconf 91' lang='lat' dir='ltr'>ecclesiis</span> <span class='ocrx_word' id='word_1_122' title='bbox 920 2697 1062 2754; x_wconf 88' lang='grc'>33333333</span> 
     </span>
     <span class='ocr_line' id='line_1_25' title="bbox 316 2778 1062 2862; baseline 0.005 -19"><span class='ocrx_word' id='word_1_123' title='bbox 316 2780 538 2853; x_wconf 88' lang='lat' dir='ltr'>conferentur,</span> <span class='ocrx_word' id='word_1_124' title='bbox 572 2778 833 2856; x_wconf 90' lang='lat' dir='ltr'>quemadmodum</span> <span class='ocrx_word' id='word_1_125' title='bbox 864 2783 897 2844; x_wconf 95' lang='lat' dir='ltr'>in</span> <span class='ocrx_word' id='word_1_126' title='bbox 929 2785 1062 2862; x_wconf 90' lang='lat' dir='ltr'>capitulo</span> 
     </span>
     <span class='ocr_line' id='line_1_26' title="bbox 316 2870 1062 2958; baseline 0.009 -22"><span class='ocrx_word' id='word_1_127' title='bbox 316 2870 559 2936; x_wconf 77' lang='lat' dir='ltr'>wratislaviensi</span> <span class='ocrx_word' id='word_1_128' title='bbox 590 2872 736 2933; x_wconf 91' lang='lat' dir='ltr'>hactenus</span> <span class='ocrx_word' id='word_1_129' title='bbox 767 2872 883 2936; x_wconf 91' lang='lat' dir='ltr'>facturn</span> <span class='ocrx_word' id='word_1_130' title='bbox 914 2885 976 2939; x_wconf 88' lang='lat' dir='ltr'>est:</span> <span class='ocrx_word' id='word_1_131' title='bbox 1001 2897 1062 2958; x_wconf 92' lang='lat' dir='ltr'>quo</span> 
     </span>
     <span class='ocr_line' id='line_1_27' title="bbox 316 2964 1063 3050; baseline 0.012 -24"><span class='ocrx_word' id='word_1_132' title='bbox 316 2982 391 3029; x_wconf 93' lang='lat' dir='ltr'>vero</span> <span class='ocrx_word' id='word_1_133' title='bbox 412 2966 447 3027; x_wconf 90' lang='lat' dir='ltr'>ad</span> <span class='ocrx_word' id='word_1_134' title='bbox 470 2966 633 3026; x_wconf 88' lang='lat' dir='ltr'>decanatus</span> <span class='ocrx_word' id='word_1_135' title='bbox 654 2964 687 3025; x_wconf 94' lang='lat' dir='ltr'>in</span> <span class='ocrx_word' id='word_1_136' title='bbox 709 2966 869 3043; x_wconf 87' lang='lat' dir='ltr'>praedictis</span> <span class='ocrx_word' id='word_1_137' title='bbox 885 2973 1063 3050; x_wconf 90' lang='lat' dir='ltr'>metropoli·</span> 
     </span>
     <span class='ocr_line' id='line_1_28' title="bbox 313 3057 1062 3128; baseline 0.008 -5"><span class='ocrx_word' id='word_1_138' title='bbox 313 3060 395 3124; x_wconf 88' lang='lat' dir='ltr'>tanis</span> <span class='ocrx_word' id='word_1_139' title='bbox 415 3066 445 3120; x_wconf 86' lang='lat' dir='ltr'>et</span> <span class='ocrx_word' id='word_1_140' title='bbox 467 3057 694 3120; x_wconf 85' lang='lat' dir='ltr'>cathedralibus</span> <span class='ocrx_word' id='word_1_141' title='bbox 714 3059 849 3122; x_wconf 88' lang='lat' dir='ltr'>ecclesiis</span> <span class='ocrx_word' id='word_1_142' title='bbox 871 3068 901 3123; x_wconf 90' lang='grc'>33</span> <span class='ocrx_word' id='word_1_143' title='bbox 922 3066 957 3126; x_wconf 87' lang='grc'>33</span> <span class='ocrx_word' id='word_1_144' title='bbox 973 3082 1062 3128; x_wconf 89' lang='grc'>3333-</span> 
     </span>
     <span class='ocr_line' id='line_1_29' title="bbox 316 3150 1064 3235; baseline 0.004 -20"><span class='ocrx_word' id='word_1_145' title='bbox 316 3154 435 3215; x_wconf 89' lang='grc'>3333333</span> <span class='ocrx_word' id='word_1_146' title='bbox 456 3159 520 3212; x_wconf 89' lang='lat' dir='ltr'>tam</span> <span class='ocrx_word' id='word_1_147' title='bbox 541 3150 573 3211; x_wconf 94' lang='lat' dir='ltr'>in</span> <span class='ocrx_word' id='word_1_148' title='bbox 596 3151 681 3228; x_wconf 93' lang='lat' dir='ltr'>ipsis,</span> <span class='ocrx_word' id='word_1_149' title='bbox 703 3167 795 3230; x_wconf 92' lang='lat' dir='ltr'>quam</span> <span class='ocrx_word' id='word_1_150' title='bbox 812 3153 844 3214; x_wconf 96' lang='lat' dir='ltr'>in</span> <span class='ocrx_word' id='word_1_151' title='bbox 860 3155 938 3218; x_wconf 90' lang='lat' dir='ltr'>dicta</span> <span class='ocrx_word' id='word_1_152' title='bbox 954 3159 1064 3235; x_wconf 82' lang='lat' dir='ltr'>Aquis·</span> 
     </span>
     <span class='ocr_line' id='line_1_30' title="bbox 317 3241 1062 3328; baseline 0.008 -21"><span class='ocrx_word' id='word_1_153' title='bbox 317 3244 462 3321; x_wconf 90' lang='lat' dir='ltr'>granensi</span> <span class='ocrx_word' id='word_1_154' title='bbox 485 3241 618 3305; x_wconf 83' lang='lat' dir='ltr'>¹ecclesia</span> <span class='ocrx_word' id='word_1_155' title='bbox 638 3244 671 3304; x_wconf 94' lang='lat' dir='ltr'>in</span> <span class='ocrx_word' id='word_1_156' title='bbox 693 3243 886 3321; x_wconf 79' lang='lat' dir='ltr'>collegiatam</span> <span class='ocrx_word' id='word_1_157' title='bbox 917 3250 1062 3328; x_wconf 85' lang='lat' dir='ltr'>erigenda</span> 
     </span>
     <span class='ocr_line' id='line_1_31' title="bbox 316 3337 1063 3407; baseline 0.008 -7"><span class='ocrx_word' id='word_1_158' title='bbox 316 3339 348 3402; x_wconf 94' lang='lat' dir='ltr'>in</span> <span class='ocrx_word' id='word_1_159' title='bbox 370 3339 437 3400; x_wconf 84' lang='lat' dir='ltr'>aliis</span> <span class='ocrx_word' id='word_1_160' title='bbox 457 3353 510 3399; x_wconf 87' lang='lat' dir='ltr'>sex</span> <span class='ocrx_word' id='word_1_161' title='bbox 534 3337 693 3400; x_wconf 89' lang='lat' dir='ltr'>mensibus</span> <span class='ocrx_word' id='word_1_162' title='bbox 714 3345 857 3401; x_wconf 88' lang='lat' dir='ltr'>vacantes</span> <span class='ocrx_word' id='word_1_163' title='bbox 879 3341 916 3403; x_wconf 92' lang='lat' dir='ltr'>ab</span> <span class='ocrx_word' id='word_1_164' title='bbox 936 3341 1063 3407; x_wconf 80' lang='grc'>333333-</span> 
     </span>
     <span class='ocr_line' id='line_1_32' title="bbox 315 3430 1063 3510; baseline 0.009 -18"><span class='ocrx_word' id='word_1_165' title='bbox 315 3431 445 3509; x_wconf 90' lang='lat' dir='ltr'>piscopis</span> <span class='ocrx_word' id='word_1_166' title='bbox 464 3436 497 3492; x_wconf 89' lang='lat' dir='ltr'>et</span> <span class='ocrx_word' id='word_1_167' title='bbox 519 3430 674 3508; x_wconf 87' lang='lat' dir='ltr'>Episcopis</span> <span class='ocrx_word' id='word_1_168' title='bbox 706 3432 878 3510; x_wconf 84' lang='lat' dir='ltr'>respective</span> <span class='ocrx_word' id='word_1_169' title='bbox 902 3435 1063 3500; x_wconf 85' lang='lat' dir='ltr'>conferen-</span> 
     </span>
     <span class='ocr_line' id='line_1_33' title="bbox 317 3525 1062 3604; baseline 0.007 -16"><span class='ocrx_word' id='word_1_170' title='bbox 317 3536 377 3588; x_wconf 89' lang='lat' dir='ltr'>tur.</span> <span class='ocrx_word' id='word_1_171' title='bbox 402 3525 572 3587; x_wconf 76' lang='lat' dir='ltr'>vicariatus</span> <span class='ocrx_word' id='word_1_172' title='bbox 593 3531 697 3585; x_wconf 87' lang='lat' dir='ltr'>autem</span> <span class='ocrx_word' id='word_1_173' title='bbox 718 3539 774 3586; x_wconf 92' lang='lat' dir='ltr'>seu</span> <span class='ocrx_word' id='word_1_174' title='bbox 789 3527 1014 3604; x_wconf 89' lang='lat' dir='ltr'>praebendatus</span> <span class='ocrx_word' id='word_1_175' title='bbox 1029 3532 1062 3593; x_wconf 95' lang='lat' dir='ltr'>in</span> 
     </span>
     <span class='ocr_line' id='line_1_34' title="bbox 316 3616 1062 3698; baseline 0.009 -19"><span class='ocrx_word' id='word_1_176' title='bbox 316 3617 476 3698; x_wconf 90' lang='lat' dir='ltr'>praedictis</span> <span class='ocrx_word' id='word_1_177' title='bbox 496 3616 632 3678; x_wconf 88' lang='lat' dir='ltr'>ecclesiis</span> <span class='ocrx_word' id='word_1_178' title='bbox 659 3631 855 3697; x_wconf 89' lang='lat' dir='ltr'>quocumque</span> <span class='ocrx_word' id='word_1_179' title='bbox 883 3637 990 3684; x_wconf 90' lang='lat' dir='ltr'>mense</span> <span class='ocrx_word' id='word_1_180' title='bbox 1011 3639 1062 3686; x_wconf 90' lang='lat' dir='ltr'>va-</span> 
     </span>
     <span class='ocr_line' id='line_1_35' title="bbox 316 3711 1062 3798; baseline 0.012 -24"><span class='ocrx_word' id='word_1_181' title='bbox 316 3712 466 3786; x_wconf 90' lang='lat' dir='ltr'>caverint,</span> <span class='ocrx_word' id='word_1_182' title='bbox 488 3711 734 3787; x_wconf 89' lang='lat' dir='ltr'>respectivorum</span> <span class='ocrx_word' id='word_1_183' title='bbox 752 3715 1062 3798; x_wconf 73' lang='lat' dir='ltr'>archiepiscoporum</span> 
     </span>
     <span class='ocr_line' id='line_1_36' title="bbox 315 3803 997 3887; baseline 0.006 -19"><span class='ocrx_word' id='word_1_184' title='bbox 315 3815 346 3868; x_wconf 89' lang='lat' dir='ltr'>et</span> <span class='ocrx_word' id='word_1_185' title='bbox 367 3806 580 3882; x_wconf 90' lang='lat' dir='ltr'>episcoporum</span> <span class='ocrx_word' id='word_1_186' title='bbox 601 3803 757 3866; x_wconf 89' lang='lat' dir='ltr'>collationi</span> <span class='ocrx_word' id='word_1_187' title='bbox 779 3807 997 3887; x_wconf 86' lang='lat' dir='ltr'>relinquimus.</span> 
     </span>
     <span class='ocr_line' id='line_1_37' title="bbox 102 3895 1062 3980; baseline 0.018 -31"><span class='ocrx_word' id='word_1_188' title='bbox 102 3903 298 3968; x_wconf 72' lang='grc' dir='ltr'>Ι3333333333</span> <span class='ocrx_word' id='word_1_189' title='bbox 356 3898 445 3973; x_wconf 68' lang='lat'>§22</span> <span class='ocrx_word' id='word_1_190' title='bbox 468 3898 545 3959; x_wconf 86' lang='lat' dir='ltr'>ilem</span> <span class='ocrx_word' id='word_1_191' title='bbox 566 3895 701 3976; x_wconf 90' lang='lat' dir='ltr'>denique</span> <span class='ocrx_word' id='word_1_192' title='bbox 721 3899 905 3964; x_wconf 86' lang='lat' dir='ltr'>Germaniae</span> <span class='ocrx_word' id='word_1_193' title='bbox 927 3905 1062 3980; x_wconf 87' lang='lat' dir='ltr'>gratissi·</span> 
     </span>
     <span class='ocr_line' id='line_1_38' title="bbox 89 3957 1062 4111; baseline 0.006 -57"><span class='ocrx_word' id='word_1_194' title='bbox 89 3957 299 4111; x_wconf 48' lang='lat' dir='ltr'>iiiffisssuu&#39;pa‘iffe&#39;-</span> <span class='ocrx_word' id='word_1_195' title='bbox 317 4007 409 4066; x_wconf 88' lang='lat' dir='ltr'>mam,</span> <span class='ocrx_word' id='word_1_196' title='bbox 432 3990 587 4068; x_wconf 90' lang='lat' dir='ltr'>simulque</span> <span class='ocrx_word' id='word_1_197' title='bbox 609 3991 802 4068; x_wconf 88' lang='lat' dir='ltr'>praelaudato</span> <span class='ocrx_word' id='word_1_198' title='bbox 821 3994 981 4058; x_wconf 87' lang='lat' dir='ltr'>Borussiae</span> <span class='ocrx_word' id='word_1_199' title='bbox 996 3999 1062 4076; x_wconf 83' lang='lat' dir='ltr'>regi</span> 
     </span>
     <span class='ocr_line' id='line_1_39' title="bbox 88 4062 1060 4166; baseline 0.01 -22"><span class='ocrx_word' id='word_1_200' title='bbox 88 4062 298 4166; x_wconf 53' lang='lat' dir='ltr'>ssl00⁵3¹3m2235⁸g</span> <span class='ocrx_word' id='word_1_201' title='bbox 316 4084 558 4162; x_wconf 88' lang='lat' dir='ltr'>acceptissimam</span> <span class='ocrx_word' id='word_1_202' title='bbox 579 4099 634 4144; x_wconf 91' lang='grc'>333</span> <span class='ocrx_word' id='word_1_203' title='bbox 653 4100 718 4146; x_wconf 87' lang='grc'>3333</span> <span class='ocrx_word' id='word_1_204' title='bbox 731 4086 864 4148; x_wconf 90' lang='lat' dir='ltr'>facturos</span> <span class='ocrx_word' id='word_1_205' title='bbox 880 4089 1060 4166; x_wconf 89' lang='lat' dir='ltr'>iudicantes,</span> 
     </span>
    </p>

    <p class='ocr_par' dir='ltr' id='par_1_6' title="bbox 316 4177 1061 4248">
     <span class='ocr_line' id='line_1_40' title="bbox 316 4177 1061 4248; baseline 0.012 -8"><span class='ocrx_word' id='word_1_206' title='bbox 316 4179 341 4240; x_wconf 84' lang='lat' dir='ltr'>si</span> <span class='ocrx_word' id='word_1_207' title='bbox 362 4178 553 4240; x_wconf 88' lang='lat' dir='ltr'>electionum</span> <span class='ocrx_word' id='word_1_208' title='bbox 574 4177 643 4238; x_wconf 89' lang='lat' dir='ltr'>iure</span> <span class='ocrx_word' id='word_1_209' title='bbox 660 4178 691 4240; x_wconf 94' lang='lat' dir='ltr'>in</span> <span class='ocrx_word' id='word_1_210' title='bbox 708 4179 951 4244; x_wconf 80' lang='lat' dir='ltr'>Transrhenanis</span> <span class='ocrx_word' id='word_1_211' title='bbox 966 4185 1061 4248; x_wconf 90' lang='lat' dir='ltr'>eccle-</span> 
     </span>
    </p>
   </div>
   <div class='ocr_carea' id='block_1_5' title="bbox 91 1846 295 1901">
    <p class='ocr_par' dir='ltr' id='par_1_7' title="bbox 91 1846 295 1901">
     <span class='ocr_line' id='line_1_41' title="bbox 91 1846 295 1901; baseline -0.005 -11"><span class='ocrx_word' id='word_1_212' title='bbox 91 1846 160 1892; x_wconf 85' lang='lat' dir='ltr'>ldem</span> <span class='ocrx_word' id='word_1_213' title='bbox 173 1848 295 1901; x_wconf 84' lang='lat' dir='ltr'>utsupra.</span> 
     </span>
    </p>
   </div>
   <div class='ocr_carea' id='block_1_6' title="bbox 89 4169 215 4218">
    <p class='ocr_par' dir='ltr' id='par_1_8' title="bbox 89 4169 215 4218">
     <span class='ocr_line' id='line_1_42' title="bbox 89 4169 215 4218; baseline 0.032 -4"><span class='ocrx_word' id='word_1_214' title='bbox 89 4169 215 4218; x_wconf 81' lang='grc'>33333333.</span> 
     </span>
    </p>
   </div>
   <div class='ocr_carea' id='block_1_7' title="bbox 251 4271 1087 6022">
    <p class='ocr_par' dir='ltr' id='par_1_9' title="bbox 251 4271 1087 6022">
     <span class='ocr_line' id='line_1_43' title="bbox 316 4271 1061 4348; baseline 0.009 -15"><span class='ocrx_word' id='word_1_215' title='bbox 316 4271 368 4334; x_wconf 89' lang='grc'>3333</span> <span class='ocrx_word' id='word_1_216' title='bbox 388 4277 511 4333; x_wconf 88' lang='grc'>3333333</span> <span class='ocrx_word' id='word_1_217' title='bbox 532 4287 564 4332; x_wconf 91' lang='grc'>33</span> <span class='ocrx_word' id='word_1_218' title='bbox 584 4271 779 4348; x_wconf 84' lang='lat' dir='ltr'>confirmato,</span> <span class='ocrx_word' id='word_1_219' title='bbox 799 4283 830 4334; x_wconf 91' lang='lat' dir='ltr'>et</span> <span class='ocrx_word' id='word_1_220' title='bbox 851 4275 883 4336; x_wconf 92' lang='lat' dir='ltr'>in</span> <span class='ocrx_word' id='word_1_221' title='bbox 900 4276 1061 4342; x_wconf 82' lang='lat' dir='ltr'>Cisrhena-</span> 
     </span>
     <span class='ocr_line' id='line_1_44' title="bbox 251 4362 1061 4443; baseline 0.009 -17"><span class='ocrx_word' id='word_1_222' title='bbox 251 4362 275 4410; x_wconf 74' lang='lat'>⁸</span> <span class='ocrx_word' id='word_1_223' title='bbox 316 4365 363 4426; x_wconf 92' lang='lat' dir='ltr'>nis</span> <span class='ocrx_word' id='word_1_224' title='bbox 378 4371 492 4427; x_wconf 89' lang='lat' dir='ltr'>cessato</span> <span class='ocrx_word' id='word_1_225' title='bbox 509 4380 562 4442; x_wconf 85' lang='lat' dir='ltr'>per</span> <span class='ocrx_word' id='word_1_226' title='bbox 576 4363 752 4442; x_wconf 90' lang='lat' dir='ltr'>apostolicas</span> <span class='ocrx_word' id='word_1_227' title='bbox 764 4367 977 4443; x_wconf 88' lang='lat' dir='ltr'>dispositiones</span> <span class='ocrx_word' id='word_1_228' title='bbox 989 4374 1061 4435; x_wconf 90' lang='lat' dir='ltr'>anui</span> 
     </span>
     <span class='ocr_line' id='line_1_45' title="bbox 315 4458 1060 4537; baseline 0.008 -17"><span class='ocrx_word' id='word_1_229' title='bbox 315 4458 473 4520; x_wconf 86' lang='lat' dir='ltr'>millesimi</span> <span class='ocrx_word' id='word_1_230' title='bbox 505 4458 755 4533; x_wconf 80' lang='lat' dir='ltr'>octingentesimi</span> <span class='ocrx_word' id='word_1_231' title='bbox 787 4460 880 4537; x_wconf 91' lang='lat' dir='ltr'>primi</span> <span class='ocrx_word' id='word_1_232' title='bbox 911 4477 997 4525; x_wconf 90' lang='lat' dir='ltr'>nuuc</span> <span class='ocrx_word' id='word_1_233' title='bbox 1028 4467 1060 4526; x_wconf 89' lang='lat' dir='ltr'>iu</span> 
     </span>
     <span class='ocr_line' id='line_1_46' title="bbox 314 4550 1061 4635; baseline 0.011 -24"><span class='ocrx_word' id='word_1_234' title='bbox 314 4551 386 4628; x_wconf 92' lang='lat' dir='ltr'>ipsis</span> <span class='ocrx_word' id='word_1_235' title='bbox 405 4551 605 4614; x_wconf 82' lang='lat' dir='ltr'>Cisrhenanis</span> <span class='ocrx_word' id='word_1_236' title='bbox 626 4550 817 4614; x_wconf 88' lang='lat' dir='ltr'>dioecesibus</span> <span class='ocrx_word' id='word_1_237' title='bbox 839 4554 965 4630; x_wconf 91' lang='lat' dir='ltr'>praefati</span> <span class='ocrx_word' id='word_1_238' title='bbox 980 4559 1061 4635; x_wconf 89' lang='lat' dir='ltr'>regis</span> 
     </span>
     <span class='ocr_line' id='line_1_47' title="bbox 314 4643 1060 4722; baseline 0.011 -18"><span class='ocrx_word' id='word_1_239' title='bbox 314 4643 477 4722; x_wconf 92' lang='lat' dir='ltr'>temporali</span> <span class='ocrx_word' id='word_1_240' title='bbox 499 4644 638 4706; x_wconf 90' lang='lat' dir='ltr'>dominio</span> <span class='ocrx_word' id='word_1_241' title='bbox 659 4643 805 4706; x_wconf 90' lang='lat' dir='ltr'>subiectis</span> <span class='ocrx_word' id='word_1_242' title='bbox 826 4645 909 4707; x_wconf 91' lang='lat' dir='ltr'>idem</span> <span class='ocrx_word' id='word_1_243' title='bbox 931 4648 978 4709; x_wconf 89' lang='lat' dir='ltr'>ius</span> <span class='ocrx_word' id='word_1_244' title='bbox 998 4650 1060 4712; x_wconf 90' lang='lat' dir='ltr'>ele-</span> 
     </span>
     <span class='ocr_line' id='line_1_48' title="bbox 313 4736 1062 4816; baseline 0.001 -19"><span class='ocrx_word' id='word_1_245' title='bbox 313 4736 423 4798; x_wconf 91' lang='lat' dir='ltr'>ctionis</span> <span class='ocrx_word' id='word_1_246' title='bbox 445 4737 676 4812; x_wconf 89' lang='lat' dir='ltr'>redintegretur</span> <span class='ocrx_word' id='word_1_247' title='bbox 697 4737 794 4815; x_wconf 91' lang='lat' dir='ltr'>quoad</span> <span class='ocrx_word' id='word_1_248' title='bbox 816 4739 946 4816; x_wconf 89' lang='lat' dir='ltr'>capitula</span> <span class='ocrx_word' id='word_1_249' title='bbox 964 4743 1062 4805; x_wconf 85' lang='lat' dir='ltr'>eccle.</span> 
     </span>
     <span class='ocr_line' id='line_1_49' title="bbox 312 4830 1058 4908; baseline 0.009 -18"><span class='ocrx_word' id='word_1_250' title='bbox 312 4831 429 4891; x_wconf 90' lang='lat' dir='ltr'>siarum</span> <span class='ocrx_word' id='word_1_251' title='bbox 450 4831 485 4890; x_wconf 87' lang='lat' dir='ltr'>ad</span> <span class='ocrx_word' id='word_1_252' title='bbox 501 4830 699 4892; x_wconf 86' lang='lat' dir='ltr'>Germaniam</span> <span class='ocrx_word' id='word_1_253' title='bbox 715 4831 953 4908; x_wconf 86' lang='lat' dir='ltr'>pertinentium,</span> <span class='ocrx_word' id='word_1_254' title='bbox 971 4851 1058 4897; x_wconf 91' lang='lat' dir='ltr'>nern-</span> 
     </span>
     <span class='ocr_line' id='line_1_50' title="bbox 313 4905 1059 5000; baseline 0.009 -17"><span class='ocrx_word' id='word_1_255' title='bbox 313 4905 575 5000; x_wconf 76' lang='lat' dir='ltr'>pe&#39;corontensrs,</span> <span class='ocrx_word' id='word_1_256' title='bbox 598 4923 802 4998; x_wconf 72' lang='lat' dir='ltr'>bracarensis,</span> <span class='ocrx_word' id='word_1_257' title='bbox 827 4924 1059 4990; x_wconf 75' lang='lat' dir='ltr'>wratislavien-</span> 
     </span>
     <span class='ocr_line' id='line_1_51' title="bbox 305 5015 1059 5094; baseline 0.011 -19"><span class='ocrx_word' id='word_1_258' title='bbox 305 5016 364 5090; x_wconf 84' lang='lat' dir='ltr'>sis,</span> <span class='ocrx_word' id='word_1_259' title='bbox 379 5015 622 5078; x_wconf 85' lang='lat' dir='ltr'>Parlerbonensis</span> <span class='ocrx_word' id='word_1_260' title='bbox 636 5024 668 5076; x_wconf 89' lang='lat' dir='ltr'>et</span> <span class='ocrx_word' id='word_1_261' title='bbox 683 5015 943 5094; x_wconf 87' lang='lat' dir='ltr'>hlonasteriensis,</span> <span class='ocrx_word' id='word_1_262' title='bbox 956 5019 1059 5083; x_wconf 90' lang='lat' dir='ltr'>decer-</span> 
     </span>
     <span class='ocr_line' id='line_1_52' title="bbox 311 5108 1059 5192; baseline 0.009 -22"><span class='ocrx_word' id='word_1_263' title='bbox 311 5109 416 5170; x_wconf 89' lang='lat' dir='ltr'>nimus</span> <span class='ocrx_word' id='word_1_264' title='bbox 437 5125 470 5170; x_wconf 92' lang='lat' dir='ltr'>ac</span> <span class='ocrx_word' id='word_1_265' title='bbox 490 5109 656 5170; x_wconf 87' lang='lat' dir='ltr'>statuimus</span> <span class='ocrx_word' id='word_1_266' title='bbox 677 5108 758 5186; x_wconf 91' lang='lat' dir='ltr'>quod</span> <span class='ocrx_word' id='word_1_267' title='bbox 784 5109 841 5171; x_wconf 91' lang='lat' dir='ltr'>alia</span> <span class='ocrx_word' id='word_1_268' title='bbox 862 5127 1059 5192; x_wconf 91' lang='lat' dir='ltr'>quacumque</span> 
     </span>
     <span class='ocr_line' id='line_1_53' title="bbox 312 5200 1058 5276; baseline 0.012 -16"><span class='ocrx_word' id='word_1_269' title='bbox 312 5201 431 5262; x_wconf 88' lang='lat' dir='ltr'>ratione</span> <span class='ocrx_word' id='word_1_270' title='bbox 453 5200 502 5261; x_wconf 93' lang='lat' dir='ltr'>vel</span> <span class='ocrx_word' id='word_1_271' title='bbox 525 5202 760 5276; x_wconf 85' lang='lat' dir='ltr'>consuetudine,</span> <span class='ocrx_word' id='word_1_272' title='bbox 784 5216 841 5264; x_wconf 92' lang='lat' dir='ltr'>nec</span> <span class='ocrx_word' id='word_1_273' title='bbox 856 5219 918 5265; x_wconf 90' lang='lat' dir='ltr'>non</span> <span class='ocrx_word' id='word_1_274' title='bbox 933 5206 1058 5269; x_wconf 90' lang='lat' dir='ltr'>electio-</span> 
     </span>
     <span class='ocr_line' id='line_1_54' title="bbox 313 5294 1058 5371; baseline 0.009 -17"><span class='ocrx_word' id='word_1_275' title='bbox 313 5295 361 5355; x_wconf 90' lang='lat' dir='ltr'>nis</span> <span class='ocrx_word' id='word_1_276' title='bbox 382 5300 413 5354; x_wconf 92' lang='lat' dir='ltr'>ot</span> <span class='ocrx_word' id='word_1_277' title='bbox 430 5294 648 5370; x_wconf 86' lang='lat' dir='ltr'>postulationis</span> <span class='ocrx_word' id='word_1_278' title='bbox 669 5295 860 5371; x_wconf 90' lang='lat' dir='ltr'>discrimine,</span> <span class='ocrx_word' id='word_1_279' title='bbox 877 5299 1058 5361; x_wconf 90' lang='lat' dir='ltr'>nobilitatis-</span> 
     </span>
     <span class='ocr_line' id='line_1_55' title="bbox 312 5387 1058 5469; baseline 0.008 -21"><span class='ocrx_word' id='word_1_280' title='bbox 312 5403 377 5465; x_wconf 88' lang='lat' dir='ltr'>que</span> <span class='ocrx_word' id='word_1_281' title='bbox 395 5388 544 5450; x_wconf 88' lang='lat' dir='ltr'>natalium</span> <span class='ocrx_word' id='word_1_282' title='bbox 567 5387 750 5449; x_wconf 89' lang='lat' dir='ltr'>necessitate</span> <span class='ocrx_word' id='word_1_283' title='bbox 763 5388 900 5465; x_wconf 89' lang='lat' dir='ltr'>sublatis,</span> <span class='ocrx_word' id='word_1_284' title='bbox 917 5393 1058 5469; x_wconf 89' lang='lat' dir='ltr'>capitulis</span> 
     </span>
     <span class='ocr_line' id='line_1_56' title="bbox 312 5481 1087 5558; baseline -0.001 -17"><span class='ocrx_word' id='word_1_285' title='bbox 312 5481 485 5556; x_wconf 90' lang='lat' dir='ltr'>praedietis,</span> <span class='ocrx_word' id='word_1_286' title='bbox 517 5489 679 5558; x_wconf 91' lang='lat' dir='ltr'>postquam</span> <span class='ocrx_word' id='word_1_287' title='bbox 709 5481 881 5558; x_wconf 90' lang='lat' dir='ltr'>supradicta</span> <span class='ocrx_word' id='word_1_288' title='bbox 912 5484 1058 5546; x_wconf 88' lang='lat' dir='ltr'>methodo</span> <span class='ocrx_word' id='word_1_289' title='bbox 1085 5513 1087 5540; x_wconf 88' lang='lat' dir='ltr'>l</span> 
     </span>
     <span class='ocr_line' id='line_1_57' title="bbox 312 5573 1058 5649; baseline 0.007 -16"><span class='ocrx_word' id='word_1_290' title='bbox 312 5573 479 5634; x_wconf 88' lang='lat' dir='ltr'>constituta</span> <span class='ocrx_word' id='word_1_291' title='bbox 510 5582 541 5635; x_wconf 93' lang='lat' dir='ltr'>et</span> <span class='ocrx_word' id='word_1_292' title='bbox 571 5573 709 5634; x_wconf 92' lang='lat' dir='ltr'>ordinata</span> <span class='ocrx_word' id='word_1_293' title='bbox 740 5585 845 5649; x_wconf 90' lang='lat' dir='ltr'>erunt,</span> <span class='ocrx_word' id='word_1_294' title='bbox 877 5575 1058 5639; x_wconf 82' lang='lat' dir='ltr'>facultatem</span> 
     </span>
     <span class='ocr_line' id='line_1_58' title="bbox 285 5664 1058 5746; baseline 0.008 -21"><span class='ocrx_word' id='word_1_295' title='bbox 285 5737 289 5746; x_wconf 92' lang='lat'>.</span> <span class='ocrx_word' id='word_1_296' title='bbox 312 5664 490 5740; x_wconf 88' lang='lat' dir='ltr'>tribuimus,</span> <span class='ocrx_word' id='word_1_297' title='bbox 513 5675 547 5728; x_wconf 89' lang='grc'>33</span> <span class='ocrx_word' id='word_1_298' title='bbox 568 5666 601 5727; x_wconf 88' lang='grc'>33</span> <span class='ocrx_word' id='word_1_299' title='bbox 623 5665 756 5742; x_wconf 89' lang='lat' dir='ltr'>siugulis</span> <span class='ocrx_word' id='word_1_300' title='bbox 785 5666 909 5730; x_wconf 90' lang='lat' dir='ltr'>illarum</span> <span class='ocrx_word' id='word_1_301' title='bbox 936 5670 1058 5732; x_wconf 88' lang='lat' dir='ltr'>sedium</span> 
     </span>
     <span class='ocr_line' id='line_1_59' title="bbox 281 5751 1057 5838; baseline 0.008 -21"><span class='ocrx_word' id='word_1_302' title='bbox 281 5751 285 5760; x_wconf 88' lang='lat'>&#39;</span> <span class='ocrx_word' id='word_1_303' title='bbox 311 5758 521 5820; x_wconf 90' lang='lat' dir='ltr'>vacationibus</span> <span class='ocrx_word' id='word_1_304' title='bbox 543 5772 597 5835; x_wconf 92' lang='lat' dir='ltr'>per</span> <span class='ocrx_word' id='word_1_305' title='bbox 610 5759 797 5820; x_wconf 83' lang='grc'>3333333333</span> <span class='ocrx_word' id='word_1_306' title='bbox 811 5760 1057 5838; x_wconf 90' lang='lat' dir='ltr'>respectivorum</span> 
     </span>
     <span class='ocr_line' id='line_1_60' title="bbox 312 5849 1056 5931; baseline 0.008 -22"><span class='ocrx_word' id='word_1_307' title='bbox 312 5850 433 5911; x_wconf 89' lang='lat' dir='ltr'>obitum</span> <span class='ocrx_word' id='word_1_308' title='bbox 455 5858 542 5911; x_wconf 87' lang='lat' dir='ltr'>extra</span> <span class='ocrx_word' id='word_1_309' title='bbox 572 5849 741 5912; x_wconf 89' lang='lat' dir='ltr'>Romanam</span> <span class='ocrx_word' id='word_1_310' title='bbox 769 5851 907 5927; x_wconf 82' lang='lat' dir='ltr'>duriam,</span> <span class='ocrx_word' id='word_1_311' title='bbox 930 5853 981 5914; x_wconf 90' lang='lat' dir='ltr'>vel</span> <span class='ocrx_word' id='word_1_312' title='bbox 1004 5870 1056 5931; x_wconf 93' lang='lat' dir='ltr'>per</span> 
     </span>
     <span class='ocr_line' id='line_1_61' title="bbox 312 5942 1057 6022; baseline 0.003 -17"><span class='ocrx_word' id='word_1_313' title='bbox 312 5959 419 6006; x_wconf 89' lang='lat' dir='ltr'>earum</span> <span class='ocrx_word' id='word_1_314' title='bbox 439 5942 561 6006; x_wconf 89' lang='lat' dir='ltr'>sedium</span> <span class='ocrx_word' id='word_1_315' title='bbox 582 5943 826 6022; x_wconf 88' lang='lat' dir='ltr'>resignationem</span> <span class='ocrx_word' id='word_1_316' title='bbox 848 5953 878 6005; x_wconf 91' lang='lat' dir='ltr'>et</span> <span class='ocrx_word' id='word_1_317' title='bbox 897 5945 1057 6008; x_wconf 87' lang='lat' dir='ltr'>abdicatio-</span> 
     </span>
    </p>
   </div>
   <div class='ocr_carea' id='block_1_8' title="bbox 985 599 1207 664">
    <p class='ocr_par' dir='ltr' id='par_1_10' title="bbox 985 599 1207 664">
     <span class='ocr_line' id='line_1_62' title="bbox 985 599 1207 664; baseline -0.027 0"><span class='ocrx_word' id='word_1_318' title='bbox 985 610 1056 664; x_wconf 81' lang='lat' dir='ltr'>atus</span> <span class='ocrx_word' id='word_1_319' title='bbox 1077 608 1127 661; x_wconf 77' lang='grc'>33.</span> <span class='ocrx_word' id='word_1_320' title='bbox 1152 599 1207 660; x_wconf 84' lang='grc'>333.</span> 
     </span>
    </p>
   </div>
   <div class='ocr_carea' id='block_1_9' title="bbox 1789 571 2086 656">
    <p class='ocr_par' dir='ltr' id='par_1_11' title="bbox 1789 571 2086 656">
     <span class='ocr_line' id='line_1_63' title="bbox 1789 571 2086 656; baseline 0.007 -11"><span class='ocrx_word' id='word_1_321' title='bbox 1789 586 1848 656; x_wconf 77' lang='grc'>333</span> <span class='ocrx_word' id='word_1_322' title='bbox 1898 589 1998 648; x_wconf 67' lang='grc'>333.</span> <span class='ocrx_word' id='word_1_323' title='bbox 2019 571 2086 648; x_wconf 82' lang='lat' dir='ltr'>real</span> 
     </span>
    </p>
   </div>
   <div class='ocr_carea' id='block_1_10' title="bbox 1120 729 2100 2286">
    <p class='ocr_par' dir='ltr' id='par_1_12' title="bbox 1120 729 2100 2286">
     <span class='ocr_line' id='line_1_64' title="bbox 1120 729 1867 812; baseline -0.003 -20"><span class='ocrx_word' id='word_1_324' title='bbox 1120 745 1194 792; x_wconf 91' lang='lat' dir='ltr'>nem</span> <span class='ocrx_word' id='word_1_325' title='bbox 1215 730 1357 812; x_wconf 90' lang='lat' dir='ltr'>(excepto</span> <span class='ocrx_word' id='word_1_326' title='bbox 1378 738 1484 794; x_wconf 91' lang='lat' dir='ltr'>tamen</span> <span class='ocrx_word' id='word_1_327' title='bbox 1513 729 1668 807; x_wconf 85' lang='lat' dir='ltr'>praesenti</span> <span class='ocrx_word' id='word_1_328' title='bbox 1690 745 1761 792; x_wconf 90' lang='grc'>3333</span> <span class='ocrx_word' id='word_1_329' title='bbox 1783 745 1867 790; x_wconf 92' lang='grc'>3333-</span> 
     </span>
     <span class='ocr_line' id='line_1_65' title="bbox 1122 811 1868 887; baseline -0.003 -3"><span class='ocrx_word' id='word_1_330' title='bbox 1122 823 1213 884; x_wconf 90' lang='lat' dir='ltr'>tionis</span> <span class='ocrx_word' id='word_1_331' title='bbox 1235 811 1427 887; x_wconf 77' lang='lat' dir='ltr'>coloniensis</span> <span class='ocrx_word' id='word_1_332' title='bbox 1450 841 1483 886; x_wconf 89' lang='lat' dir='ltr'>ac</span> <span class='ocrx_word' id='word_1_333' title='bbox 1505 821 1699 885; x_wconf 84' lang='lat' dir='ltr'>Trevireusis</span> <span class='ocrx_word' id='word_1_334' title='bbox 1728 821 1868 883; x_wconf 88' lang='lat' dir='ltr'>ecelesia-</span> 
     </span>
     <span class='ocr_line' id='line_1_66' title="bbox 1121 913 1869 994; baseline 0 -18"><span class='ocrx_word' id='word_1_335' title='bbox 1121 913 1209 994; x_wconf 90' lang='lat' dir='ltr'>rum)</span> <span class='ocrx_word' id='word_1_336' title='bbox 1229 914 1308 977; x_wconf 88' lang='lat' dir='ltr'>inlra</span> <span class='ocrx_word' id='word_1_337' title='bbox 1331 925 1516 979; x_wconf 89' lang='lat' dir='ltr'>consuetum</span> <span class='ocrx_word' id='word_1_338' title='bbox 1544 915 1713 977; x_wconf 88' lang='lat' dir='ltr'>trimestris</span> <span class='ocrx_word' id='word_1_339' title='bbox 1734 915 1869 993; x_wconf 90' lang='lat' dir='ltr'>spatium</span> 
     </span>
     <span class='ocr_line' id='line_1_67' title="bbox 1121 1008 1869 1086; baseline -0.001 -15"><span class='ocrx_word' id='word_1_340' title='bbox 1121 1010 1284 1085; x_wconf 87' lang='lat' dir='ltr'>dignitates</span> <span class='ocrx_word' id='word_1_341' title='bbox 1306 1017 1336 1070; x_wconf 89' lang='lat' dir='ltr'>et</span> <span class='ocrx_word' id='word_1_342' title='bbox 1357 1009 1497 1071; x_wconf 92' lang='lat' dir='ltr'>canonici</span> <span class='ocrx_word' id='word_1_343' title='bbox 1512 1008 1723 1086; x_wconf 89' lang='lat' dir='ltr'>capitulariter</span> <span class='ocrx_word' id='word_1_344' title='bbox 1738 1023 1869 1084; x_wconf 85' lang='lat' dir='ltr'>congre·</span> 
     </span>
     <span class='ocr_line' id='line_1_68' title="bbox 1121 1100 1869 1178; baseline 0.003 -18"><span class='ocrx_word' id='word_1_345' title='bbox 1121 1101 1194 1178; x_wconf 88' lang='lat' dir='ltr'>goti,</span> <span class='ocrx_word' id='word_1_346' title='bbox 1207 1109 1238 1163; x_wconf 90' lang='lat' dir='ltr'>et</span> <span class='ocrx_word' id='word_1_347' title='bbox 1248 1102 1376 1164; x_wconf 89' lang='lat' dir='ltr'>servatis</span> <span class='ocrx_word' id='word_1_348' title='bbox 1388 1101 1541 1164; x_wconf 88' lang='lat' dir='ltr'>canonicis</span> <span class='ocrx_word' id='word_1_349' title='bbox 1556 1100 1685 1177; x_wconf 86' lang='lat' dir='ltr'>regulis,</span> <span class='ocrx_word' id='word_1_350' title='bbox 1699 1116 1796 1162; x_wconf 91' lang='grc'>33333</span> <span class='ocrx_word' id='word_1_351' title='bbox 1808 1100 1869 1162; x_wconf 85' lang='lat' dir='ltr'>hn-</span> 
     </span>
     <span class='ocr_line' id='line_1_69' title="bbox 1121 1192 1869 1273; baseline -0.003 -19"><span class='ocrx_word' id='word_1_352' title='bbox 1121 1194 1232 1256; x_wconf 91' lang='lat' dir='ltr'>tistites</span> <span class='ocrx_word' id='word_1_353' title='bbox 1253 1211 1291 1256; x_wconf 91' lang='lat' dir='ltr'>ex</span> <span class='ocrx_word' id='word_1_354' title='bbox 1307 1194 1518 1256; x_wconf 90' lang='lat' dir='ltr'>ecclesiasticis</span> <span class='ocrx_word' id='word_1_355' title='bbox 1533 1195 1780 1273; x_wconf 90' lang='lat' dir='ltr'>quibuscumque</span> <span class='ocrx_word' id='word_1_356' title='bbox 1794 1192 1869 1252; x_wconf 92' lang='lat' dir='ltr'>viris</span> 
     </span>
     <span class='ocr_line' id='line_1_70' title="bbox 1120 1286 1869 1364; baseline -0.001 -17"><span class='ocrx_word' id='word_1_357' title='bbox 1120 1289 1210 1363; x_wconf 89' lang='lat' dir='ltr'>regni</span> <span class='ocrx_word' id='word_1_358' title='bbox 1240 1287 1392 1349; x_wconf 89' lang='lat' dir='ltr'>Borussici</span> <span class='ocrx_word' id='word_1_359' title='bbox 1425 1287 1544 1361; x_wconf 90' lang='lat' dir='ltr'>incolis,</span> <span class='ocrx_word' id='word_1_360' title='bbox 1568 1286 1669 1364; x_wconf 87' lang='lat' dir='ltr'>dignis</span> <span class='ocrx_word' id='word_1_361' title='bbox 1699 1293 1816 1361; x_wconf 91' lang='lat' dir='ltr'>tamen,</span> <span class='ocrx_word' id='word_1_362' title='bbox 1839 1291 1869 1346; x_wconf 95' lang='grc'>33</span> 
     </span>
     <span class='ocr_line' id='line_1_71' title="bbox 1121 1379 1869 1455; baseline -0.003 -15"><span class='ocrx_word' id='word_1_363' title='bbox 1121 1379 1205 1443; x_wconf 89' lang='lat' dir='ltr'>iuxta</span> <span class='ocrx_word' id='word_1_364' title='bbox 1227 1381 1388 1444; x_wconf 89' lang='lat' dir='ltr'>canonicas</span> <span class='ocrx_word' id='word_1_365' title='bbox 1403 1381 1577 1442; x_wconf 89' lang='lat' dir='ltr'>sanctiones</span> <span class='ocrx_word' id='word_1_366' title='bbox 1592 1379 1723 1455; x_wconf 87' lang='lat' dir='ltr'>idoneis,</span> <span class='ocrx_word' id='word_1_367' title='bbox 1739 1379 1869 1440; x_wconf 90' lang='lat' dir='ltr'>servatis</span> 
     </span>
     <span class='ocr_line' id='line_1_72' title="bbox 1120 1471 1869 1536; baseline -0.003 -2"><span class='ocrx_word' id='word_1_368' title='bbox 1120 1471 1279 1536; x_wconf 90' lang='lat' dir='ltr'>servandis</span> <span class='ocrx_word' id='word_1_369' title='bbox 1300 1475 1335 1536; x_wconf 93' lang='lat' dir='ltr'>ad</span> <span class='ocrx_word' id='word_1_370' title='bbox 1364 1473 1496 1535; x_wconf 92' lang='lat' dir='ltr'>formam</span> <span class='ocrx_word' id='word_1_371' title='bbox 1525 1489 1684 1536; x_wconf 89' lang='lat' dir='ltr'>sacrorum</span> <span class='ocrx_word' id='word_1_372' title='bbox 1714 1488 1869 1534; x_wconf 90' lang='lat' dir='ltr'>canonum</span> 
     </span>
     <span class='ocr_line' id='line_1_73' title="bbox 1121 1563 1868 1642; baseline -0.003 -15"><span class='ocrx_word' id='word_1_373' title='bbox 1121 1565 1237 1641; x_wconf 88' lang='lat' dir='ltr'>eligere</span> <span class='ocrx_word' id='word_1_374' title='bbox 1257 1567 1384 1642; x_wconf 92' lang='lat' dir='ltr'>possint.</span> <span class='ocrx_word' id='word_1_375' title='bbox 1408 1567 1453 1628; x_wconf 80' lang='lat' dir='ltr'>hd</span> <span class='ocrx_word' id='word_1_376' title='bbox 1475 1565 1651 1630; x_wconf 91' lang='lat' dir='ltr'>huiusmodi</span> <span class='ocrx_word' id='word_1_377' title='bbox 1682 1573 1786 1627; x_wconf 90' lang='lat' dir='ltr'>autem</span> <span class='ocrx_word' id='word_1_378' title='bbox 1808 1563 1868 1626; x_wconf 88' lang='lat' dir='ltr'>ele·</span> 
     </span>
     <span class='ocr_line' id='line_1_74' title="bbox 1120 1657 1868 1735; baseline -0.003 -15"><span class='ocrx_word' id='word_1_379' title='bbox 1120 1660 1238 1721; x_wconf 91' lang='lat' dir='ltr'>ctioues</span> <span class='ocrx_word' id='word_1_380' title='bbox 1260 1659 1306 1721; x_wconf 90' lang='lat' dir='ltr'>ius</span> <span class='ocrx_word' id='word_1_381' title='bbox 1327 1659 1465 1735; x_wconf 78' lang='lat' dir='ltr'>suffragii</span> <span class='ocrx_word' id='word_1_382' title='bbox 1480 1658 1636 1721; x_wconf 90' lang='lat' dir='ltr'>habebunt</span> <span class='ocrx_word' id='word_1_383' title='bbox 1652 1657 1790 1719; x_wconf 89' lang='lat' dir='ltr'>canonici</span> <span class='ocrx_word' id='word_1_384' title='bbox 1807 1663 1868 1718; x_wconf 91' lang='lat' dir='ltr'>tarn</span> 
     </span>
     <span class='ocr_line' id='line_1_75' title="bbox 1124 1749 1870 1830; baseline -0.004 -17"><span class='ocrx_word' id='word_1_385' title='bbox 1124 1750 1293 1813; x_wconf 92' lang='lat' dir='ltr'>numerarii</span> <span class='ocrx_word' id='word_1_386' title='bbox 1310 1767 1402 1830; x_wconf 92' lang='lat' dir='ltr'>quam</span> <span class='ocrx_word' id='word_1_387' title='bbox 1418 1751 1586 1824; x_wconf 87' lang='lat' dir='ltr'>honorarii,</span> <span class='ocrx_word' id='word_1_388' title='bbox 1603 1767 1643 1812; x_wconf 91' lang='lat' dir='ltr'>ne</span> <span class='ocrx_word' id='word_1_389' title='bbox 1658 1749 1788 1813; x_wconf 80' lang='lat' dir='ltr'>exclusis</span> <span class='ocrx_word' id='word_1_390' title='bbox 1803 1750 1870 1827; x_wconf 93' lang='lat' dir='ltr'>qui·</span> 
     </span>
     <span class='ocr_line' id='line_1_76' title="bbox 1120 1843 1869 1922; baseline -0.003 -18"><span class='ocrx_word' id='word_1_391' title='bbox 1120 1843 1190 1905; x_wconf 91' lang='lat' dir='ltr'>dem</span> <span class='ocrx_word' id='word_1_392' title='bbox 1212 1844 1285 1919; x_wconf 91' lang='lat' dir='ltr'>illis,</span> <span class='ocrx_word' id='word_1_393' title='bbox 1301 1845 1355 1922; x_wconf 93' lang='lat' dir='ltr'>qui</span> <span class='ocrx_word' id='word_1_394' title='bbox 1371 1845 1451 1906; x_wconf 91' lang='lat' dir='ltr'>ultra</span> <span class='ocrx_word' id='word_1_395' title='bbox 1465 1844 1683 1922; x_wconf 88' lang='lat' dir='ltr'>capitularium</span> <span class='ocrx_word' id='word_1_396' title='bbox 1698 1857 1869 1905; x_wconf 89' lang='lat' dir='ltr'>numerum</span> 
     </span>
     <span class='ocr_line' id='line_1_77' title="bbox 1121 1935 1868 2014; baseline -0.005 -16"><span class='ocrx_word' id='word_1_397' title='bbox 1121 1937 1152 1998; x_wconf 94' lang='lat' dir='ltr'>in</span> <span class='ocrx_word' id='word_1_398' title='bbox 1174 1936 1230 1999; x_wconf 90' lang='grc'>333</span> <span class='ocrx_word' id='word_1_399' title='bbox 1246 1937 1476 1999; x_wconf 88' lang='lat' dir='ltr'>reordinatione</span> <span class='ocrx_word' id='word_1_400' title='bbox 1490 1936 1692 2014; x_wconf 89' lang='lat' dir='ltr'>praeduitum</span> <span class='ocrx_word' id='word_1_401' title='bbox 1708 1937 1807 2014; x_wconf 90' lang='lat' dir='ltr'>quoad</span> <span class='ocrx_word' id='word_1_402' title='bbox 1822 1935 1868 1994; x_wconf 91' lang='lat' dir='ltr'>vi·</span> 
     </span>
     <span class='ocr_line' id='line_1_78' title="bbox 1120 2028 1837 2107; baseline -0.008 -15"><span class='ocrx_word' id='word_1_403' title='bbox 1120 2031 1225 2092; x_wconf 77' lang='grc'>333333</span> <span class='ocrx_word' id='word_1_404' title='bbox 1247 2030 1279 2090; x_wconf 88' lang='lat' dir='ltr'>iu</span> <span class='ocrx_word' id='word_1_405' title='bbox 1302 2029 1375 2107; x_wconf 86' lang='lat' dir='ltr'>ipsis</span> <span class='ocrx_word' id='word_1_406' title='bbox 1396 2029 1536 2106; x_wconf 90' lang='lat' dir='ltr'>capitulis</span> <span class='ocrx_word' id='word_1_407' title='bbox 1557 2028 1837 2090; x_wconf 89' lang='lat' dir='ltr'>conservabuntur.</span> 
     </span>
     <span class='ocr_line' id='line_1_79' title="bbox 1159 2121 2100 2208; baseline -0.007 -23"><span class='ocrx_word' id='word_1_408' title='bbox 1159 2123 1246 2199; x_wconf 74' lang='lat'>523.</span> <span class='ocrx_word' id='word_1_409' title='bbox 1271 2121 1355 2185; x_wconf 93' lang='lat' dir='ltr'>Nihil</span> <span class='ocrx_word' id='word_1_410' title='bbox 1386 2122 1515 2183; x_wconf 93' lang='lat' dir='ltr'>veroin</span> <span class='ocrx_word' id='word_1_411' title='bbox 1544 2122 1685 2200; x_wconf 90' lang='lat' dir='ltr'>capitulis</span> <span class='ocrx_word' id='word_1_412' title='bbox 1714 2122 1867 2199; x_wconf 90' lang='lat' dir='ltr'>episcopa·</span> <span class='ocrx_word' id='word_1_413' title='bbox 1912 2149 1947 2192; x_wconf 65' lang='grc' dir='ltr'>ῃ,</span> <span class='ocrx_word' id='word_1_414' title='bbox 1968 2145 2100 2208; x_wconf 51' lang='lat' dir='ltr'>pompm.</span> 
     </span>
     <span class='ocr_line' id='line_1_80' title="bbox 1120 2199 2099 2286; baseline -0.007 -2"><span class='ocrx_word' id='word_1_415' title='bbox 1120 2223 1197 2286; x_wconf 87' lang='lat' dir='ltr'>liurn</span> <span class='ocrx_word' id='word_1_416' title='bbox 1218 2221 1417 2284; x_wconf 89' lang='lat' dir='ltr'>ecclesiarum</span> <span class='ocrx_word' id='word_1_417' title='bbox 1448 2220 1647 2283; x_wconf 89' lang='lat' dir='ltr'>Warmiensis</span> <span class='ocrx_word' id='word_1_418' title='bbox 1665 2227 1697 2280; x_wconf 92' lang='grc'>33</span> <span class='ocrx_word' id='word_1_419' title='bbox 1721 2219 1868 2281; x_wconf 89' lang='lat' dir='ltr'>Culmen·</span> <span class='ocrx_word' id='word_1_420' title='bbox 1887 2199 2099 2246; x_wconf 70' lang='lat' dir='ltr'>b⁰⁵¹³⁰&#39;⁰¹¹‘¹¹⁸¹¹¹</span> 
     </span>
    </p>
   </div>
   <div class='ocr_carea' id='block_1_11' title="bbox 1118 2251 2101 2390">
    <p class='ocr_par' dir='ltr' id='par_1_13' title="bbox 1118 2251 2101 2390">
     <span class='ocr_line' id='line_1_81' title="bbox 1977 2251 2101 2296; baseline -0.008 0"><span class='ocrx_word' id='word_1_421' title='bbox 1977 2251 1983 2296; x_wconf 97' lang='lat' dir='ltr'>l</span> <span class='ocrx_word' id='word_1_422' title='bbox 2046 2261 2101 2296; x_wconf 91' lang='lat' dir='ltr'>ne-</span> 
     </span>
     <span class='ocr_line' id='line_1_82' title="bbox 1118 2251 2090 2390; baseline -0.014 -14"><span class='ocrx_word' id='word_1_423' title='bbox 1118 2316 1170 2390; x_wconf 91' lang='lat' dir='ltr'>sis,</span> <span class='ocrx_word' id='word_1_424' title='bbox 1194 2330 1252 2376; x_wconf 91' lang='lat' dir='ltr'>nec</span> <span class='ocrx_word' id='word_1_425' title='bbox 1273 2330 1337 2377; x_wconf 92' lang='lat' dir='ltr'>non</span> <span class='ocrx_word' id='word_1_426' title='bbox 1360 2311 1664 2390; x_wconf 87' lang='lat' dir='ltr'>archiepiscopalium</span> <span class='ocrx_word' id='word_1_427' title='bbox 1679 2311 1867 2374; x_wconf 89' lang='lat' dir='ltr'>Gnesoensis</span> <span class='ocrx_word' id='word_1_428' title='bbox 1887 2251 2090 2352; x_wconf 51' lang='lat' dir='ltr'>gaeprsriueqspgwg</span> 
     </span>
    </p>
   </div>
   <div class='ocr_carea' id='block_1_12' title="bbox 1114 2359 2101 5934">
    <p class='ocr_par' dir='ltr' id='par_1_14' title="bbox 1119 2359 1981 3793">
     <span class='ocr_line' id='line_1_83' title="bbox 1120 2359 1981 2483; baseline -0.006 -14"><span class='ocrx_word' id='word_1_429' title='bbox 1120 2417 1150 2469; x_wconf 92' lang='lat' dir='ltr'>et</span> <span class='ocrx_word' id='word_1_430' title='bbox 1166 2407 1380 2469; x_wconf 83' lang='lat' dir='ltr'>Posnaniensis</span> <span class='ocrx_word' id='word_1_431' title='bbox 1394 2406 1528 2468; x_wconf 90' lang='lat' dir='ltr'>invicem</span> <span class='ocrx_word' id='word_1_432' title='bbox 1542 2413 1691 2483; x_wconf 89' lang='lat' dir='ltr'>perpetuo</span> <span class='ocrx_word' id='word_1_433' title='bbox 1707 2405 1867 2466; x_wconf 90' lang='lat' dir='ltr'>unitarum</span> <span class='ocrx_word' id='word_1_434' title='bbox 1887 2359 1981 2405; x_wconf 54' lang='grc' dir='ltr'>Μ’</span> 
     </span>
     <span class='ocr_line' id='line_1_84' title="bbox 1121 2495 1867 2574; baseline -0.005 -12"><span class='ocrx_word' id='word_1_435' title='bbox 1121 2501 1316 2574; x_wconf 91' lang='lat' dir='ltr'>innovantes,</span> <span class='ocrx_word' id='word_1_436' title='bbox 1333 2497 1516 2561; x_wconf 89' lang='lat' dir='ltr'>mandamus</span> <span class='ocrx_word' id='word_1_437' title='bbox 1538 2499 1708 2572; x_wconf 81' lang='lat' dir='ltr'>dumtaxat,</span> <span class='ocrx_word' id='word_1_438' title='bbox 1731 2505 1767 2559; x_wconf 90' lang='grc'>33</span> <span class='ocrx_word' id='word_1_439' title='bbox 1788 2495 1867 2559; x_wconf 88' lang='lat' dir='ltr'>Gne·</span> 
     </span>
     <span class='ocr_line' id='line_1_85' title="bbox 1119 2589 1868 2668; baseline -0.004 -14"><span class='ocrx_word' id='word_1_440' title='bbox 1119 2609 1247 2655; x_wconf 89' lang='lat' dir='ltr'>suenses</span> <span class='ocrx_word' id='word_1_441' title='bbox 1268 2599 1299 2654; x_wconf 90' lang='grc'>33</span> <span class='ocrx_word' id='word_1_442' title='bbox 1319 2591 1542 2654; x_wconf 87' lang='grc' dir='ltr'>Ρ33333333333</span> <span class='ocrx_word' id='word_1_443' title='bbox 1563 2591 1745 2668; x_wconf 86' lang='lat' dir='ltr'>capitulares</span> <span class='ocrx_word' id='word_1_444' title='bbox 1760 2589 1796 2650; x_wconf 90' lang='lat' dir='ltr'>ad</span> <span class='ocrx_word' id='word_1_445' title='bbox 1812 2592 1868 2651; x_wconf 81' lang='lat' dir='ltr'>hr-</span> 
     </span>
     <span class='ocr_line' id='line_1_86' title="bbox 1119 2684 1866 2765; baseline -0.008 -15"><span class='ocrx_word' id='word_1_446' title='bbox 1119 2687 1302 2765; x_wconf 91' lang='lat' dir='ltr'>chiepiseopi</span> <span class='ocrx_word' id='word_1_447' title='bbox 1324 2686 1508 2748; x_wconf 86' lang='lat' dir='ltr'>electionem</span> <span class='ocrx_word' id='word_1_448' title='bbox 1529 2684 1722 2746; x_wconf 90' lang='lat' dir='ltr'>coniunctim</span> <span class='ocrx_word' id='word_1_449' title='bbox 1736 2684 1866 2746; x_wconf 90' lang='lat' dir='ltr'>debeant</span> 
     </span>
     <span class='ocr_line' id='line_1_87' title="bbox 1120 2778 1868 2859; baseline -0.007 -17"><span class='ocrx_word' id='word_1_450' title='bbox 1120 2780 1295 2859; x_wconf 89' lang='lat' dir='ltr'>procedere.</span> <span class='ocrx_word' id='word_1_451' title='bbox 1308 2780 1393 2854; x_wconf 87' lang='lat' dir='ltr'>Quod</span> <span class='ocrx_word' id='word_1_452' title='bbox 1409 2785 1512 2840; x_wconf 89' lang='lat' dir='ltr'>autem</span> <span class='ocrx_word' id='word_1_453' title='bbox 1528 2783 1644 2856; x_wconf 88' lang='lat' dir='ltr'>spectat</span> <span class='ocrx_word' id='word_1_454' title='bbox 1659 2778 1868 2839; x_wconf 83' lang='lat' dir='ltr'>advocantem</span> 
     </span>
     <span class='ocr_line' id='line_1_88' title="bbox 1120 2867 1867 2953; baseline -0.007 -17"><span class='ocrx_word' id='word_1_455' title='bbox 1120 2874 1320 2953; x_wconf 91' lang='lat' dir='ltr'>episcopalem</span> <span class='ocrx_word' id='word_1_456' title='bbox 1331 2867 1867 2948; x_wconf 89' lang='lat' dir='ltr'>ecclesiamWr·atislaviensem,spe·</span> 
     </span>
     <span class='ocr_line' id='line_1_89' title="bbox 1119 2961 1866 3042; baseline -0.005 -16"><span class='ocrx_word' id='word_1_457' title='bbox 1119 2964 1227 3027; x_wconf 83' lang='grc'>3333333</span> <span class='ocrx_word' id='word_1_458' title='bbox 1249 2971 1432 3042; x_wconf 90' lang='lat' dir='ltr'>potestatem</span> <span class='ocrx_word' id='word_1_459' title='bbox 1451 2961 1579 3023; x_wconf 87' lang='lat' dir='ltr'>facimus</span> <span class='ocrx_word' id='word_1_460' title='bbox 1595 2961 1734 3038; x_wconf 89' lang='lat' dir='ltr'>quinque</span> <span class='ocrx_word' id='word_1_461' title='bbox 1748 2969 1818 3023; x_wconf 90' lang='lat' dir='ltr'>actu</span> <span class='ocrx_word' id='word_1_462' title='bbox 1835 2961 1866 3022; x_wconf 94' lang='lat' dir='ltr'>in</span> 
     </span>
     <span class='ocr_line' id='line_1_90' title="bbox 1119 3057 1865 3136; baseline -0.005 -14"><span class='ocrx_word' id='word_1_463' title='bbox 1119 3061 1170 3124; x_wconf 91' lang='lat' dir='ltr'>illa</span> <span class='ocrx_word' id='word_1_464' title='bbox 1192 3059 1395 3121; x_wconf 86' lang='lat' dir='ltr'>existentibus</span> <span class='ocrx_word' id='word_1_465' title='bbox 1416 3057 1627 3134; x_wconf 90' lang='lat' dir='ltr'>dignitatibus,</span> <span class='ocrx_word' id='word_1_466' title='bbox 1645 3072 1758 3136; x_wconf 89' lang='lat' dir='ltr'>nempe</span> <span class='ocrx_word' id='word_1_467' title='bbox 1781 3072 1865 3136; x_wconf 91' lang='lat' dir='ltr'>prae·</span> 
     </span>
     <span class='ocr_line' id='line_1_91' title="bbox 1119 3149 1866 3234; baseline -0.001 -19"><span class='ocrx_word' id='word_1_468' title='bbox 1119 3154 1231 3234; x_wconf 88' lang='lat' dir='ltr'>posito,</span> <span class='ocrx_word' id='word_1_469' title='bbox 1246 3152 1371 3226; x_wconf 90' lang='lat' dir='ltr'>decano,</span> <span class='ocrx_word' id='word_1_470' title='bbox 1388 3151 1613 3226; x_wconf 89' lang='lat' dir='ltr'>archidiacono,</span> <span class='ocrx_word' id='word_1_471' title='bbox 1629 3149 1818 3225; x_wconf 88' lang='lat' dir='ltr'>scholastico,</span> <span class='ocrx_word' id='word_1_472' title='bbox 1835 3161 1866 3214; x_wconf 90' lang='lat' dir='ltr'>et</span> 
     </span>
     <span class='ocr_line' id='line_1_92' title="bbox 1119 3239 1867 3322; baseline -0.004 -11"><span class='ocrx_word' id='word_1_473' title='bbox 1119 3248 1250 3322; x_wconf 88' lang='lat' dir='ltr'>custodi,</span> <span class='ocrx_word' id='word_1_474' title='bbox 1267 3255 1334 3308; x_wconf 90' lang='lat' dir='ltr'>octo</span> <span class='ocrx_word' id='word_1_475' title='bbox 1350 3239 1504 3306; x_wconf 90' lang='lat' dir='ltr'>canonicis</span> <span class='ocrx_word' id='word_1_476' title='bbox 1527 3244 1744 3318; x_wconf 86' lang='lat' dir='ltr'>residentibus,</span> <span class='ocrx_word' id='word_1_477' title='bbox 1762 3255 1792 3307; x_wconf 88' lang='grc'>33</span> <span class='ocrx_word' id='word_1_478' title='bbox 1813 3263 1867 3308; x_wconf 92' lang='lat' dir='ltr'>sex</span> 
     </span>
     <span class='ocr_line' id='line_1_93' title="bbox 1119 3337 1864 3416; baseline -0.005 -12"><span class='ocrx_word' id='word_1_479' title='bbox 1119 3340 1272 3404; x_wconf 88' lang='lat' dir='ltr'>canonicis</span> <span class='ocrx_word' id='word_1_480' title='bbox 1294 3338 1476 3412; x_wconf 89' lang='lat' dir='ltr'>honorariis,</span> <span class='ocrx_word' id='word_1_481' title='bbox 1500 3337 1552 3416; x_wconf 94' lang='lat' dir='ltr'>qui</span> <span class='ocrx_word' id='word_1_482' title='bbox 1576 3353 1660 3400; x_wconf 92' lang='lat' dir='ltr'>nunc</span> <span class='ocrx_word' id='word_1_483' title='bbox 1681 3339 1748 3400; x_wconf 88' lang='lat' dir='ltr'>eius</span> <span class='ocrx_word' id='word_1_484' title='bbox 1769 3339 1864 3400; x_wconf 90' lang='lat' dir='ltr'>eccle-</span> 
     </span>
     <span class='ocr_line' id='line_1_94' title="bbox 1120 3430 1865 3510; baseline -0.004 -12"><span class='ocrx_word' id='word_1_485' title='bbox 1120 3436 1181 3498; x_wconf 91' lang='lat' dir='ltr'>siae</span> <span class='ocrx_word' id='word_1_486' title='bbox 1202 3431 1382 3510; x_wconf 86' lang='lat' dir='ltr'>capitulares</span> <span class='ocrx_word' id='word_1_487' title='bbox 1404 3431 1567 3506; x_wconf 89' lang='lat' dir='ltr'>habentur,</span> <span class='ocrx_word' id='word_1_488' title='bbox 1591 3435 1625 3494; x_wconf 94' lang='grc'>33</span> <span class='ocrx_word' id='word_1_489' title='bbox 1645 3430 1681 3492; x_wconf 87' lang='lat' dir='ltr'>ad</span> <span class='ocrx_word' id='word_1_490' title='bbox 1704 3433 1779 3493; x_wconf 89' lang='lat' dir='ltr'>novi</span> <span class='ocrx_word' id='word_1_491' title='bbox 1794 3433 1865 3510; x_wconf 86' lang='lat' dir='ltr'>Epi·</span> 
     </span>
     <span class='ocr_line' id='line_1_95' title="bbox 1119 3524 1866 3606; baseline -0.004 -15"><span class='ocrx_word' id='word_1_492' title='bbox 1119 3529 1201 3606; x_wconf 90' lang='lat' dir='ltr'>scopi</span> <span class='ocrx_word' id='word_1_493' title='bbox 1223 3527 1407 3589; x_wconf 87' lang='lat' dir='ltr'>electionem</span> <span class='ocrx_word' id='word_1_494' title='bbox 1436 3524 1613 3586; x_wconf 90' lang='lat' dir='ltr'>canonicam</span> <span class='ocrx_word' id='word_1_495' title='bbox 1635 3527 1726 3588; x_wconf 90' lang='lat' dir='ltr'>modo</span> <span class='ocrx_word' id='word_1_496' title='bbox 1754 3532 1784 3588; x_wconf 88' lang='lat' dir='ltr'>et</span> <span class='ocrx_word' id='word_1_497' title='bbox 1805 3527 1866 3588; x_wconf 91' lang='lat' dir='ltr'>lor-</span> 
     </span>
     <span class='ocr_line' id='line_1_96' title="bbox 1120 3617 1866 3698; baseline 0 -16"><span class='ocrx_word' id='word_1_498' title='bbox 1120 3637 1168 3682; x_wconf 90' lang='lat' dir='ltr'>ma</span> <span class='ocrx_word' id='word_1_499' title='bbox 1189 3619 1363 3698; x_wconf 88' lang='lat' dir='ltr'>praemissis</span> <span class='ocrx_word' id='word_1_500' title='bbox 1385 3617 1439 3679; x_wconf 89' lang='grc'>333</span> <span class='ocrx_word' id='word_1_501' title='bbox 1465 3618 1557 3679; x_wconf 89' lang='lat' dir='ltr'>etiam</span> <span class='ocrx_word' id='word_1_502' title='bbox 1579 3617 1679 3696; x_wconf 90' lang='lat' dir='ltr'>prima</span> <span class='ocrx_word' id='word_1_503' title='bbox 1707 3618 1774 3681; x_wconf 89' lang='lat' dir='ltr'>vioe</span> <span class='ocrx_word' id='word_1_504' title='bbox 1796 3635 1866 3698; x_wconf 89' lang='lat' dir='ltr'>pro-</span> 
     </span>
     <span class='ocr_line' id='line_1_97' title="bbox 1119 3709 1568 3793; baseline -0.02 -16"><span class='ocrx_word' id='word_1_505' title='bbox 1119 3714 1228 3778; x_wconf 87' lang='lat' dir='ltr'>cedere</span> <span class='ocrx_word' id='word_1_506' title='bbox 1248 3711 1364 3793; x_wconf 92' lang='lat' dir='ltr'>possint</span> <span class='ocrx_word' id='word_1_507' title='bbox 1384 3720 1415 3772; x_wconf 88' lang='grc'>33</span> <span class='ocrx_word' id='word_1_508' title='bbox 1436 3709 1568 3772; x_wconf 86' lang='lat' dir='ltr'>valeant.</span> 
     </span>
    </p>

    <p class='ocr_par' dir='ltr' id='par_1_15' title="bbox 1116 3804 2101 5192">
     <span class='ocr_line' id='line_1_98' title="bbox 1159 3804 2100 3882; baseline 0.003 -13"><span class='ocrx_word' id='word_1_509' title='bbox 1159 3807 1248 3882; x_wconf 76' lang='lat' dir='ltr'>gel.</span> <span class='ocrx_word' id='word_1_510' title='bbox 1272 3804 1431 3882; x_wconf 88' lang='lat' dir='ltr'>Quaelibet</span> <span class='ocrx_word' id='word_1_511' title='bbox 1452 3821 1527 3866; x_wconf 92' lang='lat' dir='ltr'>vero</span> <span class='ocrx_word' id='word_1_512' title='bbox 1547 3805 1737 3869; x_wconf 88' lang='lat' dir='ltr'>electionum</span> <span class='ocrx_word' id='word_1_513' title='bbox 1760 3809 1866 3872; x_wconf 87' lang='lat' dir='ltr'>huius·</span> <span class='ocrx_word' id='word_1_514' title='bbox 1899 3817 2100 3864; x_wconf 76' lang='lat' dir='ltr'>uernstruman-</span> 
     </span>
     <span class='ocr_line' id='line_1_99' title="bbox 1120 3871 2101 3980; baseline 0.009 -16"><span class='ocrx_word' id='word_1_515' title='bbox 1120 3901 1204 3964; x_wconf 93' lang='lat' dir='ltr'>modi</span> <span class='ocrx_word' id='word_1_516' title='bbox 1223 3899 1432 3961; x_wconf 87' lang='lat' dir='ltr'>instrumenta</span> <span class='ocrx_word' id='word_1_517' title='bbox 1448 3898 1479 3958; x_wconf 95' lang='lat' dir='ltr'>in</span> <span class='ocrx_word' id='word_1_518' title='bbox 1494 3899 1669 3961; x_wconf 89' lang='lat' dir='ltr'>authentica</span> <span class='ocrx_word' id='word_1_519' title='bbox 1683 3900 1783 3962; x_wconf 88' lang='lat' dir='ltr'>forma</span> <span class='ocrx_word' id='word_1_520' title='bbox 1798 3919 1867 3964; x_wconf 92' lang='lat' dir='ltr'>exa·</span> <span class='ocrx_word' id='word_1_521' title='bbox 1887 3871 2101 3980; x_wconf 45' lang='grc' dir='ltr'>33133ῗέ38τῖ33θεῖἦῖ</span> 
     </span>
     <span class='ocr_line' id='line_1_100' title="bbox 1119 3976 1979 4058; baseline 0.002 -2"><span class='ocrx_word' id='word_1_522' title='bbox 1119 3995 1238 4056; x_wconf 88' lang='grc'>333333</span> <span class='ocrx_word' id='word_1_523' title='bbox 1261 3993 1405 4056; x_wconf 87' lang='lat' dir='ltr'>Sanctam</span> <span class='ocrx_word' id='word_1_524' title='bbox 1435 3989 1544 4054; x_wconf 88' lang='lat' dir='ltr'>Sedem</span> <span class='ocrx_word' id='word_1_525' title='bbox 1568 3991 1605 4053; x_wconf 91' lang='lat' dir='ltr'>de</span> <span class='ocrx_word' id='word_1_526' title='bbox 1627 4009 1714 4054; x_wconf 91' lang='lat' dir='ltr'>more</span> <span class='ocrx_word' id='word_1_527' title='bbox 1740 3996 1867 4058; x_wconf 91' lang='lat' dir='ltr'>mitten·</span> <span class='ocrx_word' id='word_1_528' title='bbox 1887 3976 1979 4024; x_wconf 53' lang='lat' dir='ltr'>mmm·</span> 
     </span>
     <span class='ocr_line' id='line_1_101' title="bbox 1120 4085 1866 4166; baseline 0.001 -17"><span class='ocrx_word' id='word_1_529' title='bbox 1120 4095 1182 4163; x_wconf 90' lang='lat' dir='ltr'>tur,</span> <span class='ocrx_word' id='word_1_530' title='bbox 1199 4105 1215 4147; x_wconf 89' lang='lat' dir='ltr'>a</span> <span class='ocrx_word' id='word_1_531' title='bbox 1230 4103 1289 4166; x_wconf 93' lang='lat' dir='ltr'>qua</span> <span class='ocrx_word' id='word_1_532' title='bbox 1304 4088 1329 4146; x_wconf 94' lang='lat' dir='ltr'>si</span> <span class='ocrx_word' id='word_1_533' title='bbox 1351 4085 1460 4147; x_wconf 91' lang='lat' dir='ltr'>electio</span> <span class='ocrx_word' id='word_1_534' title='bbox 1478 4085 1624 4147; x_wconf 90' lang='lat' dir='ltr'>canonice</span> <span class='ocrx_word' id='word_1_535' title='bbox 1638 4094 1758 4162; x_wconf 90' lang='lat' dir='ltr'>peracta</span> <span class='ocrx_word' id='word_1_536' title='bbox 1772 4104 1866 4164; x_wconf 86' lang='lat' dir='ltr'>agno-</span> 
     </span>
     <span class='ocr_line' id='line_1_102' title="bbox 1119 4177 1867 4257; baseline -0.001 -13"><span class='ocrx_word' id='word_1_537' title='bbox 1119 4190 1232 4256; x_wconf 90' lang='lat' dir='ltr'>scetur,</span> <span class='ocrx_word' id='word_1_538' title='bbox 1255 4189 1286 4242; x_wconf 90' lang='lat' dir='ltr'>et</span> <span class='ocrx_word' id='word_1_539' title='bbox 1308 4195 1346 4240; x_wconf 88' lang='lat' dir='ltr'>ex</span> <span class='ocrx_word' id='word_1_540' title='bbox 1367 4194 1511 4256; x_wconf 90' lang='lat' dir='ltr'>processu</span> <span class='ocrx_word' id='word_1_541' title='bbox 1529 4177 1739 4257; x_wconf 88' lang='lat' dir='ltr'>inquisitionis</span> <span class='ocrx_word' id='word_1_542' title='bbox 1754 4181 1867 4244; x_wconf 89' lang='lat' dir='ltr'>deinde</span> 
     </span>
     <span class='ocr_line' id='line_1_103' title="bbox 1119 4271 1867 4348; baseline 0 -13"><span class='ocrx_word' id='word_1_543' title='bbox 1119 4291 1134 4335; x_wconf 93' lang='lat' dir='ltr'>a</span> <span class='ocrx_word' id='word_1_544' title='bbox 1156 4278 1296 4336; x_wconf 82' lang='lat' dir='ltr'>Romano</span> <span class='ocrx_word' id='word_1_545' title='bbox 1316 4271 1465 4334; x_wconf 85' lang='lat' dir='ltr'>Pontifice</span> <span class='ocrx_word' id='word_1_546' title='bbox 1488 4272 1519 4332; x_wconf 93' lang='lat' dir='ltr'>in</span> <span class='ocrx_word' id='word_1_547' title='bbox 1534 4272 1665 4348; x_wconf 90' lang='lat' dir='ltr'>singulis</span> <span class='ocrx_word' id='word_1_548' title='bbox 1681 4273 1798 4335; x_wconf 86' lang='lat' dir='ltr'>casibus</span> <span class='ocrx_word' id='word_1_549' title='bbox 1814 4274 1867 4336; x_wconf 92' lang='lat' dir='ltr'>ali-</span> 
     </span>
     <span class='ocr_line' id='line_1_104' title="bbox 1119 4364 1867 4447; baseline 0 -17"><span class='ocrx_word' id='word_1_550' title='bbox 1119 4368 1168 4430; x_wconf 92' lang='lat' dir='ltr'>cui</span> <span class='ocrx_word' id='word_1_551' title='bbox 1190 4385 1228 4429; x_wconf 93' lang='lat' dir='ltr'>ex</span> <span class='ocrx_word' id='word_1_552' title='bbox 1252 4364 1506 4444; x_wconf 85' lang='lat' dir='ltr'>hrchiepiscopis,</span> <span class='ocrx_word' id='word_1_553' title='bbox 1529 4366 1579 4428; x_wconf 90' lang='lat' dir='ltr'>vel</span> <span class='ocrx_word' id='word_1_554' title='bbox 1601 4367 1769 4447; x_wconf 81' lang='lat' dir='ltr'>Episcopis,</span> <span class='ocrx_word' id='word_1_555' title='bbox 1787 4369 1867 4432; x_wconf 92' lang='lat' dir='ltr'>intra</span> 
     </span>
     <span class='ocr_line' id='line_1_105' title="bbox 1119 4458 1961 4540; baseline 0 -17"><span class='ocrx_word' id='word_1_556' title='bbox 1119 4463 1197 4523; x_wconf 85' lang='lat' dir='ltr'>lines</span> <span class='ocrx_word' id='word_1_557' title='bbox 1213 4461 1302 4537; x_wconf 92' lang='lat' dir='ltr'>regni</span> <span class='ocrx_word' id='word_1_558' title='bbox 1315 4458 1486 4521; x_wconf 87' lang='lat' dir='ltr'>·Borrussici</span> <span class='ocrx_word' id='word_1_559' title='bbox 1503 4459 1709 4521; x_wconf 90' lang='lat' dir='ltr'>existentibus</span> <span class='ocrx_word' id='word_1_560' title='bbox 1724 4464 1866 4524; x_wconf 91' lang='lat' dir='ltr'>commit·</span> <span class='ocrx_word' id='word_1_561' title='bbox 1957 4535 1961 4540; x_wconf 25' lang='lat'>¹</span> 
     </span>
     <span class='ocr_line' id='line_1_106' title="bbox 1119 4551 1867 4629; baseline 0.004 -13"><span class='ocrx_word' id='word_1_562' title='bbox 1119 4557 1224 4629; x_wconf 87' lang='lat' dir='ltr'>tende,</span> <span class='ocrx_word' id='word_1_563' title='bbox 1247 4564 1277 4616; x_wconf 91' lang='lat' dir='ltr'>et</span> <span class='ocrx_word' id='word_1_564' title='bbox 1307 4551 1342 4613; x_wconf 92' lang='lat' dir='ltr'>ad</span> <span class='ocrx_word' id='word_1_565' title='bbox 1374 4551 1504 4612; x_wconf 90' lang='lat' dir='ltr'>formam</span> <span class='ocrx_word' id='word_1_566' title='bbox 1536 4553 1750 4615; x_wconf 88' lang='lat' dir='ltr'>instructionis</span> <span class='ocrx_word' id='word_1_567' title='bbox 1773 4555 1867 4619; x_wconf 91' lang='lat' dir='ltr'>iussu</span> 
     </span>
     <span class='ocr_line' id='line_1_107' title="bbox 1117 4647 1866 4726; baseline 0.003 -16"><span class='ocrx_word' id='word_1_568' title='bbox 1117 4665 1181 4710; x_wconf 91' lang='lat' dir='ltr'>san.</span> <span class='ocrx_word' id='word_1_569' title='bbox 1207 4665 1301 4710; x_wconf 90' lang='lat' dir='ltr'>mem.</span> <span class='ocrx_word' id='word_1_570' title='bbox 1322 4647 1439 4710; x_wconf 88' lang='lat' dir='ltr'>Urbani</span> <span class='ocrx_word' id='word_1_571' title='bbox 1461 4647 1538 4710; x_wconf 88' lang='lat' dir='ltr'>lllll.</span> <span class='ocrx_word' id='word_1_572' title='bbox 1556 4650 1797 4726; x_wconf 88' lang='lat' dir='ltr'>praedecessoris</span> <span class='ocrx_word' id='word_1_573' title='bbox 1813 4667 1866 4712; x_wconf 93' lang='lat' dir='ltr'>no-</span> 
     </span>
     <span class='ocr_line' id='line_1_108' title="bbox 1116 4741 1891 4819; baseline 0.005 -17"><span class='ocrx_word' id='word_1_574' title='bbox 1116 4744 1171 4804; x_wconf 90' lang='lat' dir='ltr'>stri</span> <span class='ocrx_word' id='word_1_575' title='bbox 1193 4742 1292 4803; x_wconf 86' lang='grc'>333333</span> <span class='ocrx_word' id='word_1_576' title='bbox 1324 4741 1492 4818; x_wconf 88' lang='lat' dir='ltr'>diligenter</span> <span class='ocrx_word' id='word_1_577' title='bbox 1523 4745 1686 4819; x_wconf 89' lang='lat' dir='ltr'>exarando,</span> <span class='ocrx_word' id='word_1_578' title='bbox 1719 4747 1756 4806; x_wconf 91' lang='lat' dir='ltr'>de</span> <span class='ocrx_word' id='word_1_579' title='bbox 1778 4746 1891 4809; x_wconf 87' lang='grc' dir='ltr'>313333Ι</span> 
     </span>
     <span class='ocr_line' id='line_1_109' title="bbox 1118 4834 1866 4909; baseline 0.003 -12"><span class='ocrx_word' id='word_1_580' title='bbox 1118 4835 1284 4898; x_wconf 90' lang='lat' dir='ltr'>idoneitate</span> <span class='ocrx_word' id='word_1_581' title='bbox 1307 4835 1491 4909; x_wconf 90' lang='lat' dir='ltr'>constiterit,</span> <span class='ocrx_word' id='word_1_582' title='bbox 1508 4834 1673 4897; x_wconf 87' lang='lat' dir='ltr'>electiones</span> <span class='ocrx_word' id='word_1_583' title='bbox 1688 4837 1866 4902; x_wconf 91' lang='lat' dir='ltr'>huiusmodi</span> 
     </span>
     <span class='ocr_line' id='line_1_110' title="bbox 1116 4927 1865 4991; baseline 0 -1"><span class='ocrx_word' id='word_1_584' title='bbox 1116 4945 1131 4990; x_wconf 94' lang='lat' dir='ltr'>a</span> <span class='ocrx_word' id='word_1_585' title='bbox 1153 4928 1294 4991; x_wconf 86' lang='grc'>3333333</span> <span class='ocrx_word' id='word_1_586' title='bbox 1321 4927 1467 4988; x_wconf 84' lang='lat' dir='ltr'>Romanis</span> <span class='ocrx_word' id='word_1_587' title='bbox 1489 4927 1689 4990; x_wconf 86' lang='lat' dir='ltr'>Pontificibus</span> <span class='ocrx_word' id='word_1_588' title='bbox 1714 4929 1865 4990; x_wconf 88' lang='lat' dir='ltr'>suecesso-</span> 
     </span>
     <span class='ocr_line' id='line_1_111' title="bbox 1116 5020 1866 5098; baseline 0.003 -17"><span class='ocrx_word' id='word_1_589' title='bbox 1116 5020 1202 5083; x_wconf 88' lang='lat' dir='ltr'>ribus</span> <span class='ocrx_word' id='word_1_590' title='bbox 1224 5020 1338 5082; x_wconf 88' lang='lat' dir='ltr'>nostris</span> <span class='ocrx_word' id='word_1_591' title='bbox 1370 5021 1454 5082; x_wconf 91' lang='lat' dir='ltr'>iuxta</span> <span class='ocrx_word' id='word_1_592' title='bbox 1484 5027 1636 5082; x_wconf 86' lang='lat' dir='ltr'>statutum</span> <span class='ocrx_word' id='word_1_593' title='bbox 1667 5034 1789 5081; x_wconf 91' lang='lat' dir='ltr'>morem</span> <span class='ocrx_word' id='word_1_594' title='bbox 1811 5037 1866 5098; x_wconf 91' lang='lat' dir='ltr'>per</span> 
     </span>
     <span class='ocr_line' id='line_1_112' title="bbox 1116 5112 1718 5192; baseline -0.007 -16"><span class='ocrx_word' id='word_1_595' title='bbox 1116 5113 1293 5192; x_wconf 88' lang='lat' dir='ltr'>apostolicas</span> <span class='ocrx_word' id='word_1_596' title='bbox 1314 5112 1418 5175; x_wconf 92' lang='lat' dir='ltr'>literas</span> <span class='ocrx_word' id='word_1_597' title='bbox 1439 5113 1718 5175; x_wconf 89' lang='lat' dir='ltr'>confirmabuntur.</span> 
     </span>
    </p>

    <p class='ocr_par' dir='ltr' id='par_1_16' title="bbox 1114 5205 2098 5934">
     <span class='ocr_line' id='line_1_113' title="bbox 1155 5205 2098 5283; baseline 0 -15"><span class='ocrx_word' id='word_1_598' title='bbox 1155 5207 1246 5282; x_wconf 71' lang='lat'>525.</span> <span class='ocrx_word' id='word_1_599' title='bbox 1273 5207 1306 5268; x_wconf 96' lang='lat' dir='ltr'>ln</span> <span class='ocrx_word' id='word_1_600' title='bbox 1337 5205 1470 5282; x_wconf 88' lang='lat' dir='ltr'>singulis</span> <span class='ocrx_word' id='word_1_601' title='bbox 1502 5213 1658 5283; x_wconf 88' lang='lat' dir='ltr'>praeterea</span> <span class='ocrx_word' id='word_1_602' title='bbox 1689 5205 1865 5270; x_wconf 90' lang='lat' dir='ltr'>civitatibus</span> <span class='ocrx_word' id='word_1_603' title='bbox 1886 5215 2098 5278; x_wconf 71' lang='lat' dir='ltr'>,Dasemtpartu</span> 
     </span>
     <span class='ocr_line' id='line_1_114' title="bbox 1116 5268 2098 5378; baseline 0.009 -17"><span class='ocrx_word' id='word_1_604' title='bbox 1116 5307 1177 5361; x_wconf 90' lang='lat' dir='ltr'>tam</span> <span class='ocrx_word' id='word_1_605' title='bbox 1199 5298 1505 5377; x_wconf 90' lang='lat' dir='ltr'>archiepiscopalibus</span> <span class='ocrx_word' id='word_1_606' title='bbox 1527 5315 1620 5378; x_wconf 93' lang='lat' dir='ltr'>quam</span> <span class='ocrx_word' id='word_1_607' title='bbox 1641 5301 1865 5378; x_wconf 90' lang='lat' dir='ltr'>episcopalibus</span> <span class='ocrx_word' id='word_1_608' title='bbox 1884 5268 2098 5371; x_wconf 55' lang='lat' dir='ltr'>¹v¹r¹s⁸33053s¹r¹r⁸si¹33</span> 
     </span>
     <span class='ocr_line' id='line_1_115' title="bbox 1117 5373 1981 5455; baseline 0 -1"><span class='ocrx_word' id='word_1_609' title='bbox 1117 5407 1216 5454; x_wconf 91' lang='lat' dir='ltr'>unum</span> <span class='ocrx_word' id='word_1_610' title='bbox 1238 5392 1423 5454; x_wconf 90' lang='lat' dir='ltr'>clericorum</span> <span class='ocrx_word' id='word_1_611' title='bbox 1446 5389 1652 5453; x_wconf 90' lang='lat' dir='ltr'>seminarium</span> <span class='ocrx_word' id='word_1_612' title='bbox 1674 5393 1724 5454; x_wconf 90' lang='lat' dir='ltr'>vel</span> <span class='ocrx_word' id='word_1_613' title='bbox 1743 5409 1864 5455; x_wconf 89' lang='lat' dir='ltr'>conser-</span> <span class='ocrx_word' id='word_1_614' title='bbox 1884 5373 1981 5430; x_wconf 55' lang='grc' dir='ltr'>Μ’·</span> 
     </span>
     <span class='ocr_line' id='line_1_116' title="bbox 1115 5483 1864 5563; baseline 0.007 -19"><span class='ocrx_word' id='word_1_615' title='bbox 1115 5486 1265 5560; x_wconf 91' lang='lat' dir='ltr'>vandum,</span> <span class='ocrx_word' id='word_1_616' title='bbox 1282 5483 1333 5546; x_wconf 87' lang='lat' dir='ltr'>vel</span> <span class='ocrx_word' id='word_1_617' title='bbox 1346 5485 1384 5546; x_wconf 91' lang='lat' dir='ltr'>de</span> <span class='ocrx_word' id='word_1_618' title='bbox 1399 5499 1480 5545; x_wconf 92' lang='lat' dir='ltr'>novo</span> <span class='ocrx_word' id='word_1_619' title='bbox 1495 5485 1726 5563; x_wconf 89' lang='lat' dir='ltr'>quamprimum</span> <span class='ocrx_word' id='word_1_620' title='bbox 1742 5486 1864 5563; x_wconf 90' lang='lat' dir='ltr'>erigen-</span> 
     </span>
     <span class='ocr_line' id='line_1_117' title="bbox 1115 5577 1863 5656; baseline 0.007 -19"><span class='ocrx_word' id='word_1_621' title='bbox 1115 5577 1192 5639; x_wconf 92' lang='lat' dir='ltr'>dum</span> <span class='ocrx_word' id='word_1_622' title='bbox 1213 5593 1279 5638; x_wconf 90' lang='lat' dir='ltr'>esse</span> <span class='ocrx_word' id='word_1_623' title='bbox 1299 5577 1476 5654; x_wconf 88' lang='lat' dir='ltr'>statuimus,</span> <span class='ocrx_word' id='word_1_624' title='bbox 1501 5578 1533 5638; x_wconf 95' lang='lat' dir='ltr'>in</span> <span class='ocrx_word' id='word_1_625' title='bbox 1555 5593 1616 5656; x_wconf 94' lang='lat' dir='ltr'>quo</span> <span class='ocrx_word' id='word_1_626' title='bbox 1637 5578 1662 5638; x_wconf 92' lang='lat' dir='ltr'>is</span> <span class='ocrx_word' id='word_1_627' title='bbox 1678 5577 1863 5642; x_wconf 90' lang='lat' dir='ltr'>clericorum</span> 
     </span>
     <span class='ocr_line' id='line_1_118' title="bbox 1115 5669 1864 5749; baseline 0.004 -18"><span class='ocrx_word' id='word_1_628' title='bbox 1115 5685 1266 5733; x_wconf 89' lang='lat' dir='ltr'>numerus</span> <span class='ocrx_word' id='word_1_629' title='bbox 1287 5669 1327 5730; x_wconf 95' lang='lat' dir='ltr'>ali</span> <span class='ocrx_word' id='word_1_630' title='bbox 1349 5677 1441 5749; x_wconf 90' lang='lat' dir='ltr'>atque</span> <span class='ocrx_word' id='word_1_631' title='bbox 1461 5670 1496 5732; x_wconf 90' lang='lat' dir='ltr'>ad</span> <span class='ocrx_word' id='word_1_632' title='bbox 1518 5670 1651 5733; x_wconf 91' lang='lat' dir='ltr'>formam</span> <span class='ocrx_word' id='word_1_633' title='bbox 1667 5671 1864 5734; x_wconf 90' lang='lat' dir='ltr'>decretorum</span> 
     </span>
     <span class='ocr_line' id='line_1_119' title="bbox 1114 5762 1864 5828; baseline 0.005 -6"><span class='ocrx_word' id='word_1_634' title='bbox 1114 5763 1192 5824; x_wconf 90' lang='lat' dir='ltr'>sacri</span> <span class='ocrx_word' id='word_1_635' title='bbox 1214 5762 1343 5826; x_wconf 78' lang='lat' dir='ltr'>concilii</span> <span class='ocrx_word' id='word_1_636' title='bbox 1366 5763 1541 5826; x_wconf 84' lang='lat' dir='ltr'>Tridentini</span> <span class='ocrx_word' id='word_1_637' title='bbox 1558 5763 1679 5826; x_wconf 90' lang='lat' dir='ltr'>institui</span> <span class='ocrx_word' id='word_1_638' title='bbox 1694 5779 1727 5825; x_wconf 89' lang='grc'>33</span> <span class='ocrx_word' id='word_1_639' title='bbox 1741 5766 1864 5828; x_wconf 88' lang='grc'>3333333</span> 
     </span>
     <span class='ocr_line' id='line_1_120' title="bbox 1115 5854 1863 5934; baseline 0.001 -17"><span class='ocrx_word' id='word_1_640' title='bbox 1115 5855 1233 5930; x_wconf 90' lang='lat' dir='ltr'>debeat,</span> <span class='ocrx_word' id='word_1_641' title='bbox 1256 5856 1309 5934; x_wconf 89' lang='lat' dir='ltr'>qui</span> <span class='ocrx_word' id='word_1_642' title='bbox 1332 5855 1574 5934; x_wconf 85' lang='lat' dir='ltr'>respectirarum</span> <span class='ocrx_word' id='word_1_643' title='bbox 1595 5854 1784 5918; x_wconf 89' lang='lat' dir='ltr'>dioecesium</span> <span class='ocrx_word' id='word_1_644' title='bbox 1800 5873 1863 5918; x_wconf 90' lang='lat' dir='ltr'>arn-</span> 
     </span>
    </p>
   </div>
   <div class='ocr_carea' id='block_1_13' title="bbox 1115 5947 1863 6034">
    <p class='ocr_par' dir='ltr' id='par_1_17' title="bbox 1115 5947 1863 6034">
     <span class='ocr_line' id='line_1_121' title="bbox 1115 5947 1863 6034; baseline 0.009 -26"><span class='ocrx_word' id='word_1_645' title='bbox 1115 5947 1259 6026; x_wconf 93' lang='lat' dir='ltr'>plitudini</span> <span class='ocrx_word' id='word_1_646' title='bbox 1282 5956 1312 6010; x_wconf 90' lang='lat' dir='ltr'>et</span> <span class='ocrx_word' id='word_1_647' title='bbox 1334 5948 1506 6010; x_wconf 86' lang='lat' dir='ltr'>necessitati</span> <span class='ocrx_word' id='word_1_648' title='bbox 1529 5947 1723 6028; x_wconf 90' lang='lat' dir='ltr'>respondeat,</span> <span class='ocrx_word' id='word_1_649' title='bbox 1746 5951 1863 6034; x_wconf 85' lang='lat' dir='ltr'>quique</span> 
     </span>
    </p>
   </div>
   <div class='ocr_carea' id='block_1_14' title="bbox 0 0 2408 6982">
    <p class='ocr_par' dir='ltr' id='par_1_18' title="bbox 0 0 2408 6982">
     <span class='ocr_line' id='line_1_122' title="bbox 0 0 2408 6982; baseline 0 0"><span class='ocrx_word' id='word_1_650' title='bbox 0 0 2408 6982; x_wconf 95' lang='lat' dir='ltr'> </span> 
     </span>
    </p>
   </div>
  </div>
 </body>
</html>
