4808 6988
81 539 126 595 An.
138 536 166 589 (l.
187 535 255 588 1822
353 538 358 559 ¹

286 658 461 738 quendum,
485 663 594 726 barum
615 663 697 726 serie
717 663 910 726 absolventes
925 670 956 725 et
980 662 1030 724 ab·

285 753 427 816 solutum
441 754 506 818 iore
520 766 692 833 censentes,
709 757 745 820 de
764 758 946 820 eorumdem
961 756 1031 818 car-

286 844 439 910 dinalium
466 850 595 912 consilio
616 858 647 914 te
668 853 700 916 in
723 851 923 914 visitatorem
949 848 1032 910 illius

286 940 432 1018 Syrensis
443 943 588 1006 dioecesis
603 961 673 1008 corn
689 944 940 1018 lisiacultatibus,
957 957 1031 1020 quas

286 1033 427 1112 haberes,
452 1037 478 1100 si
509 1037 647 1102 eiusdem
675 1039 819 1102 eeclesiae
849 1054 930 1102 esses
961 1036 1030 1116 1361-

283 1145 406 1208 scopus,
429 1134 610 1196 auctoritate
631 1133 804 1213 apostolica,
822 1141 931 1196 tenore
945 1147 1031 1211 prae-

283 1224 437 1301 sentium,
450 1226 594 1304 eligimus
609 1234 639 1291 et
654 1228 849 1308 deputamus,
863 1230 961 1292 donec
976 1226 1029 1288 ali·

286 1321 336 1378 ter
357 1317 394 1378 ab
419 1318 475 1380 bac
500 1319 670 1398 Apostoliet
702 1322 780 1384 Sede
812 1322 1027 1400 provideatur:

283 1409 368 1472 salvo
381 1419 484 1474 tamen
499 1430 621 1492 semper
633 1415 665 1476 in
681 1415 855 1493 praemissis
867 1416 1029 1477 auetorita-

286 1513 316 1565 te
333 1505 589 1583 congregationis
607 1511 789 1573 eorumdem
806 1509 1028 1586 cardinalium

283 1591 410 1678 tibique'
426 1603 618 1678 mandamus,
643 1613 677 1667 ut
698 1605 730 1667 in
758 1605 894 1667 insulam
917 1603 1030 1683 Syren-

281 1709 352 1754 sem
374 1697 560 1772 praedictam
574 1699 609 1760 ad
625 1701 834 1762 exercendum
856 1696 1030 1760 llisitatoris

283 1790 451 1870 Apostolici
473 1793 610 1856 officium
633 1801 663 1858 te
683 1795 831 1858 conteras.

324 1885 395 1962 55.
425 1887 601 1952 Mandantes
633 1897 793 1968 propterea
822 1890 967 1953 omnibus
999 1897 1030 1952 et

281 1980 428 2057 singulis,
451 1981 485 2042 ad
509 1997 585 2060 quos
610 1991 724 2062 spectat
745 2001 778 2045 36
799 1984 946 2062 spectabit
974 1999 1029 2061 pro

284 2080 437 2150 tempore,
468 2084 503 2137 ut
527 2085 556 2138 te
581 2078 617 2139 ad
646 2077 864 2140 demandatum
893 2077 948 2139 tibi
974 2093 1029 2155 per

282 2175 461 2243 praesentes
483 2169 650 2233 visitatoris
669 2171 834 2249 Apostolici
856 2171 1029 2233 66666611-

282 2261 406 2340 liusqne
427 2261 562 2326 liberum
582 2264 765 2327 exercitium
786 2263 871 2326 iuxta
887 2273 1029 2326 tenorem

281 2357 495 2433 praesentium
513 2359 660 2437 recipiant
675 2366 705 2421 et
719 2358 895 2434 admittant,
912 2357 1030 2436 tibique

281 2449 315 2510 in
329 2450 486 2525 omnibus,
498 2451 532 2512 ad
549 2451 631 2513 idem
644 2451 779 2516 officium
791 2451 1028 2531 pertinentibus,

280 2540 761 2622 1366361,63663616133613661,
774 2553 886 2624 tuaque
897 2546 1030 2610 salubria

280 2635 402 2698 monita
423 2645 454 2699 et
476 2640 615 2701 mandata
637 2639 799 2702 humiliter
818 2639 984 2718 suscipiant
999 2649 1031 2703 et

279 2729 447 2792 efficaciter
476 2731 645 2810 adimplere
677 2743 860 2814 procurent,
891 2733 1028 2812 alioquin

279 2825 470 2889 sententiam
491 2826 557 2888 sive
578 2843 709 2906 poenam
728 2845 822 2907 quam
843 2829 902 2892 rite
922 2829 1029 2892 tuleris

281 2922 314 2983 in
342 2921 483 2994 rebelles,
500 2929 597 2982 ratam
618 2921 809 2998 babebimus,
832 2929 863 2984 et
884 2922 1029 2986 iaciemus
1054 2969 1055 2972 ,

279 3021 409 3077 auctore
439 3013 570 3076 Domino
600 3030 697 3093 osque
724 3017 760 3076 ad
787 3015 1028 3080 satisfactionem

278 3107 468 3184 condignam
503 3106 724 3170 inviolabiliter
758 3109 925 3172 observari.
958 3110 1027 3173 Non

278 3201 475 3263 obstantibus
491 3201 766 3264 constitutionibus
780 3211 811 3264 et
826 3204 1029 3267 ordinationi·

279 3295 338 3358 bus
364 3297 548 3374 apostolicis,
575 3299 750 3376 ceterisque
777 3299 938 3361 contrariis
961 3301 1054 3388 qui·¹

278 3393 485 3472 boscumque.

320 3489 433 3551 Datum
463 3488 589 3565 Romae,
619 3495 698 3570 apud
730 3493 762 3556 S.
782 3494 908 3558 blaciam
936 3497 1027 3560 idolo-

279 3603 347 3648 rem
363 3583 420 3645 sub
441 3585 557 3647 annulo
579 3585 750 3663 Piscatoris,
768 3589 817 3651 die
840 3606 929 3652 xvrrr.
950 3592 1028 3654 iunii

280 3695 485 3756 coecorum,
502 3680 699 3760 pontificatus
721 3683 818 3744 nostri
833 3700 915 3746 anno
931 3701 1024 3750 xxm.

534 3842 772 3852 —-—-—-—-..-

619 3965 693 4028 citt.

281 4153 402 4218 Oborto
417 4156 503 4218 teter
518 4155 798 4234 Arcbiepiscopom
814 4155 1026 4220 Baltimoreu-

318 4268 383 4312 sem
405 4257 436 4312 et
458 4257 565 4328 potres
588 4249 759 4313 Societntr's
782 4252 1025 4330 1661611666-

320 4345 433 4408 londio
462 4345 737 4406 666166666616616
762 4346 893 4423 praedio
927 4347 1026 4409 Wlte-

319 4437 443 4508 Morsu,
475 4437 557 4515 qood
587 4438 712 4514 primus
743 4439 785 4504 od
810 4456 951 4503 mensum
972 4457 1024 4505 66-

318 4530 579 4612 cbieptrcopclem
609 4531 770 4610 pertinere
805 4533 1023 4607 contendebat,

950 544 1022 593 PIUS
1042 545 1091 590 PP.
1115 543 1170 592 vll.

1089 661 1361 741 trcbteptscopum
1383 659 1636 726 Baltimoreusem
1652 657 1835 723 1616661663-

1089 753 1128 815 tis
1156 755 1314 818 Americae
1342 755 1520 834 provinciis,
1543 771 1576 817 ac
1597 754 1724 818 dilectos
1755 752 1834 815 tilios

1088 854 1189 925 patres
1211 847 1368 911 Societatis
1398 849 1465 914 leso
1488 849 1519 912 in
1543 849 1728 927 llarylandia
1753 861 1833 910 com-

1088 947 1243 1002 morantes
1265 950 1405 1004 exortam
1426 941 1520 1004 inisse
1538 940 1781 1005 controversiam
1796 941 1834 1004 de

1088 1033 1167 1108 iure,
1183 1034 1263 1112 quod
1280 1037 1337 1098 sibi
1353 1037 1488 1100 vindicat
1502 1043 1693 1099 memoratus
1709 1035 1834 1098 brebie·

1087 1125 1237 1206 piscopos,
1251 1144 1386 1194 annuam
1400 1130 1515 1194 scilicet
1524 1138 1555 1193 et
1570 1135 1750 1193 consuetam
1765 1145 1834 1208 per-

1087 1220 1219 1301 cipiendi
1242 1224 1425 1300 pensionem
1447 1241 1485 1286 es
1507 1224 1623 1299 lundis,
1646 1239 1723 1302 quos
1739 1222 1830 1286 iidem

1087 1320 1187 1391 patres
1201 1315 1259 1377 sibi
1275 1317 1399 1396 penitus
1414 1319 1584 1396 vindicant,
1595 1317 1767 1380 affirmante
1778 1318 1833 1379 br-

1086 1408 1278 1487 obiepiscopo
1297 1411 1447 1474 eiusmodi
1469 1412 1652 1490 pensionem
1676 1412 1733 1474 sibi
1755 1411 1832 1474 suis·

1086 1519 1147 1580 qne
1181 1505 1407 1568 successoribus
1438 1523 1494 1586 pro
1529 1523 1635 1570 mensa
1667 1504 1830 1584 episcopali

1086 1596 1209 1675 deberi3
1233 1615 1288 1661 nos
1306 1616 1360 1679 pro
1375 1601 1532 1679 pastoralis
1546 1599 1637 1663 officii
1659 1598 1758 1662 nostri
1772 1597 1832 1660 sol·

1086 1689 1246 1754 licitudine
1260 1695 1503 1758 controversiam
1518 1694 1705 1773 praedictam
1719 1707 1833 1770 expen-

1086 1786 1216 1850 dendam
1238 1789 1520 1870 conciliandamque
1543 1787 1757 1852 commisimus
1781 1802 1833 1848 ve·

1087 1882 1275 1944 nerabilibus
1291 1881 1436 1946 tratribus
1457 1885 1569 1946 nostris
1585 1883 1615 1946 S.
1626 1883 1662 1946 R.
1674 1883 1709 1946 lc.
1727 1883 1830 1946 cardi·

1087 1975 1207 2037 nalibus
1228 1977 1361 2053 negotiis
1376 1977 1591 2056 Propagandae
1605 1978 1691 2040 Fidei
1706 1992 1832 2055 praepo-

1085 2071 1163 2144 sitis,
1185 2069 1298 2146 quibus
1313 2069 1608 2150 incongregatione
1628 2068 1766 2148 generali
1781 2071 1831 2130 lta-

1087 2165 1147 2226 bita
1162 2165 1211 2227 die
1227 2166 1316 2227 tertia
1333 2165 1398 2228 iulii
1416 2167 1567 2229 vertentis
1583 2167 1656 2229 anni
1673 2165 1831 2228 millesimi

1087 2259 1336 2334 octingentesimi
1358 2260 1500 2337 vigesimi
1522 2261 1661 2337 secundi,
1675 2259 1831 2322 referente

1087 2352 1257 2414 venerabili
1288 2351 1381 2415 tratre
1411 2361 1517 2416 nostro
1549 2352 1703 2417 cardinali
1734 2353 1830 2416 Fescb

1087 2455 1233 2525 ponente,
1245 2446 1433 2525 placuitrem
1445 2449 1482 2510 de
1498 2449 1578 2510 bono
1593 2455 1624 2511 et
1635 2463 1733 2526 aequo
1748 2464 1830 2512 com-

1087 2554 1203 2615 ponere
1224 2556 1280 2617 per
1294 2543 1488 2606 concordiam
1503 2544 1586 2606 inter
1602 2552 1703 2620 partes
1718 2543 1831 2606 Romae

1086 2632 1255 2696 ineundam
1276 2650 1377 2698 coram
1394 2637 1493 2700 tribus
1507 2653 1545 2700 ex
1560 2637 1721 2715 praedictis
1736 2653 1830 2700 vene·

1087 2726 1234 2788 rabilibus
1247 2727 1393 2792 iratribus
1408 2731 1533 2808 nostris,
1545 2730 1661 2794 scilicet
1670 2731 1832 2794 Francisco

1086 2823 1219 2888 llaverio
1242 2826 1433 2903 castiglioni,
1447 2827 1572 2906 losepbo
1593 2827 1688 2890 Fescb
1703 2835 1734 2888 et
1750 2827 1831 2889 1136-

1086 2919 1189 2982 nibale
1210 2920 1295 2982 bella
1322 2919 1437 2996 Genga.
1466 2920 1567 2996 Quum
1594 2928 1699 2982 autem
1728 2927 1828 2999 optata

1087 3013 1263 3076 huiusmodi
1294 3015 1456 3078 concordia
1485 3015 1520 3078 ad
1553 3014 1674 3075 exitum
1705 3015 1830 3092 perduci

1086 3105 1320 3184 haudquaquam
1350 3107 1497 3187 potuerit,
1520 3108 1615 3170 iidem
1637 3107 1830 3170 venerabiles
1861 3107 1864 3115 '

1085 3195 1194 3260 iratres
1215 3201 1314 3262 nostri
1337 3201 1629 3278 incongregatione
1658 3201 1759 3263 habita
1781 3201 1831 3264 die

1085 3291 1183 3370 prima
1205 3293 1271 3355 iulii
1288 3295 1427 3358 eiusdem
1447 3295 1532 3372 anni,
1548 3295 1706 3359 referente
1720 3297 1831 3359 eodem

1084 3397 1220 3466 ponente
1235 3388 1387 3452 cardinali
1403 3389 1510 3465 Fescb,
1527 3390 1672 3452 omnibus
1687 3391 1747 3452 rite
1761 3406 1829 3470 per-

1086 3489 1198 3568 pensis,
1214 3494 1405 3550 censuerunt
1420 3506 1452 3550 36
1471 3487 1688 3563 decreverunt,
1705 3487 1763 3548 sub
1776 3502 1830 3564 spe

1085 3591 1207 3644 nostrae
1228 3571 1414 3644 obtinendae
1428 3581 1665 3660 approbationis,
1678 3581 1830 3644 stabiliter

1084 3676 1334 3739 constituendam
1352 3690 1419 3736 esse
1439 3673 1725 3754 archiepiscopalem
1741 3691 1829 3738 men·

1083 3786 1147 3831 sam
1169 3769 1426 3832 Baltimoreusem
1440 3786 1535 3849 super
1557 3769 1643 3831 bonis
1657 3769 1827 3845 stabilibus,

1083 3877 1160 3940 quae
1182 3860 1276 3923 leticis
1298 3861 1517 3924 recordationis
1538 3861 1609 3924 Pius
1631 3861 1686 3922 PP.
1710 3859 1761 3925 vl.
1778 3862 1828 3923 de·

1082 3970 1183 4018 cessor
1205 3962 1311 4018 noster
1332 3971 1413 4018 anno
1428 3955 1596 4018 millesimo
1616 3956 1828 4034 septingente-

1081 4049 1160 4112 simo
1181 4051 1392 4127 octuagesimo
1412 4066 1497 4112 nono
1519 4051 1667 4130 Episcopo
1681 4051 1828 4114 Raltimc

1082 4145 1166 4206 reusi
1187 4145 1428 4207 administranda
1450 4144 1632 4222 tradiderat;
1655 4162 1688 4210 ac
1710 4161 1750 4208 ne
1766 4145 1827 4209 ulla

1082 4239 1289 4317 inposterum
1303 4239 1481 4302 suboriatur
1501 4240 1617 4302 dissidii
1633 4241 1684 4302 vel
1699 4248 1828 4304 conten·

1083 4334 1174 4396 tionis
1196 4351 1296 4409 causa,
1312 4335 1429 4411 pariter
1444 4344 1647 4412 censuerunt,
1663 4333 1826 4397 nonnullis

1080 4429 1228 4491 standum
1250 4444 1315 4490 esse
1336 4427 1584 4504 conditionibus,
1608 4444 1687 4507 quae
1709 4429 1757 4494 liic
1778 4447 1826 4493 re-

1081 4521 1238 4597 teruntur,
1262 4520 1424 4584 videlicet:

1756 523 1815 588 615
1865 521 1919 578 An.
1934 524 1964 578 (1.
1986 521 2055 578 1822
2096 524 2098 528 ’

1120 4615 1139 4690 5
1160 4616 1189 4677 2.
1213 4632 1235 4676 1.
1253 4615 1291 4678 Ut
1306 4616 1581 4680 reverendissimus
1592 4618 1680 4681 Pater
1691 4619 1824 4684 Aloisins
1870 4628 2058 4692 1660666616-

1080 4711 1178 4773 Fortis
1201 4711 1389 4789 praepositus
1411 4711 1564 4789 generalis
1582 4713 1740 4778 Societatis
1756 4719 1821 4780 lesu
1843 4679 2057 4781 {gffgfflgfflggqb

1079 4803 1823 4889 invirtutesanctaeobedientiae,quambposto·
1843 4786 1994 4898 {ssfflffl
2016 4787 2056 4834 ‘¹⁹'

1081 4897 1155 4960 11636
1176 4898 1245 4962 Sedi
1267 4908 1422 4976 praestare
1444 4905 1579 4976 tenetur,
1602 4903 1824 4966 reverendissi-

317 4626 516 4706 propositum
537 4643 556 4686 6
581 4624 611 4686 S.
626 4623 878 4705 Conprepotione
899 4643 1024 4692 666666-

319 4721 407 4782 diem
428 4717 553 4798 probet,
568 4735 630 4798 quo
648 4722 826 4793 statuitur,
843 4731 950 4799 potres
966 4725 1024 4786 im-

319 4813 450 4875 mittere
469 4813 583 4875 6166166
609 4813 715 4876 debere
745 4815 1023 4895 Arcbiepiscopum

318 4909 353 4969 in
374 4906 597 4984 possessionem
615 4906 742 4985 praedii
757 4909 860 4984 quood
875 4908 922 4972 bis
937 4911 1024 4973 mille

319 5001 445 5080 tepere,
462 4998 552 5062 66166
568 5005 675 5062 tomen
689 5002 870 5064 metatione
883 5004 1022 5080 praedii,

317 5094 348 5155 si
369 5111 432 5172 quc
457 5093 632 5171 eopedtret‚
661 5109 718 5172 per
743 5094 774 5157 S.
800 5095 1023 5178 (1666666666-

318 5203 388 5249 cern
399 5194 508 5265 posteo
524 5187 729 5259 concedendo,
743 5188 1022 5269 Arclriepr‘scopum

318 5300 391 5344 6666
413 5281 591 5360 relinquere
612 5279 720 5343 debere
735 5290 842 5359 potres
858 5284 892 5346 in
906 5301 1024 5363 posses-

317 5378 405 5438 sr'oce
425 5375 560 5455 pacifico
582 5373 724 5436 otiorum
746 5373 910 5440 bonorum.

526 5543 612 5612 etus
635 5546 694 5613 ΡΡ.
720 5546 779 5614 llll.

418 5667 454 5735 ad
476 5667 605 5734 loturam
632 5667 675 5735 rei
701 5668 880 5736 6666666136.

1080 5006 1169 5054 mum
1190 4992 1353 5055 dominum
1380 4993 1577 5057 Ambrosium
1598 4996 1748 5060 ldarecbal
1769 5000 1825 5061 ttr-

1079 5086 1824 5166 cbiepiscopumBaltimoreusemimmittercom·

1080 5181 1155 5242 uino
1176 5179 1284 5242 debeat
1306 5181 1337 5242 in
1360 5181 1584 5260 possessionem
1605 5186 1720 5263 praedii
1742 5202 1823 5250 nun-

1078 5275 1179 5352 cupati
1202 5276 1308 5340 Wbite
1328 5279 1428 5342 blarsb
1443 5293 1516 5339 cum
1531 5280 1675 5344 omnibus
1696 5283 1759 5344 suis
1773 5281 1825 5344 ad-

1080 5371 1204 5446 iunctis,
1227 5387 1340 5450 nempe
1362 5374 1489 5449 colonis,
1505 5377 1684 5456 pecudibus,
1707 5380 1824 5446 instru-

1080 5466 1206 5540 mentis,
1229 5465 1380 5545 irogibus,
1396 5476 1488 5547 atque
1509 5472 1651 5546 annonis,
1668 5482 1700 5536 et
1720 5475 1753 5537 in
1775 5493 1823 5540 ea-

1079 5562 1151 5624 dem
1171 5572 1292 5626 sanctae
1314 5563 1506 5628 obedientiae
1527 5566 1644 5630 virtute
1661 5570 1823 5650 praecipiat

1079 5657 1219 5736 patribus
1233 5659 1352 5721 lesuitis
1367 5659 1582 5738 Marylandiae,
1599 5670 1634 5724 ut
1649 5673 1822 5743 promptam

1081 5751 1254 5815 huiusmodi
1276 5752 1399 5816 decreto
1420 5756 1660 5833 exequutionem
1682 5757 1757 5821 dent
1776 5759 1824 5822 in·

80 5833 196 5936 efficitis
211 5857 261 5904 nrt·
318 5847 337 5923 ἓ
360 5844 386 5906 l.
409 5843 511 5919 Quum
534 5843 621 5907 nobis
651 5845 786 5908 relatum
808 5845 917 5922 luerit,
941 5847 1023 5910 inter
1080 5853 1124 5905 tra
1146 5861 1288 5908 mensem
1309 5863 1325 5907 3
1347 5847 1448 5909 reditu
1465 5847 1604 5910 eiusdem
1625 5851 1773 5928 praesulis
1788 5853 1822 5915 in

279 5938 490 6002 venerabilem
511 5937 639 6001 tratrem
652 5938 853 6002 Ambrosium
873 5941 1022 6004 llarecbol
1078 5954 1167 6001 suam
1188 5939 1352 6003 dioecesim
1372 5941 1615 6021 supputandum.
