4722 6976
11 4027 12 4058 l

11 4067 12 4102 l

11 4107 12 4126 v

11 4127 13 4158 l

11 4166 13 4298 X
72 4238 230 4298 saporosos
289 4237 358 4312 52.
382 4235 543 4318 Perpensis
563 4237 666 4314 itaque
697 4236 811 4300 laudati
831 4240 995 4319 imperato·
1023 4205 1025 4220 Ι

11 4321 13 4352 l

11 4433 13 4476 t

919 559 990 604 etus
1011 558 1060 602 PP·
1084 558 1140 604 Vll.

564 681 688 745 XXXll.

256 864 501 928 Dismcnebrntio
524 866 684 929 Ecclesiae
713 863 899 944 episcopalis
922 864 998 926 crc-

292 958 446 1022 cooieesis
468 977 486 1020 a
507 959 703 1024 subiectione
719 959 804 1022 iuris
818 955 998 1034 metropoli·

293 1053 352 1132 tici
377 1054 461 1116 sedis
489 1053 769 1131 acentepisaopatis
797 1051 994 1122 Gaesaeasis,

267 1229 271 1236 Ι
291 1146 443 1234 illiusque
464 1145 620 1210 subiectio
641 1145 907 1224 metropolitanae
926 1142 999 1204 Lec-

292 1239 437 1317 podiensi.
567 1305 593 1366 .

255 1423 371 1492 bileoto
392 1423 456 1492 tilio
479 1429 585 1492 nostro
605 1425 733 1492 Antonio
749 1423 906 1490 Theodoro
924 1421 998 1489 San·

293 1524 363 1586 ctae
386 1517 536 1586 Romanae
554 1518 716 1586 Ecclesiae
733 1518 911 1603 presbytero
926 1516 998 1583 car-

293 1613 380 1680 dinali
403 1612 439 1680 de
462 1612 620 1681 colloredo
653 1617 823 1697 nuncupato
845 1612 997 1695 testicat-

294 1724 388 1791 scopo
416 1705 628 1787 olomucensi,
653 1708 781 1776 salutern
804 1712 835 1774 et
856 1705 998 1790 apostoli-

294 1818 358 1869 cam
382 1802 628 1882 benedictionem,

464 1959 549 2030 Plus
572 1959 789 2030 tetseoeus

441 2114 548 2166 servae
571 2109 731 2166 servorun
748 2098 812 2166 oet.

63 2275 233 2376 afficimus
292 2275 360 2350 sl.
384 2275 534 2349 Quoniam
563 2276 740 2338 carissimus
766 2276 798 2342 in
821 2275 942 2339 cbristo
963 2275 997 2335 fi-

251 2369 312 2431 lius
334 2377 439 2432 noster
462 2371 640 2432 Franciscus
661 2369 683 2431 1.
707 2369 848 2432 Austriac
869 2369 998 2446 impera-

251 2469 312 2536 tor,
334 2470 428 2540 atque
449 2463 623 2538 ilungariae
638 2469 668 2524 et
683 2463 846 2525 Bobemiae
861 2477 915 2524 rex
929 2477 997 2540 apo·

250 2555 388 2632 stelione,
403 2556 568 2633 significari
584 2555 671 2618 nobis
693 2555 860 2630 curaverit,
883 2555 998 2632 episco-

250 2649 352 2726 palem
385 2648 552 2712 Ecclesiam
583 2650 820 2712 cracoviensem
841 2648 998 2726 Arcbiepi-

249 2742 334 2820 scopi
355 2741 542 2804 Gnesnensis
563 2741 790 2820 metropolitico
816 2742 878 2804 iuri
900 2756 997 2819 usque

249 2834 350 2897 adbuc
370 2835 539 2896 subiectam
560 2835 593 2898 in
616 2837 772 2898 territorio
804 2833 894 2898 modo
915 2850 998 2895 com-

250 2927 402 3004 prebendi
425 2927 584 3007 temporali
604 2927 742 2991 dominio
757 2928 852 3007 ipsius
867 2928 998 3006 impera-

251 3020 326 3082 toris
341 3037 374 3084 ac
389 3021 470 3098 regis
485 3022 721 3108 obtemperanti,
734 3031 765 3084 et
779 3023 997 3088 difficillimum

248 3113 328 3188 lore,
350 3113 377 3176 si
398 3115 501 3192 populi
528 3117 698 3179 antedictae
723 3116 868 3179 dioecesis
889 3118 921 3180 in
944 3133 998 3180 ne·

249 3207 344 3284 gociis
365 3207 575 3284 spiritualibus
596 3208 713 3272 curiam
728 3210 997 3290 metropolitanam

249 3301 464 3364 coesnensem
485 3301 518 3362 in
536 3301 663 3364 alterius
678 3303 825 3382 principis
840 3305 997 3366 territorio

249 3395 437 3457 existentem
458 3396 542 3458 adire
560 3404 765 3472 cogerentur,
789 3395 918 3475 ideoque
934 3413 997 3459 non

248 3489 357 3550 minus
380 3488 468 3564 utile,
484 3505 576 3567 quam
591 3489 797 3552 necessarium
813 3490 870 3552 sibi
885 3490 994 3566 videri,

249 3590 284 3644 ut
307 3583 344 3644 ad
358 3582 581 3646 consulendum
597 3599 726 3645 suorum
740 3583 934 3647 subditorum
950 3585 996 3646 in-

248 3675 396 3752 digentiis
417 3677 523 3738 eadem
546 3675 757 3739 cracoviensis
776 3676 909 3738 Ecclesia
923 3678 997 3740 alte·

248 3785 322 3831 rum
354 3777 497 3847 agnoscat
532 3768 806 3847 metropolitanum
837 3771 871 3832 ad
902 3787 996 3849 quom

247 3861 448 3924 commodum
470 3863 583 3924 babere
604 3862 703 3924 valeat
721 3879 894 3940 recursum,
910 3865 997 3928 nobis

248 3955 428 4018 humillime
448 3955 612 4036 supplicari
634 3954 705 4017 lecit
729 3971 784 4034 pro
806 3958 996 4037 impetranda

248 4046 337 4110 Sedis
358 4049 549 4127 apostolicae
579 4050 615 4112 ad
646 4049 823 4112 huiusmodi
851 4024 1025 4155 effectum*

247 4143 384 4218 benigna
406 4142 609 4219 indulgentia.

11 4307 12 4320 a
59 4289 119 4336 sionts.

248 4331 292 4393 ris
313 4347 346 4392 ac
369 4330 450 4406 rogis
480 4330 597 4392 iteratis
625 4331 894 4411 postulationibus,
917 4334 995 4396 aliis·-

247 4440 311 4503 que
333 4440 438 4487 rerum
459 4439 492 4484 ac
512 4431 690 4502 temporum
705 4425 849 4501 gravibus
864 4427 997 4489 circum·
1030 4489 1034 4496 ,

245 4516 379 4593 stentiis,
402 4525 432 4578 et
454 4517 620 4594 expediens
642 4519 671 4580 in
690 4517 821 4579 Domino
835 4529 996 4584 censentes

248 4613 327 4675 tanti
349 4613 495 4692 principis
510 4613 589 4674 votis
604 4613 822 4690 obsecundare,
840 4617 905 4692 tibi,
922 4619 996 4681 dile·

246 4714 295 4769 cte
318 4706 361 4768 iili
377 4714 494 4781 noster,
511 4721 567 4784 per
581 4713 755 4784 praesentes
771 4711 995 4774 committimus

247 4807 279 4861 et
295 4800 487 4874 mandamus,
501 4808 536 4862 ut
550 4801 617 4861 sive
631 4816 686 4879 per
703 4808 742 4875 te,
755 4801 820 4862 sive
835 4818 889 4880 per
903 4803 994 4866 aliam

246 4893 390 4956 idoneam
404 4909 567 4971 personam
583 4894 614 4954 in
631 4892 830 4957 ecelesiastica
844 4897 995 4974 dignitate

247 4986 448 5048 constitutam
470 4994 501 5048 et
514 4988 552 5049 ad
566 4987 649 5049 bunc
664 4987 809 5050 ellectum
822 4991 994 5068 specialiter

246 5079 519 5156 subdelegandam,
536 5079 648 5141 habitis
667 5081 752 5159 prius
767 5083 991 5147 venerabilium

246 5174 377 5236 lratrum
404 5173 630 5251 archiepiscopi
658 5174 846 5237 Gnesnensis
868 5187 899 5238 et
924 5179 994 5258 Epi-

245 5268 328 5346 scopi
350 5267 572 5342 cracoviensis,
594 5276 686 5347 atque
706 5269 838 5331 aliorum
857 5286 993 5348 quorum

245 5364 375 5426 interest
397 5363 430 5425 in
451 5362 542 5440 legali
562 5362 660 5425 iorma
686 5366 816 5427 exaratis
838 5367 994 5428 consensi·

246 5460 315 5535 bus,
337 5459 373 5521 ad
394 5475 449 5520 nos
470 5459 581 5521 deinde
611 5458 805 5536 originaliter
837 5461 991 5522 transmit-

246 5556 360 5629 tendis,
383 5559 584 5616 memoratam
605 5553 808 5636 episcopalem
824 5554 991 5618 Ecclesiam

247 5650 495 5725 cracoviensem,
527 5665 588 5711 una
619 5665 691 5711 cum
723 5655 785 5710 tota
813 5647 937 5711 civitate
959 5667 991 5713 ac

246 5745 388 5819 dioecesi,
411 5744 447 5806 ab
469 5744 552 5806 omni
576 5751 606 5804 et
627 5758 821 5822 quacumque
844 5743 992 5820 archiepi-

245 5837 371 5916 scopalis
392 5837 543 5900 Ecclesiae
564 5835 750 5898 Gnesnensis
772 5836 990 5912 metropolitici

211 5955 215 5962 ·
247 5931 321 5994 iuris
342 5932 534 5996 subiectione
555 5941 703 6010 perpetuo
723 5930 882 5993 subtrahas
899 5937 990 6008 atque

350 6081 402 6128 aar.
421 6082 489 6128 nota.
506 6081 536 6128 ae
552 6081 625 6141 orep.
643 6079 797 6128 reserares
813 6061 899 6129 aver.
916 6081 954 6127 tv.

1719 525 1778 588 505
1828 520 1883 574 an.
1896 520 1926 573 o.
1948 519 2017 572 raon

1053 676 1180 750 eximas,
1198 673 1344 752 illamque
1367 669 1569 736 iurisdictioni
1587 675 1618 730 et
1633 663 1798 745 superiori-

1055 769 1107 829 tati
1130 767 1271 830 moderni
1293 774 1323 828 et
1344 781 1399 845 pro
1416 774 1554 844 tempore
1568 760 1730 824 existentis
1745 774 1797 820 ve-

1054 859 1199 922 nerabilis
1219 858 1322 922 fratris
1343 856 1568 935 archiepiscopi
1590 851 1799 933 Leopoliensis

1054 953 1142 1016 latini
1164 954 1241 1015 ritus
1262 951 1423 1033 apostoliea
1451 957 1554 1013 nostra
1576 948 1631 1010 tibi
1655 959 1797 1024 expresse

1054 1046 1189 1124 delegata
1201 1047 1381 1110 auctoritate
1392 1054 1542 1125 perpetuo
1552 1040 1696 1104 similiter
1705 1039 1798 1102 subii-

1053 1139 1112 1202 cias
1140 1148 1231 1220 atque
1258 1156 1422 1220 supponas,
1451 1139 1490 1200 ita
1518 1144 1554 1200 ut
1581 1138 1612 1198 in
1639 1141 1797 1214 posterum

1042 1236 1226 1313 »praedictus
1241 1234 1449 1314 Leopoliensis
1461 1230 1724 1306 archiepiscopus,
1736 1235 1797 1288 tarn

1055 1329 1087 1390 in
1110 1329 1330 1404 Premisliensi,
1359 1327 1511 1390 Kielcensi
1543 1334 1573 1388 et
1603 1321 1796 1395 Lublinensi,

1055 1437 1147 1502 quam
1169 1423 1200 1484 in
1217 1421 1411 1486 cracoviensi
1425 1419 1603 1498 respectivis
1618 1414 1752 1480 ecclesiis
1767 1421 1798 1476 et

1054 1517 1254 1594 dioecesibus,
1267 1519 1314 1580 ius
1328 1531 1421 1578 omne
1436 1512 1697 1592 metropoliticum
1713 1510 1797 1570 iuxta

1054 1613 1213 1674 canonicas
1234 1612 1405 1674 sanctiones
1426 1622 1571 1671 exercere
1591 1605 1688 1667 libere
1709 1619 1742 1665 ac
1763 1601 1799 1662 li-

1054 1705 1114 1768 oite
1140 1705 1234 1783 possit
1260 1715 1293 1766 et
1312 1704 1435 1766 debeat:
1465 1719 1520 1765 nos
1547 1701 1631 1764 enim
1661 1696 1798 1775 singulas

1054 1800 1109 1862 tibi
1130 1800 1167 1861 ad
1188 1798 1427 1879 praemissorum
1449 1794 1593 1858 ellectum
1615 1793 1798 1856 necessarias

1055 1900 1084 1955 et
1099 1901 1285 1972 opportunas
1300 1890 1467 1954 tribuimus
1481 1887 1651 1962 facultates,
1662 1893 1704 1962 et,
1717 1894 1798 1964 post·

1054 2003 1088 2048 ea
1109 2003 1201 2066 quam
1224 1993 1399 2064 praesentes
1421 1991 1544 2046 nostrae
1558 1982 1666 2045 literae
1680 1979 1798 2043 luerint

1054 2081 1257 2159 exequutioni
1277 2077 1486 2151 demandatae,
1509 2075 1675 2138 antedictas
1690 2074 1798 2137 craco-

1054 2175 1205 2250 viensem,
1239 2171 1499 2246 Premisliensom,
1531 2168 1735 2242 Kielcensem,
1767 2173 1798 2228 et

1054 2269 1274 2332 Lublinensem
1296 2268 1479 2347 episcopales
1501 2263 1650 2336 ecclesias,
1668 2262 1714 2325 uti
1734 2277 1799 2323 me·

1054 2363 1230 2443 tropolitani
1251 2361 1459 2441 Leopoliensis
1481 2360 1559 2420 ritus
1583 2355 1670 2419 latini
1691 2353 1797 2418 sullra-

1055 2473 1164 2534 ganeas
1185 2455 1380 2534 agnoscimus
1401 2462 1431 2516 et
1453 2451 1674 2530 reputabimus.

1094 2553 1112 2628 5
1133 2551 1160 2612 3.
1186 2551 1391 2612 Decernentes
1412 2548 1534 2610 easdem
1551 2553 1727 2625 praesentes
1743 2559 1798 2606 no·
1815 2543 2028 2648 ractXXaquXiebl

1053 2652 1141 2716 stras,
1164 2643 1257 2706 etiam
1281 2659 1319 2704 ex
1340 2657 1377 2704 eo
1398 2642 1478 2720 quod
1502 2641 1534 2703 in
1554 2638 1728 2716 praemissis
1751 2637 1797 2700 in·
1814 2657 1870 2702 tam
1888 2653 1999 2700 tranans.

1054 2748 1168 2802 teresse
1188 2736 1418 2816 quomodolibet
1438 2736 1595 2809 babentes,
1611 2751 1664 2796 seu
1685 2732 1797 2794 babere

1053 2833 1163 2912 quovis
1184 2831 1274 2894 modo
1290 2831 1536 2910 praetendentes,
1553 2844 1617 2890 non
1634 2843 1799 2890 consense-

1053 2929 1128 3002 rint,
1151 2943 1209 2988 nec
1229 2927 1265 2988 ad
1287 2942 1321 2986 ea
1341 2926 1451 2999 vocati,
1474 2923 1555 2986 citati
1572 2929 1602 2984 et
1616 2921 1724 2997 auditi,
1741 2937 1798 2984 nec

1053 3037 1160 3084 causae
1181 3025 1305 3099 propter
1325 3035 1400 3097 quas
1424 3019 1548 3081 eaedem
1570 3023 1745 3095 praesentes
1765 3031 1797 3076 e-

1054 3122 1219 3176 manarunt
1250 3112 1423 3174 verificatae
1455 3126 1517 3173 non
1548 3110 1676 3184 luerint,
1710 3108 1797 3172 nullo

1053 3223 1201 3285 umquam
1223 3212 1364 3283 tempore
1384 3219 1421 3265 ex
1443 3219 1637 3283 quacumque
1658 3219 1746 3265 causa
1760 3205 1798 3265 de

1052 3299 1260 3378 subreptionis
1287 3298 1338 3360 vel
1359 3298 1548 3376 obreptionis
1571 3304 1623 3360 aut
1647 3296 1798 3359 nullitatis

1053 3397 1130 3459 vitio
1160 3394 1348 3474 impugnari,
1371 3393 1544 3469 invalidari,
1571 3400 1623 3453 aut
1652 3394 1797 3456 adversus

1054 3491 1119 3553 illas
1141 3491 1358 3569 quodcumque
1378 3487 1454 3550 iuris
1476 3495 1528 3548 aut
1543 3488 1657 3563 gratiae
1680 3487 1729 3549 vel
1753 3487 1797 3550 iu·

1051 3579 1161 3648 stitiae'
1173 3583 1346 3647 remedium
1362 3582 1520 3661 impetrari
1535 3595 1681 3659 umquam
1696 3596 1795 3659 posse,

1051 3681 1103 3743 sed
1125 3696 1174 3742 eas
1194 3693 1316 3758 semper
1337 3686 1368 3739 et
1388 3683 1538 3755 perpetuo
1560 3674 1673 3738 validas
1688 3682 1718 3737 et
1732 3675 1796 3737 elli-

1052 3791 1135 3836 caces
1166 3773 1309 3847 existere,
1339 3785 1471 3849 suosque
1493 3768 1646 3847 plenarius
1667 3777 1698 3831 et
1720 3771 1797 3832 inte-

1053 3881 1123 3943 gros
1144 3865 1271 3928 effectus
1291 3865 1393 3926 sortiri
1407 3872 1446 3926 ⁴et
1468 3863 1619 3939 obtinere,
1636 3881 1669 3926 ac
1687 3863 1746 3925 illis
1761 3865 1796 3925 ad

1052 3977 1128 4038 quos
1148 3966 1261 4038 spectat
1283 3965 1313 4020 et
1335 3971 1390 4035 pro
1412 3965 1552 4034 tempora
1567 3956 1798 4034 quomodolibet

1051 4053 1208 4130 spectabit,
1232 4051 1453 4113 inviolabiliter
1481 4051 1648 4126 observari,
1672 4067 1705 4112 ac
1726 4050 1796 4112 irri-

1022 4164 1025 4202 t
1054 4157 1120 4211 tum
1135 4155 1166 4210 et
1181 4148 1284 4220 inane,
1299 4148 1324 4207 si
1340 4162 1426 4208 secus
1441 4160 1534 4222 super
1549 4144 1596 4206 bis
1610 4163 1625 4204 a
1641 4159 1797 4223 quoquam

1053 4243 1159 4322 quavis
1181 4241 1363 4304 auctoritate
1387 4239 1522 4302 scienter
1543 4239 1592 4299 vel
1618 4238 1797 4314 ignoranter

1053 4337 1219 4413 contigerit
1240 4335 1394 4397 attentari.

1092 4431 1160 4508 §lx
1184 4429 1252 4492 Non
1282 4427 1472 4490 obstantibus
1499 4427 1697 4504 cnesnensis,
1722 4431 1797 4491 Leo·
1815 4433 2027 4534 chXXXX'm'

1052 4525 1209 4605 pollensis,
1232 4530 1263 4583 et
1284 4521 1494 4584 cracoviensis
1516 4521 1687 4599 respective
1701 4523 1797 4584 cccle—
1822 4559 1823 4564 κ
1956 4520 1961 4532 ’

1051 4621 1167 4682 siarum
1178 4620 1272 4680 etiam
1284 4617 1469 4690 iuramento,
1482 4616 1718 4679 confirmatione
1728 4631 1797 4694 apo-

1050 4715 1166 4788 stolica,
1189 4710 1240 4774 vel
1261 4711 1368 4790 quavis
1389 4710 1447 4771 alia
1473 4709 1619 4770 firmitate
1648 4711 1797 4772 roboratis

1050 4807 1171 4870 statutis
1200 4814 1229 4868 et
1260 4803 1546 4877 consuetudinibus,
1575 4803 1704 4881 aliisque
1731 4804 1797 4882 qui·

1051 4901 1155 4962 busvis
1169 4899 1263 4960 etiarn
1275 4898 1307 4958 in
1324 4894 1532 4974 synodalibus,
1546 4896 1795 4974 provincialibus,

1050 4995 1256 5071 generalibus,
1280 4991 1568 5070 universalibusque
1582 4992 1720 5054 conciliis
1734 4992 1799 5054 edi-

1051 5091 1087 5152 tis
1109 5087 1381 5152 constitutionibus
1402 5093 1433 5148 et
1462 5085 1706 5148 ordinationibus
1726 5101 1795 5164 apo-

1049 5184 1180 5260 stolicis;
1203 5180 1374 5259 privilegiis
1389 5195 1523 5258 queque,
1541 5179 1669 5240 indultis
1684 5189 1715 5240 et
1730 5179 1797 5241 lite·

1050 5278 1091 5338 ris
1112 5275 1285 5355 apostolicis
1313 5273 1473 5352 quibusvis
1500 5274 1638 5351 personis
1667 5274 1699 5336 in
1725 5290 1797 5336 con-

1050 5369 1180 5430 trarium
1195 5368 1433 5448 praemissorum
1450 5367 1679 5445 quomodolibet
1694 5367 1796 5430 lorsan

1048 5461 1215 5539 concessis;
1237 5461 1348 5540 quibus
1376 5461 1521 5524 omnibus
1549 5469 1580 5522 et
1601 5461 1733 5538 singulis
1755 5461 1797 5522 la·

1049 5558 1167 5622 tissime
1188 5564 1219 5619 et
1240 5557 1429 5636 plenissime,
1451 5573 1484 5618 ac
1504 5555 1678 5635 specialiter
1699 5565 1729 5618 et
1744 5572 1797 5618 ex·

1049 5667 1161 5732 presse,
1178 5652 1288 5714 barum
1303 5651 1384 5712 serie
1397 5651 1593 5726 derogamus,
1605 5650 1796 5728 caeterisque

1048 5745 1208 5808 contrariis
1230 5743 1488 5822 quibuscumque.

1087 5839 1155 5912 §c
1184 5837 1334 5900 Volumus
1365 5843 1469 5898 autem
1501 5837 1581 5915 quod
1613 5836 1793 5899 earumdem
1827 5849 2027 5901 rraesnsuenaa

1047 5932 1253 6011 praesentium
1276 5931 1488 6010 transumptis,
1511 5931 1604 5993 etiam
1628 5931 1793 6008 impressis,
1813 5905 1988 5963 transumpta,

1657 6082 1684 6126 bl
