4740 6962
335 532 389 596 An.
404 538 434 596 c.
456 535 524 595 1775
572 535 632 605 912

554 677 635 754 giliis
656 678 798 754 retineri,
819 685 850 741 et
865 677 944 742 sicut
959 678 1045 758 prius
1056 679 1088 742 in
1103 695 1297 759 quacumque

553 771 677 834 ecclesia
699 771 847 834 celebrari
869 774 1062 835 mandamus,

322 865 534 967 renfflt'ffim
592 865 680 940 §lt
704 863 829 928 Sacrum
860 881 934 928 vero
961 866 1130 942 ieiunium,
1161 867 1242 946 quod
1265 867 1296 928 in

481 955 485 964 '
553 957 712 1037 praedietis
735 959 851 1036 vigiliis
873 959 1052 1034 habebatur,
1070 962 1107 1023 ad
1128 967 1251 1039 quartas
1266 968 1297 1022 et

440 1053 445 1064 '
550 1061 651 1114 sextas
671 1052 761 1116 larias
781 1054 932 1116 adventus
956 1053 1218 1129 transferendum,
1240 1054 1296 1116 ihi·

551 1145 684 1224 demque
717 1147 906 1208 servandum
941 1146 1090 1210 edicimus
1121 1155 1152 1208 et
1184 1148 1295 1210 eonsti-

553 1237 679 1301 luimus

333 1349 532 1410 ,commemora
590 1337 610 1412 5
632 1334 678 1396 lc.
704 1333 743 1396 Ut
764 1339 870 1396 autem
892 1348 956 1395 non
970 1333 1073 1395 solum
1087 1333 1189 1396 clerici
1206 1342 1237 1397 et
1251 1335 1295 1398 di·

319 1401 532 1512 }lssrffsstssf'srffissss
550 1427 630 1490 vites
645 1427 787 1489 homines
801 1426 982 1502 saeculares,
999 1427 1053 1505 qui
1074 1428 1167 1489 etiam
1187 1428 1294 1492 diebus

318 1508 470 1608 {⁵,{,‘{,{,‘{bl⁵›
489 1509 531 1556 Μ·
549 1537 612 1584 non
634 1520 750 1583 festivis
764 1527 953 1582 sacrosancto
969 1520 1079 1582 missae
1100 1520 1248 1583 sacrificio
1263 1529 1294 1583 et

548 1613 663 1677 divinis
685 1614 801 1689 officiis,
818 1613 898 1693 quod
913 1614 1122 1676 vehementer
1137 1614 1291 1691 cupimus,

548 1711 652 1772 adesse
664 1715 804 1789 possunt,
816 1707 869 1770 sed
884 1708 974 1770 etiam
992 1707 1026 1783 ii,
1039 1709 1092 1786 qui
1108 1707 1230 1770 rusticis
1241 1707 1292 1769 de-

549 1803 625 1864 tenti
646 1799 800 1862 laboribus
816 1799 954 1862 ecelesias
976 1800 1082 1862 diebus
1104 1807 1228 1864 tantum
1249 1799 1292 1862 le-

546 1897 600 1958 stis
611 1895 738 1969 adeunt,
753 1901 929 1956 sanctorum
940 1894 1159 1971 Apostolorum
1174 1903 1205 1957 et
1215 1894 1292 1956 llar-

547 1998 665 2068 tyrum,
675 2003 809 2067 quorum
823 1986 1032 2049 solemnitates
1048 1987 1189 2066 superius
1204 1988 1291 2050 abro-

546 2081 698 2159 gavimus,
721 2080 905 2142 memoriam
934 2087 1061 2142 servent
1088 2088 1119 2143 et
1140 2096 1290 2145 veneren-

547 2183 609 2251 tur,
626 2174 773 2236 volumus
791 2192 825 2236 ac
846 2173 1062 2253 praecipimus,
1079 2181 1115 2237 ut
1133 2174 1181 2237 die
1197 2191 1286 2238 xxrx.

545 2269 635 2345 iunii,
652 2267 733 2331 ultra
748 2268 945 2344 praecipuam
960 2265 1147 2330 Sanctorum
1162 2267 1245 2331 Petri
1259 2277 1289 2330 et

545 2363 629 2424 Pauli
650 2361 892 2434 solemnitatem,
905 2360 998 2422 etiam
1013 2360 1146 2422 aliorum
1162 2361 1288 2438 Aposto-

545 2455 659 2532 lorum,
680 2464 713 2517 et
733 2454 783 2518 die
805 2469 892 2516 xxva.
906 2452 1090 2528 decembris,
1107 2454 1188 2516 ultra
1203 2469 1289 2532 prae·

543 2551 669 2629 clpuum
685 2549 789 2614 Sancti
805 2548 951 2627 Stephani
966 2546 1093 2622 testum,
1107 2547 1201 2611 etiam
1215 2548 1289 2611 alio·

544 2659 615 2706 rum
636 2651 816 2706 sanctorum
836 2640 1007 2718 Martyrum
1032 2641 1183 2704 memoria
1208 2642 1287 2704 cele-

542 2738 663 2800 bretur.
686 2739 785 2812 Quare
796 2735 845 2798 die
859 2749 950 2796 xxix.
963 2733 1041 2797 iunii
1057 2735 1088 2797 in
1101 2734 1286 2797 kalendariis

543 2829 753 2894 ecclesiasticis
765 2829 805 2890 ita
822 2827 936 2890 testum
952 2827 1184 2890 inscribendum
1198 2828 1256 2890 erit
1266 2859 1287 2874 -

544 2925 589 2988 Ss.
613 2923 696 2987 Petri
718 2930 748 2985 et
770 2921 867 2996 Pauli,
883 2927 915 2982 et
936 2921 1199 2984 commemoratio
1220 2937 1285 2984 om·

544 3019 633 3081 nium
646 3018 863 3098 Apostolorum
873 3046 893 3058 -
904 3029 937 3075 ae
948 3022 1011 3076 tam
1022 3013 1055 3074 in
1067 3011 1180 3090 ollleio,
1192 3031 1285 3093 quam

543 3113 575 3176 in
593 3113 684 3174 missa
700 3115 829 3175 addatur
844 3109 1140 3173 -commemoratio
1155 3109 1192 3171 de
1203 3127 1285 3172 com-

543 3207 631 3270 muni
645 3206 862 3285 Apostolorum
873 3239 903 3278 -‚
915 3204 965 3266 die
980 3219 1056 3266 vero
1067 3220 1154 3265 xrvr.
1165 3205 1284 3266 decem-

542 3301 605 3364 bris
626 3303 666 3363 ita
687 3307 813 3363 notetur
834 3298 979 3361 lestum-
993 3296 1024 3360 S.
1049 3297 1194 3376 Stephani
1215 3315 1284 3378 pro·

543 3394 732 3474 tomartyris,
742 3400 773 3454 et
786 3392 1047 3456 commemoratio
1062 3391 1205 3453 omnium
1215 3410 1283 3455 san-

541 3497 663 3552 ctorum
679 3487 850 3562 llartprum
863 3502 930 3549 -ac
948 3485 1055 3547 tamin
1071 3485 1171 3546 odicio
1190 3502 1283 3564 quam

541 3584 574 3644 in
595 3581 688 3643 missa
709 3580 846 3642 addenda
866 3578 1231 3642 erit-commemoratio
1245 3581 1283 3644 de

540 3674 698 3739 communi
720 3671 926 3752 plurimorum
948 3671 1130 3750 llartyrum.

335 3782 460 3846 nonatum
480 3793 521 3839 pc
580 3771 599 3846 ἓ
622 3767 669 3829 l3.
694 3767 771 3829 llaec
793 3782 860 3842 nos,
882 3765 1068 3828 venerabilis
1088 3766 1194 3844 trater,
1218 3785 1281 3832 non

309 3835 371 3935 ἓξὲξ
388 3837 521 3954 affici-⁰&
539 3868 645 3930 minus
655 3859 861 3940 spiritualem,
874 3876 969 3938 quam
981 3864 1182 3940 temporalem
1193 3865 1281 3928 istius

308 3945 520 4044 ῗζᾎζᾞζξωβῆζ
539 3958 643 4040 populi
664 3956 833 4020 utilitatem
855 3955 1023 4031 intuentes,
1038 3959 1202 4022 sancienda
1216 3975 1281 4021 esse

307 4054 473 4098 servatorum.
538 4051 753 4125 iudicavimus,
769 4048 802 4112 in
818 4064 879 4127 quo
900 4047 1072 4127 plurimum
1089 4049 1281 4114 solicitudini

537 4163 571 4210 ac
586 4143 727 4225 pastorali
741 4141 918 4219 vigilantiae
933 4151 1004 4204 tuae
1019 4143 1214 4221 confidimus,
1227 4147 1280 4225 qui

537 4240 613 4303 illud
635 4237 769 4317 prolecto
790 4235 955 4298 sedulitate
968 4237 1133 4316 studioque
1148 4247 1201 4300 tuo
1216 4239 1281 4302 elli·

536 4335 610 4408 cies,
633 4348 672 4395 ne
693 4329 766 4409 quid
783 4327 920 4391 edivino
942 4328 1028 4390 cultu
1044 4331 1219 4394 detractum
1234 4333 1279 4394 vi·

537 4429 603 4491 deri
614 4425 719 4505 possit,
736 4423 788 4484 sed
803 4439 865 4501 quo
876 4421 981 4484 minor
994 4422 1144 4486 lestorum
1157 4425 1279 4490 dierum

537 4523 632 4584 lactus
654 4526 699 4580 est
720 4531 932 4590 numerus,eo
954 4515 1053 4578 maior
1073 4517 1114 4579 sit
1135 4517 1168 4579 in
1183 4535 1279 4598 popu·

536 4617 638 4680 lorum
652 4611 763 4674 animis
774 4612 880 4690 pietas,
893 4611 999 4673 lervor
1013 4628 1047 4674 ac
1061 4611 1195 4675 devotio.
1206 4613 1278 4677 Pro-

536 4711 607 4772 inde
628 4707 834 4769 vehementer
860 4703 1015 4782 cupimus,
1037 4721 1071 4766 ac
1093 4705 1125 4767 in
1147 4707 1278 4770 homino

535 4800 763 4865 fraternitatem
787 4804 869 4860 tuam
894 4799 1069 4876 hortamur,
1092 4806 1126 4862 ut
1148 4795 1277 4879 populos

534 4895 589 4958 tihi
611 4894 789 4958 commissos
800 4889 967 4966 diligenter
988 4893 1159 4957 edocendos
1174 4911 1275 4972 caree,

533 5005 612 5068 quae
626 4988 660 5049 ad
680 4989 791 5049 iustam
808 4985 1042 5064 legitimamque
1054 4985 1203 5051 lostorum
1214 4987 1276 5052 die·

534 5099 604 5145 rum
628 5081 838 5144 celebritatem
866 5078 1039 5156 pertinent,
1067 5096 1128 5159 quo
1153 5082 1273 5160 ardore,

532 5191 632 5258 quave
660 5174 838 5237 humilitate
858 5173 985 5252 spiritus
1010 5175 1128 5236 adstare
1148 5177 1275 5240 sanctis-

531 5273 610 5333 simo
631 5269 733 5333 altaris
753 5271 912 5346 sacrificio,
929 5286 990 5348 quo
1011 5271 1124 5347 studio,
1141 5287 1199 5350 qua
1215 5271 1274 5334 tre·

530 5366 657 5444 quentia
679 5365 791 5428 divinis
812 5363 929 5441 ciliciis,
950 5366 1042 5428 saeris
1062 5367 1272 5443 concionibus,

530 5479 562 5522 ac
584 5459 767 5522 christianae
788 5459 947 5522 doctrinae
963 5459 1212 5523 institutionibus
1227 5461 1273 5522 in·

532 5560 645 5616 teresse
666 5553 808 5626 debeant,
829 5560 862 5613 et
884 5569 924 5614 ne
945 5569 1000 5632 per
1028 5569 1079 5615 eos
1100 5555 1164 5615 dies
1186 5553 1273 5617 chri·

528 5647 710 5709 stihdelium
732 5648 821 5708 eorda
853 5654 1024 5720 graventur
1044 5647 1166 5726 crapula
1187 5656 1218 5709 et
1241 5663 1273 5708 e·

529 5741 676 5818 brietate,
708 5757 742 5802 ac
774 5739 981 5803 saecularibus
1016 5739 1271 5819 cogitationibus,

529 5851 620 5914 quam
642 5834 911 5910 diligentissimam
934 5850 1058 5912 operam
1085 5833 1157 5896 dare
1181 5836 1272 5898 dehe-

528 5931 586 6009 bis,
610 5939 643 5993 ut
664 5929 789 6008 prolana
812 5943 962 6008 quaeque,
979 5927 1094 5990 ludrica
1116 5937 1146 5992 et
1167 5931 1272 5993 minus

1075 552 1141 606 ttta.
1165 549 1256 606 horat.
1280 542 1321 604 nh
1341 541 1371 602 r.
1395 557 1424 604 r.
1447 541 1530 604 rAns
1553 557 1573 602 n

1977 11 2237 120 π

2130 532 2185 596 An.
2199 544 2230 598 c.
2252 534 2331 597 1775

1354 676 1498 752 religiosa
1519 693 1534 736 a
1557 674 1687 755 puhlicis
1703 670 1775 738 locis
1797 683 2013 750 amoveantur,
2029 689 2100 737 eon·

1354 778 1400 832 tra
1421 785 1497 832 vero
1519 771 1551 832 in
1573 778 1738 849 coraspeetu
1758 769 1810 831 illa
1831 771 1894 832 sint
1915 767 2100 847 abundeque

1353 871 1529 942 suppetant,
1553 879 1631 942 quae
1653 861 1689 923 ad
1710 861 1877 925 lovendam
1900 862 2098 924 devotionem

1353 955 1565 1036 pietatemque
1590 957 1766 1034 plurimum
1797 957 1941 1035 prodesse
1968 955 2096 1036 possint.

1352 1049 1436 1123 Quae
1455 1050 1582 1128 quidem
1602 1056 1713 1112 cuneta
1734 1067 1750 1112 a
1773 1057 1930 1128 perspecta
1957 1047 2098 1128 pastorali

1351 1141 1516 1204 sedulitate
1531 1151 1581 1206 tua
1598 1143 1685 1206 nobis
1706 1141 1841 1204 maxime
1862 1141 2055 1221 pollicemur.

1391 1236 1410 1308 ἓ
1434 1235 1480 1296 lt.
1505 1235 1573 1298 Non
1595 1235 1788 1299 obstantibus
1809 1233 1992 1314 apostolicis,
2015 1251 2049 1296 ac
2065 1233 2097 1294 in
2130 1251 2338 1304 nerogauoeon-

1353 1329 1579 1391 universalitas
1602 1328 1904 1410 provocatumque
1925 1335 1956 1390 aa
1970 1327 2099 1406 synoda·
2116 1303 2266 1350 ‘mlum-

1351 1424 1430 1488 libus
1452 1425 1589 1487 conciliis
1609 1425 1700 1488 editis
1729 1422 1925 1502 generalibus
1952 1421 2003 1484 vel
2030 1436 2097 1499 spe·

1350 1517 1477 1580 cialibus
1496 1518 1771 1582 constitutionibus
1791 1524 1822 1579 et
1837 1515 2095 1590 ordinationibus,

1349 1612 1538 1692 caeterisque
1561 1611 1723 1675 contrariis
1743 1611 2003 1689 quibuscumque.

1389 1705 1501 1767 Datum
1522 1706 1649 1780 llomae,
1672 1705 1751 1784 apud
1773 1704 1804 1768 S.
1821 1703 1948 1767 Petrum
1969 1703 2028 1766 suh
2042 1718 2095 1763 an-

1349 1796 1424 1859 nulo
1439 1799 1611 1873 PiscatoriS,
1628 1800 1677 1868 die
1695 1815 1793 1860 xxrrr.
1811 1797 1884 1859 maii
1897 1811 2093 1872 neccarum,

1348 1891 1545 1969 pontificatus
1567 1892 1665 1955 nostri
1686 1908 1768 1954 anno
1785 1908 1806 1953 r.

1603 2094 1841 2106 ...-..----

1691 2271 1744 2336 lx.

1349 2457 1526 2536 Confirmat
1538 2457 1727 2518 erectionem
1745 2455 2011 2536 congregationis
2024 2472 2093 2534 prr·

1383 2549 1586 2628 altptororum
1607 2549 1828 2612 soccatlort'um
1849 2549 1997 2610 (trotarii
2013 2550 2093 2610 Sora-

1384 2645 1429 2704 ott
1461 2643 1605 2722 Philippi
1636 2643 1727 2706 lllerii
1755 2642 1853 2706 uilloc
1881 2642 1917 2702 de
1949 2643 2090 2704 Ordsooo

1384 2738 1572 2800 Meuicoooo
1593 2736 1754 2798 dioecesis.

1598 2908 1684 2978 Plcs
1708 2909 1768 2977 ΡΡ.
1795 2909 1840 2977 ll.

1461 3033 1496 3100 ad
1518 3040 1693 3118 perpetuam
1713 3035 1757 3102 rei
1782 3035 1964 3102 memorien.

1380 3211 1399 3286 §
1422 3211 1450 3272 l.
1476 3211 1521 3272 Ex
1542 3228 1603 3290 quo
1625 3212 1729 3274 divina
1742 3210 1882 3273 maiestas
1898 3209 1932 3270 ad
1955 3215 2088 3288 pastora-
2132 3224 2309 3271 prooemium.

1340 3304 1377 3366 lis
1398 3304 1490 3367 officii
1511 3305 1670 3380 fastigium
1692 3321 1748 3368 nos
1770 3319 1956 3383 quamquam
1978 3303 2086 3364 imme·

1340 3399 1415 3460 ritos
1446 3399 1561 3474 everrit,
1584 3405 1739 3478 quantum
1769 3398 1801 3460 in
1824 3398 1912 3460 nobis
1943 3397 2013 3472 luit,
2035 3413 2087 3458 su-

1340 3506 1436 3569 perno
1458 3493 1573 3554 auxilio
1595 3492 1678 3568 lreti,
1701 3493 1801 3554 conati
1822 3509 1941 3569 sumus,
1957 3502 1992 3556 ut
2007 3493 2085 3555 ditri-

1339 3602 1399 3647 nus
1419 3585 1534 3660 cultus,
1556 3593 1587 3647 ot
1608 3586 1774 3648 catholicae
1802 3587 1874 3648 fidei
1894 3590 2083 3666 propagatio,

1338 3686 1370 3741 et
1391 3679 1566 3741 animarum
1593 3678 1675 3742 salus
1696 3681 1878 3758 opportunis
1905 3681 2013 3744 mediis
2033 3699 2084 3745 au-

1339 3779 1460 3850 geatur,
1475 3778 1508 3832 et
1529 3780 1690 3850 propterea
1711 3772 1897 3835 clericorum
1918 3790 2084 3852 congrega·

1340 3868 1438 3930 tiones
1454 3865 1484 3928 id
1499 3881 1622 3944 operam
1640 3866 1812 3944 cupientes,
1830 3865 1959 3930 intensis
1973 3871 2083 3932 studiis

1338 3975 1559 4039 promovemus
1579 3969 1611 4021 et
1632 3959 1840 4036 instituimus,
1863 3961 2083 4044 favoribusque

1337 4061 1368 4116 et
1391 4054 1497 4131 gratiis
1525 4054 1743 4133 prosequimur
1770 4056 1965 4135 opportunis,
1990 4067 2082 4136 prout

1336 4148 1542 4226 conspicimus
1553 4148 1585 4209 in
1600 4147 1730 4210 domino
1744 4148 1909 4212 salubriter
1923 4153 2078 4230 expedire.

1376 4242 1439 4316 §2-
1455 4241 1534 4305 cum
1545 4242 1660 4319 itaque,
1672 4241 1752 4302 sicut
1763 4241 1946 4319 accepimus,
1960 4243 1992 4305 in
2008 4245 2080 4308 villa
2112 4256 2249 4304 Laudatur
2266 4271 2314 4306 ers-
2358 4273 2359 4280 κ

1336 4335 1374 4398 de
1394 4335 1520 4398 Orizava
1542 4340 1718 4412 nuncupata
1740 4333 1913 4396 Alexicanae
1935 4336 2081 4400 dioecesis
2097 4311 2315 4420 ξῖᾗῖῑξοθῖμῗὲᾒῖ

1334 4427 1533 4506 congregatio
1554 4427 1739 4490 clericorum
1756 4428 1959 4490 saecularium
1974 4430 2080 4494 crato-
2097 4420 2216 4518 ffulfful}
2230 4422 2312 4530 3323}

1336 4526 1373 4586 rii
1390 4525 1492 4589 Sancti
1514 4523 1644 4602 Philippi
1667 4521 1752 4585 Nerii
1774 4523 1932 4600 canonice,
1945 4532 1980 4586 ut
2001 4541 2078 4586 asse·
2096 4530 2312 4627 pgffllmgaeffig:

1335 4619 1427 4696 ritur,
1449 4625 1551 4680 erecta
1573 4625 1603 4680 et
1624 4617 1765 4680 instituta
1780 4617 1832 4693 sit,
1848 4615 2004 4696 iidemque
2019 4619 2079 4682 cle·
2096 4637 2147 4679 tur.

1335 4711 1388 4774 rici
1411 4713 1584 4774 sacerdotes
1599 4708 1855 4773 christifidelium
1870 4711 2078 4774 confessiones

1333 4806 1450 4881 audire,
1464 4805 1618 4867 Ecclesiae
1636 4811 1827 4867 sacramenta
1848 4804 2076 4881 administrare,

1332 4899 1563 4961 exhortationes
1575 4900 1610 4961 ad
1626 4897 1778 4977 populum
1793 4897 1918 4974 habere,
1935 4897 2076 4961 infirmos

1332 4992 1469 5068 visitare,
1493 5000 1523 5054 et
1543 4992 1601 5053 alla
1622 4991 1743 5068 pietatis
1764 4997 1795 5052 et
1816 4990 1949 5053 caritatis
1970 5007 2074 5070 opera,

1332 5102 1395 5149 non
1417 5085 1485 5148 sine
1506 5084 1632 5147 notabili
1653 5085 1774 5163 piarum
1791 5083 1967 5147 animarum
1987 5086 2075 5164 spiri-

1333 5179 1407 5242 tuali
1430 5179 1650 5255 consolatione,
1673 5178 1834 5257 divinique
1855 5181 1957 5243 cultus
1978 5199 2075 5260 augu-

1331 5281 1452 5348 mento,
1468 5273 1554 5335 iuxta
1564 5273 1651 5352 pium
1667 5289 1776 5335 eorum
1791 5274 1973 5338 institutum
1987 5293 2074 5340 exer-

1331 5383 1400 5429 cere
1431 5367 1573 5446 cupiant;
1595 5376 1626 5428 et
1651 5369 1689 5429 de
1716 5369 1869 5446 praesenti
1897 5379 2071 5434 exerceant.

1330 5460 1388 5521 Pro
1416 5462 1582 5524 erectionis
1609 5468 1713 5523 autem
1734 5467 1765 5522 et
1791 5462 1995 5527 institutionis
2017 5466 2074 5527 hu-

1331 5553 1464 5618 iusmodi
1477 5555 1675 5618 subsistentia
1687 5561 1718 5616 et
1729 5553 1886 5618 validitate
1901 5557 2072 5634 plurimum

1330 5647 1516 5723 desiderant,
1529 5647 1596 5709 illas
1616 5647 1795 5724 apostolicae
1818 5653 1939 5710 nostrae
1960 5651 2071 5710 consar-
2158 5659 2160 5664 ’

1330 5741 1474 5803 motionis
1496 5739 1606 5802 robore
1627 5741 1830 5802 communiri:

1369 5835 1388 5909 ᾖ
1409 5833 1437 5894 3.
1462 5833 1523 5895 Nos
1544 5834 1738 5912 presbyteros
1756 5841 1787 5894 et
1806 5834 1933 5897 clericos
1956 5837 2070 5916 praedi·
2103 5844 2199 5888 ametro
2212 5845 2299 5889 conor·
2352 5825 2353 5860 l

1329 5936 1405 6004 etos,
1422 5936 1456 5989 nt
1476 5926 1512 5988 ad
1528 5928 1575 6008 pia
1594 5935 1624 5989 et
1638 5943 1721 5988 sacra
1739 5943 1833 5988 onera
1847 5928 2025 5992 huiusmodi
2040 5948 2070 5994 e·
2088 5899 2300 5997 ῗὴῖῗῖἷιιῗᾶιῗῗῗ

2337 6597 2350 6920 l
