4808 6988
352 561 407 613 An.
421 560 451 612 0.
473 559 541 610 1819
590 559 651 621 578

572 692 1316 768 mmmmmmmmmm·

611 789 688 856 otae
711 789 901 860 Antiocheno
920 795 1093 878 ceterisque
1107 795 1316 878 drobiepiooo-

612 882 1318 1045 affimmmmmmmo

819 1166 905 1234 etus
928 1167 988 1235 ΡΡ.
1013 1168 1071 1235 tit.

772 1355 972 1426 venerabiles
993 1357 1119 1426 iratres.

606 1449 734 1518 salutem
757 1452 1005 1536 eapostolicam
1033 1454 1281 1522 benedictionem.

611 1643 696 1718 Quod
726 1645 762 1705 de
791 1645 944 1707 constanti
976 1645 1121 1722 obsequio
1148 1653 1180 1736 et
1204 1645 1318 1706 eximia

573 1735 738 1798 devotione
766 1737 797 1798 in
826 1753 882 1798 nus
910 1745 940 1799 et
969 1738 1172 1817 Apostolicam
1206 1737 1318 1802 Sedem

573 1836 674 1891 vestra
697 1829 785 1891 nubis
815 1831 1049 1909 pollicebamur,
1072 1832 1179 1895 sedulo
1199 1849 1320 1894 accura-

575 1929 666 2001 teque
689 1926 871 2002 praestitum
893 1944 909 1986 a
930 1928 1016 1990 vobis
1038 1945 1103 1990 esse
1126 1927 1221 1989 multa
1248 1941 1318 1989 curn

575 2018 693 2095 paterni
715 2018 811 2080 animi
832 2019 930 2081 nostri
953 2020 1066 2082 laetitia
1082 2037 1119 2083 ex
1142 2020 1252 2083 litteris
1268 2035 1319 2078 ve-

573 2112 656 2186 stris,
679 2127 751 2173 ven.
776 2111 897 2188 iratres,
913 2115 1127 2192 cognovimus.
1139 2114 1219 2176 Cum
1234 2113 1320 2176 enim

574 2204 730 2282 pastoralis
751 2207 843 2268 ollicii
859 2209 969 2282 nostri,
986 2207 1209 2286 praecipueque
1224 2205 1319 2279 illius,

574 2313 636 2376 quo
657 2315 712 2360 vos
734 2301 766 2360 in
792 2300 924 2362 Donrino
946 2301 1166 2379 prosequimur
1182 2299 1319 2373 caritate,

575 2409 639 2453 esse
662 2393 855 2455 duxissemus
876 2411 930 2456 vos
953 2396 1032 2471 ipsos
1050 2392 1083 2454 ad
1106 2393 1319 2456 celebrandam

575 2487 734 2566 Synodnm
758 2489 892 2550 excitare
912 2488 969 2568 (l),
993 2490 1024 2550 in
1047 2507 1106 2568 qua
1124 2503 1236 2566 pravus
1258 2505 1320 2549 rno-

575 2582 795 2656 uasteriorum,
827 2589 861 2643 ut
889 2582 1014 2659 dicitur,
1038 2583 1218 2660 duplicium
1249 2599 1321 2644 usus

574 2683 726 2753 perpetuo
746 2675 932 2750 aboleretur,
948 2693 1002 2736 vos
1017 2693 1076 2755 qua
1097 2691 1151 2755 par
1172 2685 1237 2738 erat
1252 2675 1322 2738 obe·

574 2767 690 2830 dientia
711 2771 864 2846 synodum
886 2770 945 2830 rite
966 2770 1133 2845 adunastis,
1157 2778 1187 2830 et
1217 2784 1321 2830 mona-

575 2864 706 2926 eborum
727 2863 815 2926 aedes
830 2865 867 2924 ab
881 2864 1007 2926 aedibus
1023 2864 1206 2927 monialium
1222 2865 1321 2926 emni-

576 2975 616 3020 no
637 2957 816 3036 separandas
832 2975 898 3018 esse
913 2958 1101 3021 decrevistis.
1128 2956 1211 3019 Nilril
1234 2958 1322 3018 nobis

576 3054 704 3128 gratius,
721 3051 797 3113 nilril
812 3067 915 3116 sacrae
930 3051 1106 3130 disciplinae
1121 3050 1321 3125 contovmias,

576 3145 655 3208 nihil
675 3145 843 3207 servandae
874 3161 998 3206 morum
1021 3145 1147 3222 puritati
1177 3151 1324 3223 opportu-

576 3239 658 3314 nius,
690 3237 768 3300 nibil
790 3240 826 3301 ad
846 3239 989 3300 sinistros
1021 3253 1181 3312 rumores,
1204 3237 1255 3316 qui
1285 3237 1321 3297 de

576 3331 728 3408 religiosis
756 3332 830 3392 viris
858 3338 889 3393 et
915 3331 1098 3393 mulieribus
1126 3331 1183 3392 sub
1213 3330 1322 3393 eodem

576 3433 656 3488 tecto
678 3425 889 3486 babitantibus
911 3424 1005 3500 vulgo
1026 3423 1265 3502 spargebantur,
1277 3439 1323 3485 se·

575 3517 690 3580 dandos
710 3519 968 3597 accnmquatius
989 3517 1112 3579 decerni
1133 3534 1149 3577 a
1171 3515 1257 3577 vobis
1272 3533 1324 3596 po-

576 3618 665 3672 terat.
700 3610 793 3672 Vobis
821 3611 918 3687 igitur
946 3610 1085 3688 impense
1116 3609 1321 3686 gratulamur,

576 3719 648 3765 ven.
672 3703 793 3780 iratres,
808 3705 903 3782 quod,
919 3702 1070 3779 neglectis
1092 3702 1321 3780 difficultatum,

576 3813 655 3877 quae
677 3798 749 3860 buic
772 3796 957 3876 separationi
979 3796 1101 3858 obstare
1122 3794 1322 3871 videbantur,

577 3892 708 3966 umbris,
726 3891 754 3952 id
766 3889 967 3968 perfeceritis,
980 3891 1060 3968 quod
1078 3897 1182 3952 nestra
1194 3897 1225 3950 et
1240 3905 1325 3951 sum·

577 4000 700 4046 morum
723 3983 910 4045 Pontificum
932 3986 1128 4046 decessorum
1145 3992 1322 4045 nostrornm

578 4085 647 4140 vota
669 4083 847 4139 constanter
868 4077 1033 4156 enixeque,
1049 4077 1101 4138 sed
1124 4077 1160 4138 ad
1182 4076 1260 4137 hanc
1277 4093 1326 4137 ns-

619 4302 648 4358 it)
663 4301 690 4346 ld
705 4300 803 4346 iaciunt
818 4304 858 4346 est
872 4301 959 4346 literis
973 4312 1014 4358 op.
1031 4305 1062 4346 ln
1077 4307 1223 4346 conmmanit.

619 4371 648 4422 (ty
665 4371 701 4412 Ex
716 4368 806 4414 Tabul.
823 4371 847 4411 S.
858 4371 883 4412 C.
899 4369 930 4412 de
946 4371 970 4412 P.
983 4371 1009 4412 lt.
1023 4368 1225 4413 travascrlbimns
1240 4369 1326 4414 decre·

579 4440 636 4481 tum
648 4447 699 4491 quo
710 4435 806 4491 synodi
817 4435 1006 4480 patriarchalis
1017 4435 1207 4480 Maronitarum
1219 4435 1324 4481 decreta

579 4503 770 4549 modiilcautnr.

868 4639 1037 4684 nectendum

605 4779 701 4820 soor-oc
717 4777 934 4827 Corcurepnttontu
947 4777 1080 4826 mecoenatia
1094 4777 1125 4820 cte
1141 4777 1221 4828 Prop.
1237 4777 1299 4820 Flete

664 4919 780 4954 rrnnrrnn
794 4919 839 4953 narr
853 4918 896 4952 xv.
913 4916 1008 4952 mannia
1023 4917 1086 4950 anm
1101 4917 1241 4952 arocccxrx.

619 5049 683 5090 curn
697 5055 745 5101 per
758 5044 865 5090 litteras
878 5043 1037 5101 apostolicae
1050 5043 1126 5089 datas
1139 5043 1166 5088 in
1177 5043 1261 5088 forma
1270 5043 1326 5088 bre·

581 5113 619 5158 vio
634 5113 682 5157 eub
697 5113 738 5156 die
753 5123 769 5157 1.
785 5111 1008 5157 novembrisanui
1019 5122 1160 5156 uocccxvr.
1171 5111 1324 5156 conflrman-

580 5184 620 5225 tes
635 5181 687 5225 dno
700 5179 806 5224 decreta
821 5182 844 5223 S.
858 5178 1074 5235 congregationis
1083 5177 1216 5234 generalis
1226 5179 1258 5222 de
1268 5181 1326 5222 Pro·

580 5249 700 5305 pagnnda
714 5247 775 5292 Fide
788 5247 895 5292 habitae
904 5247 946 5291 die
956 5257 1002 5292 xrr.
1013 5246 1121 5302 augusti
1132 5246 1251 5291 eiusdem
1262 5245 1326 5291 anni

581 5315 709 5361 indictum
725 5313 805 5360 suerit
819 5315 849 5358 R.
865 5317 891 5358 P.
907 5313 1018 5359 iohanni
1032 5316 1109 5358 Petro
1130 5311 1201 5358 itolci
1216 5313 1326 5358 Maroni·

582 5387 671 5428 tarrrur
686 5382 865 5436 Patriarcbae,
879 5385 905 5426 et
919 5383 949 5426 vt.
961 5384 987 5425 P.
1002 5381 1108 5436 alaysio
1123 5381 1327 5438 Gandolpbiele·

581 5453 623 5495 cto
638 5455 701 5494 tunc
722 5450 847 5506 Episcopo
869 5448 976 5502 lensien,
996 5451 1022 5492 et
1041 5448 1161 5503 delegato
1182 5449 1326 5504 apostolico

563 5547 566 5552 -
583 5523 613 5562 ut
625 5529 677 5562 uua
687 5529 746 5562 curn
757 5517 861 5573 synodo
870 5515 988 5561 eiusdem
1000 5515 1116 5560 nationis
1126 5516 1259 5561 modulam
1270 5527 1327 5562 cou-

582 5585 690 5630 ilcerent
710 5594 790 5642 atque
812 5588 996 5641 proponerent,
1015 5593 1067 5640 qua
1087 5585 1115 5628 et
1135 5583 1326 5628 monachorum

583 5650 710 5696 coenobia
723 5662 739 5695 a
754 5650 909 5696 monialium
931 5649 1067 5696 coenobiis
1088 5653 1285 5706 separarentur,
1300 5653 1326 5694 et

584 5723 637 5765 tana
653 5719 839 5776 patriarchalia
853 5729 932 5776 quam
948 5718 1061 5775 singulis
1075 5719 1207 5776 Episcopis
1218 5719 1328 5764 Maroni·

584 5791 672 5832 tarum
688 5786 715 5831 in
729 5797 820 5832 eorum
836 5786 978 5842 respective
988 5785 1149 5832 dioecesibus
1159 5789 1232 5831 certa
1241 5791 1268 5830 et
1277 5787 1328 5830 sta·

583 5855 643 5899 bilis
658 5855 732 5898 sedes
750 5854 945 5910 designaretur,
959 5854 1080 5908 servatis,
1098 5865 1166 5910 quae
1184 5854 1212 5898 in
1230 5853 1329 5909 praela·

584 5922 618 5966 tis
632 5921 745 5966 decretis
759 5921 887 5966 servanda
897 5920 1140 5977 praecipiebantur;
1151 5925 1328 5976 pervenerunt

583 5993 642 6036 acta
656 5987 835 6046 praescriptae
857 5987 954 6045 synodi
968 5987 1010 6034 irie
1025 5999 1104 6045 super
1122 5988 1201 6034 rebus
1215 5987 1329 6033 celebra-

1095 565 1160 640 ybn.
1184 583 1274 628 ronr.
1299 584 1339 628 nn
1362 584 1390 628 r.
1414 587 1444 631 r.
1467 586 1550 631 rans
1573 586 1593 630 r.

1372 706 1525 784 quodiam
1538 705 1661 779 frustra,
1676 707 1903 786 expetiverunt.
1918 708 1980 772 Nos
1992 709 2116 788 quidem

1372 798 1493 861 habitae
1513 817 1529 860 a
1551 799 1637 862 vobis
1659 801 1784 876 Synodo
1811 802 1991 878 apostolicae
2016 813 2118 866 aucto·

1373 893 1472 954 nitatis
1483 893 1589 968 robur,
1603 894 1864 972 quemadmodum
1880 910 1952 956 mov
1968 897 2116 971 dicemus,

1372 985 1581 1062 adiungimus,
1594 987 1645 1049 sed
1656 987 1781 1050 nullum
1796 989 1956 1050 decretum
1972 990 2117 1053 libentius

1373 1080 1606 1154 confirmamus,
1622 1081 1858 1159 promptiusque
1879 1082 1914 1142 ad
1936 1085 2117 1161 exequutio·

1374 1188 1445 1235 nem
1477 1174 1603 1250 perduci
1625 1173 1788 1248 volumus,
1815 1191 1907 1253 quam
1937 1176 2029 1253 iilud,
2056 1195 2117 1257 quo

1375 1268 1614 1342 Coenobiorum‚
1628 1285 1705 1346 quae
1719 1285 1735 1329 a
1750 1269 1908 1332 monachis
1929 1271 2116 1349 iaculentur,

1373 1360 1410 1422 ab
1431 1360 1478 1436 iis,
1495 1361 1548 1422 ubi
1564 1361 1712 1423 moniales
1733 1361 1859 1438 degent,
1882 1364 2059 1427 omnimoda
2072 1383 2119 1429 se-

1374 1453 1490 1516 iunctio
1521 1453 1749 1532 praescribitur,
1772 1471 1865 1534 quam
1887 1457 1961 1519 adeo
1983 1475 2118 1522 necessa·

1373 1547 1451 1608 riam
1480 1548 1668 1623 iudicamus,
1692 1554 1726 1609 ut
1747 1549 1772 1609 si
1799 1550 1868 1628 quis
1896 1554 2063 1615 monachus
2087 1556 2117 1618 in

1373 1641 1462 1702 aedes
1475 1641 1656 1704 monialium
1673 1643 1781 1720 pedem
1798 1633 1914 1707 inlerre
1928 1647 2053 1723 posthac
2067 1668 2119 1712 au-

1373 1734 1453 1809 deat,
1469 1751 1542 1798 eum
1557 1738 1872 1800 excommunicationi
1894 1739 1958 1816 ipso
1980 1740 2058 1804 iactu
2073 1745 2119 1806 in-

1373 1833 1555 1904 currendae,
1569 1840 1599 1893 et
1614 1832 1763 1912 Episcopo
1778 1831 1835 1895 loci
1852 1845 2033 1914 reservatae,
2049 1840 2120 1902 sub-

1375 1925 1490 1988 iectum
1522 1925 1665 1988 velimus.
1699 1925 1796 1989 Sicuti
1829 1945 1903 1990 vero
1934 1935 2118 1995 monasteria

1375 2018 1519 2096 duplicia
1541 2018 1579 2081 de
1600 2021 1701 2083 medio
1721 2021 1855 2084 tollenda
1877 2031 1977 2101 erant,
1995 2026 2035 2088 lta
2057 2044 2120 2090 ma·

1375 2112 1459 2173 aime
1481 2113 1696 2190 conveniebat,
1720 2120 1754 2177 ut
1775 2114 1891 2177 stabilis
1916 2118 2117 2198 Patria'rclaae,

1375 2205 1635 2284 nraniepiscopis,
1659 2208 1875 2288 Episcopisque
1903 2213 1990 2276 sedes
2012 2215 2043 2275 in
2065 2231 2119 2277 sua

1375 2299 1486 2376 cuique
1507 2300 1638 2361 dioecesi
1666 2309 1865 2364 statueretur.
1897 2305 1927 2366 ld
1950 2307 2035 2368 enim
2058 2310 2120 2371 exi-

1376 2393 1465 2469 gebat
1493 2401 1524 2455 et
1553 2401 1709 2470 pastorum
1735 2394 1868 2472 dignitas
1890 2406 1920 2460 et
1949 2403 2121 2478 expeditior

1376 2486 1607 2564 accuratiorqne
1628 2487 1813 2550 dioecesium
1834 2490 2068 2555 administratio.
2086 2497 2120 2558 ln

1377 2580 1453 2640 banc
1482 2597 1606 2658 quoque
1635 2597 1713 2656 rem,
1745 2598 1816 2644 ven.
1846 2582 1966 2660 iratres,
1995 2589 2120 2650 consilia

1375 2689 1523 2750 curasque
1545 2680 1660 2735 vestras
1680 2675 1865 2751 contulistis,
1881 2685 1912 2739 et
1933 2687 2049 2741 certam
2065 2683 2121 2742 im·

1377 2765 1588 2843 mobilemque
1610 2767 1642 2828 in
1657 2784 1710 2829 sua
1725 2766 1853 2830 dioecesi
1875 2770 1979 2833 sedem
2001 2773 2122 2836 unicui·

1377 2873 1436 2936 que
1460 2859 1607 2936 Episcopo
1628 2860 1814 2936 assignastis.
1844 2863 1889 2925 Ne
1910 2865 2031 2942 singula
2053 2882 2122 2945 pcr-

1375 2968 1553 3029 sequamur,
1572 2952 1713 3027 synodus
1727 2963 1828 3017 vestra
1840 2973 1985 3019 severum
2001 2961 2036 3021 ad
2053 2977 2123 3020 exa·

1378 3061 1449 3106 men
1471 3063 1486 3105 a
1509 3045 1636 3107 Sanctae
1661 3047 1817 3110 Romanae
1846 3049 1998 3114 Ecclesiae
2019 3053 2122 3114 Cardi-

1378 3139 1509 3213 nalibus,
1533 3139 1585 3215 qm
1608 3140 1742 3216 negotiis
1763 3142 1801 3204 de
1827 3142 2022 3221 Propaganda
2048 3146 2123 3208 Fide

1377 3232 1540 3309 praepositi
1561 3241 1813 3309 sunt,rev0cata,
1838 3236 1905 3298 talis
1927 3239 2035 3300 iisdem
2058 3241 2122 3300 visa

1378 3334 1435 3398 est,
1459 3331 1492 3385 ut
1514 3341 1599 3398 carn,
1631 3325 1812 3402 quibusdam
1838 3335 1941 3390 tamen
1974 3331 2122 3409 capitibus

1377 3428 1430 3480 aut
1454 3417 1563 3480 additis
1590 3426 1642 3480 aut
1669 3419 1809 3496 mutatis,
1839 3422 1964 3498 dignam
1995 3441 2122 3486 censue-

1377 3513 1453 3589 rint,
1466 3527 1544 3590 quae
1555 3527 1570 3572 a
1582 3512 1670 3573 nobis
1685 3515 1865 3576 auctoritate
1877 3517 2037 3593 apostolice
2051 3535 2124 3580 cun-

1379 3606 1566 3668 drmaretur.
1600 3607 1680 3682 Quae
1709 3624 1784 3670 vero
1811 3608 1946 3670 addenda
1973 3618 2026 3672 aut
2054 3627 2122 3674 rnn-

1379 3701 1469 3760 tanda
1497 3699 1726 3776 iudicaverunt,
1752 3717 1786 3762 ea
1810 3701 1962 3764 distinctis
1988 3704 2123 3766 articulis

1377 3793 1597 3870 comprelmnsa
1628 3794 1751 3855 decreto
1778 3803 2004 3873 apposuerunt,
2036 3798 2124 3860 cuius

1377 3887 1591 3948 authenticum
1612 3888 1769 3967 enernplar
1783 3889 1954 3966 apostolicis
1975 3893 2057 3954 bisce
2074 3892 2124 3956 lit·

1378 3978 1451 4038 teris
1489 3977 1670 4040 adiunctum
1701 3983 1736 4042 ad
1768 3996 1822 4042 vos
1854 3983 1936 4045 mitti
1970 3986 2121 4063 praecepi·

1379 4091 1447 4136 annas
1468 4075 1523 4156 (2).
1548 4073 1707 4138 Memorati
1733 4075 1855 4138 articuli
1883 4093 1954 4138 curn
1977 4077 2011 4138 ad
2038 4094 2123 4155 prae·

1379 4305 1421 4346 tae
1435 4301 1462 4346 in
1479 4301 1639 4347 monasterio
1655 4305 1678 4346 s.
1695 4301 1793 4346 Mariae
1807 4301 1838 4345 de
1854 4302 1944 4347 lanaise
1959 4301 2051 4346 diebus
2066 4313 2122 4347 xrn.

1378 4376 1405 4414 et
1420 4380 1473 4413 xrv.
1489 4369 1582 4426 aprilis
1596 4380 1637 4414 an.
1654 4379 1814 4414 nococxvrrn
1832 4381 1885 4414 una
1900 4379 1959 4414 cum
1974 4369 2062 4414 literis
2081 4372 2125 4415 Pa·

1378 4437 1512 4482 triarclane
1527 4439 1553 4481 et
1567 4435 1754 4493 Episcoporum
1776 4433 1861 4481 dietae
1882 4436 2006 4491 nationis,
2028 4436 2124 4494 quibus

1378 4504 1462 4548 enixis
1472 4503 1591 4561 precibus
1600 4503 1786 4560 postulabatur
1794 4503 1892 4560 synodi
1901 4503 2056 4561 approbatio
2066 4516 2124 4562 apo·

1378 4571 1478 4616 stolice.

1418 4639 1555 4696 rea-pensis
1569 4639 1660 4697 itaque
1671 4639 1834 4685 omnibusne
1844 4639 1955 4696 singulis
1966 4639 2063 4696 synodi
2074 4642 2124 4686 sia-

1379 4709 1454 4763 tutis,
1474 4707 1573 4754 auditis
1594 4707 1675 4752 etiam
1697 4706 2124 4764 ratriaretaa,be1egacoaposto-

1378 4776 1428 4822 lico
1450 4778 1530 4832 atque
1554 4773 1686 4832 episeopis
1709 4771 1823 4829 inclytae
1848 4772 1963 4818 nationis
1987 4773 2125 4818 Maronita-

1379 4855 1448 4898 runr,
1463 4855 1509 4888 nen
1524 4853 1575 4888 non
1590 4841 1812 4888 monasteriorum
1828 4840 1955 4897 patronis,
1971 4843 2050 4886 sacra
2065 4844 2125 4886 Con·

1379 4911 1501 4968 gregalia
1524 4910 1616 4956 habite
1635 4908 1678 4953 die
1698 4911 1724 4952 et
1747 4919 1817 4954 auno
1840 4907 1935 4964 quibus
1957 4917 2046 4963 supra,
2069 4919 2125 4952 cen-

1379 4979 1440 5033 suit,
1454 4977 1663 5024 confirmandam
1685 4987 1741 5020 esse
1756 4975 1889 5032 synodum
1911 4985 1971 5021 curn
1991 4974 2124 5031 aliquibus

1380 5049 1468 5091 tamen
1483 5043 1676 5090 variationibus
1690 5047 1716 5088 et
1727 5041 1924 5088 additamentis.
1934 5045 2065 5087 utentem
2076 5042 2124 5087 cla·

1381 5113 1436 5158 rius
1452 5114 1617 5158 innotescant
1638 5114 1696 5157 tum
1710 5121 1750 5164 ea,
1764 5119 1831 5167 quae
1845 5110 1872 5154 in
1895 5109 2004 5156 laudata
2023 5110 2125 5166 synodo

1380 5181 1508 5226 servanda
1523 5181 1595 5234 sunt,
1610 5182 1666 5223 tum
1682 5189 1721 5232 ea,
1736 5189 1803 5234 quae
1818 5177 1893 5222 iuxta
1905 5178 2021 5221 mentem
2032 5181 2125 5222 sacrae

1380 5246 1596 5302 Congregationie
1610 5245 1777 5290 reformanda
1792 5245 1832 5289 vel
1846 5244 1964 5290 addenda
1975 5248 2124 5299 censentur,

1380 5315 1470 5360 omnia
1484 5315 1548 5358 haee
1562 5312 1644 5358 simul
1658 5312 1686 5358 in
1698 5311 1870 5368 sequentibus
1880 5309 2002 5356 articulis
2012 5321 2125 5368 compre·

1380 5384 1541 5428 henduntur.

1421 5453 1440 5494 1.
1455 5449 1631 5505 Designentur
1645 5457 1692 5504 pro
1707 5445 1770 5491 solis
1785 5445 1945 5492 monialibus
1959 5447 2059 5502 septem
2075 5455 2126 5490 mo

1381 5517 1506 5572 nasteria,
1515 5515 1648 5560 videlicet:
1660 5519 1678 5559 l.
1688 5513 1766 5558 Briaae
1777 5513 1893 5569 Virginis
1903 5513 1935 5558 de
1945 5512 2031 5568 llaole,
2040 5515 2061 5556 a.
2071 5515 2127 5558 Mar

1381 5587 1514 5632 sciallitae
1529 5585 1638 5639 biecbos,
1652 5586 1671 5627 3.
1688 5585 1744 5628 bier
1764 5581 1853 5628 llabda
1873 5581 1997 5636 llarbrie,
2012 5585 2032 5625 n.
2048 5580 2126 5626 Briaae

1382 5653 1497 5712 Virginis
1511 5654 1542 5698 de
1558 5653 1684 5707 Baclnsci,
1693 5655 1713 5695 5.
1725 5655 1748 5696 s.
1760 5651 1865 5708 Georgii
1875 5652 1976 5706 licimo,
1985 5653 2006 5694 6.
2019 5649 2126 5696 sibliae

1382 5723 1498 5776 Bollane,
1512 5725 1532 5766 7.
1544 5725 1567 5765 s.
1579 5719 1684 5775 Georgii
1693 5719 1720 5764 in
1731 5730 1797 5764 novo
1807 5719 1951 5764 Bhordocb.
1962 5723 1989 5763 iu
2000 5729 2127 5775 suspenso

1381 5793 1471 5835 autem
1487 5799 1534 5845 pro
1555 5799 1624 5834 nune
1645 5791 1782 5832 remaneat
1796 5785 1877 5832 buius
1897 5785 1994 5831 statuti
2008 5785 2127 5830 executio

1381 5857 1466 5914 quoad
1485 5856 1537 5900 duo
1552 5853 1713 5901 monasteria
1732 5857 1846 5908 tautum,
1861 5853 1962 5898 scilieet
1976 5851 2054 5898 Babae
2072 5851 2127 5896 vir-

1382 5924 1452 5981 ginis
1467 5923 1498 5968 de
1512 5921 1631 5968 Baolusei
1645 5925 1672 5967 et
1687 5925 1711 5966 S.
1722 5921 1795 5967 Eliae
1810 5921 1929 5978 Bonane,
1939 5923 1965 5965 et
1980 5919 2127 5966 examinen-

1383 5994 1427 6038 tur
1440 5995 1545 6036 asserta
1559 5989 1619 6036 iura
1632 5990 1785 6036 eorumdem
1801 5989 1946 6046 respective
1954 5991 2127 6045 patronorum
