4856 7010
370 543 424 600 An.
438 545 468 602 0.
490 547 558 602 1829
608 547 666 613 720

588 679 1331 752 mmmmffimwhmmmmmo

629 773 1333 861 mmmmmmfflmffimmmo

627 869 1208 954 emmmwmmmmmi

828 1055 914 1126 Pius
937 1057 997 1126 ΡΡ.
1023 1056 1093 1126 titt.

680 1244 1240 1325 fflwmhffiwwmmm

621 1339 1300 1424 ammmmmmmmmmmm

1110 565 1175 610 tuit.
1198 564 1290 610 PONT-
1314 565 1353 610 ott
1375 565 1405 610 P·
1428 565 1457 611 Γ.
1482 565 1564 612 PARS
1585 566 1607 612 l·

1388 701 1473 761 mus,
1503 694 1538 748 ut
1567 685 1741 750 dominator
1768 683 1850 746 idem
1874 684 1912 745 uh
1939 698 1975 744 eo
2006 681 2137 742 demum

1388 777 1516 842 consilio
1537 779 1670 853 desistat,
1687 793 1720 840 ac
1741 777 1779 839 de
1800 774 1948 838 rebusad
1969 773 2138 836 catholicos

1390 874 1540 934 armenos
1555 870 1785 948 pertinentibus
1807 885 1869 930 non
1893 869 1952 929 iam
1969 881 2040 930 cum
2054 865 2138 926 schi-

1387 965 1514 1027 smatico
1536 963 1705 1044 patriarcha
1726 960 1881 1024 catholicis
1905 961 1977 1038 ipsis
1999 957 2137 1032 intenso,

1387 1059 1440 1120 sed
1461 1075 1533 1121 cum
1557 1073 1594 1119 eo
1622 1062 1691 1135 agat
1719 1056 1772 1136 qui
1800 1055 1957 1118 catholicis
1988 1051 2140 1116 humenis

1390 1150 1655 1228 Constantinopoli
1676 1159 1805 1230 praeest.
1835 1149 1874 1212 ht
1896 1165 1971 1212 vero
1992 1165 2055 1211 non
2079 1149 2140 1209 Ar-

1388 1261 1496 1307 menos
1518 1245 1630 1320 solum,
1642 1243 1694 1308 sed
1709 1243 1844 1323 reliquos
1858 1243 1951 1306 etiam
1971 1251 2040 1305 tum
2054 1241 2140 1303 Gon·

1388 1337 1678 1417 stantinopoiitaoae
1691 1338 1788 1413 urhis,
1800 1346 1869 1400 tum
1883 1338 2016 1399 aliarum
2027 1336 2139 1400 Orien-

2165 536 2216 594 An.
2228 544 2255 598 (l.
2271 547 2322 606 1829

1390 1431 1496 1493 talium
1512 1431 1678 1508 regionum
1693 1430 1866 1506 catholicos,
1883 1431 1952 1492 illos
1971 1430 2067 1492 etiam
2082 1430 2139 1508 qui

629 1532 761 1596 hlflictas
774 1531 1038 1610 Constantinopoli
1051 1531 1273 1594 catholicorum
1285 1545 1334 1590 res
1389 1523 1422 1586 in
1443 1523 1518 1585 locis
1539 1525 1656 1600 degunt
1682 1539 1808 1601 graecae
1836 1521 2041 1586 dominationi
2064 1523 2139 1585 suh

589 1642 762 1706 eorumque
778 1626 869 1689 hdem
884 1626 1015 1687 saeviori
1037 1624 1251 1704 persecutione
1268 1629 1334 1684 ten·
1390 1616 1474 1679 lectis
1495 1617 1546 1679 vel
1566 1618 1774 1692 subiiciendis,
1797 1616 1971 1708 apostolica,
1987 1625 2023 1681 ut
2044 1616 2138 1680 dehe-

589 1727 684 1784 tatam
709 1735 781 1783 curn
805 1719 997 1796 cognovisset
1020 1717 1081 1780 Leo
1102 1717 1167 1780 llll.
1185 1715 1335 1793 gloriosae
1389 1727 1470 1787 mus,
1492 1712 1688 1775 solicitudine
1704 1714 1807 1776 nostri
1822 1713 2076 1790 complectimur3
2094 1723 2138 1777 at-

590 1814 760 1876 memoriae
786 1813 1000 1892 praedecessor
1029 1819 1143 1886 noster,
1171 1807 1334 1886 implorata
1388 1822 1449 1886 que
1470 1806 1581 1870 idcirco
1602 1823 1654 1868 eos
1675 1822 1782 1869 omnes
1806 1805 2020 1884 potentissimo
2041 1807 2139 1870 maie-

589 1906 738 1968 coutinuo
761 1921 815 1983 pro
836 1905 956 1968 miseris
978 1904 1038 1967 illis
1059 1903 1112 1965 liei
1135 1901 1219 1965 ont.
1244 1901 1333 1963 mise·
1388 1901 1473 1962 statis
1496 1908 1566 1964 tuae
1587 1901 1755 1979 patrocinio
1779 1900 2044 1964 commendamus
2076 1900 2139 1963 No·

590 1997 731 2075 ricordil,
746 1998 878 2061 subinde
898 1998 1053 2061 convertit
1067 2012 1098 2058 se
1113 1995 1148 2058 ad
1164 1985 1333 2058 caesaream
1388 2002 1449 2056 stra
1471 2007 1584 2073 nempe
1605 2003 1676 2056 vota
1697 2008 1735 2055 eo
1751 1993 1893 2069 tendunt,
1911 2000 1945 2055 ut
1960 1995 1993 2057 in
2008 2003 2079 2058 tuto
2094 1995 2138 2057 ihi

589 2093 782 2155 maiestatem
813 2098 911 2168 tuam,
944 2091 1104 2170 literisque
1133 2105 1216 2153 anno
1244 2103 1335 2167 supe·
1389 2087 1665 2172 ponatprliherum
1681 2102 1806 2164 prorsus
1820 2087 1985 2149 catholicae
2000 2087 2138 2164 Religio-

589 2187 673 2249 riore
694 2185 743 2248 die
764 2201 810 2247 ur.
833 2185 937 2246 martii
958 2186 1034 2248 datis
1049 2192 1133 2247 tuam
1156 2200 1212 2263 pro
1226 2183 1333 2246 iisdem
1390 2181 1438 2243 nis
1453 2180 1649 2255 exercitium,
1661 2189 1692 2243 et
1706 2195 1800 2242 nemo
1812 2181 1843 2242 in
1859 2189 2018 2258 posterum
2029 2183 2138 2243 vexari

530 2295 534 2306 ·
590 2294 681 2356 opem
702 2295 736 2342 ac
756 2277 962 2358 patrocinium
977 2292 1141 2356 exposcere
1163 2276 1331 2338 iestinavit.
1388 2291 1442 2336 seu
1474 2272 1577 2352 aliquo
1607 2289 1737 2336 suorum
1767 2274 1987 2352 temporalium
2017 2275 2138 2338 iunium

590 2373 652 2437 Nos
672 2388 747 2450 ergo
769 2389 840 2435 cum
869 2371 963 2450 prohe
983 2373 1115 2434 sciamus
1141 2370 1215 2433 huic
1236 2369 1334 2432 nostri
1389 2368 1676 2448 detrimentoailrci
1691 2377 1853 2446 propterca
1871 2371 1976 2446 possit,
1992 2370 2075 2450 quod
2091 2388 2137 2434 ca·

590 2464 830 2546 praedecessoris
851 2463 1001 2526 desiderio
1023 2471 1108 2526 tuam
1124 2479 1186 2526 non
1201 2460 1335 2524 doluisse
1389 2461 1537 2525 tholicam
1551 2462 1691 2540 prollteri
1705 2461 1810 2538 tidem,
1827 2471 1857 2526 et
1877 2464 2069 2526 sanctissima
2083 2465 2138 2527 Dei

590 2575 728 2639 operam,
744 2566 775 2621 et
795 2557 912 2621 scilicet
928 2565 969 2629 te,
984 2557 1141 2638 carissime
1163 2557 1196 2618 in
1212 2556 1334 2618 Christo
1390 2556 1603 2634 Ecclesiaeque
1624 2562 1781 2635 praecepta
1803 2556 1956 2619 custodire
1970 2557 2061 2620 velit.
2090 2559 2137 2620 ln-

591 2653 636 2716 fili
657 2657 772 2726 noster,
793 2666 857 2712 non
880 2650 1032 2712 destitisse
1044 2667 1061 2711 a
1075 2649 1194 2712 vexatis
1209 2648 1334 2711 catholi-
1389 2650 1496 2728 signis,
1519 2650 1674 2713 carissime
1689 2650 1721 2711 in
1737 2649 1859 2713 Christo
1874 2649 1918 2712 tili
1940 2657 2059 2727 noster,
2074 2653 2140 2730 pie·

590 2747 633 2808 cis
645 2762 699 2825 per
710 2744 948 2808 internuncium
960 2742 1139 2822 praesertim
1154 2750 1243 2805 tuum
1255 2743 1334 2806 Gon·
1390 2750 1434 2805 tas
1457 2752 1507 2806 tua
1522 2751 1553 2806 et
1568 2744 1693 2806 lervens
1708 2743 1771 2818 ille,
1786 2760 1848 2822 quo
1866 2744 2052 2822 religionem
2068 2762 2138 2824 pro·

590 2837 789 2916 stantinopoli
814 2836 1004 2898 residentem
1028 2843 1203 2915 opportuno
1225 2837 1335 2915 quovis
1388 2837 1537 2916 sequeris,
1560 2852 1647 2899 amor
1667 2845 1783 2900 certam
1804 2839 1836 2900 io
1857 2853 1945 2915 spem
1967 2855 2023 2901 nos
2043 2841 2138 2905 addu-

591 2932 706 2997 aunilio
721 2930 870 3006 fovendis,
883 2930 1030 2992 maximas
1045 2945 1100 2992 nos
1115 2929 1209 2991 etiam
1224 2929 1334 3007 gratias
1390 2939 1476 3008 cunt,
1498 2932 1783 2995 commendationes
1815 2933 1868 2994 has
1890 2939 2008 2996 nostras
2040 2937 2137 2997 maxi-

591 3025 782 3104 tihiagimus
803 3032 834 3087 et
855 3023 1015 3087 hahemus.
1039 3022 1102 3086 Nec
1122 3040 1196 3086 sane
1217 3025 1335 3088 dubita·
1390 3043 1479 3090 mum
1513 3026 1634 3102 pondus
1665 3025 1821 3088 habituras
1856 3028 1934 3105 apud
1966 3043 2138 3090 caesaream

593 3137 673 3196 mus,
690 3118 765 3197 quin
782 3134 836 3196 pro
857 3132 905 3192 eo,
927 3133 988 3196 quo
1009 3116 1111 3180 serves
1129 3117 1336 3196 protegendae
1392 3121 1580 3182 maiestatem
1604 3125 1702 3193 tuam,
1724 3119 1774 3180 cui
1796 3119 2044 3182 benedictionem
2067 3137 2138 3200 apo

592 3213 752 3291 religionis
773 3212 892 3286 ardore,
903 3210 979 3273 illud
994 3209 1096 3289 ipsum
1111 3211 1219 3274 maiori
1233 3210 1336 3274 admo·
1389 3214 1529 3276 stolicam
1543 3227 1614 3274 cum
1629 3219 1796 3291 perpetuae
1811 3210 1964 3274 felicitatis
1981 3224 2049 3276 tuae
2064 3225 2139 3278 voto

593 3311 667 3373 dum
681 3305 783 3369 studio
797 3305 834 3367 ad
849 3319 992 3384 praesens
1013 3311 1136 3366 acturus
1157 3306 1215 3381 sis3
1238 3321 1336 3383 quum
1391 3307 1600 3380 coniunctam,
1623 3312 1652 3366 et
1673 3319 1746 3367 cum
1767 3304 1919 3382 imperiali
1947 3306 2063 3370 familia
2087 3311 2138 3371 tui

592 3400 737 3463 videlicet
762 3399 845 3461 inter
865 3398 1036 3460 ‘turcarum
1058 3399 1285 3460 dominatorem
1305 3405 1335 3460 et
1392 3399 1535 3462 universa
1546 3397 1845 3471 communicandam,
1858 3399 2068 3462 amantissime
2080 3401 2138 3463 im·

593 3493 769 3574 praecipuos
782 3492 922 3570 Europae
936 3491 1089 3570 principes
1104 3507 1203 3554 novae
1217 3491 1254 3554 de
1269 3509 1338 3570 gra·
1391 3493 1556 3572 pertimur.

593 3586 726 3650 vissimis
748 3585 838 3648 rebus
861 3584 1337 3665 tractationesConstantinopoli
1432 3587 1543 3649 ilatum
1567 3585 1698 3662 Eumae,
1724 3585 1802 3665 apud
1832 3586 1862 3650 S·
1891 3587 2018 3650 Mariam
2045 3590 2138 3653 ldaio-

593 3681 802 3745 instituendae
816 3688 901 3752 sunt,
918 3678 1079 3758 inquibus
1096 3679 1203 3744 Orator
1217 3695 1272 3742 seu
1287 3681 1335 3743 ln·
1392 3699 1472 3759 rem,
1496 3682 1553 3744 suh
1581 3678 1697 3743 annulo
1721 3680 1891 3755 Piscatoris,
1907 3680 1958 3744 die
1985 3697 2038 3743 xx.
2071 3683 2139 3746 iulii

594 3774 777 3840 ternuncius
806 3772 972 3835 maiestatis
1003 3780 1072 3836 tuae
1104 3772 1228 3835 idoneas
1253 3783 1336 3837 certe
1392 3791 1605 3862 nocccnxtn,
1628 3773 1823 3855 pontificatus
1845 3775 1941 3837 nostri
1964 3792 2046 3839 anno
2068 3795 2090 3839 r.

592 3869 733 3933 inveniet
759 3867 942 3942 occasiones,
969 3873 1003 3928 ut
1024 3865 1090 3928 iura
1116 3866 1338 3930 catholicorum

592 3968 717 4038 asserat,
746 3975 919 4038 eorumque
940 3973 1079 4032 causam,
1103 3965 1157 4020 tuo
1186 3959 1336 4022 nimirum

593 4054 721 4117 nomine
743 4059 774 4116 et
794 4052 976 4114 auctoritate
996 4049 1187 4130 interposita,
1200 4058 1335 4116 tueatur.

593 4145 652 4212 Sed
667 4164 714 4222 ea,
730 4163 789 4226 qua
809 4145 994 4225 premimur,
1010 4143 1172 4207 solicitudo
1194 4145 1337 4208 omnium

592 4242 791 4306 ecclesiarum
813 4246 905 4316 urget
928 4255 996 4316 nos,
1014 4246 1048 4300 ut
1062 4239 1095 4301 in
1111 4239 1165 4302 hac
1180 4239 1244 4318 ipsi
1260 4247 1337 4302 tem-

1649 3977 1888 3990 -1-1—

1740 4151 1790 4215 tit.

592 4335 674 4414 poris
696 4334 925 4413 opportunitate
946 4332 1086 4410 impense
1107 4333 1224 4394 iterum
1244 4349 1338 4394 ama-

592 4431 698 4493 iestate
714 4427 766 4490 tua
781 4428 967 4504 llagitemus,
980 4434 1027 4500 ut,
1041 4427 1121 4506 quod
1138 4442 1193 4505 pro
1210 4427 1260 4488 tud
1275 4428 1338 4490 eni·

593 4524 654 4587 mia
681 4523 794 4601 pietate
820 4519 903 4583 ultro
934 4518 1071 4582 tacturus
1096 4519 1215 4596 luisses,
1238 4520 1267 4583 id
1290 4523 1337 4584 in-

593 4616 676 4680 tuitu
696 4615 791 4676 etiam
822 4628 921 4675 novae
943 4613 1035 4674 huius
1064 4614 1338 4677 commendationis

593 4716 716 4772 nostrae
738 4707 868 4770 alacrius
890 4705 1084 4786 validiusque
1106 4715 1251 4784 praestes.
1278 4709 1339 4772 llac

593 4801 741 4883 prolecto,
764 4817 857 4879 quam
879 4800 1092 4878 imploramus,
1108 4815 1166 4878 ope
1181 4802 1338 4880 tutelaque

594 4897 646 4959 tuci
668 4895 755 4974 digni
770 4895 802 4957 in
818 4895 925 4974 primis
947 4899 1020 4956 sunt
1038 4893 1180 4956 catholici
1195 4897 1336 4972 Armeni,

593 4991 694 5071 quiin
710 4989 886 5051 novissimis
901 4987 1035 5052 Orientis
1051 4987 1151 5049 turhis
1172 4988 1338 5052 vehemen-

594 5085 684 5159 tiore,
716 5097 809 5161 quam
839 5080 944 5156 ceteri,
976 5079 1189 5158 persecutione
1220 5082 1337 5158 agitati,

482 5177 485 5184 ’
594 5175 883 5258 praeclarissimum,
901 5183 965 5237 toto
977 5183 1135 5254 spectante
1150 5177 1235 5253 orhe,
1251 5192 1337 5255 prae-

594 5275 732 5336 huerunt
743 5269 928 5331 christianae
942 5268 1132 5333 tortitudinis
1144 5272 1335 5350 exemplum.

594 5365 688 5430 Novit
709 5371 813 5427 autern
835 5362 976 5424 maiestas
995 5370 1062 5440 tua,
1085 5366 1237 5426 Armenos
1258 5365 1338 5443 ipsos

594 5463 663 5525 ideo
683 5457 881 5538 potissimum
899 5456 992 5519 luisse
1014 5464 1149 5533 vexatos,
1164 5460 1244 5537 qnod
1261 5458 1338 5521 'lur-

595 5568 701 5618 carum
732 5549 906 5613 dominator
936 5550 1042 5614 iraude
1072 5551 1338 5615 schismaticorum

1393 4341 1441 4405 Ad
1463 4341 1649 4419 petitionem
1682 4339 1830 4416 Episcopi
1861 4339 1890 4402 S.
1909 4339 2060 4402 Ludooici
2089 4343 2136 4402 io·

1436 4435 1530 4497 terim
1554 4433 1821 4497 administrantis
1847 4432 2012 4495 dioecesim
2034 4435 2137 4498 Nouae

1433 4527 1596 4598 Aureliae,
1621 4526 1785 4603 proprium
1812 4526 2003 4604 Episcopum
2031 4545 2136 4590 concc-

1433 4623 1493 4692 dtr,
1517 4621 1557 4683 od
1579 4635 1647 4682 acm
1670 4619 1863 4699 dignitatem
1878 4619 1996 4699 eligens
2010 4622 2135 4700 preshy-

1433 4723 1539 4778 tcrcm
1561 4715 1690 4776 Leonem
1712 4711 1748 4774 de
1769 4711 1897 4774 Nederc.

1507 4901 1623 4968 Dilecto
1645 4897 1708 4966 lilio
1731 4899 1905 4982 presbytero
1929 4899 2022 4968 leoni

1605 4991 1929 5075 mmmmm,

1623 5175 1720 5272 ,etus
1743 5175 1803 5244 ΡΡ.
1828 5177 1897 5246 vui

1670 5366 1788 5435 dilecte
1811 5366 1863 5448 titi,

1427 5462 2103 5545 ammmmmmmmmmmm

595 5647 739 5709 incitatus
761 5645 935 5708 Armentlm
961 5643 1169 5706 Patriarcham
1194 5645 1340 5708 schisma·
1435 5653 1628 5731 Apostolatus
1650 5653 1797 5726 officium,
1813 5653 1933 5716 meritis
1954 5654 2025 5716 licet
2045 5654 2135 5732 impa-

597 5743 693 5803 ticum
715 5753 771 5816 pru
799 5738 890 5799 unico
920 5746 1103 5800 cunctorum
1129 5740 1340 5801 armenorum
1395 5746 1492 5820 ribus,
1516 5745 1603 5807 nohis
1631 5761 1669 5808 en
1690 5745 1752 5808 alto
1776 5745 1988 5822 commissum,
2010 5761 2071 5824 quo
2091 5761 2136 5807 ec·

596 5833 743 5896 antistite
764 5837 918 5910 agnoscat.
941 5831 1040 5906 Quare
1054 5831 1092 5892 uh
1112 5829 1264 5911 imperiali
1278 5848 1340 5894 ma·
1396 5839 1558 5902 elesiarum
1581 5839 1724 5902 omnium
1745 5839 1892 5917 regimini
1913 5840 2016 5901 divina
2041 5840 2136 5918 dispo-

597 5929 705 5991 icstate
726 5927 778 5988 tut
808 5925 894 5986 omni
919 5940 1012 6003 opere
1037 5927 1209 5988 curandum
1236 5943 1341 5990 cense-
1396 5932 1510 5994 sitione
1526 5932 1748 6012 praesidemus,
1771 5931 1889 5995 utiliter
1910 5933 2033 6012 exequi,
2055 5933 2133 5996 adiu-
