4740 6962
80 1054 173 1114 arsitio
188 1061 240 1107 333
290 1047 309 1120 5
331 1045 359 1107 1.
383 1042 504 1123 Exponi
526 1045 614 1107 uobis
635 1059 737 1123 nuper
757 1042 899 1106 lecerunt
920 1037 995 1102 dile·
1089 1032 1157 1106 §b
1182 1031 1250 1095 Non
1271 1032 1461 1095 obstantibus
1476 1028 1750 1094 constitutionibus
1764 1035 1795 1089 31
1814 1043 2025 1144 tpasrffiglooon-

73 1123 110 1160 rum
125 1109 238 1166 murteta-

74 1177 114 1213 nll-

83 3213 135 3272 noar
146 3215 232 3254 conres-

74 3275 127 3310 33333

88 5267 176 5317 Clausala
186 5276 238 5321 sub

78 5317 111 5367 lau
125 5330 144 5369 et
161 5327 238 5374 dacre-

79 5378 113 5421 lum
123 5379 213 5426 irritans.

917 524 988 587 brus
1008 524 1057 587 br.
1082 525 1125 586 rr.

499 705 587 782 9le
610 707 670 780 ΡΡ.
694 709 740 780 111.

388 851 848 919 mmmmmwm

255 1139 292 1200 311
313 1137 369 1200 lilii
390 1138 581 1218 praepositus
610 1145 640 1201 et
662 1137 712 1199 3111
738 1135 909 1216 presbyteri
931 1151 994 1196 sue-

255 1232 370 1295 coleres
390 1232 641 1308 congregationis
654 1230 785 1295 03313311
807 1227 912 1292 Sancti
925 1229 996 1290 Pbl·

255 1326 324 1404 lippi
339 1324 426 1388 Nerli
441 1325 575 1389 civitatis
589 1325 824 1389 Guatimalensis
839 1324 871 1385 ln
887 1323 993 1397 lndlis,

255 1419 330 1498 quod
354 1435 463 1484 eorum
485 1422 611 1484 ecclesia
627 1428 658 1484 31
672 1417 921 1500 domusrespere
933 1421 993 1482 diei

255 1529 340 1576 xxix.
361 1515 429 1578 iulii
452 1532 652 1580 unccxxxrn.
671 1532 707 1578 ex
725 1521 914 1578 terraemotu
930 1530 996 1576 om-

255 1609 407 1672 nimodam
438 1613 563 1674 ruinam
595 1627 697 1689 passae
727 1611 868 1684 luerunt,
896 1609 937 1671 113
958 1616 994 1670 31

254 1703 321 1765 dicti
337 1713 529 1783 exponentes
544 1705 577 1769 iu
592 1704 671 1766 valle
688 1704 758 1767 dcll'
768 1705 912 1767 Erectitu
927 1703 995 1765 vul·

253 1811 290 1872 go
312 1803 501 1876 nuncupata,
523 1807 554 1859 et
576 1813 631 1876 per
653 1801 760 1861 decem
775 1798 876 1861 leucas
890 1797 927 1858 ab
948 1811 996 1858 ea-

253 1889 320 1950 dem
350 1889 477 1952 ciuitate
504 1889 607 1952 dissita
638 1889 862 1968 confugerunt,
891 1889 994 1967 ibique

252 1985 340 2046 modo
361 1992 606 2047 commorantur.
623 1984 704 2047 Cum
720 1991 837 2060 autem,
853 1983 933 2046 sicut
947 1999 995 2045 ea-

252 2081 320 2140 dem
336 2077 486 2155 expositio
500 2076 716 2154 subiungebat,
732 2076 915 2158 privilegiis,
929 2091 995 2153 gra-

252 2173 302 2235 1113
322 2180 353 2234 31
368 2170 509 2246 indultis,
528 2170 640 2250 quibus
661 2170 735 2232 dicti
757 2176 950 2250 exponentes
962 2170 994 2232 in

251 2281 359 2328 eurum
382 2265 509 2327 ecclesia
531 2263 630 2326 reteri
652 2263 831 2326 huiusmodi
850 2279 883 2325 ac
903 2264 996 2325 domo

250 2359 444 2433 fruebantur,
475 2356 672 2437 potiebantur
693 2373 726 2420 ac
753 2355 995 2432 gaudencium

251 2467 329 2513 nora
351 2467 475 2530 quoque
497 2450 623 2513 33313313
645 2457 676 2512 31
697 2450 789 2511 domo
809 2449 868 2510 sub
889 2447 993 2510 eadem

251 2545 514 2618 denominatione,
528 2544 595 2605 sive
609 2543 738 2606 interim
753 2549 866 2617 erecta,
882 2543 948 2602 sire
963 2541 995 2601 in

250 2644 411 2716 posterum
433 2636 592 2713 erigenda,
605 2635 680 2709 lrui,
696 2635 787 2714 potiri
810 2643 841 2696 et
862 2635 996 2710 gaudere

250 2746 338 2809 posse
358 2729 532 2809 plurimum
554 2729 741 2804 desiderent,
764 2727 854 2790 nobis
874 2733 997 2805 propte·

251 2839 301 2885 rea
330 2822 493 2885 humiliter
524 2821 688 2900 supplicari
719 2821 872 2898 iecerunt,
902 2827 938 2884 ut
963 2819 995 2880 13

250 2917 425 2996 praemissis
446 2923 619 2996 opportune
645 2915 818 2993 providere,
842 2921 873 2976 31
896 2923 930 2978 31
950 2914 997 2975 in·

250 3011 295 3073 ira
318 3009 483 3086 indulgere
504 3008 541 3070 de
562 3007 754 3084 benignitate
770 3007 932 3085 apostolica
954 3005 997 3067 di·

251 3119 432 3181 guaremur.

290 3198 358 3274 52.
382 3196 445 3258 Nos
466 3195 563 3272 igitur
584 3196 665 3273 ipsos
679 3202 871 3273 exponentes
886 3195 999 3273 specia-

249 3292 331 3355 libus
352 3289 457 3367 gratiis
489 3298 520 3352 31
540 3289 697 3351 favoribus
726 3288 871 3368 prosequi
892 3288 999 3351 rolen-

250 3396 309 3462 tes,
334 3395 365 3448 31
389 3401 498 3447 eorum
526 3382 699 3460 singulares
721 3398 864 3459 personas
890 3399 906 3444 3
931 3381 999 3461 qui·

249 3481 356 3544 ousiis
376 3474 706 3542 excommunicationis
727 3484 758 3538 et
780 3475 948 3550 interdicti,
968 3492 998 3536 a-

249 3569 761 3652 11133333331331331131333333313,
783 3569 946 3632 sententiis
968 3577 999 3630 et

250 3667 372 3746 poenis,
384 3665 410 3727 si
421 3682 495 3744 quas
505 3663 584 3726 lorte
598 3663 815 3739 incurrerunt,
827 3663 920 3726 liuius
933 3671 999 3725 tun-

252 3770 321 3823 tum
336 3759 381 3821 rei
396 3758 492 3837 gratia
507 3756 701 3818 absolventes
717 3763 748 3818 et
765 3755 918 3818 absolutos
933 3755 999 3817 lore

249 3861 425 3928 censentes,
434 3850 612 3914 huiusmodi
626 3849 899 3927 supplicationibus
913 3849 999 3910 incli-

251 3950 330 4023 nati,
353 3945 456 4010 omnia
484 3944 658 4024 privilegia,
681 3943 793 4020 gratias
822 3953 853 4004 31
882 3942 999 4005 indulta

252 4048 442 4104 memoratae
471 4038 616 4117 antiquae
646 4054 680 4099 33
706 4036 827 4099 dirutae
856 4036 1001 4098 ecclesiae

252 4145 285 4198 et
306 4134 412 4197 domui
439 4129 687 4208 congregationis
714 4128 846 4192 Oratorii
876 4127 907 4191 S.
930 4129 1001 4191 Pbl-

252 4230 327 4310 lippi
349 4227 435 4290 Nerli
461 4224 593 4288 civitatis
613 4221 852 4286 Guntimalensls
881 4223 999 4299 praedi-

251 4330 319 4385 ctae
333 4319 566 4400 quomodolibet
580 4332 733 4391 concessa,
747 4316 860 4378 tribula
875 4323 906 4376 et
922 4314 998 4378 elar-

252 4416 330 4493 gita,
352 4413 387 4476 ad
410 4428 522 4474 nouam
551 4410 710 4473 ecclesiam
733 4416 764 4471 et
790 4411 921 4472 domum
942 4409 1000 4472 sub

252 4501 365 4571 eodem
394 4506 485 4568 titulo
512 4521 567 4566 seu
594 4502 852 4565 denominatione
877 4503 927 4564 rel
953 4503 1000 4566 13-

254 4603 349 4666 terim
370 4601 473 4662 denuc
493 4597 682 4661 aedificatam
710 4597 880 4674 respective
908 4603 999 4676 atque

254 4701 482 4768 constructam,
509 4709 566 4755 seu
588 4693 619 4754 in
650 4698 810 4771 posterum
839 4692 1000 4755 aedifican-

253 4790 324 4852 dam
347 4775 381 4852 et¹
404 4785 658 4858 construendam,
686 4784 868 4847 auctoritate
896 4794 1000 4847 nostra

254 4881 417 4962 apostolica
437 4889 545 4944 tenore
561 4877 769 4956 praesentium
785 4878 1000 4941 transierimus

254 4983 297 5053 et,
314 4982 466 5056 quatenus
488 4991 564 5054 opus
585 4973 637 5050 sit,
653 4973 705 5034 illa
721 4974 758 5034 313
773 4988 854 5034 3333
868 4973 1000 5034 3331331-

255 5077 318 5133 tate
340 5077 370 5132 et
391 5075 500 5130 tenore
514 5066 675 5146 praedictis
697 5065 893 5129 concedimus
908 5073 939 5128 et
953 5066 1002 5129 in·

255 5164 434 5240 dulgemus.

296 5257 364 5333 53.
389 5256 608 5329 113333333133,
637 5254 714 5333 ipsas
736 5262 911 5332 praesentes
932 5254 1000 5316 lite-

256 5369 304 5414 ras
326 5366 449 5430 semper
474 5349 589 5423 sirmas,
603 5347 717 5410 validas
730 5355 761 5409 et
779 5347 913 5410 efficaces
937 5347 1000 5409 exi-

254 5453 338 5508 stere
352 5449 384 5506 31
398 5444 474 5518 1333,
490 5457 622 5519 suosque
638 5440 790 5520 plenarios
811 5449 842 5504 et
864 5441 1001 5518 integros

256 5537 383 5601 ellectus
403 5536 507 5600 sortiri
528 5543 559 5598 et
581 5535 784 5610 3311333333
800 5533 944 5596 omnibus
965 5535 1000 5598 ad

256 5647 333 5710 quos
353 5637 469 5709 spectat
490 5635 522 5690 31
543 5643 600 5706 pro
623 5636 763 5706 tempore
784 5626 945 5706 spectabit,
968 5627 1000 5689 in

256 5723 401 5787 omnibus
416 5731 447 5784 31
457 5738 513 5801 per
523 5721 627 5784 omnia
639 5721 815 5800 plenissime
827 5721 1000 5798 suffragarb

256 5819 361 5896 sicque
376 5817 409 5879 in
424 5804 599 5895 praemissis
615 5831 669 5893 per
689 5829 901 5893 quoscumque
922 5815 1001 5877 iudi·

258 5926 305 5973 ces
320 5910 491 5972 ordinarios
505 5916 535 5971 et
550 5906 717 5985 delegatos,
732 5909 826 5970 etiam
840 5923 1002 5978 causarum

1049 658 1152 738 palatii
1172 657 1329 739 apostolici
1344 655 1511 734 auditores,
1540 655 1669 720 iudicari
1690 663 1721 716 31
1743 656 1795 716 de-

1051 752 1134 814 liniri
1149 751 1272 828 debere,
1289 769 1321 815 ac
1343 752 1466 816 irritum
1489 760 1520 814 et
1536 751 1638 825 inane,
1661 749 1686 810 si
1707 762 1795 810 secus

1048 861 1142 924 super
1162 845 1209 908 liis
1235 864 1251 908 a
1277 861 1443 926 quoquam,
1466 846 1575 926 quavis
1601 841 1793 916 auctoritate,

1048 939 1183 1002 scienter
1193 939 1243 1002 rel
1259 939 1440 1018 ignoranter
1455 937 1621 1016 contigerit
1636 933 1792 998 attentari.

1048 1125 1295 1188 ordinationibus
1315 1124 1497 1206 apostolicis,
1511 1141 1545 1186 ac
1560 1123 1657 1186 dictae
1668 1136 1796 1197 congre-

1050 1218 1182 1294 gationis
1197 1219 1290 1281 etiam
1311 1221 1500 1294 iuramento,
1517 1217 1753 1281 confirmatione
1767 1232 1797 1276 3-

1050 1312 1192 1391 postollca
1216 1313 1266 1374 vel
1282 1313 1390 1392 quavis
1406 1313 1554 1376 sumitate
1575 1311 1632 1373 alia
1647 1309 1796 1372 roboratis

1049 1407 1172 1469 statutis
1186 1414 1217 1469 31
1231 1406 1519 1482 consuetudinibus,
1536 1404 1707 1486 privilegiis
1722 1419 1797 1482 quo·

1049 1514 1121 1577 que,
1138 1499 1266 1562 indultis
1278 1507 1309 1562 31
1331 1499 1428 1562 1113313
1443 1498 1616 1578 apostolicis
1630 1495 1797 1575 superiori-

1051 1592 1106 1655 bus
1117 1602 1147 1655 et
1159 1593 1297 1671 personis
1308 1593 1626 1672 subquibuscumque
1638 1590 1797 1654 tenoribus

1050 1694 1081 1749 et
1092 1685 1210 1763 formis,
1222 1705 1255 1750 ac
1272 1686 1509 1766 cumquibusvis
1524 1685 1618 1748 etiarn
1639 1687 1797 1760 derogato-

1050 1779 1166 1844 riarum
1187 1780 1399 1858 derogatoriis,
1422 1779 1551 1859 aliisque
1578 1777 1797 1840 efficacioribus

1050 1873 1263 1936 efficacissimis
1284 1891 1318 1936 ac
1339 1873 1470 1935 insolitis
1495 1870 1650 1946 3133333113,
1673 1871 1798 1932 irritan-

1051 1965 1194 2046 cibusque
1214 1975 1244 2030 31
1264 1967 1331 2028 31113
1352 1967 1483 2030 decretis
1505 1967 1536 2028 in
1559 1981 1674 2042 genere
1696 1965 1796 2028 33113

1050 2061 1161 2139 specle,
1179 2079 1212 2124 33
1232 2063 1346 2124 3111313
1362 2062 1552 2125 contrarium
1568 2059 1798 2140 quomodolibet

1050 2156 1213 2229 concessis,
1235 2155 1407 2234 approbatis
1432 2156 1651 2218 31133333113.
1682 2154 1798 2231 Quibus

1050 2254 1082 2309 31
1109 2248 1242 2326 siugulis
1275 2249 1402 2312 illorum
1433 2256 1558 2311 tenores
1586 2248 1798 2326 praesentibus

1051 2355 1105 2417 pro
1133 2341 1223 2419 plene
1249 2349 1280 2404 et
1304 2341 1496 2405 sulbcieuter
1521 2342 1682 2421 expressis,
1706 2357 1740 2402 33
1761 2340 1798 2400 cle

1051 2435 1147 2497 verbo
1174 2434 1209 2496 ad
1237 2437 1369 2498 verbum
1390 2436 1515 2498 13333113
1540 2435 1709 2509 babentes,
1738 2433 1799 2495 illis

1051 2527 1124 2590 alias
1145 2529 1177 2590 13
1202 2545 1258 2590 333
1279 2529 1389 2593 3313333
1413 2530 1635 2608 permansuris,
1655 2531 1691 2590 ad
1712 2543 1799 2606 prae·

1052 2623 1217 2683 missorum
1232 2622 1388 2698 ellectum,
1401 2623 1456 2685 bac
1468 2623 1534 2684 vice
1550 2625 1719 2698 dumtaxat,
1732 2637 1799 2701 spe·

1051 2715 1170 2778 cialiter
1200 2726 1232 2781 et
1260 2733 1404 2798 expresse
1432 2719 1628 2794 derogamus,
1658 2716 1798 2778 caeteris·

1052 2825 1113 2888 que
1134 2811 1294 2872 contrariis
1315 2812 1572 2891 quibuscumque.

1092 2906 1204 2968 Datum
1227 2905 1355 2983 Romae,
1384 2906 1464 2984 apud
1479 2906 1511 2970 S.
1526 2906 1653 2968 Petrum
1674 2905 1732 2967 sub
1746 2921 1798 2966 an-

1054 2997 1128 3059 nulo
1149 2997 1321 3072 Piscatorls,
1345 2998 1394 3060 die
1416 2997 1583 3058 xv.martii
1601 3012 1798 3070 mcccxxxv,

1053 3091 1249 3170 pontificatus
1273 3091 1371 3152 nostri
1393 3106 1474 3152 anno
1497 3108 1518 3151 r.

1402 3372 1450 3435 lV.

1056 3560 1256 3623 Fucatltntoot
1285 3559 1429 3624 concedit
1450 3559 1621 3637 sepeliendi
1644 3560 1798 3622 cuduveru

1097 3653 1364 3733 christifidelium
1377 3655 1412 3715 13
1428 3654 1559 3715 ecclesio
1575 3653 1606 3716 S.
1621 3653 1745 3718 Musaue
1762 3653 1799 3714 de

1096 3748 1122 3809 13
1144 3748 1272 3823 Gabeza,
1293 3747 1387 3828 culpo
1409 3752 1630 3824 artocoputur,
1648 3746 1800 3808 11333333

1095 3841 1254 3903 dioecesis.

1080 4027 1249 4096 Venerabili
1271 4026 1360 4094 133131
1383 4026 1618 4110 tccbteptscopo
1642 4024 1773 4103 1133333,

1318 4213 1405 4282 Plus
1427 4215 1488 4281 ΡΡ.
1512 4214 1557 4282 ll.

1268 4405 1455 4473 Venerabilis
1481 4404 1588 4484 133133,

1095 4501 1222 4568 salutern
1242 4506 1274 4566 31
1289 4500 1487 4584 apostolicam
1507 4498 1757 4566 benedictionem.

1095 4692 1114 4766 ἓ
1137 4692 1165 4753 l.
1189 4690 1310 4769 Expuni
1332 4691 1431 4767 nobis,
1455 4706 1556 4771 nuper
1578 4690 1650 4752 lecit
1670 4689 1801 4752 dilectus
1835 4703 1963 4758 expositio
1979 4711 2032 4758 pre-

1057 4784 1139 4846 lilius
1160 4784 1287 4847 llicbael
1316 4785 1502 4846 Emmanuel
1524 4788 1561 4848 de
1589 4783 1711 4848 Arrieta
1733 4800 1800 4862 pre·
1820 4766 1884 4803 ⁰⁰⁰¹·

1055 4880 1161 4958 sbyter
1179 4877 1270 4940 istius
1291 4878 1435 4954 civitatis,
1458 4879 1510 4940 vel
1534 4877 1679 4941 dioecesis
1701 4879 1801 4941 Lima-

1057 4988 1126 5047 nae,
1148 4972 1231 5050 quod
1251 4971 1326 5049 ipse,
1350 4978 1385 5033 ut
1406 4972 1524 5048 asserit,
1546 4972 1730 5035 secretarius
1751 4973 1801 5034 Li·

1057 5081 1165 5128 manae
1200 5063 1408 5144 inquisitionis
1438 5067 1585 5130 adversus
1615 5064 1801 5127 haereticam

1056 5159 1240 5238 pravitatem
1261 5167 1292 5222 31
1313 5159 1511 5238 cappellanus
1532 5159 1637 5222 existit
1658 5159 1802 5238 autiquae

1056 5253 1200 5316 ecclesiae
1227 5252 1285 5314 sub
1306 5253 1398 5315 titulo
1425 5269 1479 5314 seu
1507 5252 1703 5316 inuocatione
1727 5255 1802 5316 San-

1057 5353 1122 5409 ctae
1143 5345 1254 5407 lllariae
1276 5344 1311 5406 dc
1333 5346 1365 5408 lu
1383 5345 1505 5410 dubezc
1526 5348 1622 5424 vulgo
1643 5363 1802 5426 nuncupa·

1057 5445 1117 5513 tae,
1139 5454 1218 5518 quae
1247 5438 1465 5501 alundatione
1492 5457 1546 5503 sua
1574 5442 1634 5504 duo
1662 5449 1693 5502 31
1721 5440 1801 5503 31133

1056 5534 1175 5595 3333313
1197 5539 1373 5608 enumerat,
1397 5540 1427 5594 et
1447 5533 1547 5610 cuius,
1570 5542 1605 5596 ut
1620 5535 1737 5612 pariter
1757 5551 1802 5594 as·

1057 5625 1142 5700 serit,
1167 5624 1287 5706 patroni
1309 5632 1382 5687 sunt
1399 5643 1455 5704 pro
1471 5634 1612 5705 tempore
1632 5627 1802 5689 existentes

1058 5719 1255 5797 inquisitores
1278 5735 1332 5780 seu
1354 5718 1497 5782 officiales
1517 5720 1691 5798 praedictae
1701 5720 1802 5799 inqui·

1057 5811 1188 5877 sitionis.
1207 5813 1284 5877 Cum
1301 5821 1419 5890 aulem,
1433 5813 1512 5876 31331
1526 5813 1632 5875 eudem
1654 5813 1802 5892 expositio

1058 5908 1276 5985 subiungebat,
1293 5909 1323 5970 13
1339 5910 1394 5969 bac
1409 5908 1534 5970 ecclesia
1549 5909 1802 5984 augustissimum

1716 500 1775 583 133
1824 515 1877 572 ln.
1891 517 1922 572 3.
1944 501 2013 573 3311
