4776 6974
281 530 380 588 xeo.
402 509 471 588 raso
521 534 581 600 336

502 673 595 736 iudex
615 677 737 734 secutus
760 675 822 744 est,
845 675 881 732 ut
902 665 1107 730 metuendum
1128 663 1167 727 sit
1189 678 1248 738 ne,

501 767 526 828 si
537 765 571 826 ad
585 764 685 826 aulam
696 771 797 843 partes
809 767 982 837 recurrant,
995 759 1146 839 parochus
1157 756 1250 818 etiam

502 859 559 920 sub
581 857 678 935 poena
706 855 917 936 suspensionis
945 862 976 915 et
997 847 1251 930 sequestrationis

502 957 715 1029 proventuum
741 948 883 1010 iubeatur
905 943 1105 1008 matrimonio
1127 955 1252 1004 eorum-

503 1043 572 1105 dem
587 1040 738 1104 assistere.
759 1038 889 1112 Verum,
902 1037 1090 1116 propitiante
1102 1035 1175 1108 Deo,
1191 1033 1251 1093 iarn

503 1134 587 1198 abest
601 1131 704 1195 omnis
719 1133 767 1194 hic
782 1137 901 1207 metus3
921 1131 1036 1209 qnippe
1050 1143 1122 1190 cum
1137 1142 1152 1187 a
1165 1125 1252 1187 nobis

503 1229 654 1305 primum,
676 1239 732 1302 pro
747 1223 908 1302 praecipua
923 1237 1017 1300 quam
1031 1220 1169 1296 gerimus
1184 1232 1253 1294 gre-

505 1319 550 1396 gis
570 1317 709 1380 uniuersi
730 1317 813 1391 curi,
836 1323 903 1378 tum
919 1325 950 1377 et
964 1314 1001 1375 ab
1015 1313 1082 1375 aliis
1097 1311 1253 1389 Episcopis

504 1411 557 1490 qui
578 1425 644 1473 sese
666 1411 698 1472 in
719 1425 755 1471 eo
777 1425 910 1472 munere
931 1407 1073 1470 obeundo
1096 1405 1196 1480 uobis,
1219 1412 1254 1465 ut

504 1512 650 1583 parerat,
668 1503 879 1565 adiunxerunt
894 1502 932 1563 ob
947 1501 1050 1578 gravia
1066 1499 1139 1562 inde
1153 1513 1254 1560 emer-

505 1597 609 1674 gentia
632 1596 841 1670 incommoda,
863 1595 957 1657 etiam
977 1599 1070 1672 atque
1092 1591 1184 1654 etiam
1207 1605 1255 1652 rc-

504 1689 669 1752 clamatum
691 1687 746 1763 sit,
775 1689 882 1750 Caesar
904 1687 969 1764 ipse
997 1701 1059 1747 non
1082 1683 1253 1756 dubitavit,

505 1783 535 1845 id
552 1789 642 1860 caput
657 1781 731 1858 legis
754 1781 888 1842 emedio
904 1779 1026 1852 tollere,
1049 1783 1141 1856 prout
1156 1777 1254 1838 literis

506 1877 555 1938 die
578 1891 690 1937 xsvnr.
713 1873 817 1953 aprilis
838 1888 970 1949 magnus
992 1871 1078 1935 aulae
1099 1868 1256 1934 cancelta-

506 1969 570 2030 rius
585 1967 743 2031 Nuncium
759 1965 969 2045 Apostolicnm
984 1965 1149 2027 certiorem
1165 1962 1253 2037 lecit3

506 2061 594 2126 cuius
608 2061 678 2124 lacti
701 2061 810 2122 notitia
832 2069 1029 2138 posteaquam
1050 2058 1086 2120 ad
1102 2064 1132 2118 te
1147 2071 1255 2135 perve-

507 2156 601 2229 nerit,
624 2161 716 2231 prout
737 2151 828 2232 paulo
843 2161 911 2229 post
925 2152 1007 2212 datas
1028 2149 1063 2212 ad
1079 2165 1136 2212 nos
1152 2149 1255 2210 literas

506 2247 593 2310 lacile
611 2254 656 2310 est
677 2245 868 2324 pervenisse,
891 2243 1021 2306 minime
1036 2240 1254 2317 dubitandum,

507 2340 583 2419 quin
605 2341 666 2402 iam
685 2339 719 2400 ed
734 2354 770 2400 ex
787 2345 873 2416 parte
894 2337 979 2398 omni
995 2336 1068 2399 curt
1081 2335 1123 2397 sis
1142 2351 1175 2396 ac
1190 2349 1255 2395 mo·

507 2433 595 2496 lestid
616 2432 746 2494 levatus.

547 2528 566 2601 ἓ
587 2525 615 2587 3.
640 2525 783 2588 Alterum
797 2521 928 2586 subinde
943 2529 1033 2602 caput
1048 2521 1173 2585 sublicis
1195 2539 1255 2602 quo

509 2628 539 2680 te
560 2619 675 2698 pariter
704 2617 736 2678 in
758 2616 893 2695 aliquam
914 2615 1143 2678 dubitationem
1163 2615 1256 2678 addu-

507 2719 594 2774 ctum
609 2710 778 2788 significas:
799 2710 951 2771 nimirum
965 2707 1046 2787 qnod
1063 2723 1125 2770 non
1141 2709 1255 2786 desint,

508 2805 562 2884 qui
583 2803 752 2866 divortium
776 2803 833 2864 hoc
859 2801 999 2879 legitime
1020 2802 1190 2864 admissum
1212 2809 1257 2863 te·

508 2904 586 2960 nent
618 2913 656 2958 ex
685 2895 855 2957 rationibus
882 2894 1102 2973 sequentibus:
1136 2911 1157 2956 ι.
1181 2894 1256 2970 Quia

508 2997 635 3053 censent
656 3002 742 3067 posse
762 2987 999 3050 matrimonium
1022 2989 1054 3050 in
1076 2989 1196 3052 ratione
1216 2989 1258 3051 ci-

510 3083 580 3145 vilis
600 3088 776 3144 contractus
801 3097 914 3143 verum
942 3090 973 3142 et
994 3081 1171 3158 legitimum
1194 3097 1257 3144 ma·

509 3174 694 3238 trimonium
714 3188 796 3249 esse,
818 3175 894 3251 quin
916 3175 1065 3251 coniuges
1085 3189 1257 3236 sacramen·

510 3279 578 3333 tum
599 3268 791 3348 susceperint
811 3276 863 3330 aut
885 3267 1082 3346 perfecerint.
1113 3284 1147 3329 ιι.
1171 3267 1257 3342 Quod

508 3363 665 3428 acatholici
686 3365 761 3426 dum
782 3363 815 3425 in
831 3361 1069 3424 matrimonium
1084 3362 1258 3426 coalescunt

508 3464 736 3522 sacramentum
756 3456 910 3534 suscipere
937 3457 1003 3519 sive
1025 3461 1174 3536 perlicere
1201 3477 1259 3524 uec

511 3559 627 3637 possint
649 3572 706 3618 nec
728 3555 838 3616 velint.
853 3555 929 3629 imo,
947 3569 1010 3626 ιιι.,
1024 3553 1143 3616 addunt
1161 3556 1257 3636 aliqui

510 3651 591 3729 quod
613 3648 787 3713 Calviniani
809 3648 868 3710 sub
881 3648 1059 3710 conditione
1076 3648 1124 3709 tha
1145 3647 1258 3710 lamosi

511 3743 607 3806 donec
622 3743 656 3802 iu
668 3740 833 3803 honestate
842 3739 1057 3817 permanseris
1072 3741 1259 3804 contrahen-

512 3846 567 3911 tes,
587 3835 725 3914 alioquin
740 3833 865 3897 irritum
881 3833 993 3896 iaciant
1008 3835 1256 3910 matrimonium,

511 3939 542 3990 et
565 3937 625 3990 tam
648 3927 691 4002 hi,
714 3927 739 3988 si
755 3943 818 3990 non
834 3929 957 4002 addant,
981 3943 1073 4006 quam
1089 3927 1258 4004 lutherani,

511 4037 583 4084 cnm
605 4021 840 4083 matrimonium
863 4020 901 4081 ob
917 4021 1107 4082 adulterium
1124 4019 1257 4093 solvant,

512 4115 597 4177 illam
619 4123 725 4178 mente
746 4113 914 4189 retineant,
937 4119 968 4176 et
984 4129 1041 4176 nec
1056 4113 1174 4176 vellent
1188 4128 1260 4175 con·

514 4208 636 4270 trahere
659 4207 893 4270 rrratrimonium
916 4207 997 4284 quod
1019 4205 1098 4267 solvi
1113 4222 1176 4268 non
1192 4222 1261 4286 pos-

512 4307 569 4363 set.
960 4349 961 4352 ,

553 4394 620 4470 §lx
642 4394 681 4455 hx
702 4395 775 4471 quid
796 4391 902 4455 valent
923 4391 959 4454 ad
978 4393 1193 4458 huiuscemodi
1208 4397 1261 4458 ho·

513 4488 661 4550 nestanda
675 4485 803 4548 divortia
820 4487 953 4550 rationes
974 4502 1063 4565 quae,
1078 4487 1104 4548 si
1121 4487 1178 4549 rite
1194 4504 1261 4566 per·

513 4581 701 4659 pendantur,
723 4595 795 4640 cum
818 4578 970 4640 Ecclesiae
987 4579 1127 4641 doctrine
1148 4581 1185 4642 de
1199 4597 1263 4644 ma·

514 4673 662 4736 trimonio
678 4673 846 4735 consistere
861 4671 948 4734 nullo
959 4674 1049 4736 modo
1065 4675 1263 4753 comperiun-

513 4771 584 4833 turt
605 4767 748 4829 Doctrina
770 4774 816 4827 est
838 4764 919 4828 Sacri
940 4765 1115 4828 Tridentini
1132 4766 1261 4830 Concilii

512 4861 646 4936 sessile,
661 4877 688 4924 c.
706 4859 738 4921 l:
762 4857 950 4922 matrimonii
967 4867 1153 4936 perpetuum
1168 4860 1261 4923 indis-

512 4955 740 5032 solubilemqne
760 4967 877 5014 nexum
903 4952 1040 5031 primum
1062 4955 1185 5029 generis
1206 4956 1261 5017 hn-

514 5050 599 5111 mani
626 5054 786 5127 parentem
818 5045 918 5108 rtirini
949 5043 1083 5124 Spiritus
1112 5048 1262 5112 instinctu

514 5141 779 5222 pronunciavisse,
795 5154 868 5201 cum
881 5137 975 5201 dixit:
994 5137 1049 5200 too
1071 5157 1159 5202 nuuc
1174 5158 1206 5202 os
1222 5157 1261 5204 ca

515 5234 637 5298 ossibus
659 5233 752 5304 meis,
773 5238 848 5307 etc.;
882 5237 951 5293 tum
976 5233 1135 5296 Christum
1160 5235 1262 5296 Domi-

515 5345 593 5391 num
611 5327 748 5392 eiusdem
765 5343 864 5389 nexus
881 5329 1070 5405 firmitatem,
1093 5330 1131 5391 ab
1145 5333 1261 5396 Adanro

514 5427 599 5485 tanto
621 5429 693 5484 ante
714 5423 968 5499 pronunciatam,
996 5425 1043 5486 his
1064 5427 1167 5488 verbis
1190 5445 1261 5491 con-

515 5517 696 5578 firmavisse:
711 5515 793 5594 qood
804 5515 887 5580 Deus
897 5517 1082 5590 coniunxit,
1097 5519 1186 5583 horno
1198 5537 1261 5582 noo

514 5618 650 5693 separet.
672 5612 738 5686 Quo
753 5611 914 5674 manifeste
928 5621 1011 5691 patet
1025 5613 1262 5677 matrimonium

516 5708 567 5770 vel
597 5706 720 5784 inipso
748 5713 830 5768 statu
858 5713 1005 5780 naturae,
1034 5722 1066 5768 ac
1091 5722 1165 5768 sane
1191 5715 1262 5770 ante

516 5800 617 5864 multo
643 5815 736 5878 quam
765 5802 800 5864 ad
829 5801 953 5880 proprie
981 5800 1052 5862 dicti
1079 5801 1263 5863 sacramenti

516 5895 701 5973 dignitatem
722 5892 921 5970 eveheretur,
942 5893 985 5956 sic
1006 5893 1156 5958 divinitus
1177 5895 1264 5957 insti·

1028 547 1092 614 run.
1116 542 1209 591 nour.
1233 540 1273 586 on
1296 538 1325 582 r.
1349 539 1379 585 r.
1404 540 1485 584 rans
1509 540 1530 583 r.

1305 665 1410 721 tntum
1431 673 1514 732 esse,
1544 662 1578 718 ut
1602 669 1707 718 secum
1732 655 1838 717 alterat
1866 662 2053 732 perpetuum

1304 737 1615 829 indissolubilemqne
1629 763 1758 825 nexum,
1771 750 1824 828 qui
1840 748 1970 827 proinde
1985 749 2055 811 nul·

1305 843 1333 904 la
1354 841 1439 904 civili
1461 843 1530 920 lege
1551 842 1629 903 solvi
1651 851 1754 920 queat.
1778 842 1895 921 ltaque,
1916 841 1988 904 licet
2009 859 2054 904 sa·

1306 936 1456 998 crementi
1471 935 1548 996 ratio
1564 935 1790 998 amatrimonio
1805 935 1929 1011 seiungi
1944 935 2054 1009 valeat,

1307 1028 1394 1090 velut
1416 1028 1498 1090 inter
1520 1027 1677 1102 infideles,
1699 1028 1798 1092 adhuc
1822 1036 1924 1090 tamen
1947 1029 1979 1091 in
2004 1028 2055 1090 tali

1307 1120 1518 1197 matrimonio,
1542 1121 1695 1199 siquidem
1711 1136 1822 1182 verum
1837 1127 1884 1183 est
1898 1117 2075 1185 matrimo'

1307 1214 1415 1287 nium,
1444 1219 1581 1292 perstare
1606 1215 1695 1277 debet
1723 1215 1917 1296 omninoque
1941 1226 2056 1296 perstat

1307 1313 1477 1385 perpetuus
1497 1306 1551 1369 ille
1572 1323 1681 1382 nexus,
1705 1309 1759 1388 qui
1780 1327 1795 1370 a
1818 1310 1915 1388 prime
1935 1311 2057 1387 origiue

1308 1398 1415 1462 divino
1427 1400 1495 1462 iure
1506 1399 1705 1462 matrimonio
1717 1402 1757 1464 ita
1769 1401 1922 1478 cohaeret,
1933 1411 1968 1465 ut
1978 1403 2057 1466 nulli

1309 1493 1406 1554 subsit
1420 1492 1503 1555 civili
1518 1493 1672 1570 potestati.
1690 1497 1792 1572 Atque
1803 1496 2059 1574 adeoquodcom·

1308 1602 1369 1664 que
1384 1586 1621 1648 matrimonium
1643 1587 1783 1648 contrahi
1798 1589 1929 1665 dicatur,
1951 1589 2002 1650 rel
2017 1589 2058 1652 ita

1309 1682 1516 1757 contrabitur,
1539 1691 1573 1746 nt
1590 1700 1696 1762 reapse
1716 1685 1882 1748 silvorum
1898 1688 2059 1750 matrimo-

1310 1776 1418 1851 nium,
1448 1783 1580 1855 tumqne
1601 1777 1781 1842 adiunctum
1804 1780 1927 1843 habebit
1952 1797 2059 1861 perpe·

1311 1877 1401 1930 tuum
1423 1868 1513 1930 illum
1531 1886 1649 1933 noxum
1670 1871 1777 1940 divino
1792 1872 1860 1935 iure
1881 1875 1968 1936 omni
1984 1891 2058 1937 vero

1311 1961 1510 2022 matrimonio
1520 1963 1755 2042 cohaerentem3
1772 1965 1821 2027 rel
1833 1968 1973 2030 contrahi
1988 1985 2059 2048 sup-

1310 2057 1438 2135 ponitur
1462 2058 1530 2120 sine
1551 2059 1604 2120 illo
1625 2067 1775 2139 perpetuo
1797 2076 1899 2136 nexu,
1927 2068 2058 2140 tumque

1310 2166 1422 2212 verum
1444 2151 1683 2215 matrimonium
1705 2168 1769 2214 non
1790 2162 1855 2228 est,
1878 2155 1930 2216 sed
1952 2154 2056 2216 illicita

2083 509 2145 564 An.
2163 505 2203 559 0.
2229 497 2310 554 1789

1310 2244 1488 2306 coniunctio
1515 2245 1639 2307 divinae
1666 2245 1727 2322 legi
1755 2263 1793 2308 ex
1821 2247 1941 2310 obiecto
1969 2263 2060 2325 repu-
2093 2319 2097 2326 ,

1311 2352 1426 2414 guans,
1455 2353 1533 2415 quae
1555 2337 1684 2415 proinde
1705 2354 1763 2401 neo
1784 2339 1858 2402 iniri
1879 2348 1979 2418 potest
2000 2356 2058 2404 nec

1310 2430 1452 2492 retineri.
1482 2428 1611 2493 Fallitur
1639 2431 1768 2509 proinde
1793 2433 1932 2512 quisquis
1954 2435 2059 2496 existi·

1311 2531 1387 2600 mat,
1409 2531 1501 2600 prout
1522 2523 1611 2586 allata
1633 2524 1684 2586 tha
1701 2525 1798 2604 primi
1813 2527 1933 2590 ratione
1954 2527 2060 2591 innui·

1312 2623 1374 2691 tur,
1398 2615 1655 2691 matrimonium,
1678 2616 1847 2678 dnmmodo
1868 2619 1944 2681 absit
1965 2621 2002 2682 ab
2022 2636 2077 2683 eo·

1311 2710 1386 2771 ratio
1406 2709 1601 2784 sacramenti,
1625 2723 1688 2772 non
1711 2727 1777 2772 esse
1792 2711 1851 2772 nisi
1865 2721 2059 2776 contractum

1311 2817 1397 2865 mere
1418 2802 1560 2879 civilem,
1591 2805 1683 2882 itque
1705 2804 1778 2866 adeo
1804 2805 1888 2866 civili
1909 2814 2060 2884 potestate
2156 2829 2162 2844 ¹

1310 2895 1484 2958 solubilem.
1507 2897 1592 2971 Quod
1607 2914 1694 2961 secus
1708 2905 1771 2977 est;
1794 2913 1864 2962 nam
1881 2901 1982 2978 primo
1997 2917 2061 2963 ma-

1311 2989 1496 3052 trimonium
1514 3005 1577 3052 non
1592 2999 1638 3053 est
1652 2998 1825 3056 contractus
1847 3008 1933 3055 mere
1948 2995 2058 3072 civilis,

1310 3082 1362 3145 scd
1379 3092 1424 3145 est
1439 3091 1615 3146 contractus
1630 3083 1776 3147 naturalis
1787 3085 1894 3148 divino
1905 3087 1975 3149 inre
1989 3095 2061 3150 ante

1311 3194 1439 3241 omnem
1472 3178 1596 3242 civilem
1628 3180 1805 3243 societatem
1838 3182 1999 3246 institutus
2029 3192 2060 3246 et

1313 3274 1465 3347 firmatus,
1488 3273 1542 3350 qui
1564 3273 1656 3334 etiam
1679 3273 1735 3334 hoc
1749 3273 1867 3351 insigni
1882 3275 2061 3340 discrimine

1312 3364 1415 3427 diflert
1436 3365 1474 3428 ab
1488 3367 1547 3429 alio
1569 3381 1766 3446 quocumque
1787 3384 1874 3430 mere
1889 3369 1974 3436 cirili
1990 3386 2062 3432 con-

1313 3473 1425 3539 tractu,
1448 3467 1529 3544 quod
1552 3466 1584 3528 in
1600 3482 1636 3528 eo
1652 3482 1766 3542 genere
1787 3467 1872 3529 civili
1892 3483 2062 3532 consensus

1313 3559 1404 3622 certis
1425 3561 1463 3621 de
1484 3559 1582 3622 causis
1611 3559 1770 3622 interdum
1791 3575 1846 3638 per
1867 3560 1970 3638 legem
1990 3579 2062 3640 snp-

1313 3657 1449 3736 pleatur3
1474 3657 1505 3717 in
1521 3655 1723 3718 matrimomo
1738 3672 1813 3719 voro
1828 3659 1913 3722 nulla
1928 3661 2062 3724 hnmani

1315 3757 1464 3830 potestate
1477 3749 1615 3829 suppleri
1630 3767 1798 3816 consensus
1813 3754 1923 3819 valeat.
1946 3758 2062 3821 Deinde

1314 3861 1384 3908 cum
1407 3860 1444 3905 ex
1466 3844 1551 3905 omni
1570 3853 1731 3908 contractu
1752 3854 1996 3911 consentaneum
2009 3848 2065 3910 ali-

1314 3937 1395 4016 quod
1417 3937 1465 3998 ius
1487 3937 1615 4012 oriatur,
1638 3946 1731 4016 atquc
1751 3941 1787 4002 ad
1803 3939 1993 4002 matrimonii
2010 3957 2062 4003 na·

1316 4037 1418 4090 turam
1439 4029 1568 4090 omnino
1590 4030 1762 4107 pertineat,
1790 4039 1825 4093 ut
1846 4031 1893 4093 ius
1920 4032 2064 4096 alterutri

1315 4123 1441 4200 coniugi
1463 4123 1576 4185 tribuat
1592 4125 1625 4186 in
1641 4141 1751 4202 corpus
1765 4125 1903 4202 alterius,
1927 4128 2064 4206 prolecto

1316 4217 1526 4280 denominatio
1537 4217 1605 4278 veri
1614 4224 1791 4281 contractus
1802 4220 1993 4283 matrimonii
2007 4223 2066 4284 snb

1317 4310 1403 4372 nulli
1415 4311 1532 4372 ratione
1544 4309 1640 4373 tribui
1651 4319 1750 4390 potest
1764 4311 1988 4389 coniunctioni,
2004 4331 2065 4394 qua

1317 4403 1552 4467 matrimonium
1574 4403 1696 4466 ineatur
1718 4411 1752 4466 nt
1770 4404 1901 4466 solubile
1925 4422 1979 4484 per
1994 4407 2065 4469 alla·

1318 4506 1362 4562 tas
1376 4514 1489 4572 causas,
1513 4513 1591 4575 quae
1605 4496 1783 4560 coniunctio
1798 4515 1862 4560 non
1877 4499 1977 4561 solum
1995 4500 2066 4562 nnl-

1316 4593 1384 4655 lnm
1400 4593 1446 4654 ius
1470 4592 1608 4654 tribuere
1629 4597 1729 4669 potest
1750 4590 1784 4652 ad
1801 4592 1944 4672 obsequia
1960 4595 2065 4656 matri-

1317 4686 1462 4749 monialia
1483 4685 1666 4762 repetenda,
1694 4685 1746 4746 sed
1768 4685 1870 4762 potins
1892 4686 2064 4750 absolutam

1316 4780 1537 4858 obligationem
1549 4778 1801 4843 inducitillicitae
1812 4781 2067 4846 istiusmodicon-

1316 4871 1485 4935 iunctionis
1507 4886 1633 4949 prorsus
1653 4871 1860 4949 dirimendae;
1889 4891 1953 4952 quo
1975 4877 2009 4937 ht
2031 4884 2066 4939 ut

1317 4967 1385 5028 talis
1401 4965 1511 5043 pactio,
1534 4981 1612 5043 quae
1634 4964 1757 5028 nullum
1772 4967 1819 5027 ins
1834 4967 1997 5043 coniugale
2012 4970 2068 5030 tri-

1318 5062 1396 5136 buit,
1419 5059 1506 5122 nnlla
1525 5075 1648 5138 quoque
1664 5059 1782 5119 ratione
1804 5067 1979 5122 contractus
1994 5075 2066 5124 con·

1316 5152 1428 5229 iugalis
1448 5168 1502 5214 seu
1524 5150 1761 5215 matrimonialis
1781 5151 1839 5215 dici
1856 5152 1959 5230 possit.

1357 5245 1425 5324 55.
1452 5244 1531 5308 Sane
1553 5245 1648 5309 Conc.
1671 5243 1893 5308 Tridentinum
1914 5263 1986 5309 sess.
2008 5248 2064 5322 tl,

1317 5356 1383 5402 can.
1399 5338 1430 5412 ii,
1447 5338 1609 5399 anathema
1626 5337 1697 5400 tulit
1712 5339 1744 5399 in
1759 5353 1992 5417 quemcumque
2011 5342 2066 5419 qui

1317 5431 1449 5504 dixerit,
1484 5439 1609 5508 propter
1629 5430 1800 5506 haeresim,
1827 5439 1880 5494 aut
1905 5432 2066 5495 molestam

1317 5523 1597 5598 cohabitationem,
1623 5529 1676 5585 aut
1700 5523 1870 5586 allectatam
1895 5525 2065 5586 absentiam

1317 5636 1332 5680 a
1349 5618 1496 5694 coniuge,
1512 5615 1635 5679 dissolvi
1652 5631 1739 5694 posse
1755 5617 1944 5678 matrimonii
1958 5617 2066 5680 uincu-

1318 5710 1403 5786 luxn3
1426 5718 1457 5770 et
1479 5725 1546 5772 can.
1564 5708 1593 5784 7,
1616 5709 1697 5771 idem
1720 5708 1883 5770 anathema
1904 5709 1936 5771 in
1959 5724 2067 5788 quem·

1317 5819 1452 5882 cunque,
1469 5801 1522 5881 qui
1537 5801 1662 5874 dixerit,
1679 5799 1847 5862 Ecclesiam
1861 5817 1977 5877 errare,
1994 5818 2066 5866 cum

1319 5895 1422 5960 docuit
1443 5904 1474 5959 et
1495 5898 1582 5958 docet
1604 5893 1689 5954 iuxta
1712 5892 1920 5970 Evangelium
1944 5902 1975 5956 et
1997 5910 2067 5974 apo·
