4740 6962
351 499 452 560 Aac.
472 501 541 557 1veo
591 487 649 566 ebt

570 640 616 702 iul
638 639 816 704 Varadiensi
836 641 935 719 graeci
951 641 1030 704 ritus
1044 639 1221 704 huiusmodi
1237 638 1316 700 dicta

568 733 729 813 apostolica
757 735 938 798 auctoritate
959 744 1109 815 perpetuo
1129 733 1317 813 applicamus

569 835 600 890 et
620 828 869 907 incorporamus;
892 831 927 892 ad
943 829 1000 892 hoc
1014 836 1118 892 tamen
1135 835 1170 890 ut
1183 843 1222 889 ex
1236 827 1317 888 eius·

569 921 639 984 dem
674 921 805 985 dominii
836 923 879 984 sic
910 922 1049 1002 applicati
1086 921 1254 985 redditibus
1285 926 1317 982 et

569 1017 771 1094 proventibus
793 1024 857 1079 tam
878 1031 1013 1094 congrua
1035 1015 1119 1078 illius
1140 1013 1316 1095 episcopalis

568 1124 694 1172 mensae
707 1110 743 1170 ad
759 1107 890 1170 sormam
905 1109 1064 1171 literarum
1079 1105 1316 1186 apostolicarum

568 1199 811 1281 supradictarum
841 1200 997 1264 erectione
1024 1201 1099 1263 dicti
1126 1201 1316 1278 episcopatus

569 1296 670 1372 graeci
695 1295 775 1359 ritus
801 1295 978 1358 huiusmodi
1005 1293 1219 1372 expeditarum
1245 1306 1318 1353 cou-

566 1389 667 1466 stitui,
690 1403 784 1467 quarn
806 1403 861 1466 pro
877 1386 1095 1464 capitularibus
1111 1385 1195 1451 illius
1215 1384 1316 1454 cathe-

567 1483 659 1545 dralis
681 1481 828 1544 ecclesiae
849 1481 1019 1560 respective
1043 1479 1213 1560 portiones,
1235 1478 1316 1540 aliis-

567 1593 628 1656 que
647 1575 793 1640 dioecesis
813 1574 1010 1638 Varadieusis
1024 1573 1124 1650 graeci
1139 1573 1216 1636 ritus
1230 1586 1315 1651 prae-

567 1673 639 1735 dicti
661 1669 895 1734 necessitatibus
922 1676 1015 1748 prout
1043 1668 1076 1730 in
1097 1668 1178 1731 dicto
1200 1668 1316 1730 iustru-

566 1775 674 1828 mento
695 1779 728 1825 ac
749 1763 848 1826 literis
870 1760 1132 1824 fundationalibus
1154 1759 1315 1840 praedictis

564 1859 677 1922 clarius
698 1857 813 1920 dicitur
833 1854 967 1934 exprimi
988 1855 1144 1938 provideri
1171 1854 1314 1928 debeant,

565 1971 599 2016 ac
620 1955 713 2015 etiam
736 1952 834 2032 portio
853 1951 910 2012 alia
925 1951 960 2013 ad
976 1965 1094 2028 capsam
1110 1948 1314 2028 parochorum

566 2046 743 2111 huiusmodi
764 2045 928 2108 annuatim
942 2044 974 2106 in
990 2043 1065 2106 alios
1079 2043 1145 2121 pios
1155 2042 1253 2106 dictae
1267 2057 1315 2103 re·

565 2141 688 2218 {igionis
716 2141 903 2202 orthodoxae
923 2155 958 2201 ao
981 2137 1193 2218 propagandae
1212 2151 1314 2198 sacrae

565 2233 691 2299 unionis
703 2250 777 2298 usus
788 2230 1255 2312 impendenda,administranda
1266 2245 1315 2292 re-

565 2335 704 2393 maneat.

346 2427 493 2492 ⁰⁰¹¹³t¹l²¹¹r
509 2438 546 2474 ²⁰·
604 2424 674 2500 58.
706 2425 848 2502 Cumque
879 2424 1006 2500 iusuper
1036 2422 1189 2500 praedicta
1220 2422 1313 2485 llaria

332 2480 546 2599 {iiallbffqsffi
565 2519 709 2583 'lberesia
730 2519 837 2593 regina
858 2517 1020 2594 apostolica
1042 2516 1130 2578 nobis
1143 2517 1313 2580 subiunxe·

332 2598 503 2636 ⁰r³⁰⁰¹¹¹⁰¹¹¹'
563 2615 616 2690 rit,
638 2611 718 2692 quod
750 2613 783 2673 in
811 2610 1000 2687 designando
1030 2611 1184 2688 praedicto
1215 2611 1312 2674 domi-

563 2710 616 2772 nio
637 2704 789 2782 Belenijes
810 2704 911 2767 eidem
939 2719 1047 2780 graeco
1068 2704 1216 2767 catholico
1242 2705 1312 2784 Epi-

561 2817 653 2882 scopo
666 2798 840 2864 llaradiensi
860 2798 922 2874 ipsa
938 2797 1031 2859 blaria
1045 2797 1190 2860 Theresia
1205 2799 1311 2877 regina

562 2893 724 2975 apostoliea
756 2893 838 2956 inter
865 2899 983 2954 caetera
1014 2894 1197 2970 perpendit,
1230 2893 1310 2973 quod

561 3006 634 3054 cum
655 2990 687 3050 in
709 2988 791 3050 dicto
811 2987 949 3050 dominio
964 2987 1116 3064 Belenijes
1130 2988 1312 3064 parochialis

562 3083 704 3146 ecclesiae
725 3080 999 3158 graecoeatbotiea
1020 3088 1052 3142 et
1079 3081 1210 3159 populus
1238 3099 1310 3145 cum

560 3177 697 3240 Romana
726 3174 859 3236 Ecclesia
885 3173 992 3236 unitus
1017 3175 1172 3250 existant,
1202 3175 1310 3238 maiori

561 3279 665 3332 tamen
687 3269 719 3330 in
742 3266 1019 3345 partedominium
1034 3268 1136 3346 ipsum
1158 3269 1308 3332 refertum

558 3365 599 3426 sit
619 3362 732 3441 populo
758 3361 831 3424 alias
851 3359 977 3438 quidem
1000 3363 1101 3438 unito,
1124 3377 1236 3426 verum
1257 3379 1310 3442 po·

558 3457 741 3520 sterioribns
768 3455 958 3532 temporibus
979 3456 1015 3516 ad
1042 3456 1308 3521 schismaticorum

558 3567 680 3614 errores
701 3550 842 3628 prolapso
870 3550 952 3612 idem
973 3549 1105 3627 proinde
1132 3565 1308 3628 graeco-ca-

558 3645 691 3708 tholicus
706 3643 873 3723 Episcopus
887 3643 920 3705 in
935 3642 1037 3705 medio
1053 3660 1162 3707 eorum
1178 3646 1306 3725 positus,

558 3747 589 3800 et
603 3736 778 3800 dominium
793 3736 884 3798 etiam
898 3737 1074 3799 terrestrale
1085 3754 1245 3815 exercens,
1259 3757 1307 3803 oc-

557 3833 711 3895 casionem
728 3837 988 3909 peropportunam
1004 3831 1165 3894 habiturus
1183 3834 1222 3896 sit
1244 3841 1307 3896 tam

559 3923 650 3987 illum
671 3924 724 4004 qui
748 3925 780 3987 in
802 3941 886 3986 sacra
907 3925 1023 3986 unione
1037 3926 1142 3986 existit
1157 3926 1306 4006 populum

557 4021 670 4082 melius
689 4018 905 4093 confirmandi,
925 4034 1018 4098 quam
1041 4034 1116 4080 vero
1131 4019 1233 4095 illum,
1253 4022 1306 4100 qui

556 4113 777 4178 commuuione
788 4110 916 4174 Sanctae
926 4112 1083 4174 Romanae
1095 4113 1245 4176 Ecclesiae
1257 4114 1309 4178 de·

555 4209 645 4271 seivit
665 4206 783 4271 facilius
801 4205 836 4268 ad
858 4204 941 4268 ovile
962 4206 1076 4269 Christi
1092 4206 1306 4288 unitatemque

557 4302 627 4366 tidei
649 4299 816 4364 catholicae
837 4299 1024 4362 reducendi:

337 4409 482 4478 applicatio
495 4407 538 4453 oo·
595 4395 615 4470 s
635 4395 666 4456 9.
681 4393 803 4460 ,idcireo
826 4395 880 4456 hac
904 4393 1026 4454 ratione
1047 4391 1213 4457 sufficienti
1236 4411 1306 4474 pro·

324 4461 537 4566 QQQRJ’ssan'I
556 4489 675 4551 visione
696 4502 753 4566 pro
781 4485 943 4566 utriusque
966 4485 1044 4549 ritus
1072 4488 1220 4550 catholico
1242 4491 1306 4568 epi-

323 4576 484 4630 eupatorem.
555 4589 679 4661 scopatu
704 4579 880 4643 Varadiensi
911 4579 1000 4656 lacta,
1025 4597 1097 4643 cum
1122 4582 1203 4644 ultra
1233 4585 1305 4646 haec

555 4679 646 4740 tertio
668 4677 746 4751 loco,
769 4683 805 4738 ut
827 4675 920 4737 etiam
941 4675 1131 4754 accepimus,
1161 4679 1223 4740 duo
1248 4679 1305 4740 rni-

555 4788 628 4833 nora
651 4769 798 4844 dominia,
813 4767 929 4831 scilicet
944 4768 998 4830 Bel
1012 4775 1042 4830 et
1058 4768 1161 4831 Vasko
1182 4787 1304 4834 nuncu·

554 4872 634 4944 pata,
651 4861 827 4927 huiusmodi
842 4877 938 4941 aeque
958 4861 993 4924 ad
1009 4863 1128 4926 dictum
1151 4866 1304 4944 episcopa-

553 4965 623 5021 tum
656 4955 873 5020 Varadiensem
905 4957 1073 5034 spectantia
1108 4968 1301 5037 remaneant,

554 5052 615 5116 Nos
636 5051 765 5129 proinde
786 5053 869 5114 iuxta
890 5059 961 5112 vota
979 5052 1075 5130 ipsius
1090 5053 1203 5116 hieriae
1224 5055 1302 5117 The·

553 5149 649 5211 resiae
664 5146 788 5222 reginae
803 5145 984 5224 apostolicae
998 5162 1033 5209 ea
1048 5150 1174 5226 quidem
1189 5149 1226 5210 ab
1239 5149 1302 5227 epi-

551 5248 676 5320 scopatu
688 5240 874 5303 Varadiense
889 5241 960 5303 licet
976 5256 1030 5319 per
1046 5250 1221 5321 praesentes
1237 5259 1300 5306 non

550 5352 740 5416 separemus,
763 5349 872 5396 verum
894 5335 995 5410 sicuti,
1020 5344 1055 5398 ut
1076 5337 1168 5399 etiam
1190 5341 1302 5418 accepi·

552 5447 632 5506 mus,
655 5445 711 5508 per
731 5428 849 5492 dictum
870 5428 1015 5491 Carnium
1037 5433 1256 5511 imperatorem
1271 5445 1302 5500 et

551 5539 658 5602 regem
679 5523 797 5603 optime
817 5531 969 5587 statutum
991 5525 1068 5601 luit,
1095 5536 1129 5588 ut
1150 5530 1300 5607 superflui

550 5637 566 5682 a
589 5635 694 5681 mensa
716 5618 877 5698 episcopali
897 5629 929 5682 et
951 5621 1182 5684 necessitatibus
1203 5622 1301 5684 dictae

551 5711 748 5776 Varadiensis
770 5713 915 5775 dioecesis
937 5721 1109 5792 proventus
1124 5716 1159 5776 ad
1181 5731 1300 5794 capsam

551 5806 758 5885 parochorum
790 5806 969 5870 huiusmodi
998 5825 1030 5870 ac
1058 5809 1091 5868 in
1116 5807 1234 5871 bonurn
1256 5808 1301 5870 di-

550 5907 616 5964 ctae
636 5899 802 5962 catholicae
823 5899 994 5978 religionis,
1010 5902 1171 5978 signanter
1185 5918 1242 5982 pro
1255 5919 1299 5965 sa-

1096 520 1160 568 ltin.
1186 513 1275 566 PON'l'.
1300 511 1341 564 DE
1363 509 1391 564 p,
1414 519 1444 565 lv,
1468 514 1551 566 PARS
1573 515 1594 565 1.

2151 503 2332 564 te.c.1reo
2357 471 2358 542 Ὗ

1372 653 1422 700 cra
1444 640 1562 702 unione
1583 639 1735 719 praedicta
1754 641 1976 721 promovenda,
1992 641 2123 706 admini-

1371 741 1558 810 strarentur,
1571 735 1610 798 ob
1624 736 1653 798 id
1665 736 1828 815 apostolica
1842 737 2023 799 auctoritate
2037 753 2123 816 prae·

1372 827 1450 888 dicta
1470 829 1635 892 statuimus
1657 837 1750 910 atque
1770 831 1986 908 decernimus,
2014 839 2051 895 ut
2071 846 2123 894 eo·

1372 918 1515 983 rumdem
1538 923 1670 984 duorum
1693 923 1906 988 dominiorum
1921 927 2020 1005 quoad
2035 941 2122 990 eum·

1372 1014 1443 1076 dem
1474 1014 1685 1096 episcopatum
1712 1020 1919 1096 spectantium
1951 1030 2123 1098 proventus

1372 1109 1534 1172 annuatim
1560 1111 1596 1172 ad
1625 1112 1737 1174 dictam
1768 1129 1889 1193 capsam
1918 1116 2122 1194 parochorum

1372 1201 1640 1279 administrantur,
1663 1212 1695 1268 et
1709 1208 1880 1286 respective
1896 1210 1926 1272 in
1942 1210 2042 1272 varios
2056 1210 2124 1288 pios

1372 1311 1458 1370 usus,
1473 1313 1507 1358 ac
1521 1300 1702 1376 praesertim
1719 1317 1773 1380 pro
1787 1304 1893 1366 eadem
1908 1319 1990 1366 sacra
2005 1303 2124 1366 unione

1373 1392 1596 1467 promovenda,
1613 1409 1670 1456 nec
1685 1411 1749 1458 non
1771 1395 1803 1459 in
1818 1397 1977 1459 seminarii
1992 1397 2123 1460 iunioris

1371 1481 1446 1544 cleri
1468 1497 1576 1558 graeco
1598 1487 1737 1550 catholici
1759 1490 1792 1551 in
1811 1489 1936 1552 civitate
1951 1489 2123 1552 Viennensi

1373 1577 1514 1639 hustriae
1528 1577 1564 1639 ad
1580 1577 1724 1644 Sanctam
1739 1582 1901 1645 barbaram
1918 1583 2037 1647 lundati
2051 1583 2124 1646 sub·

1371 1671 1604 1749 scenutionem,
1617 1675 1779 1752 variasque
1788 1676 1962 1740 dioecesum
1973 1676 2123 1739 Munlxae·

1371 1761 1506 1827 siensem
1528 1773 1558 1827 et
1579 1765 1783 1844 brisiensem,
1812 1767 1920 1832 itidem
1945 1784 2054 1846 graeco
2075 1787 2122 1832 ca-

1371 1856 1557 1924 tholicarum
1571 1862 1767 1924 necessitates
1781 1865 1868 1926 iuxta
1884 1862 1992 1926 itidem
2007 1864 2122 1928 iustru-

1372 1957 1517 2014 mentum
1543 1951 1755 2017 fundatiouale
1777 1957 1959 2036 respective
1989 1956 2122 2022 debeant

1370 2058 1502 2122 erogari.

1411 2139 1430 2213 ξ
1453 2139 1499 2202 lb.
1525 2141 1732 2206 Decerueutes
1753 2145 2015 2225 quoqueeasdem
2035 2163 2121 2225 prae
2153 2161 2343 2208 omncrurrsre-

1369 2241 1473 2295 sentes
1493 2243 1644 2312 perpetuo
1666 2237 1780 2300 validas
1799 2247 1832 2301 et
1852 2239 1988 2304 efficaces
2009 2257 2076 2306 esse
2090 2249 2121 2304 et
2140 2215 2342 2324 &fufius-{2¹⁵2}

1369 2322 1447 2400 lore,
1468 2343 1602 2406 suosque
1624 2331 1763 2407 integros
1777 2342 1809 2396 et
1822 2333 1973 2411 plenarios
1994 2334 2122 2399 ellectus
2139 2323 2341 2422 grammun-

1369 2419 1473 2481 sortiri
1494 2427 1525 2483 et
1546 2423 1707 2499 obtinere,
1730 2443 1764 2488 ac
1784 2427 1821 2488 ab
1842 2427 1986 2490 omnibus
2006 2437 2038 2491 et
2058 2429 2122 2492 sin·

1371 2512 1452 2587 gulis
1473 2515 1508 2575 ad
1530 2531 1606 2594 quos
1629 2535 1714 2582 nunc
1734 2526 1850 2598 spectat
1865 2529 1896 2582 et
1911 2536 1966 2598 pro
1981 2528 2121 2600 tempore

1369 2607 1515 2683 spectabit
1530 2611 1761 2687 quomodolibet
1777 2613 1808 2676 in
1822 2613 1975 2692 loturum,
1988 2616 2121 2678 firmiter

1369 2706 1401 2760 et
1421 2700 1645 2766 inviolabiliter
1658 2704 1814 2768 observari
1832 2707 1956 2782 debere,
1977 2725 2011 2770 ac
2032 2708 2120 2772 nullo

1369 2808 1519 2872 umquam
1532 2804 1671 2873 tempore
1685 2813 1723 2858 ex
1735 2813 1933 2879 quocumque
1947 2801 2058 2880 capite,
2069 2803 2120 2867 vel

1368 2885 1505 2964 qualibet
1519 2901 1620 2966 causa,
1636 2893 1838 2969 quantumvis
1853 2893 1979 2956 iuridica
1993 2903 2026 2956 et
2045 2895 2120 2972 legi·

1365 2978 1460 3056 tima,
1489 2981 1583 3044 etiam
1604 2998 1642 3044 ex
1663 2999 1700 3046 eo
1727 2987 1810 3064 quod
1838 3003 1962 3064 causae,
1992 2996 2120 3069 propter

1367 3087 1442 3150 quas
1464 3073 1592 3136 eaedem
1614 3085 1790 3156 praesentes
1811 3089 2011 3158 emanarunt,
2025 3081 2120 3146 addu-

1366 3174 1443 3244 ctae,
1466 3169 1641 3232 verillcatae
1660 3179 1693 3234 et
1714 3172 1893 3237 testificatae
1909 3192 1973 3242 nou
1988 3175 2118 3258 luerint,

1366 3259 1404 3322 de
1423 3262 1632 3342 subreptionis
1654 3265 1704 3326 vel
1725 3267 1927 3346 obreptionis,
1950 3279 2003 3334 aut
2024 3271 2120 3334 nulli-

1367 3360 1436 3422 tatis
1456 3359 1507 3422 vel
1529 3359 1729 3424 invaliditatis
1750 3361 1838 3437 vitio,
1861 3379 1916 3428 seu
1934 3364 2119 3430 intentionis

1365 3463 1501 3528 nostrae,
1522 3453 1574 3514 vel
1592 3453 1738 3532 quopiam
1753 3455 1812 3516 alio
1826 3459 2028 3534 quantumvis
2046 3459 2118 3520 sub-

1364 3549 1510 3625 stantiali,
1533 3549 1837 3627 substantialissimo,
1858 3553 2065 3629 inexcogitato
2084 3561 2117 3616 et

1366 3637 1607 3719 inexcogitabili,
1629 3659 1663 3705 ac
1683 3644 1849 3722 specialem
1870 3653 1902 3708 et
1923 3647 2116 3716 individuam

1365 3737 1558 3800 mentionem
1576 3745 1608 3798 et
1625 3739 1855 3816 expressionem
1870 3739 2051 3818 requirente
2065 3742 2116 3804 de-

1364 3828 1458 3906 lectu,
1480 3847 1535 3893 seu
1558 3831 1651 3893 etiam
1672 3848 1710 3896 eu
1733 3847 1769 3893 eo
1790 3834 1872 3912 quod
1886 3833 1919 3894 in
1941 3834 2116 3912 praemissis

1365 3938 1536 4002 eorumque
1557 3922 1661 4001 aliquo
1681 3923 1894 3988 solemnitates
1915 3933 1968 3990 aut
1989 3926 2115 4005 quaevis

1364 4017 1421 4078 alia
1440 4017 1591 4080 servanda
1611 4026 1643 4080 et
1663 4017 1859 4097 adimplenda
1878 4029 2001 4082 servata
2020 4027 2051 4084 et
2065 4023 2115 4086 ed·

1365 4111 1491 4189 impleta
1520 4127 1585 4173 non
1612 4111 1747 4188 luerint,
1777 4121 1829 4176 aut
1851 4129 1889 4176 ex
1916 4131 2115 4194 quocumque

1363 4205 1424 4268 alio
1444 4205 1551 4281 capite,
1567 4203 1605 4268 de
1633 4205 1701 4268 iure
1727 4207 1779 4270 vel
1806 4205 1886 4270 lacto
1906 4224 1961 4271 seu
1985 4215 2113 4284 statuto,

1363 4298 1414 4360 vel
1445 4301 1672 4365 consuetudine
1701 4301 1802 4380 aliqua
1835 4301 2028 4379 resultante,
2058 4319 2113 4366 seu

1363 4393 1456 4456 etiam
1480 4393 1635 4469 enormis,
1664 4394 1916 4472 enormissimae,
1949 4396 2113 4474 totalisque

1363 4487 1515 4563 laesionis,
1530 4495 1590 4554 ,aut
1611 4504 1809 4567 quocumque
1822 4489 1882 4552 alio
1896 4488 2010 4564 colore,
2026 4504 2113 4567 prae·

1363 4588 1462 4657 textu,
1478 4580 1576 4643 aliave
1589 4582 1711 4645 ratione
1726 4582 1776 4644 vel
1791 4599 1891 4658 causa,
1906 4584 2001 4649 ettam
2017 4601 2112 4662 quan·

1363 4675 1480 4736 tumvis
1496 4675 1585 4750 iusta,
1603 4676 1788 4752 rationabili,
1805 4677 1955 4754 legitima,
1971 4677 2110 4754 iuridica,

1363 4769 1420 4845 pia,
1443 4767 1655 4846 privilegiata,
1678 4769 1772 4832 etiam
1794 4769 1859 4846 tali,
1881 4785 1959 4850 quae
1984 4770 2018 4832 ad
2039 4771 2112 4834 elie·

1360 4867 1445 4924 ctum
1475 4859 1638 4924 validitatis
1668 4863 1909 4941 praemissorum
1940 4866 2111 4929 necessario

1360 4953 1561 5032 exprimenda
1582 4953 1680 5030 iuret,
1709 4963 1762 5019 aut
1788 4959 1929 5037 quotide
1951 4959 2111 5024 voluntate

1361 5046 1482 5123 Nostra,
1504 5054 1536 5109 et
1557 5047 1624 5110 aliis
1644 5049 1786 5127 superius
1807 5051 1920 5116 nullibi
1937 5061 2109 5132 appareret,

1359 5157 1414 5204 seu
1436 5132 1509 5205 al'ias
1531 5143 1653 5221 probari
1669 5147 1774 5222 possit,
1791 5146 1903 5221 notari,
1919 5147 2109 5226 impugnari,

1360 5244 1533 5320 invalidari,
1556 5243 1727 5319 retractari,
1744 5244 1776 5306 in
1798 5243 1846 5305 ius
1867 5243 1917 5306 vel
1930 5251 2110 5306 coutrover-

1357 5337 1433 5398 siam
1457 5337 1607 5411 revocari,
1631 5338 1733 5399 autad
1748 5336 1831 5398 viam
1845 5346 1876 5399 et
1899 5337 2050 5400 terminos
2063 5337 2110 5398 iu-

1359 5430 1401 5491 ris
1422 5429 1538 5504 reduci,
1561 5429 1612 5492 vel
1633 5431 1780 5492 adversus
1809 5428 1877 5490 illas
1901 5429 2109 5493 restitutionis

1358 5525 1391 5585 in
1413 5525 1586 5602 integrum,
1609 5523 1788 5602 aperitionis
1811 5523 1889 5600 orie,
1918 5523 2109 5587 reductionis

1357 5623 1393 5685 ad
1415 5620 1498 5684 viam
1520 5629 1551 5683 et
1567 5619 1717 5683 terminos
1732 5619 1821 5696 iuris,
1836 5625 1889 5682 aut
1908 5619 1989 5682 aliud
2011 5617 2108 5697 quod·
2186 5629 2188 5634 ’

1358 5730 1494 5794 cumque
1515 5715 1592 5777 iuris
1615 5713 1665 5776 vel
1687 5712 1769 5789 lacti,
1792 5721 1845 5775 aut
1860 5712 1975 5790 gratiae
1996 5712 2047 5773 vel
2062 5712 2110 5775 iu·

1356 5809 1457 5872 stitiae
1479 5809 1653 5871 remedium
1676 5808 1846 5887 impetrari,
1868 5823 1923 5869 seu
1938 5805 2109 5884 quomodo-

1357 5901 1452 5980 libet,
1483 5903 1576 5965 etiam
1605 5910 1711 5978 motu,
1740 5903 1868 5966 scientia
1895 5907 1926 5961 et
1950 5899 2108 5977 potestatis
