4776 6974
325 517 378 571 An.
393 520 422 570 0.
444 518 512 572 1792

332 1885 417 1944 ΙΤοιῃοτ
431 1891 528 1928 eonces-

318 1945 404 1980 sronra.

335 4882 539 4940 neolaratiospe·

327 4936 406 4983 cialis.

562 521 621 586 378

543 669 630 736 runt,
650 663 781 741 praemia
804 681 865 727 noo
889 666 1001 741 desint,
1024 667 1134 744 qulbus
1155 674 1186 727 et
1207 665 1285 743 ipso-

543 769 614 816 rum
637 756 888 820 honorificentiae
909 760 1099 834 consulatur,
1125 765 1155 820 et
1176 757 1227 819 alii
1247 756 1284 818 ad

543 846 718 912 huiusmodi
743 849 859 913 labores
880 853 1019 916 alacriter
1037 850 1212 914 subeundos
1234 866 1285 911 ex·

543 940 689 1002 uitentur.
704 939 860 1023 Neitaque
871 945 980 1006 iratres
996 946 1113 1008 ordinis
1126 944 1286 1006 minorum

545 1033 735 1098 S.Franeisci
747 1035 1010 1116 Gappuccinorum
1023 1045 1285 1116 nuncupatorum,

544 1127 596 1205 qui
607 1127 699 1189 sacris
715 1129 911 1193 missionibus
922 1131 955 1193 in
967 1131 1107 1208 Georgia,
1121 1130 1221 1210 Syria,
1233 1131 1286 1191 Pa-

544 1219 664 1296 lestina,
681 1220 840 1299 Romania,
856 1232 948 1302 atque
963 1224 1071 1286 insulis
1086 1224 1178 1285 maris
1194 1223 1286 1300 neget

545 1314 578 1374 in
599 1314 693 1376 indiis
720 1316 923 1381 orientalibus
944 1328 975 1380 et
999 1320 1031 1380 ln
1055 1317 1122 1379 aliis
1149 1317 1288 1378 remotis·

545 1407 630 1468 simis
651 1410 788 1487 partibus
810 1413 945 1473 marimo
972 1429 1042 1474 cum
1072 1411 1186 1486 labore,
1209 1409 1288 1489 peri·

545 1501 615 1563 eolo
637 1511 666 1564 et
688 1504 861 1567 animarum
883 1505 984 1568 fructu
1007 1507 1081 1568 dant
1100 1519 1236 1583 operam,
1253 1503 1289 1564 iis

545 1594 734 1659 frustrentur
745 1598 913 1662 bonoribus
925 1617 957 1663 ac
969 1600 1151 1679 privilegiis
1162 1613 1240 1676 quae
1254 1599 1287 1659 in

546 1690 666 1768 propria
679 1691 810 1767 regulari
822 1693 978 1770 provincia
990 1695 1122 1772 pacatius
1133 1699 1289 1754 morantes

545 1784 700 1846 consecuti
723 1783 809 1847 facile
832 1785 972 1862 luissent,

586 1877 605 1952 5
619 1877 648 1938 2.
666 1877 708 1938 lle
722 1879 948 1941 venerabilium
967 1880 1098 1944 fratrum
1112 1887 1288 1943 nostrorum

548 1965 675 2033 Sanctae
686 1970 840 2034 Romanae
851 1974 1000 2036 Ecclesiae
1012 1974 1222 2038 cardinalium
1238 1989 1290 2035 ue-

547 2063 638 2139 gotiis
650 2063 864 2143 Propagandae
875 2068 960 2130 Fidei
971 2069 1225 2147 praepositorum,
1238 2068 1290 2144 qui

547 2157 730 2222 relationem
742 2160 924 2224 dilectorum
938 2162 1073 2224 liliorum
1084 2162 1224 2224 moderni
1237 2161 1292 2222 mi-

548 2251 637 2312 nistri
666 2253 817 2328 generalis
839 2271 896 2317 nec
917 2271 981 2317 non
1003 2256 1176 2318 definitoris
1198 2270 1291 2330 gene-

548 2345 619 2406 ralis
641 2347 786 2423 praedicti
808 2349 925 2410 ordinis
946 2366 1041 2429 super
1061 2348 1235 2427 praemissis
1249 2357 1292 2410 at·

550 2439 728 2514 tenderunt,
751 2440 878 2503 consilio
899 2458 933 2504 ac
953 2450 1040 2505 motu
1057 2443 1182 2522 proprio
1203 2448 1233 2503 et
1254 2457 1290 2503 eu

547 2539 630 2594 certa
652 2532 778 2595 scientia
799 2550 833 2596 ac
854 2543 973 2597 matura
995 2535 1216 2599 deliberatione
1237 2550 1291 2595 uo·

547 2625 630 2698 stris,
653 2625 751 2704 deque
773 2628 954 2706 apostolicae
982 2630 1138 2707 potestatis
1159 2628 1293 2707 plenitu-

549 2719 621 2782 dine
635 2720 793 2782 modernis
815 2731 846 2784 et
867 2738 921 2802 pro
938 2731 1076 2802 tempore
1090 2722 1293 2786 existentibus

549 2814 695 2878 tratribus
716 2817 854 2880 eiusdem
882 2820 1010 2895 ordinis,
1032 2820 1086 2898 qui
1108 2835 1145 2881 ex
1166 2821 1293 2898 deputa·

552 2909 635 2972 tione
669 2909 766 2974 dictae
795 2913 1053 2990 congregauonis
1081 2913 1293 2976 Cardinalium

551 3009 680 3065 nuncet
695 3004 727 3067 in
742 3015 900 3084 posterum
921 3015 1156 3084 perseveranter
1176 3022 1210 3067 ae
1231 3006 1293 3068 lau·

551 3097 692 3162 dabiliter
712 3116 807 3164 sacras
824 3101 985 3163 missiones
1001 3101 1032 3163 in
1048 3099 1136 3164 dietis
1158 3099 1294 3178 partibus

551 3207 607 3270 per
634 3192 820 3256 decennium
853 3194 1044 3271 peregerint,
1066 3202 1097 3255 et
1118 3193 1231 3256 exinde
1259 3193 1293 3254 ad

550 3285 688 3364 proprias
708 3288 882 3365 provincias
902 3289 1018 3351 reversi
1034 3288 1162 3363 luerint,
1181 3294 1216 3349 ut
1231 3301 1297 3348 om·

553 3381 643 3444 nibus
664 3390 695 3444 et
715 3382 846 3460 singulis
861 3382 1044 3462 privilegiis,
1062 3381 1294 3460 praerogativis,

552 3475 815 3552 praeeminentis,
830 3477 1064 3556 praecedentiis,
1080 3476 1185 3554 gratiis
1200 3482 1231 3537 et
1251 3475 1295 3536 in·

552 3568 646 3631 dultis
667 3568 778 3646 quibos
799 3570 850 3632 alii
871 3569 943 3633 dicti
964 3571 1080 3634 ordinis
1101 3570 1211 3631 iratres
1225 3574 1294 3629 actu

552 3662 681 3724 lectores
697 3670 758 3723 tam
773 3664 811 3725 de
831 3664 910 3739 iure,
927 3680 984 3726 usu
1006 3672 1036 3726 et
1057 3662 1295 3736 cousuetudine,

552 3771 646 3832 quam
666 3755 738 3820 alias
759 3757 989 3834 quomodolibet
1016 3765 1161 3835 utuntur,
1185 3759 1294 3820 lruun·

553 3859 604 3911 tur
624 3856 654 3910 et
676 3849 822 3925 gaudent,
838 3867 872 3913 ac
886 3851 945 3924 uti,
959 3851 1019 3914 lrui
1033 3860 1065 3914 et
1080 3854 1214 3930 gaudere
1228 3867 1295 3930 pos·

552 3953 625 4006 sunt
641 3953 671 4006 et
685 3949 831 4022 poterunt
846 3946 1075 4023 quomodolibet
1091 3947 1122 4008 in
1138 3946 1294 4021 futurum,

552 4037 617 4115 pari
640 4036 730 4099 modo
751 4045 782 4098 et
803 4037 916 4116 absque
938 4038 998 4100 ulla
1019 4053 1143 4116 prorsus
1171 4039 1296 4102 diliren·

554 4131 595 4193 tia
618 4129 674 4206 uti,
696 4129 757 4191 lrui
772 4139 803 4192 ct
817 4133 952 4208 gaudere
967 4131 1063 4193 libere
1083 4141 1114 4194 et
1136 4131 1217 4194 licite
1230 4147 1297 4210 pos·

553 4227 616 4288 sint
637 4233 668 4287 et
690 4225 811 4286 valeant
833 4225 864 4286 in
887 4225 1031 4287 omnibus
1052 4234 1084 4286 et
1104 4241 1159 4304 per
1180 4226 1295 4301 omnia,

554 4317 683 4397 perinde
702 4335 735 4380 ac
757 4320 781 4380 si
801 4317 934 4381 actuales
960 4317 1088 4380 lectores
1115 4329 1234 4396 essent,
1254 4321 1296 4382 ita

555 4421 590 4473 ut
610 4412 692 4473 inter
708 4412 786 4488 ipsos
801 4410 910 4473 iratres
925 4410 1131 4474 missionarios
1152 4429 1185 4474 ac
1205 4412 1297 4474 lecto-

555 4520 603 4566 res
624 4511 766 4566 scrvetur
787 4504 962 4584 aequalitas,
983 4513 1015 4566 et
1036 4506 1134 4581 quoad
1156 4505 1296 4568 ordinem

556 4597 786 4674 praecedentiae
806 4595 867 4658 sola
894 4599 1036 4675 prioritas
1062 4614 1116 4659 seu
1137 4597 1298 4660 antianitas

555 4689 747 4769 paternitatis
761 4693 949 4768 attendatur,
966 4701 1074 4756 tenore
1087 4694 1297 4772 praesentium

556 4786 751 4849 concedimus
773 4791 803 4847 et
825 4785 1031 4864 indulgemus.

597 4873 615 4956 5
636 4879 664 4942 3.
690 4879 842 4943 Volumus
863 4890 979 4957 autem,
997 4889 1030 4944 ut
1051 4881 1159 4945 iratres
1182 4882 1298 4945 missio-

558 4977 636 5039 narii
667 4976 813 5053 praedicti
845 4977 1007 5054 privilegia
1032 4977 1150 5056 aliaque
1179 4975 1298 5038 indulta

558 5069 707 5148 praedicta
729 5069 816 5132 nullo
838 5069 927 5132 modo
948 5071 1067 5149 assequi
1088 5071 1217 5148 possint,
1240 5071 1299 5131 nisi

558 5165 643 5242 prius
663 5181 679 5225 a
705 5171 872 5227 memorata
899 5163 1108 5226 cardinalium
1124 5163 1299 5239 Congrege-

560 5258 644 5320 tione
666 5257 879 5320 testimonium
905 5256 1041 5318 referant
1060 5272 1093 5317 se
1116 5255 1297 5317 missionarii

457 5425 462 5434 ,
559 5368 674 5415 munus
694 5367 749 5430 per
770 5351 955 5414 decennium
971 5351 1049 5413 bene
1070 5351 1206 5428 gessisse.
1218 5351 1300 5412 llan-

560 5449 667 5510 dantes
677 5458 837 5525 propterea
850 5447 882 5508 in
894 5447 1011 5507 virtute
1024 5455 1145 5508 sanctae
1156 5445 1299 5508 obedien-

559 5541 631 5617 tiae,
653 5557 686 5603 ac
705 5543 762 5604 sub
784 5542 1003 5620 indignationis
1024 5549 1158 5615 nostrae,
1174 5540 1301 5618 aliisque

560 5640 687 5702 arbitrio
708 5645 815 5700 nostro
846 5647 877 5702 et
898 5653 953 5714 pro
975 5644 1112 5714 tempore
1141 5635 1301 5696 existentis

561 5734 691 5796 Romani
703 5732 857 5795 Pontibois
873 5731 1067 5812 imponendis
1081 5728 1187 5807 poenis
1202 5728 1302 5789 omni·

562 5831 618 5890 bus
640 5836 670 5890 et
696 5827 826 5904 singulis
854 5825 927 5888 dicti
948 5824 1064 5886 ordinis
1091 5820 1301 5900 superioribus

562 5921 706 5984 iratribus
728 5931 759 5982 et
780 5919 929 6000 personis,
946 5927 980 5980 ut
995 5916 1201 5980 missionarios
1216 5928 1301 5991 prae·

1063 547 1126 591 [Uli.
1152 546 1242 590 PONT.
1266 545 1306 590 bu
1328 545 1355 590 P.
1379 545 1408 591 F·
1433 547 1515 592 PARS
1537 548 1557 591 l.

1339 664 1435 728 dictos
1456 667 1632 731 huiusmodi
1655 668 1768 744 gratiae
1787 665 1949 731 commodo
1966 671 1997 725 et
2012 663 2083 724 elie·

1340 766 1391 822 ctu
1413 760 1536 836 pacifice
1566 761 1627 823 irui
1649 771 1680 823 et
1702 763 1835 838 gaudere
1864 759 1968 821 sinant
1990 763 2021 818 ct
2042 756 2084 817 ia·

1340 853 1432 915 ciant.

1381 946 1400 1022 5
1419 946 1448 1007 l.
1466 945 1534 1010 Non
1547 948 1762 1026 permittentes
1777 949 1825 1009 bis
1839 948 1970 1024 desuper
1981 961 1996 1004 a
2008 959 2083 1022 quo·
2129 957 2272 1006 crausuno
2283 971 2317 1004 sa.

1883 1041 2085 1102 decernentes
2103 1014 2206 1116 {2¹2⁸st
2228 1017 2253 1056 ⁸‘
2267 1011 2317 1059 ¹¹¹¹·

1342 1054 1434 1116 quam
1461 1040 1598 1104 indebite
1627 1041 1795 1116 molestari,
1822 1057 1855 1102 ac

1342 1133 1461 1194 easdem
1488 1143 1663 1212 praesentes
1685 1134 1788 1197 literas
1816 1149 1939 1212 semper
1960 1137 1992 1193 et
2017 1145 2086 1209 per-

1343 1234 1435 1304 petuo
1457 1227 1576 1303 firmas,
1605 1229 1719 1290 validas
1746 1236 1776 1289 et
1798 1227 1932 1290 efficaces
1953 1223 2087 1287 existere

1343 1327 1373 1382 et
1402 1319 1480 1395 iore,
1501 1337 1633 1400 suosque
1660 1321 1813 1399 plenarios
1834 1329 1864 1382 et
1886 1321 2022 1395 integros
2044 1316 2086 1378 el-

1342 1412 1440 1475 lectus
1466 1415 1569 1477 sortiri
1591 1425 1622 1477 et
1643 1416 1795 1489 obtinere,
1818 1431 1852 1476 ac
1873 1413 1933 1476 illis
1953 1413 1988 1474 ad
2010 1426 2087 1489 quos

1343 1515 1456 1584 spectat
1474 1515 1505 1568 et
1523 1523 1578 1583 pro
1594 1515 1734 1585 tempore
1748 1506 2007 1586 quandocumque
2019 1520 2086 1582 spe-

1344 1599 1447 1674 ctabit,
1464 1600 1494 1661 in
1512 1602 1657 1663 omnibus
1671 1608 1701 1664 et
1717 1617 1771 1680 per
1784 1601 1887 1662 omnia
1910 1599 2087 1677 plenissime

1344 1693 1503 1770 sullragari
1513 1717 1522 1770 3
1534 1695 1639 1773 sicque
1650 1705 1753 1757 elnon
1769 1695 1857 1756 aliter
1870 1695 1900 1755 in
1914 1693 2087 1772 praemissis

1345 1801 1400 1864 per
1420 1802 1632 1866 quoscumque
1653 1788 1767 1850 iudices
1788 1788 1959 1850 ordinarios
1987 1795 2017 1849 et
2037 1788 2089 1850 de-

1346 1881 1472 1956 legatos,
1499 1882 1592 1944 etiam
1615 1897 1775 1944 causarum
1804 1880 1905 1958 palatii
1931 1880 2087 1957 apostolici

1345 1975 1510 2050 auditores,
1532 1993 1565 2037 ao
1587 1975 1617 2039 S.
1635 1975 1669 2036 lt.
1694 1976 1728 2036 E.
1753 1974 1929 2037 Cardinales
1950 1980 1981 2034 et
2002 1971 2088 2034 Sedis

1345 2041 1534 2145 Apostoboae
1556 2068 1698 2144 Nuntios,
1720 2067 1838 2131 sublata
1859 2068 1902 2129 eis
1927 2076 2088 2128 eteorum

1345 2160 1473 2223 cuilibet
1493 2162 1600 2239 quavis
1615 2163 1704 2226 aliter
1717 2161 1870 2226 iudicandi
1885 2167 1916 2222 et
1937 2162 2088 2240 interpre

1348 2253 1430 2314 tandi
1445 2253 1589 2317 iacultate
1604 2263 1634 2318 et
1647 2257 1841 2330 auctoritate,
1855 2255 1979 2318 iudicari
1994 2253 2089 2316 etde

1347 2345 1430 2406 liniri
1446 2347 1569 2423 debere,
1585 2365 1619 2410 ac
1633 2349 1757 2410 irritum
1780 2357 1811 2411 et
1832 2349 1936 2422 inane,
1956 2347 1982 2409 si
2001 2363 2089 2410 secus

1346 2453 1438 2514 super
1468 2438 1517 2500 his
1544 2457 1560 2501 a
1590 2457 1745 2520 quoquam
1775 2442 1881 2521 quavis
1909 2441 2088 2504 auctoritate

1347 2533 1479 2594 scienter
1490 2533 1539 2594 rel
1555 2534 1735 2610 ignoranter
1749 2535 1917 2612 contigerit
1930 2535 2086 2597 attentari.

1386 2627 1405 2701 5
1426 2627 1455 2687 b.
1477 2625 1546 2690 Non
1561 2627 1754 2690 obstantibus
1768 2629 2044 2692 constitutionibus
2057 2636 2088 2690 ct
2117 2638 2314 2739 &imm

1348 2721 1593 2784 ordinationibus
1623 2722 1811 2800 apostolicis,
1844 2723 1978 2801 dictique
2010 2695 2120 2785 ordi-t

1349 2813 1396 2876 nis
1411 2815 1538 2894 eiusque
1549 2817 1780 2893 provinciarum
1793 2816 1886 2878 etiam
1901 2817 2088 2892 iuramento,

1349 2908 1584 2970 confirmatione
1617 2909 1797 2988 apostolica,
1831 2909 1882 2972 vel
1902 2911 2009 2989 quavis
2039 2911 2090 2972 ilr-

1350 3003 1456 3064 mitate
1484 3001 1540 3063 alia
1571 3003 1722 3065 roboratis
1749 3005 1872 3065 statutis
1902 3012 1933 3065 et
1962 3019 2089 3066 consue-

1350 3094 1524 3172 tudinibus3
1547 3095 1718 3172 privilegiis
1745 3112 1879 3176 quoque,
1910 3097 2038 3160 indultis
2059 3108 2091 3161 et

1349 3188 1445 3250 literis
1467 3188 1639 3266 apostolicis
1663 3190 1873 3267 superioribus
1888 3197 1919 3251 et
1938 3191 2088 3268 personis,

1349 3281 1406 3344 sub
1436 3282 1683 3360 quibuscumque
1716 3282 1877 3345 tenoribus
1904 3291 1936 3345 et
1963 3283 2088 3359 formis,

1349 3391 1382 3437 ao
1412 3389 1483 3436 eum
1515 3375 1675 3454 quibusvis
1706 3376 1800 3438 etiam
1827 3375 2091 3454 derogatoriarum

1349 3469 1561 3546 derogatoriis‚
1591 3469 1720 3548 aliisque
1739 3470 1969 3546 efficacioribus,
1994 3473 2088 3535 elllea·

1349 3561 1477 3624 cissimis
1507 3580 1541 3625 ac
1574 3563 1708 3625 insolitis
1742 3563 1907 3639 clausulis,
1943 3565 2091 3627 irritanti·

1350 3655 1470 3732 busque
1490 3663 1521 3718 et
1543 3655 1609 3718 aliis
1633 3657 1764 3720 decretis
1793 3657 1825 3718 in
1847 3672 1962 3733 genere
1988 3659 2037 3720 rel
2058 3659 2091 3720 in

1349 3747 1460 3826 specie,
1477 3765 1510 3810 ac
1530 3750 1596 3812 aliis
1610 3751 1642 3812 in
1657 3751 1848 3813 eontrarium
1864 3751 2092 3829 quomodolibet

1349 3843 1514 3918 concessis,
1543 3845 1714 3922 approbatis
1736 3854 1767 3906 et
1787 3844 1953 3906 innovatis.
1976 3845 2092 3919 Quibus

1351 3937 1497 3999 omnibus
1517 3946 1548 4000 et
1568 3937 1699 4015 singulis
1722 3936 1848 4000 illorum
1870 3943 1993 3998 tenores
2008 3953 2093 4016 prae·

1350 4031 1489 4092 sentibus
1510 4045 1564 4106 pro
1591 4029 1682 4108 plene
1703 4037 1734 4090 et
1761 4029 1950 4091 sufficienter
1971 4045 2092 4108 expres·

1350 4125 1402 4198 sis,
1418 4139 1452 4184 ac
1468 4123 1506 4184 de
1520 4123 1614 4186 verbo
1629 4123 1664 4184 ad
1679 4123 1811 4186 verbum
1833 4123 1958 4184 insertis
1979 4123 2091 4186 baben·

1352 4226 1409 4291 tes,
1431 4217 1493 4278 illis
1513 4215 1584 4278 alias
1606 4217 1638 4277 in
1660 4232 1715 4278 suo
1743 4215 1853 4277 robore
1871 4217 2091 4295 permansuris,

1351 4312 1386 4372 ad
1409 4310 1646 4390 praemissorum
1668 4309 1824 4382 ellectum,
1843 4309 1897 4370 bac
1917 4308 1986 4370 vice
2006 4311 2093 4371 dum·

1350 4411 1445 4478 taxat,
1471 4401 1642 4480 specialiter
1672 4410 1703 4463 et
1730 4416 1874 4479 expresse
1898 4402 2093 4478 derogamus,

1349 4497 1541 4574 eaeterisque
1561 4495 1722 4558 contrariis
1742 4493 1999 4572 quibuscumque.

1391 4591 1504 4653 Datum
1525 4588 1651 4664 Romae,
1673 4588 1752 4664 apud
1767 4586 1798 4650 S.
1816 4587 1955 4663 Petrum,
1971 4588 2029 4649 sub
2042 4603 2095 4648 an-

1353 4685 1427 4748 nulo
1443 4682 1614 4756 Piscatoris,
1636 4681 1685 4745 die
1711 4697 1765 4742 xx.
1785 4681 1888 4743 martii
1910 4695 2093 4757 uocauere,

1352 4778 1547 4858 pontificatus
1570 4775 1667 4838 nostri
1688 4791 1771 4837 anuo
1794 4791 1883 4838 artu.
1927 4764 1931 4773 '

1692 5434 1752 5496 cll.

1357 5622 1538 5685 Gomncittit
1562 5623 1713 5702 Episcopo
1745 5623 1775 5685 S.
1801 5621 1905 5686 lucobi
1931 5621 1967 5684 ric
1996 5621 2095 5694 coire,

1396 5725 1432 5778 ut
1454 5718 1687 5780 ollerootioom
1702 5719 1788 5778 lotor
1801 5714 1935 5778 Croillos
1951 5721 1980 5778 et
1995 5715 2100 5778 Euro·

1399 5829 1490 5891 paros
1512 5811 1695 5890 prouinciae
1717 5809 1752 5870 de
1774 5807 1863 5872 utute
1878 5811 2024 5888 fratrum
2042 5809 2099 5870 Or·

1396 5911 1482 5973 diois
1505 5903 1724 5972 SJFrancocc
1746 5909 1887 5964 statuat.

2111 523 2171 578 An.
2186 525 2218 577 C.
2240 525 2304 576 1792
