4808 6988
326 542 426 609 Aac.
448 543 516 608 isat
566 542 627 617 sill

333 1171 472 1218 contrariis
485 1171 525 1220 dc·

313 1227 392 1282 rogat.

545 695 575 752 ct
586 689 748 754 elllcacitcr
758 685 928 770 adimplere
939 697 1061 767 cnrenl;
1072 691 1209 770 alioquin
1220 705 1290 752 sen·

546 783 689 860 tentiam,
706 784 771 847 sire
792 800 938 864 poenam,
952 801 1046 864 quam
1067 785 1176 848 tuleris
1195 786 1228 848 in
1243 801 1291 848 re·

545 876 652 953 belles,
673 886 772 940 ratam
800 879 990 954 habebimus,
1013 885 1044 941 et
1067 877 1214 942 faciemus
1238 893 1290 940 au-

544 978 628 1034 ctore
650 971 782 1036 Domino
801 988 899 1052 usque
913 973 948 1034 ad
962 972 1203 1035 satisfactionem
1218 988 1290 1034 con-

545 1063 670 1140 dignam
690 1064 910 1128 inriolabiliter
931 1065 1097 1127 observari.

584 1157 650 1220 Non
672 1155 862 1220 obstantibus
889 1156 1164 1221 constitutionibus
1190 1167 1221 1220 et
1242 1173 1290 1219 or·

543 1248 753 1311 dinationibus
774 1247 956 1326 apostolicis,
979 1263 1120 1311 necnon
1143 1249 1215 1312 dicti
1230 1256 1289 1310 sta-

543 1351 592 1404 tus
613 1349 644 1403 et
659 1341 845 1416 iuramento,
861 1341 1098 1405 confirmatione
1114 1342 1287 1420 apostolica,

542 1434 593 1498 vel
614 1434 721 1514 quasis
743 1434 890 1497 sumitate
910 1432 967 1494 alia
993 1434 1142 1497 roboratis
1165 1436 1289 1498 statutis

541 1535 572 1590 et
593 1527 882 1602 consuetudinibus,
899 1525 1066 1605 privilegiis
1088 1543 1224 1607 quoque,
1242 1529 1289 1591 in-

541 1621 635 1684 dultis
655 1628 687 1684 et
709 1621 807 1684 literis
836 1620 1007 1699 apostolicis
1037 1623 1069 1684 in
1095 1622 1286 1684 contrarium

541 1718 779 1793 praemissorum
794 1713 1025 1794 quomodolibet
1039 1716 1201 1790 concessis,
1216 1729 1287 1778 con·

541 1809 671 1871 firmatis
691 1819 722 1872 et
744 1809 916 1870 innovatis:
946 1807 1057 1886 quibus
1082 1809 1229 1871 omnibus
1257 1819 1288 1872 et

540 1902 671 1980 singulis
693 1902 820 1965 illorum
840 1911 965 1964 tenores
987 1917 1041 1980 pro
1064 1901 1154 1980 plene
1175 1909 1205 1964 et
1223 1901 1286 1965 suf·

540 1998 682 2059 sicienter
703 1996 866 2074 concessis,
878 1995 928 2057 bic
943 1996 981 2058 de
995 1995 1090 2058 verbo
1104 1996 1139 2057 ad
1155 1996 1286 2058 verbum

540 2090 663 2152 insertis
688 2089 847 2164 babentes,
870 2087 933 2150 illis
953 2086 1025 2148 alias
1046 2087 1078 2149 in
1099 2103 1155 2150 suo
1177 2088 1287 2150 robore

539 2183 759 2264 permansuris,
772 2181 807 2244 ad
819 2181 1057 2260 praemissorum
1073 2179 1218 2244 ellectum
1232 2183 1286 2242 bac

538 2279 606 2340 vice
625 2277 786 2339 dumtaxat
807 2274 979 2354 specialiter
996 2283 1028 2337 et
1042 2289 1185 2354 expresse
1198 2276 1287 2337 dero·

540 2386 658 2449 gamus,
684 2371 873 2450 caeterisque
902 2369 1065 2434 contrariis
1086 2370 1285 2447 quibuscum·

538 2482 609 2544 que.

578 2561 689 2622 Datum
711 2560 825 2622 Romae
845 2560 923 2636 apud
951 2557 981 2622 S.
1005 2556 1133 2619 Petrum
1154 2555 1212 2618 sub
1232 2572 1284 2618 an·

538 2655 614 2717 nuto
636 2654 794 2717 Piscatoris
816 2653 866 2716 die
887 2667 953 2714 xxx.
983 2667 1054 2728 aug.
1083 2663 1283 2726 xococxxx„

537 2749 735 2827 pontificatus
755 2747 854 2809 nostri
875 2761 955 2808 anno
976 2761 1013 2806 ιι.

781 2949 1046 2960 ...n——

883 3128 935 3192 xl.

538 3318 696 3394 anrifar
727 3332 800 3379 cam
829 3313 1033 3394 praesulibus
1065 3315 1216 3378 Palooiae
1246 3314 1282 3378 de

574 3413 618 3474 iis
648 3427 729 3490 ottae
756 3412 792 3473 ia
821 3409 962 3472 sentitiis
993 3409 1122 3472 Palania
1152 3414 1282 3472 statuto

572 3508 707 3588 fuerant
722 3505 811 3568 circe
826 3520 941 3568 caesas
956 3503 1214 3566 matrimoniales
1225 3519 1282 3582 per

575 3601 697 3662 iudices
720 3598 817 3662 laicos
844 3597 1066 3660 decernendas.
1090 3595 1279 3675 Respondet,

572 3693 776 3772 suppeditari
788 3707 851 3752 ooo
862 3705 948 3768 passe
958 3688 1122 3755 tribunali
1136 3691 1218 3753 laico
1231 3691 1280 3753 de-

573 3789 729 3868 [anserem
751 3785 1001 3848 ecclesiasticam
1023 3784 1059 3846 ia
1078 3783 1191 3846 iisdem
1207 3801 1281 3847 coa

572 3879 629 3949 sis,
652 3895 707 3940 oec
730 3877 824 3940 licere
847 3876 995 3959 fidelibus
1017 3895 1037 3940 a
1058 3877 1189 3940 oiocolo
1210 3894 1281 3940 coa-

574 3973 659 4052 iopii
687 3988 745 4052 per
768 3971 821 4033 lios
843 3971 965 4034 iudices
994 3969 1112 4033 solatia
1133 3970 1175 4034 ad
1196 3970 1280 4034 aliae

574 4069 718 4129 transire
747 4068 1012 4145 captiosasque
1043 4065 1200 4128 Ecclesiae
1222 4068 1278 4128 mi·

573 4160 694 4222 nistros
713 4177 799 4238 posse
814 4160 899 4223 risos
913 4177 1021 4224 accras
1036 4161 1071 4224 ia
1086 4159 1135 4222 ftis
1152 4161 1278 4238 nuptiis

570 4254 718 4318 adbibere
737 4255 750 4336 (
772 4254 796 4334 ).

532 4493 535 4500 .
632 4437 859 4507 venerabilibus
881 4438 1026 4508 tratribus
1049 4439 1180 4519 Primati,

531 4531 778 4617 trotiepiscopia
800 4537 832 4599 et
848 4532 1006 4619 Episcopis
1023 4536 1106 4618 regni
1123 4533 1277 4614 Pelusiae,

786 4719 862 4787 1.Εο
885 4720 944 4788 ΡΡ.
966 4719 1023 4788 ΧΙΙ.

529 4963 531 4968 .
731 4907 931 4977 fenoraittes
952 4908 1078 4976 fratres.

563 5000 693 5071 salutern
716 5007 748 5070 et
768 5002 964 5086 apostolicam
992 5001 1240 5071 benedictionem.

569 5192 753 5257 Persuasum
788 5193 936 5256 babentes
971 5200 1098 5270 gentem
1129 5191 1275 5256 Polonam

528 5301 583 5365 pro
605 5288 703 5350 veteri
724 5287 790 5349 eius
812 5287 845 5349 in
867 5287 987 5350 divinas
1008 5294 1039 5349 et
1058 5285 1276 5350 ecclesiasticas

528 5380 612 5457 leges
641 5380 793 5457 religione
822 5381 936 5444 aclide
965 5379 1139 5456 aegerrime
1168 5379 1275 5441 tulisse

528 5473 690 5536 inductum
719 5475 849 5537 externi
870 5474 900 5534 vi
931 5488 1052 5536 morem
1083 5473 1275 5535 matrimonii

527 5566 627 5628 civilis
639 5575 670 5629 et
684 5568 811 5645 impiam
823 5567 952 5642 vinculi,
964 5567 1045 5646 quod
1058 5565 1138 5628 lleus
1148 5566 1275 5628 coniun-

528 5657 584 5734 xit,
610 5657 795 5722 dissolrendi
825 5659 891 5734 lege
914 5659 1061 5720 sancitam
1086 5657 1273 5732 libertatem,

527 5767 692 5832 nunquam
722 5751 858 5828 profecto
889 5751 1118 5814 induxissemus
1147 5751 1179 5812 in
1210 5750 1276 5812 ani·

571 5965 602 6028 (l)
616 5967 654 6012 Ex
667 5967 731 6024 Rag.
745 5965 820 6027 epist.
836 5966 869 6014 ad
883 5965 1014 6025 principes
1028 5969 1077 6014 etc.

1072 562 1138 618 loll.
1161 561 1253 660 Polit-
1276 560 1317 618 aa
1338 569 1367 617 P·
1391 567 1421 618 ll.
1444 561 1526 619 ints
1548 561 1569 618 f.

1346 703 1435 753 mum
1457 690 1523 752 fieri
1545 705 1644 770 posse,
1661 695 1708 766 ut,
1724 687 1802 754 facti
1818 681 1877 754 sibi
1891 699 1947 769 par
1961 689 2098 755 clemen-

1346 784 1500 847 tissimum
1512 783 1734 862 imperatorem
1750 785 1856 862 legum
1870 785 1996 847 illarum
2009 785 2096 848 abro-

1346 876 1518 954 gandarum
1536 877 1690 954 facultate,
1707 879 1829 941 easdem
1844 894 1916 940 curn
1932 879 2030 956 reipsa
2044 879 2096 942 ab·

1346 977 1492 1048 rogasset,
1515 971 1548 1032 in
1570 971 1669 1037 causis
1699 971 1979 1036 matrimonialibus
2000 971 2096 1036 vellet

1274 1079 1275 1083 ¹
1345 1063 1465 1126 alaicis
1487 1063 1638 1127 iudicibus
1666 1065 1805 1127 iudicari.
1828 1065 1962 1140 Quantas
1984 1081 2040 1128 nos
2062 1067 2094 1129 in

1344 1158 1502 1234 angustias
1523 1173 1558 1219 ea
1579 1173 1628 1220 res
1649 1157 1824 1233 adduxerit,
1847 1157 2002 1235 explicare
2021 1159 2095 1220 satis

1345 1265 1409 1311 non
1432 1266 1603 1328 possumus.
1627 1248 1706 1312 Nam
1728 1265 1808 1312 nova
1826 1251 1881 1314 ista
1896 1250 2094 1315 comitiorum

1344 1341 1406 1418 lex,
1429 1343 1469 1405 ita
1491 1344 1536 1406 uti
1565 1343 1624 1405 lata
1645 1350 1702 1420 est,
1725 1342 1987 1424 quemadmodum
2009 1352 2095 1406 recte

1344 1435 1599 1512 animadvertitis,
1622 1436 1733 1499 canoni
1748 1451 1821 1511 xix,
1837 1453 1911 1498 sess.
1927 1435 1966 1498 at
1985 1437 2095 1500 Conci-

1343 1527 1376 1590 lii
1398 1529 1574 1592 Tridentini
1595 1528 1789 1609 apertissime
1819 1528 2011 1605 adversatur,
2034 1545 2092 1592 nec

1342 1637 1427 1698 sane,
1458 1622 1608 1685 catholico
1638 1622 1742 1686 illaeso
1773 1623 1927 1700 dogmate,
1961 1623 2090 1684 inficiari

1342 1714 1506 1794 qaisquam
1529 1723 1639 1794 potest,
1663 1716 1738 1778 iuris
1761 1716 1913 1778 Ecclesiae
1928 1715 2090 1777 inviolabi-

1342 1807 1379 1870 lis
1394 1823 1472 1884 esse,
1485 1818 1519 1872 ut
1536 1811 1650 1872 iudices
1665 1809 1825 1872 dumtaxat
1840 1808 2033 1872 ecclesiastici
2049 1808 2091 1870 lc-

1342 1903 1442 1979 gitimi
1462 1903 1525 1966 sint
1547 1903 1663 1966 iudices
1691 1919 1852 1966 causarum
1879 1902 2090 1965 matrimonia-

1343 1994 1430 2058 lium.
1456 1996 1502 2058 Ex
1524 1995 1619 2058 attera
1649 2012 1725 2060 vero
1754 2003 1840 2075 parte
1871 1996 2090 2072 gravissimum

1342 2088 1429 2150 nobis
1450 2089 1568 2165 accidit,
1584 2090 1766 2166 imperatori
1781 2091 1819 2151 de
1833 2090 1979 2152 catholica
1994 2090 2026 2152 in
2041 2105 2090 2156 re-

1341 2197 1403 2258 gno
1425 2183 1483 2245 isto
1505 2183 1656 2260 religione
1676 2185 1751 2246 adeo
1772 2182 1976 2256 benemerito,
1993 2198 2008 2242 a
2027 2199 2090 2262 quo

1340 2274 1374 2336 in
1397 2276 1479 2337 ianm
1501 2283 1675 2338 ceterarum
1692 2291 1815 2354 quoque
1829 2291 1937 2338 rerum
1952 2275 2089 2338 ecclesia-

1340 2366 1487 2430 sticarum
1508 2368 1751 2448 perturbatione,
1768 2369 1866 2432 multa
1879 2368 1974 2432 etiam
1990 2370 2021 2430 in
2037 2385 2089 2447 po·

1340 2469 1460 2522 sterum
1481 2471 1678 2540 expectamus
1700 2463 1732 2524 in
1748 2461 1911 2525 catholicos
1927 2463 2087 2538 beneficia,

1340 2551 1371 2614 id
1393 2569 1519 2632 negare,
1534 2557 1617 2634 quod
1638 2563 1745 2633 optare
1759 2571 1792 2618 se
1806 2555 1957 2634 significat
1973 2558 2008 2618 ad
2025 2572 2087 2618 ma-

1339 2647 1385 2711 ius
1407 2659 1552 2726 exparte
1583 2649 1717 2712 nationis
1747 2649 1864 2712 malum
1894 2649 2084 2713 evitandum.

1340 2746 1378 2804 tlt
1400 2759 1471 2805 cum
1492 2744 1590 2807 nostri
1613 2743 1703 2805 oflicii
1724 2742 1775 2819 sit,
1800 2743 1980 2820 rogantibus
2002 2745 2087 2807 vobis

1337 2838 1525 2900 sententiam
1547 2844 1682 2898 nostram
1703 2837 1835 2915 aperire,
1851 2837 2085 2916 respondemus,

1339 2945 1401 2993 non
1424 2929 1518 2993 licere
1533 2930 1615 2992 salva
1630 2930 1690 2993 fide
1701 2931 1874 2994 orthodoxa
1890 2933 2085 2998 defensorem

1337 3026 1576 3089 ecclesiasticum
1589 3027 1621 3090 in
1632 3025 1730 3088 causis
1742 3027 2021 3106 matrimonialibus
2033 3033 2086 3094 tri-

1338 3121 1442 3185 bunali
1466 3120 1603 3183 iudicum
1625 3121 1665 3182 ita
1687 3120 1868 3196 constituto,
1886 3125 2084 3201 quemadmo-

1337 3217 1412 3279 dum
1434 3216 1466 3278 in
1497 3215 1629 3278 comitiis
1658 3213 1818 3277 decretum
1846 3223 1906 3292 est,
1935 3217 2085 3280 submini-

1337 3320 1444 3385 strare,
1466 3325 1570 3388 neque
1598 3308 1693 3370 licere
1723 3309 1866 3373 fidelibus
1887 3311 2080 3392 coniugibus,

1336 3407 1467 3485 perinde
1489 3405 1566 3467 acsi
1589 3412 1691 3466 essent
1713 3403 1851 3466 iudicum
1872 3404 1999 3471 illorum
2015 3425 2083 3470 sen-

1337 3500 1433 3564 tentia
1453 3498 1559 3574 soluti,
1573 3499 1609 3560 ad
1631 3497 1703 3560 alias
1724 3500 1849 3578 nuptias
1873 3502 2014 3578 transire,
2030 3518 2083 3564 nc-

1335 3611 1397 3675 que
1419 3594 1569 3656 ministris
1592 3593 1742 3656 Ecclesiae
1764 3596 1881 3673 nuptiis
1903 3597 2081 3660 huiusmodi

1334 3705 1435 3751 sacros
1452 3689 1530 3751 ritus
1544 3687 1706 3752 adbibere:
1723 3696 1862 3751 ceterum
1875 3705 2000 3768 sperare
2015 3705 2081 3766 nos,

1335 3783 1400 3846 lore
1422 3790 1456 3845 ut
1474 3781 1589 3862 aliquid
1604 3791 1794 3861 proponatur
1808 3781 1940 3859 consilii,
1957 3801 2018 3863 quo
2033 3802 2083 3848 res

1333 3877 1375 3940 ita
1397 3883 1636 3955 componantur,
1659 3881 1693 3938 ut
1714 3884 1744 3936 et
1765 3892 1820 3938 sua
1851 3876 1917 3938 iura
1938 3885 2082 3943 constent

1336 3971 1498 4046 Ecclesiae,
1522 3978 1552 4033 ct
1574 3969 1662 4044 ratio,
1684 3969 1709 4031 si
1731 3985 1790 4048 qua
1811 3971 1845 4032 ed
1867 3970 1899 4032 in
1921 3987 1956 4034 re
1977 3971 2082 4035 baberi

1333 4067 1439 4144 possit,
1461 4065 1634 4127 sententiae
1655 4063 1855 4126 comitiorum
1880 4064 2039 4128 habeatur.

1372 4162 1533 4231 Ceterum,
1556 4171 1650 4219 venn.
1673 4156 1794 4235 fratres,
1816 4161 1947 4221 summis
1978 4177 2081 4239 prose·

1332 4253 1459 4332 unimur
1489 4251 1629 4315 laudibus
1657 4251 1760 4314 zelum
1789 4260 1942 4330 vestrum,
1965 4257 2080 4334 quine

1334 4353 1456 4407 tantum
1479 4344 1594 4407 vulnus
1614 4344 1811 4423 infigeretur
1827 4345 1989 4423 Ecclesiae,
2006 4365 2082 4429 quo

1333 4439 1367 4500 ad
1389 4455 1445 4518 per
1467 4453 1520 4502 uos
1543 4439 1609 4500 fieri
1630 4439 1742 4516 potuit,
1760 4439 1932 4515 obstitistis,
1948 4441 2080 4505 minime

1332 4532 1518 4607 dubitantes,
1543 4530 1744 4610 quinctilem
1766 4547 1890 4611 semper
1911 4535 2079 4597 constantii

1333 4625 1449 4689 bonum
1477 4634 1635 4688 certamen
1658 4625 1728 4688 fidei
1749 4627 1816 4690 sitis
1836 4631 1996 4692 certaturi.
2021 4630 2080 4692 lla-

1332 4735 1392 4796 gna
1414 4735 1489 4782 vero
1510 4734 1579 4800 spes
1600 4719 1688 4782 nobis
1708 4717 1834 4796 affulget
1854 4721 2032 4799 asapientia
2046 4740 2080 4786 ac

1331 4815 1525 4891 benignitate
1554 4813 1764 4890 augustissimi
1793 4815 2003 4894 imperatoris,
2026 4818 2080 4895 qui

1331 4925 1405 4972 cum
1424 4908 1576 4986 optaverit
1599 4906 1768 4970 feliciorem
1797 4909 1919 4971 exitum
1940 4909 2082 4971 comitio·

1332 5017 1415 5075 rum,
1438 5001 1495 5063 laoc
1515 5011 1563 5063 est
1583 5015 1656 5062 suae
1672 4999 1766 5079 ipsius
1782 5000 1934 5062 voluntati
1949 5017 2079 5064 consen-

1333 5103 1471 5169 taneum,
1486 5093 1541 5173 qui
1562 5100 1695 5169 caverat,
1712 5109 1752 5156 ne
1773 5094 1805 5168 ii,
1822 5094 1935 5172 quibus
1953 5093 2078 5157 deunan-

1330 5186 1435 5250 datum
1457 5194 1522 5249 erat
1544 5195 1578 5249 ut
1600 5187 1735 5248 codicem
1750 5202 1805 5266 pro
1821 5202 1919 5262 regno
1935 5186 2079 5250 Poloniae

1330 5281 1530 5354 conficerent,
1562 5279 1676 5358 aliquid
1707 5288 1941 5357 praesumerent
1971 5288 2079 5343 contra

1330 5371 1472 5450 dogmata
1494 5372 1750 5452 disciplinamque
1782 5373 1933 5435 Ecclesiae
1953 5373 2078 5450 catholi-

1329 5483 1380 5529 cae
1394 5467 1537 5544 adiicere,
1553 5469 1651 5546 eatque
1667 5477 1769 5529 tamen
1784 5467 1899 5530 sanciti
1914 5467 1994 5544 lege,
2006 5483 2078 5530 cum

1329 5559 1441 5622 dixerit
1462 5559 1544 5622 selle
1564 5577 1596 5622 se
1617 5560 1655 5622 de
1678 5562 1734 5622 boc
1760 5561 1888 5640 negotio
1916 5562 2078 5626 nobiscum

1329 5669 1431 5730 agere,
1444 5653 1587 5716 dubitare
1601 5654 1726 5732 quidem
1738 5669 1801 5716 non
1813 5669 1988 5732 possumus,
2000 5653 2078 5734 quin

1327 5763 1489 5810 summum
1512 5747 1664 5810 Ecclesiae
1684 5746 1850 5811 catholicae
1871 5747 2027 5810 Pastorem
2045 5765 2078 5810 ac

2127 547 2179 614 Aa.
2191 561 2218 616 c.
2237 565 2293 624 1825
