4750 6980
2102 527 2158 583 An.
2174 530 2210 584 G.
2232 523 2312 580 179³

311 525 410 584 auc.
432 523 500 584 trae
549 474 607 591 lli

994 561 996 564 ·
1051 542 1115 592 11111.
1139 537 1229 591 PONE.
1253 541 1294 590 br.
1315 545 1344 590 P·
1367 537 1397 590 F·
1422 545 1504 592 PARS
1526 543 1548 590 1.

1325 663 1488 726 scientiam
1509 664 1603 743 ipsius
1627 661 1725 728 iuturi
1748 661 1888 744 Episcopi
1906 677 2000 742 super
2014 661 2072 726 hoc

1327 761 1494 823 onerando.

258 643 265 664 ⁸
307 677 511 742 3333333333-
569 664 657 740 §El
680 662 749 726 Noa
771 661 962 727 obstantibus
983 663 1095 727 nostris
1110 672 1141 726 et
1156 662 1273 728 caucel-

298 736 443 780 ²¹³¹¹⁰¹⁰¹²
529 757 620 819 lariae
637 758 818 835 apostolicae
833 757 1004 837 praedictae
1021 758 1135 834 regulis
1151 759 1188 822 de
1203 759 1271 820 iure

528 853 664 930 quaesito
688 866 751 914 333
772 851 969 926 1311333333
990 850 1027 914 de
1048 851 1270 930 suppressioni-

527 945 595 1019 bus,
628 944 950 1008 dismembrationibus
978 953 1008 1007 et
1039 945 1206 1007 unionibus
1234 946 1269 1007 ad

527 1047 629 1117 partes
649 1040 890 1114 committendis,
906 1056 939 1102 ac
960 1042 996 1104 de
1019 1039 1222 1118 exprimendo
1237 1039 1269 1101 in

527 1133 571 1194 eis
592 1149 667 1196 vero
688 1150 792 1196 annuo
813 1134 1037 1196 beneficiorum
1055 1134 1270 1197 ecclesiastieo-

528 1243 597 1289 rum
619 1228 735 1304 valore,
752 1243 808 1290 nec
824 1243 886 1290 non
901 1227 1116 1291 Lateranensis
1138 1227 1269 1292 Consilii

527 1320 693 1383 novissime
721 1320 862 1384 celebrati
886 1322 1016 1384 uniones
1045 1328 1075 1383 et
1096 1321 1268 1399 applicatio·

527 1431 581 1477 nes
602 1423 764 1495 perpetuas
792 1415 850 1476 nisi
873 1414 906 1475 in
934 1415 1053 1479 casibus
1074 1433 1089 1475 a
1111 1415 1179 1477 iure
1200 1430 1267 1494 per·

526 1509 626 1570 missis
648 1509 714 1570 lieri
743 1513 773 1570 et
794 1509 831 1570 ab
847 1506 977 1570 ecclesia
1002 1508 1140 1570 membra
1162 1507 1269 1570 distin·

525 1603 578 1678 gui
593 1610 623 1664 et
638 1602 732 1664 dividi
754 1602 957 1679 prohibentis,
974 1619 1006 1664 33
1028 1603 1187 1682 quibusvis
1202 1603 1268 1664 aliis

524 1698 617 1759 31333
642 1697 674 1760 33
703 1697 910 1773 synodalibus,
940 1697 1191 1774 provincialibus,
1216 1713 1269 1774 ge-

524 1791 680 1853 neralibus
701 1791 991 1869 universalibusque
1014 1791 1151 1854 conciliis
1179 1791 1267 1853 editis

525 1885 574 1947 vel
584 1884 710 1948 edendis
724 1884 905 1962 specialibus
921 1884 971 1945 vel
987 1885 1180 1961 generalibus
1195 1901 1266 1949 cou-

522 1977 736 2040 stitutionibus
760 1987 791 2040 et
811 1978 1058 2041 ordinationibus
1083 1978 1265 2057 apostolicis,

523 2073 681 2149 dictaeque
692 2071 836 2135 ecclesiae
850 2073 1066 2136 Posnaniensis
1080 2073 1173 2135 etiam
1186 2073 1265 2136 iura·

522 2173 640 2241 mento,
657 2168 890 2230 confirmatione
901 2168 1074 2245 apostolica,
1092 2168 1141 2230 vel
1158 2169 1265 2247 quavis

522 2262 669 2323 firmitate
684 2260 740 2322 alia
756 2261 904 2322 roboratis
918 2261 1041 2324 statutis
1056 2269 1086 2324 et
1101 2270 1265 2325 consuetu-

521 2355 655 2431 dinibus,
667 2354 838 2434 privilegiis
847 2371 983 2434 quoque,
994 2355 1264 2417 indultisetliteris

422 2461 427 2476 “
520 2448 692 2527 33331313333
714 2448 874 2527 quibusvis
888 2449 1097 2526 superioribus
1112 2457 1143 2510 et
1160 2465 1263 2526 perso·

520 2543 568 2602 nis
583 2541 641 2603 sub
656 2540 902 2618 quibuscumque
923 2541 1083 2603 tenoribus
1098 2549 1128 2603 et
1143 2543 1262 2618 termis,

519 2653 552 2696 ac
564 2650 634 2695 cum
647 2635 806 2712 quibusvis
824 2633 917 2694 etiam
932 2635 1196 2710 clerugatoriarum
1212 2636 1262 2698 de-

520 2729 691 2805 rogator-iis,
705 2727 832 2806 aliisque
847 2728 1078 2803 ellicacioribus,
1095 2729 1262 2792 efficacissi-

518 2823 576 2884 mis
590 2829 621 2884 et
635 2822 767 2884 insolitis
782 2821 937 2896 clausulis
953 2822 1210 2902 irritantibusque
1231 2834 1262 2887 et

518 2916 584 2978 aliis
599 2915 728 2978 decretis
743 2915 775 2976 in
791 2915 971 2991 generevel
993 2915 1025 2976 in
1047 2916 1148 2994 specie
1168 2919 1260 2980 eliam

518 3009 764 3084 3313333313
786 3017 817 3070 et
838 3011 992 3086 potestatis
1014 3010 1208 3088 plenitudine
1223 3014 1262 3074 si-

518 3105 643 3167 milibus
658 3119 713 3181 333
729 3111 866 3179 tempore
882 3104 1031 3166 concessis
1047 3111 1077 3166 et
1092 3108 1261 3170 conceden-

517 3198 580 3274 dis;
597 3197 709 3276 quibus
724 3195 868 3258 omnibus
878 3203 908 3258 et
922 3195 1055 3273 singulis
1070 3199 1190 3260 etiamsi
1204 3217 1260 3279 pro

517 3292 643 3353 illorum
664 3289 828 3351 sufficienti
850 3289 1048 3366 derogatione
1063 3291 1185 3356 aliosde
1201 3293 1260 3356 illis

517 3393 688 3462 eorumque
699 3384 770 3445 totis
783 3383 942 3445 tenoribus
956 3384 1104 3461 specialis,
1120 3388 1258 3465 specifica

516 3486 547 3540 et
568 3493 722 3557 expressa,
744 3496 778 3541 ac
800 3477 971 3553 individua,
993 3495 1026 3540 ac
1047 3480 1084 3541 de
1105 3481 1200 3542 verbo
1221 3482 1258 3544 ad

514 3573 658 3647 verbum,
675 3587 738 3634 non
760 3579 863 3633 autem
885 3587 940 3649 per
959 3571 1109 3634 clausulas
1131 3589 1258 3650 genera·

514 3667 558 3728 les
579 3666 660 3728 idem
693 3667 907 3744 imponantes,
935 3667 1056 3728 mentio
1076 3672 1107 3728 et
1133 3669 1257 3746 quaevis

514 3759 570 3820 alia
592 3761 685 3822 etiam
700 3759 855 3838 expressio
871 3761 1016 3835 habenda,
1032 3775 1085 3822 seu
1101 3762 1257 3838 quaelibet

513 3853 581 3928 alia,
595 3854 688 3914 etiam
700 3853 862 3931 exquisita,
875 3852 972 3915 forma
984 3855 1019 3916 ad
1035 3853 1093 3915 hoc
1107 3858 1256 3919 servanda

513 3947 604 4024 13331,
622 3953 745 4010 1333333
760 3947 949 4022 huiusmodi,
965 3965 998 4009 33
1011 3947 1037 4008 33
1053 3950 1090 4010 de
1111 3951 1205 4012 verbo
1220 3950 1256 4012 ad

513 4042 645 4104 verbum
667 4041 744 4104 nibil
766 4033 889 4118 penitus
911 4042 1034 4118 omisso,
1050 4051 1082 4105 et
1103 4043 1200 4105 13333
1222 4044 1254 4107 33

511 4136 571 4197 31133
591 4136 700 4198 tradita
722 4135 878 4197 observata
901 4136 991 4197 etiam
1014 4137 1123 4198 inserti
1138 4137 1252 4215 forent,

511 4230 628 4292 eisdem
650 4229 862 4307 praesentibus
877 4244 932 4308 pro
948 4228 1039 4308 plene
1054 4236 1084 4290 et
1099 4230 1254 4294 33133333-

512 4329 559 4385 133
580 4322 732 4400 expressis
746 4327 777 4384 et
791 4322 914 4384 insertis
929 4322 1087 4400 habentes,
1107 4323 1168 4386 illis
1182 4324 1254 4386 alias

510 4419 543 4478 in
558 4433 614 4479 suo
629 4416 740 4478 robore
751 4415 972 4494 permansuris,
987 4415 1134 4478 latissime
1149 4418 1254 4496 31313-Ι

511 4509 638 4572 nissime
659 4511 695 4572 ad
718 4509 956 4588 praemissorum
971 4509 1196 4574 validissimum
1209 4512 1253 4574 el-

510 4603 627 4666 lectum
647 4602 822 4680 specialiter
836 4611 867 4664 et
881 4618 1035 4681 expresse,
1052 4621 1186 4667 333333
1202 4622 1253 4685 op-

509 4704 644 4775 portune
665 4704 695 4758 et
716 4696 815 4760 valide
829 4699 883 4758 bac
898 4697 966 4759 vice
982 4700 1139 4762 dumtaxat
1150 4713 1250 4778 motu,

489 4789 635 4852 seientia
656 4797 688 4852 et
710 4791 863 4869 potestatis
885 4789 1080 4869 plenitudine
1098 4793 1252 4856 similibus

508 4881 703 4962 derogamus,
726 4883 916 4963 caeterisque
942 4886 1105 4948 contrariis
1126 4886 1253 4965 quibus-

1367 852 1385 926 5
1406 851 1454 914 23.
1479 851 1631 916 Volumus
1652 853 1743 914 etiam
1760 852 1842 933 quod
1864 867 2012 932 personae
2026 852 2070 914 di·
2107 859 2324 924 ,033331530-

1325 953 1391 1007 ctae
1413 945 1564 1008 Ecclesiae
1578 945 1770 1010 Varsaviensi
1786 964 1841 1027 per
1855 954 1971 1021 333,31
1984 961 2069 1024 prae·
2089 914 2325 1024 ilbililida'bblff

1325 1037 1435 1112 lertur,
1467 1047 1586 1102 erectae
1615 1049 1676 1102 tam
1704 1057 1759 1119 pro
1785 1041 1840 1102 hac
1868 1040 1967 1119 prima
1990 1041 2068 1116 vice,
2089 1020 2137 1070 ¹³⁵·

1325 1147 1417 1209 quam
1439 1130 1513 1193 dum
1535 1132 1621 1196 illam
1644 1135 1674 1194 33
1690 1133 1833 1196 1313333
1855 1148 1910 1211 333
1930 1139 2070 1213 1333333

1324 1224 1450 1302 33313333
1472 1225 1580 1288 3313133
1601 1226 1727 1290 destitui
1750 1226 1927 1304 contigerit,
1943 1242 1998 1305 per
2013 1242 2068 1288 uos

1324 1325 1354 1378 31
1374 1334 1562 1382 successores
1584 1327 1705 1382 nostros
1730 1319 1883 1382 Romanos
1904 1319 2068 1382 Pontifices

1323 1425 1378 1487 pro
1401 1419 1541 1492 1333333
1562 1414 1730 1476 existentes
1752 1413 1784 1474 in
1802 1412 1964 1490 Episcopus
1983 1426 2068 1488 prae-

1323 1503 1481 1579 ficiendae,
1494 1505 1598 1567 literas
1613 1505 1790 1584 apostolicas
1804 1506 1863 1568 sub
1875 1505 2002 1583 plumbo
2012 1521 2068 1583 per

1322 1599 1534 1661 cancellariam
1556 1601 1751 1678 apostolicam
1772 1600 1957 1678 praedictam
1980 1603 2068 1663 desu-

1321 1707 1377 1768 per
1391 1692 1429 1754 de
1441 1709 1528 1755 more
1539 1696 1684 1773 expedire
1699 1695 1828 1758 debeant
1843 1703 1874 1758 et
1886 1702 2063 1758 teneantur.

1362 1785 1450 1858 §Ele
1475 1787 1634 1850 Praeterea
1661 1789 1755 1850 etiam
1788 1789 1951 1863 volumus,
1983 1787 2066 1867 quod
2128 1797 2321 1872 ,3333333133

1321 1876 1440 1941 1333133
1461 1881 1631 1958 praedictae
1652 1898 1778 1945 mensae
1798 1882 1976 1962 episcopalis
1991 1849 2322 1966 var-ibllidlib‘issilff

1320 1971 1467 2036 saviensis
1488 1991 1543 2053 per
1563 1991 1630 2050 nos,
1648 1982 1682 2037 ut
1696 1976 1879 2054 praefertur,
1895 1981 2013 2039 3333133
2028 1976 2063 2038 ad
2082 1957 2272 2057 fflfmm
2283 1969 2322 2002 ‘³'

1321 2065 1517 2142 octingentos
1537 2069 1672 2134 11333333
1692 2070 1759 2132 3333
1780 2070 1889 2146 taxari,
1906 2077 1937 2132 et
1958 2069 2066 2132 huius·

1321 2159 1402 2221 modi
1426 2168 1491 2222 taxa
1506 2161 1539 2224 iu
1556 2162 1641 2225 libris
1662 2180 1801 2227 camerae
1815 2164 1998 2243 apostolicae
2012 2163 2063 2225 de-

1319 2252 1410 2314 scribi
1432 2254 1550 2316 debeat.
1608 2275 1610 2280 ·

1358 2348 1377 2422 ἓ
1398 2347 1447 2410 25.
1461 2348 1546 2412 Nulli
1560 2367 1634 2428 ergo
1649 2353 1780 2416 333333
1794 2354 1959 2416 hominum
1975 2352 2063 2417 liceat
2113 2365 2233 2426 sanccio
2256 2377 2320 2423 soe·

1319 2441 1397 2504 trano
1415 2443 1557 2522 paginam
1573 2453 1695 2507 3331333
1710 2447 1944 2526 3333333333333,
1960 2447 2062 2510 extin·
2080 2415 2158 2464 Μ’·

1318 2534 1440 2611 3133333,
1459 2538 1633 2614 erectionis,
1651 2539 1868 2616 institutionis,
1884 2542 2060 2604 declaratio·
2216 2557 2233 2588 ⁰

1318 2627 1378 2704 nis,
1403 2629 1641 2707 substitutionis,
1667 2633 1905 2710 subrogationis,
1932 2635 2059 2711 decreti,

1317 2723 1535 2800 ordinationis,
1558 2725 1858 2803 dismembrationis,
1882 2727 2058 2804 divisionis,

1316 2818 1525 2895 separationis,
1534 2818 2060 2898 suppositionis,subiectionis,con·

1315 2912 1472 2988 cessionis,
1490 2912 1715 2990 assignationis,
1732 2913 1872 2977 licentiae
1886 2923 1918 2977 et
1935 2917 2061 2981 1333113-

1316 3005 2059 3087 133,333331313333331333333333333,3333113,113-

1316 3102 1403 3176 33313,
1425 3099 1663 3180 constitutionis,
1680 3101 1898 3180 deputationis,
1911 3106 2059 3181 posterio-

1316 3195 1357 3256 ris
1379 3195 1522 3258 licentiae
1543 3205 1574 3258 et
1595 3197 1745 3260 1333113133
1760 3199 1991 3278 3333313133333,
2007 3201 2060 3262 de-

1314 3290 1483 3366 rogationis
1504 3299 1537 3352 31
1561 3291 1730 3354 voluntatis
1758 3293 1933 3372 intringere
1958 3295 2009 3357 vel
2029 3295 2057 3356 ei

1313 3400 1390 3446 ausu
1420 3386 1582 3447 temerario
1610 3385 1774 3449 contraire.
1803 3387 1926 3467 Siquis
1953 3397 2057 3451 autem

1312 3479 1369 3539 boc
1382 3486 1535 3542 attentare
1546 3483 1796 3561 praesumpserit,
1809 3483 2058 3561 indignationem

1312 3572 1540 3652 omnipotentis
1552 3574 1606 3635 Dei
1616 3591 1650 3637 ac
1661 3575 1822 3638 beatorum
1832 3577 1915 3640 Petri
1929 3586 1960 3640 et
1971 3578 2057 3640 Pauli

1312 3665 1529 3746 Apostolorum
1554 3668 1621 3730 eius
1641 3686 1674 3730 se
1696 3671 1818 3732 noverit
1844 3671 2055 3735 incursurum.

1352 3759 1460 3822 batum
1471 3776 1564 3839 prope
1577 3763 1766 3825 Florentiam
1783 3764 1814 3826 in
1825 3765 1973 3827 coenobio
1984 3765 2057 3828 Car-

1312 3853 1543 3932 thusianorum,
1562 3854 1827 3936 decimoseptimo
1842 3857 1987 3920 kalendas
2001 3873 2056 3921 no-

1311 3949 1446 4009 vembris
1468 3948 1632 4011 millesimo
1657 3951 1935 4029 septingentesimo
1962 3969 2056 4014 noua-

1310 4040 1428 4116 gesimo
1449 4048 1568 4118 octavo,
1587 4043 1725 4120 33313133.
1749 4045 1849 4108 333133
1870 4061 1951 4108 3333
1964 4061 2050 4108 xxxv.

1563 4247 1802 4257 -—--—--——-

1617 4426 1740 4490 CXXX.

1309 4613 1437 4674 Erectio
1455 4611 1604 4676 ecclesiae
1618 4615 1808 4676 3333313331Ι
1825 4616 1957 4678 Ordinis
1974 4617 2055 4680 Sun-

1348 4706 1393 4767 313
1409 4706 1527 4768 Basilii
1540 4707 1651 4786 Megari
1666 4707 1724 4771 snb
1741 4709 1839 4770 titulo
1857 4710 1973 4773 Beatus
1988 4713 2055 4777 Mo·

1348 4799 1416 4862 riae
1441 4799 1583 4879 Virginis
1604 4805 1636 4860 et
1659 4799 1771 4863 Sancti
1802 4801 1932 4864 Iouaanis
1960 4817 2053 4865 enon-

1346 4892 1479 4972 qelistue
1502 4893 1786 4957 Graeco-Rutieni
1808 4897 1899 4958 113113
1915 4897 2002 4959 ritus
2018 4898 2053 4958 in

508 4994 579 5040 333
602 4995 652 5040 ue.

286 5086 489 5150 praeceptumde
548 4995 638 5148 §qEE
663 5073 700 5134 Et
720 5081 849 5151 attento,
873 5075 953 5155 quod
969 5075 1001 5136 in
1017 5074 1168 5154 praedicta
1191 5078 1249 5139 col·

276 5141 489 5260 Εῗέἓξζὼῗῃὲξῗξῖ
509 5167 629 5243 legiata,
645 5183 724 5247 quae
744 5169 848 5244 etiam,
862 5178 896 5230 ut
912 5169 1092 5248 praefertur,
1108 5185 1250 5248 suppres-

275 5247 489 5349 fflliffialoeffl·
507 5281 537 5324 sa
566 5270 597 5324 31
618 5261 761 5324 'extincta
792 5279 826 5324 ac
854 5262 887 5324 in
919 5263 1122 5326 cathedralem
1156 5266 1253 5328 33313-

505 5357 594 5431 siam,
617 5363 651 5418 ut
673 5355 856 5435 praeterear,
876 5363 976 5419 erecta
997 5357 1143 5421 hactenus
1166 5361 1251 5421 theo·

506 5450 612 5526 legalis
643 5458 674 5511 et
700 5451 938 5527 poenitentiaria
965 5453 1136 5530 respective
1164 5470 1251 5532 prae-

505 5543 621 5605 bendae
644 5543 804 5608 institutae
830 5543 961 5606 minime
988 5547 1140 5622 existunt,
1163 5548 1252 5610 volu-

504 5653 585 5710 mus,
612 5636 692 5717 quod
714 5653 774 5699 333
796 5647 826 5700 31
855 5638 949 5701 311333
974 5641 1166 5717 praebendae
1194 5641 1250 5703 bu·

503 5729 637 5792 3333333
668 5747 722 5808 333
754 5732 854 5810 33333
889 5732 1032 5797 laturum
1065 5734 1250 5813 Episcopum

504 5823 738 5888 Varsaviensem
761 5825 845 5888 iuxta
870 5829 1092 5907 praescriptum
1118 5828 1249 5891 Consilii

413 5966 416 5972 .
504 5917 679 5980 Tridentini
704 5919 783 5996 erigi
805 5927 835 5982 31
863 5921 984 5982 33313133
1012 5921 1154 5998 debeant,
1177 5939 1250 5985 con·

1348 4985 1526 5049 ditionibus
1556 4987 1703 5050 Kiouensi
1731 4993 1762 5049 31
1784 4989 1931 5050 Bretensi
1954 5006 2054 5067 respe-

1347 5081 1428 5141 31333
1450 5078 1643 5142 dioecesibus
1665 5079 1891 5143 existentibus.

1516 5265 1602 5336 raus
1626 5264 1843 5354 33333333

1491 5458 1599 5511 servus
1621 5459 1774 5512 servorun
1801 5444 1865 5524 liei,

1425 5549 1460 5616 ad
1483 5556 1655 5634 perpetuam
1678 5553 1721 5619 rei
1747 5551 1927 5620 memoriam.

1344 5739 1363 5813 ἓ
1386 5739 1413 5799 1.
1438 5739 1618 5818 Suscepiam
1639 5759 1655 5803 a
1678 5743 1777 5818 nobis,
1800 5743 1907 5808 divina
1927 5743 1971 5806 sic
1992 5744 2051 5807 dis·
2099 5761 2293 5812 prooemium.

1304 5843 1440 5912 ponente
1461 5834 1638 5911 clementia,
1661 5837 1829 5915 imparibus
1843 5855 1916 5902 sane
1932 5839 2051 5901 meritis

1303 5926 1452 6005 pastorale
1483 5927 1617 5990 ollicium
1645 5929 1754 6006 exigit,
1777 5935 1812 5991 ut
1838 5931 2049 6009 spiritualibus
