4808 6988
377 563 478 635 tino.
498 569 566 634 mot
615 559 676 642 est

596 718 678 788 sent,
699 709 773 774 alias
801 708 923 788 idcirco,
946 724 1020 792 quas
1049 709 1246 788 integerrimi
1268 707 1341 783 viri,

596 812 688 885 atque
708 805 893 869 eruditionis
908 805 998 868 laude
1012 805 1184 879 clarissimi,
1203 811 1343 867 accurate

595 907 859 975 recognoverunt,
875 907 967 979 atque
982 898 1192 960 accommodas
1207 896 1271 957 tore
1286 912 1342 975 pu·

596 999 716 1067 tarunt,
730 993 913 1055 auctoritate
926 989 1089 1072 apostolica
1108 989 1342 1064 confirmamus,

597 1101 709 1164 easque
735 1086 843 1148 sedulo
869 1101 994 1148 servare
1024 1084 1237 1164 praecipimus.
1262 1083 1344 1146 Sunt

596 1185 701 1242 autern
722 1194 776 1240 eae
797 1179 880 1256 leges
896 1177 1085 1251 huiusmodi,
1101 1175 1260 1238 videlicet:

638 1382 907 1430 constitutiones
929 1380 1072 1429 COLLEGH
1094 1377 1303 1428 nlnnnbonbnt

777 1477 810 1523 tn
831 1476 915 1524 URBE
936 1474 1166 1522 insultabunt.

367 1657 579 1760 tuplagrffinffonstt·
637 1649 706 1725 gb.
732 1651 810 1714 cun
831 1647 899 1711 sine
919 1646 1041 1724 legibus
1066 1642 1152 1708 nulla
1177 1643 1343 1705 bominum

596 1747 723 1808 societas
744 1751 825 1806 stare
846 1741 910 1816 diu,
933 1757 965 1802 ac
981 1741 1093 1802 llorere
1106 1737 1214 1819 possit,
1229 1736 1343 1799 idcirco

596 1836 833 1902 constitutiones
854 1834 1000 1913 legesque
1020 1847 1077 1911 pro
1097 1847 1180 1894 novo
1194 1829 1344 1893 iliberno·

597 1947 670 1995 rum
690 1929 821 2006 collegio
843 1929 876 1991 ad
893 1926 1008 1990 ueteris
1023 1924 1222 1988 Ludovisiani
1238 1921 1345 1985 iliber-

599 2039 712 2087 norum
735 2022 856 2100 collegii
879 2035 1034 2098 normam,
1051 2025 1202 2097 quantum
1226 2031 1275 2078 res
1295 2031 1343 2094 pa-

598 2117 687 2192 titur,
709 2117 948 2180 accommodatas
970 2121 1117 2186 statuere,
1134 2110 1251 2173 nedum
1266 2108 1343 2172 utile

597 2212 648 2273 sed
671 2207 877 2272 necessarium
899 2205 1001 2268 visum
1022 2213 1078 2266 est.

886 2391 1013 2457 CAPUT
1035 2392 1058 2454 l.

620 2585 662 2649 De
684 2579 909 2647 iustitutionis
929 2579 1001 2660 poc,
1018 2585 1048 2641 et
1063 2577 1323 2656 accipiendorum

787 2673 913 2739 dotibus
933 2678 964 2735 ct
986 2670 1153 2736 cloaribus.

389 2884 423 2930 na
440 2881 580 2929 institutio
638 2869 657 2944 ἓ
679 2865 708 2927 ι.
732 2864 811 2927 Cum
834 2861 959 2938 regulae
973 2876 1094 2934 omnes,
1110 2875 1188 2938 quae
1203 2863 1346 2920 statuun-

367 2935 581 3036 ''ffllffl‘ss
599 2953 662 3034 tur,
686 2965 719 3021 ut
740 2963 875 3034 optatam
891 2955 1010 3033 pariant
1026 2954 1206 3028 utilitatem,
1222 2951 1257 3012 ad
1273 2964 1343 3030 pro-

367 3043 438 3145 btlltprp
456 3046 482 3091 et
495 3041 580 3090 olesci-

599 3052 733 3131 positum
752 3049 849 3111 tinem
864 3047 1088 3126 assequendum
1104 3045 1277 3107 conducere
1291 3042 1343 3104 de-

598 3144 702 3220 beant,
723 3149 888 3220 antequam
909 3139 948 3201 de
962 3139 1000 3200 iis
1013 3145 1134 3215 agatur,
1150 3139 1239 3200 valde
1252 3153 1342 3215 expe·

599 3241 665 3302 dire
695 3237 830 3308 videtur,
859 3242 894 3296 ut
922 3231 1078 3311 praecipui
1108 3231 1197 3304 lines,
1229 3229 1343 3308 quibus

598 3331 681 3394 idem
710 3326 876 3404 collegium
908 3325 1097 3398 restituitur,
1121 3331 1204 3385 recte
1229 3321 1343 3385 intelli-

598 3431 724 3502 gantur.

637 3517 703 3580 ouo
724 3515 920 3595 potissimum
943 3521 1018 3575 sunt
1034 3512 1161 3575 buiusce
1176 3511 1346 3574 institutio-

598 3612 646 3674 nis
666 3611 754 3674 tines.
779 3607 901 3671 Primus
921 3609 1059 3687 quidem,
1076 3617 1110 3669 ιιι
1131 3605 1341 3669 ilibernorum

596 3703 838 3768 adolescentium
853 3702 950 3764 animi
964 3702 1136 3779 erigantur,
1153 3701 1340 3775 excitentur,

597 3805 690 3879 atque
711 3797 748 3859 ab
768 3797 898 3859 ineunte
913 3801 1009 3858 aetate
1025 3795 1206 3857 vehementi
1222 3794 1342 3856 iniiam·

597 3892 675 3956 mari
696 3891 812 3969 possint
832 3887 986 3952 desiderio
1006 3889 1039 3950 in
1061 3889 1174 3968 pietate
1201 3904 1236 3950 ac
1257 3888 1343 3950 bonis

597 3987 714 4048 artibus
735 3982 809 4045 alios
823 3983 1009 4062 praestandi,
1026 3997 1060 4043 ea
1074 3996 1129 4060 spe
1143 3983 1274 4059 quodam
1290 3995 1343 4042 ve·

598 4079 655 4142 luti
686 4077 823 4157 praemio
854 4074 967 4150 allecti,
999 4073 1066 4136 lore
1091 4080 1136 4148 ut,
1157 4073 1183 4135 si
1205 4073 1343 4136 coniecto

597 4186 718 4234 summa
733 4184 805 4232 cum
816 4168 905 4230 laude
917 4169 1095 4230 studiorum
1109 4169 1265 4230 curriculo
1277 4167 1343 4230 aliis

597 4265 630 4327 in
658 4263 868 4326 llibernorum
895 4259 1044 4338 collegiis,
1067 4261 1120 4322 ubi
1150 4261 1342 4339 praeclarum

597 4357 739 4421 dederint
755 4353 927 4432 religionis,
939 4354 1058 4430 ingenii
1079 4368 1253 4433 eorumque
1274 4370 1344 4434 pro·

598 4448 697 4512 iectus
710 4449 879 4528 specimen,
892 4465 925 4510 ac
939 4447 1032 4510 simul
1046 4449 1138 4509 sacris
1152 4448 1215 4510 sint
1230 4449 1343 4510 initiati

597 4543 769 4617 ordinibus,
792 4541 921 4604 titulum
941 4550 972 4603 et
992 4540 1041 4604 ius
1068 4543 1220 4621 quoddam
1242 4543 1344 4622 acqui·

597 4643 667 4698 rant
688 4635 835 4698 veniendi
860 4635 1002 4710 Romam,
1023 4651 1058 4696 ac
1077 4635 1210 4712 degendi
1232 4637 1264 4698 in
1287 4637 1344 4699 boc

598 4728 747 4792 nationali
775 4728 915 4804 collegio.
939 4728 994 4790 llic
1014 4743 1089 4790 vero
1118 4729 1186 4790 sine
1207 4729 1272 4791 ullo
1293 4745 1343 4790 eo-

598 4839 669 4886 rum
684 4831 810 4901 sumptu
826 4837 881 4900 per
896 4821 1069 4884 triennium
1084 4823 1219 4899 alentur,
1230 4831 1265 4885 ut
1281 4839 1343 4887 non

598 4919 689 4980 modo
712 4917 809 4994 magis
830 4915 991 4996 magisque
1005 4915 1042 4978 ud
1055 4917 1240 4995 tbaologtcas
1255 4919 1345 4982 disci-

599 5013 697 5089 plinas
718 5027 751 5073 ac
772 5011 966 5090 pontilicium
987 5011 1036 5072 ius
1060 5011 1267 5089 instruantur,
1290 5029 1343 5076 ve·

598 5121 669 5168 rum
690 5105 784 5168 etiam
805 5102 955 5183 quidquid
980 5105 1016 5168 ad
1040 5103 1190 5168 Ecclesiae
1212 5106 1344 5186 discipli-

598 5214 683 5275 nam,
704 5199 741 5261 ad
762 5205 867 5260 uetera
891 5206 1107 5272 monumenta,
1135 5209 1226 5278 atque
1249 5200 1285 5262 ad
1306 5199 1341 5261 li·

598 5296 731 5369 turgrcas
752 5307 801 5354 res
824 5291 970 5370 pertinet,
986 5298 1015 5354 et
1032 5291 1199 5356 theoretice
1220 5300 1251 5354 ct
1273 5300 1341 5356 actu

597 5388 722 5466 penitus
749 5385 886 5449 ediscant
906 5385 939 5447 in
962 5386 1050 5463 urbe,
1073 5402 1150 5465 quae
1177 5386 1342 5450 catholicae

597 5479 759 5558 religionis
779 5481 921 5560 princeps
942 5486 988 5542 est
1012 5486 1043 5542 et
1061 5495 1220 5543 sacrarum
1235 5496 1342 5543 rerum

597 5575 753 5653 magistra.
1235 5641 1237 5650 ,

637 5669 725 5732 niter
744 5684 819 5732 nero
841 5669 1045 5732 institutionis
1069 5670 1139 5732 linis
1161 5669 1194 5732 iu
1215 5685 1252 5732 eo
1274 5686 1342 5733 vcr-

597 5771 694 5839 satur,
717 5772 753 5826 ut
772 5763 990 5841 adolescentes,
1013 5765 1067 5842 qui
1089 5766 1149 5827 rite
1170 5764 1293 5840 delecti,
1313 5771 1343 5826 et

597 5856 806 5920 commendati
827 5872 844 5918 a
862 5858 1055 5936 praesulibus
1084 5858 1259 5932 Hiberniae,
1283 5856 1342 5921 no-

597 5965 681 6018 mam
703 5952 860 6028 venerint,
877 5952 916 6013 ita
935 5950 1159 6030 inlormentur,
1174 5962 1211 6015 ut
1224 5954 1260 6016 ad
1275 5969 1345 6016 ver·

1113 581 1179 640 iuit.
1202 579 1294 638 nour.
1318 588 1359 636 ot
1380 573 1409 635 i.
1433 574 1463 636 tl.
1487 588 1570 636 rans
1591 579 1613 635 ι.

1398 705 1475 771 bum
1497 707 1551 770 Dei
1573 706 1826 787 praedicandum,
1848 700 1914 770 sire
1935 703 1971 770 ad
1989 703 2143 772 obeundas

1398 801 1431 864 in
1452 801 1548 880 patria
1571 801 1744 877 missiones,
1760 802 1850 881 plane
1870 801 1974 864 idonei
1988 803 2143 881 reperian-

1398 900 1462 966 tur,
1485 903 1516 956 et
1537 895 1682 958 omnibus
1704 896 1847 975 exemplo
1867 896 1943 973 sint,
1960 913 2023 961 non
2040 899 2144 962 minus

1398 987 1481 1049 ritae
1496 988 1674 1064 integritate
1690 996 1783 1067 atque
1797 990 1948 1066 doctrina,
1961 1005 2054 1070 quam
2065 989 2144 1052 cbri-

1396 1081 1494 1142 stiana
1515 1081 1704 1156 bumilitate,
1720 1097 1845 1144 morum
1865 1083 2017 1145 suavitate
2030 1091 2062 1145 et
2076 1083 2146 1145 cba-

1398 1173 1499 1249 ritate,
1523 1173 1563 1236 ita
1583 1173 1701 1239 scilicet
1718 1175 1738 1236 ii
1754 1182 1859 1252 eruut,
1875 1175 1929 1256 qui
1945 1183 1975 1238 et
1992 1176 2145 1255 Episcopis

1397 1280 1523 1344 operam
1544 1266 1576 1329 in
1599 1268 1766 1331 excolendo
1789 1283 1883 1346 grege
1898 1277 2046 1348 poterunt
2060 1285 2146 1350 prae-

1396 1367 1488 1434 stare,
1512 1371 1542 1424 et
1572 1362 1753 1425 oatbolicam
1783 1363 1968 1442 religionem
1998 1364 2146 1428 adversus

1396 1452 1464 1514 cius
1485 1453 1588 1516 bostes
1610 1455 1726 1518 invicte
1748 1471 1960 1534 propugnare:
1983 1472 2062 1536 quae
2085 1472 2145 1519 una

1396 1544 1422 1606 si
1443 1547 1604 1622 attentius,
1628 1556 1663 1610 ut
1683 1562 1738 1626 par
1758 1533 1816 1624 e'st,
1839 1550 2060 1627 perpendatur,
2079 1565 2143 1613 non

1396 1637 1497 1700 sotum
1519 1640 1551 1702 in
1572 1641 1678 1716 altera,
1701 1642 1752 1704 sed
1775 1641 1867 1703 etiam
1888 1641 1942 1704 bac
1957 1643 2019 1721 ipsa
2034 1643 2068 1704 in
2082 1644 2146 1705 rita

1396 1730 1497 1793 civilis
1518 1733 1670 1797 societatis
1690 1750 1807 1814 pacem,
1825 1735 2082 1814 tranquillitatem
2103 1737 2146 1800 ie·

1397 1823 1607 1906 licitatemque
1627 1838 1794 1907 comparat.

1437 1918 1500 1980 lam
1522 1935 1624 2000 porro,
1653 1922 1709 1984 etsi
1730 1921 1912 2000 praecipuus
1940 1932 2032 2002 atque
2053 1925 2146 2004 potis-

1396 2011 1493 2074 simus
1512 2015 1552 2075 sit
1573 2014 1701 2078 buiusce
1722 2016 1844 2094 collegii
1862 2017 1932 2079 linis
1946 2032 2002 2080 suo
2016 2025 2146 2097 sumptu

1397 2121 1449 2167 eos
1470 2106 1679 2172 adolescentes
1701 2110 1831 2173 omnino
1850 2109 1944 2186 alere,
1961 2119 2146 2174 nontamen

1397 2200 1709 2281 praetermittendum
1731 2219 1856 2282 operam
1870 2203 1943 2267 dare
1959 2205 2147 2269 institutioni

1398 2292 1541 2370 aliorum,
1558 2295 1612 2374 qui
1631 2310 1733 2374 nequo
1747 2297 1847 2360 studia
1861 2297 2076 2375 absoluerunt,
2093 2315 2147 2361 ne·

1397 2403 1459 2465 que
1488 2389 1586 2450 adbuc
1614 2387 1706 2452 sacris
1734 2388 1896 2452 ordinibus
1923 2389 2049 2466 initiati,
2072 2407 2147 2471 quo-

1398 2479 1592 2559 tiescumque
1621 2482 1820 2560 praecipuum
1850 2482 1966 2562 aliquid
1995 2483 2145 2562 vectigal,

1397 2575 1478 2651 quod
1501 2575 1649 2652 temporis
1670 2590 1835 2654 progressu
1855 2575 1943 2639 tacite
1956 2585 2147 2642 eventurum

1397 2675 1550 2746 speratur,
1567 2683 1622 2747 pro
1638 2668 1693 2731 bac
1707 2669 1951 2733 adolescentium
1965 2671 2061 2734 classe
2075 2690 2147 2737 con-

1397 2761 1556 2836 stituatur,
1579 2762 1629 2824 vel
1650 2763 1742 2824 etiam
1758 2762 1783 2824 si
1798 2763 1879 2826 forte
1894 2765 2062 2830 Hiberniae
2078 2769 2147 2849 Epi-

1397 2855 1481 2933 scopi
1503 2855 1620 2918 vellent
1643 2856 1773 2919 iuvenes
1794 2856 1924 2936 aliquos,
1940 2859 2007 2922 sive
2021 2863 2147 2942 presby·

1400 2957 1492 3023 teros,
1514 2949 1580 3011 sive
1601 2949 1738 3027 clericos,
1755 2951 1786 3012 in
1801 2953 1866 3013 boc
1885 2953 2054 3031 collegium
2076 2958 2148 3020 mit-

1399 3049 1465 3104 tere
1485 3042 1563 3104 inibi
1584 3042 1766 3120 educandos,
1788 3054 1881 3124 atquo
1902 3045 1934 3108 in
1953 3047 2065 3112 studiis
2079 3066 2147 3129 per-

1398 3134 1554 3210 tloiendos,
1580 3151 1716 3213 congrua
1745 3153 1869 3216 semper
1896 3141 2014 3216 pensio,
2036 3143 2089 3204 vel
2111 3145 2147 3207 ab

1398 3228 1469 3306 ipsis
1492 3229 1658 3308 Episcopis,
1675 3229 1724 3291 vel
1744 3229 1781 3291 ab
1794 3233 1977 3294 eorumdem
1993 3235 2147 3298 iuvenum

1397 3323 1587 3404 parentibus,
1609 3323 1716 3386 aliisve
1736 3325 1773 3386 ad
1793 3339 1904 3389 eorum
1926 3327 2147 3392 substentatio-

1398 3431 1471 3480 nem
1502 3416 1705 3496 persolvatur.
1731 3418 1835 3498 ltaque
1857 3419 1890 3494 ii,
1911 3421 1966 3498 qui
1995 3429 2146 3500 poterunt

1397 3509 1527 3587 collegio
1553 3509 1663 3588 excipi,
1688 3511 1721 3572 in
1751 3520 1884 3590 quatuor
1913 3511 2147 3578 distribuuntur

1397 3603 1516 3666 classes.
1540 3603 1642 3667 Prima
1662 3619 1784 3680 eorum,
1800 3605 1864 3686 qui,
1881 3622 2008 3670 emenso
2029 3611 2146 3673 studio-

1397 3714 1470 3761 rum
1485 3715 1589 3774 cursu,
1599 3713 1699 3761 sacros
1714 3698 1839 3762 ordines
1854 3701 1915 3762 iam
1929 3711 2145 3782 susceperunt,

1398 3793 1521 3870 collegii
1541 3798 1670 3870 sumptu
1684 3795 1814 3857 omnino
1829 3795 1946 3874 alendi,
1962 3797 2059 3860 altera
2075 3815 2146 3861 ron-

1400 3886 1565 3962 victorum,
1583 3886 1638 3965 qui
1659 3886 1765 3949 eadem
1781 3889 1813 3949 in
1829 3889 2007 3953 conditione
2021 3907 2146 3956 versan-

1400 3988 1466 4059 tur,
1478 3981 1575 4043 tertia
1589 3977 1841 4058 adolescentium,
1854 3983 1907 4061 qui
1922 3985 2063 4047 nondum
2079 3986 2146 4064 pbi-

1399 4075 1560 4154 losopbicis
1579 4073 1820 4153 theologicisque
1834 4074 2004 4154 disciplinis
2020 4094 2145 4157 operam

1399 4176 1565 4243 natarunt,
1594 4183 1697 4246 neque
1725 4184 1824 4233 sacros
1851 4169 1976 4232 ordines
2003 4187 2144 4252 suscepe·

1398 4270 1484 4336 runt,
1506 4261 1624 4341 quique
1652 4275 1690 4323 ex
1712 4261 1840 4339 pecunia
1869 4263 1994 4328 aliunde
2024 4275 2146 4346 accepta

1398 4355 1741 4435 sustentaud13quarta
1767 4355 1904 4437 denique
1930 4360 2145 4423 convictorum

1398 4449 1537 4512 eiusdem
1558 4450 1674 4510 aetatis.

1440 4547 1471 4613 st
1487 4546 1592 4625 is,qui
1607 4546 1756 4621 mittitur,
1772 4544 1798 4606 si
1812 4545 1849 4607 ad
1863 4546 1995 4625 primam
2010 4549 2145 4626 pertinet

1398 4641 1538 4713 classem,
1562 4655 1671 4702 eorum
1692 4639 1820 4715 scilicet,
1843 4641 1896 4719 qui
1917 4643 1952 4702 ad
1975 4657 2076 4704 sacros
2097 4657 2145 4703 or-

1399 4735 1486 4798 dines
1517 4731 1649 4812 promoti
1678 4741 1765 4810 sunt,
1788 4741 1819 4795 et
1840 4733 1951 4812 quibus
1982 4734 2145 4814 praecipuo

1399 4830 1532 4908 quodam
1546 4826 1616 4898 iure
1631 4826 1715 4888 lotus
1730 4827 1762 4887 in
1777 4826 1906 4904 collegio
1921 4828 2052 4891 debetur
2069 4836 2145 4890 tam-

1399 4937 1492 5002 quam
1512 4920 1686 5000 praemium
1708 4919 1906 4998 meritorum,
1919 4921 2033 5000 quibus
2048 4923 2081 4984 in
2096 4937 2146 5002 pa-

1397 5017 1457 5078 tria
1479 5014 1712 5094 praestiterunt,
1729 5022 1763 5076 ut
1784 5030 1875 5094 supra
1890 5013 2145 5078 commemorari·

1399 5125 1479 5184 mus,
1503 5109 1527 5168 is
1548 5107 1685 5185 primunr
1707 5108 1850 5171 omnium
1871 5109 1983 5172 rectori
1999 5108 2145 5171 exbibero

1398 5201 1522 5265 debebit
1545 5199 1766 5263 testimoniales
1786 5200 1891 5264 literas
1911 5219 1927 5262 a
1948 5208 2081 5281 quatuor
2096 5201 2144 5264 lli·

1400 5296 1524 5358 berniae
1545 5293 1758 5373 bietropolit‘ts,
1780 5294 1831 5358 vel
1851 5296 1947 5357 etiam
1965 5295 2003 5358 ab
2017 5311 2092 5372 uno,
2108 5297 2144 5358 de

1397 5388 1530 5451 aliorum
1559 5386 1713 5451 sententia
1743 5388 1940 5467 subscriptas,
1971 5403 2049 5467 quae
2079 5389 2144 5450 eius

1399 5483 1509 5546 merita
1539 5489 1705 5560 testentur,
1727 5498 1865 5564 eumque
1895 5483 2027 5562 dignum
2055 5496 2144 5560 repu-

1398 5586 1477 5654 tent,
1500 5577 1554 5656 qui
1576 5577 1609 5640 in
1632 5576 1762 5655 collegio
1783 5576 1964 5656 excipiatur.
1981 5575 2143 5656 Explorata

1398 5675 1431 5734 bc
1452 5673 1510 5733 rite
1540 5676 1697 5750 perspecta
1727 5669 1877 5734 eiusmodi
1906 5670 2066 5734 literarum
2093 5687 2143 5733 au·

1400 5763 1604 5840 tbenticitate,
1631 5763 1809 5826 candidatus
1839 5765 1997 5828 tenebitur
2022 5771 2143 5828 tantum

1399 5864 1545 5938 pecuniae
1566 5857 1680 5919 rectori
1693 5856 1825 5934 soluere,
1842 5867 1995 5936 quantum
2013 5857 2144 5938 requiri·

1399 5959 1450 6015 tur
1471 5967 1526 6030 pro
1558 5949 1708 6028 impensis
1727 5951 1762 6014 ad
1784 5950 1925 6015 eiusdem
1953 5953 2090 6023 reditum
2112 5951 2142 6014 in

2170 564 2219 632 Aa.
2230 579 2253 636 o.
2267 587 2316 644 isac
