<?xml version="1.0" encoding="UTF-8"?>
<!DOCTYPE html PUBLIC "-//W3C//DTD XHTML 1.0 Transitional//EN"
    "http://www.w3.org/TR/xhtml1/DTD/xhtml1-transitional.dtd">
<html xmlns="http://www.w3.org/1999/xhtml" xml:lang="en" lang="en">
 <head>
  <title>
</title>
<meta http-equiv="Content-Type" content="text/html;charset=utf-8" />
  <meta name='ocr-system' content='tesseract 3.04.00' />
  <meta name='ocr-capabilities' content='ocr_page ocr_carea ocr_par ocr_line ocrx_word'/>
</head>
<body>
  <div class='ocr_page' id='page_1' title='image "./iurispontificii00martgoog_0268.png"; bbox 0 0 4740 6962; ppageno 0'>
   <div class='ocr_carea' id='block_1_1' title="bbox 79 557 234 624">
    <p class='ocr_par' dir='ltr' id='par_1_1' title="bbox 79 557 234 624">
     <span class='ocr_line' id='line_1_1' title="bbox 79 557 234 624; baseline -0.065 0"><span class='ocrx_word' id='word_1_1' title='bbox 79 573 118 624; x_wconf 71' lang='lat' dir='ltr'><strong>ba.</strong></span> <span class='ocrx_word' id='word_1_2' title='bbox 128 567 155 618; x_wconf 86' lang='lat' dir='ltr'><strong>c.</strong></span> <span class='ocrx_word' id='word_1_3' title='bbox 174 557 234 616; x_wconf 77' lang='lat' dir='ltr'><strong>last</strong></span> 
     </span>
    </p>
   </div>
   <div class='ocr_carea' id='block_1_2' title="bbox 27 2005 325 2138">
    <p class='ocr_par' dir='ltr' id='par_1_2' title="bbox 27 2005 325 2138">
     <span class='ocr_line' id='line_1_2' title="bbox 86 2005 325 2082; baseline -0.008 -2"><span class='ocrx_word' id='word_1_4' title='bbox 86 2014 247 2082; x_wconf 68' lang='lat' dir='ltr'><strong>nanneno</strong></span> <span class='ocrx_word' id='word_1_5' title='bbox 304 2005 325 2079; x_wconf 71' lang='grc' dir='ltr'><strong>ἓ</strong></span> 
     </span>
     <span class='ocr_line' id='line_1_3' title="bbox 27 2075 248 2138; baseline -0.027 -22"><span class='ocrx_word' id='word_1_6' title='bbox 27 2133 28 2138; x_wconf 12' lang='grc'>1</span> <span class='ocrx_word' id='word_1_7' title='bbox 77 2075 248 2130; x_wconf 57' lang='lat' dir='ltr'><strong>maturrum-</strong></span> 
     </span>
    </p>
   </div>
   <div class='ocr_carea' id='block_1_3' title="bbox 83 4649 255 4748">
    <p class='ocr_par' dir='ltr' id='par_1_3' title="bbox 83 4649 255 4748">
     <span class='ocr_line' id='line_1_4' title="bbox 89 4649 255 4704; baseline 0.012 -12"><span class='ocrx_word' id='word_1_8' title='bbox 89 4649 192 4704; x_wconf 74' lang='lat' dir='ltr'><strong>barcpatio</strong></span> <span class='ocrx_word' id='word_1_9' title='bbox 201 4659 255 4694; x_wconf 85' lang='lat' dir='ltr'><strong>rou·</strong></span> 
     </span>
     <span class='ocr_line' id='line_1_5' title="bbox 83 4703 193 4748; baseline 0.018 -4"><span class='ocrx_word' id='word_1_10' title='bbox 83 4703 193 4748; x_wconf 72' lang='lat' dir='ltr'><strong>tuncrum.</strong></span> 
     </span>
    </p>
   </div>
   <div class='ocr_carea' id='block_1_4' title="bbox 930 561 1173 632">
    <p class='ocr_par' dir='ltr' id='par_1_4' title="bbox 930 561 1173 632">
     <span class='ocr_line' id='line_1_6' title="bbox 930 561 1173 632; baseline -0.012 -19"><span class='ocrx_word' id='word_1_11' title='bbox 930 565 1001 614; x_wconf 77' lang='lat' dir='ltr'><strong>erus</strong></span> <span class='ocrx_word' id='word_1_12' title='bbox 1022 563 1072 612; x_wconf 81' lang='lat' dir='ltr'><strong>rr.</strong></span> <span class='ocrx_word' id='word_1_13' title='bbox 1096 561 1139 611; x_wconf 89' lang='lat' dir='ltr'><strong>rr.</strong></span> <span class='ocrx_word' id='word_1_14' title='bbox 1168 623 1173 632; x_wconf 18' lang='grc' dir='ltr'>ὁ</span> 
     </span>
    </p>
   </div>
   <div class='ocr_carea' id='block_1_5' title="bbox 260 685 1005 764">
    <p class='ocr_par' dir='ltr' id='par_1_5' title="bbox 260 685 1005 764">
     <span class='ocr_line' id='line_1_7' title="bbox 260 685 1005 764; baseline -0.008 -12"><span class='ocrx_word' id='word_1_15' title='bbox 260 705 365 752; x_wconf 88' lang='lat' dir='ltr'><strong>manae</strong></span> <span class='ocrx_word' id='word_1_16' title='bbox 386 687 539 752; x_wconf 80' lang='lat' dir='ltr'><strong>Ecclesiae</strong></span> <span class='ocrx_word' id='word_1_17' title='bbox 554 687 764 752; x_wconf 77' lang='lat' dir='ltr'><strong>cardinalium</strong></span> <span class='ocrx_word' id='word_1_18' title='bbox 779 686 914 764; x_wconf 80' lang='lat' dir='ltr'><strong>negotiis</strong></span> <span class='ocrx_word' id='word_1_19' title='bbox 933 685 1005 747; x_wconf 91' lang='lat' dir='ltr'><strong>Pro·</strong></span> 
     </span>
    </p>
   </div>
   <div class='ocr_carea' id='block_1_6' title="bbox 1064 680 1808 762">
    <p class='ocr_par' dir='ltr' id='par_1_6' title="bbox 1064 680 1808 762">
     <span class='ocr_line' id='line_1_8' title="bbox 1064 680 1808 762; baseline -0.005 -17"><span class='ocrx_word' id='word_1_20' title='bbox 1064 682 1146 746; x_wconf 93' lang='lat' dir='ltr'><strong>tibus</strong></span> <span class='ocrx_word' id='word_1_21' title='bbox 1167 699 1222 762; x_wconf 91' lang='lat' dir='ltr'><strong>pro</strong></span> <span class='ocrx_word' id='word_1_22' title='bbox 1252 681 1342 762; x_wconf 87' lang='lat' dir='ltr'><strong>plene</strong></span> <span class='ocrx_word' id='word_1_23' title='bbox 1363 687 1395 744; x_wconf 92' lang='lat' dir='ltr'><strong>et</strong></span> <span class='ocrx_word' id='word_1_24' title='bbox 1422 681 1615 748; x_wconf 86' lang='lat' dir='ltr'><strong>sufficienter</strong></span> <span class='ocrx_word' id='word_1_25' title='bbox 1644 680 1808 761; x_wconf 80' lang='lat' dir='ltr'><strong>expressis,</strong></span> 
     </span>
    </p>
   </div>
   <div class='ocr_carea' id='block_1_7' title="bbox 259 774 1809 863">
    <p class='ocr_par' dir='ltr' id='par_1_7' title="bbox 259 774 1809 863">
     <span class='ocr_line' id='line_1_9' title="bbox 259 774 1809 863; baseline -0.006 -17"><span class='ocrx_word' id='word_1_26' title='bbox 259 783 412 863; x_wconf 79' lang='lat' dir='ltr'><strong>paqaudae</strong></span> <span class='ocrx_word' id='word_1_27' title='bbox 422 782 508 846; x_wconf 80' lang='lat' dir='ltr'><strong>Fidei</strong></span> <span class='ocrx_word' id='word_1_28' title='bbox 524 782 768 862; x_wconf 90' lang='lat' dir='ltr'><strong>praepositorum</strong></span> <span class='ocrx_word' id='word_1_29' title='bbox 782 779 923 855; x_wconf 88' lang='lat' dir='ltr'><strong>consilio,</strong></span> <span class='ocrx_word' id='word_1_30' title='bbox 936 778 1006 842; x_wconf 90' lang='lat' dir='ltr'><strong>lun·</strong></span> <span class='ocrx_word' id='word_1_31' title='bbox 1063 795 1097 840; x_wconf 92' lang='lat' dir='ltr'><strong>ac</strong></span> <span class='ocrx_word' id='word_1_32' title='bbox 1118 779 1155 840; x_wconf 92' lang='lat' dir='ltr'><strong>de</strong></span> <span class='ocrx_word' id='word_1_33' title='bbox 1176 777 1271 839; x_wconf 83' lang='lat' dir='ltr'><strong>uerbo</strong></span> <span class='ocrx_word' id='word_1_34' title='bbox 1292 777 1327 840; x_wconf 90' lang='lat' dir='ltr'><strong>ad</strong></span> <span class='ocrx_word' id='word_1_35' title='bbox 1349 775 1483 838; x_wconf 84' lang='lat' dir='ltr'><strong>verbum</strong></span> <span class='ocrx_word' id='word_1_36' title='bbox 1505 775 1628 838; x_wconf 87' lang='lat' dir='ltr'><strong>insertis</strong></span> <span class='ocrx_word' id='word_1_37' title='bbox 1648 774 1809 848; x_wconf 89' lang='lat' dir='ltr'><strong>babentes,</strong></span> 
     </span>
    </p>
   </div>
   <div class='ocr_carea' id='block_1_8' title="bbox 259 873 1016 2816">
    <p class='ocr_par' dir='ltr' id='par_1_8' title="bbox 259 873 1013 1984">
     <span class='ocr_line' id='line_1_10' title="bbox 259 873 1006 946; baseline -0.009 -6"><span class='ocrx_word' id='word_1_38' title='bbox 259 879 414 940; x_wconf 90' lang='lat' dir='ltr'><strong>dationem</strong></span> <span class='ocrx_word' id='word_1_39' title='bbox 434 876 593 940; x_wconf 91' lang='lat' dir='ltr'><strong>seminarii</strong></span> <span class='ocrx_word' id='word_1_40' title='bbox 615 876 796 938; x_wconf 91' lang='lat' dir='ltr'><strong>clericorum</strong></span> <span class='ocrx_word' id='word_1_41' title='bbox 817 873 1006 946; x_wconf 85' lang='lat' dir='ltr'><strong>huiusmodi,</strong></span> 
     </span>
     <span class='ocr_line' id='line_1_11' title="bbox 260 967 1008 1046; baseline -0.011 -12"><span class='ocrx_word' id='word_1_42' title='bbox 260 988 316 1034; x_wconf 90' lang='lat' dir='ltr'><strong>nec</strong></span> <span class='ocrx_word' id='word_1_43' title='bbox 337 987 400 1034; x_wconf 89' lang='lat' dir='ltr'><strong>non</strong></span> <span class='ocrx_word' id='word_1_44' title='bbox 422 971 609 1034; x_wconf 91' lang='lat' dir='ltr'><strong>electionem</strong></span> <span class='ocrx_word' id='word_1_45' title='bbox 631 969 780 1046; x_wconf 80' lang='lat' dir='ltr'><strong>regentis,</strong></span> <span class='ocrx_word' id='word_1_46' title='bbox 800 967 1008 1046; x_wconf 73' lang='lat' dir='ltr'><strong>processurum</strong></span> 
     </span>
     <span class='ocr_line' id='line_1_12' title="bbox 261 1060 1009 1143; baseline -0.012 -15"><span class='ocrx_word' id='word_1_47' title='bbox 261 1075 290 1128; x_wconf 88' lang='lat' dir='ltr'><strong>et</strong></span> <span class='ocrx_word' id='word_1_48' title='bbox 309 1073 547 1143; x_wconf 86' lang='lat' dir='ltr'><strong>procuratorum</strong></span> <span class='ocrx_word' id='word_1_49' title='bbox 562 1063 702 1126; x_wconf 90' lang='lat' dir='ltr'><strong>eiusdem</strong></span> <span class='ocrx_word' id='word_1_50' title='bbox 716 1060 875 1124; x_wconf 90' lang='lat' dir='ltr'><strong>seminarii</strong></span> <span class='ocrx_word' id='word_1_51' title='bbox 895 1060 928 1122; x_wconf 92' lang='lat' dir='ltr'><strong>in</strong></span> <span class='ocrx_word' id='word_1_52' title='bbox 941 1073 1009 1138; x_wconf 93' lang='lat' dir='ltr'><strong>per-</strong></span> 
     </span>
     <span class='ocr_line' id='line_1_13' title="bbox 261 1151 1010 1236; baseline -0.012 -16"><span class='ocrx_word' id='word_1_53' title='bbox 261 1175 349 1221; x_wconf 86' lang='lat' dir='ltr'><strong>sonas</strong></span> <span class='ocrx_word' id='word_1_54' title='bbox 367 1158 593 1220; x_wconf 92' lang='lat' dir='ltr'><strong>monacbcrum</strong></span> <span class='ocrx_word' id='word_1_55' title='bbox 609 1153 756 1236; x_wconf 78' lang='lat' dir='ltr'><strong>praedicti</strong></span> <span class='ocrx_word' id='word_1_56' title='bbox 770 1154 892 1219; x_wconf 85' lang='lat' dir='ltr'><strong>Ordinis</strong></span> <span class='ocrx_word' id='word_1_57' title='bbox 915 1151 945 1216; x_wconf 90' lang='lat' dir='ltr'><strong>S.</strong></span> <span class='ocrx_word' id='word_1_58' title='bbox 956 1151 1010 1212; x_wconf 90' lang='lat' dir='ltr'><strong>Ba-</strong></span> 
     </span>
     <span class='ocr_line' id='line_1_14' title="bbox 261 1247 1011 1331; baseline -0.011 -17"><span class='ocrx_word' id='word_1_59' title='bbox 261 1252 320 1314; x_wconf 90' lang='lat' dir='ltr'><strong>silii</strong></span> <span class='ocrx_word' id='word_1_60' title='bbox 341 1252 448 1330; x_wconf 82' lang='lat' dir='ltr'><strong>magui</strong></span> <span class='ocrx_word' id='word_1_61' title='bbox 469 1250 645 1331; x_wconf 85' lang='lat' dir='ltr'><strong>provinciae</strong></span> <span class='ocrx_word' id='word_1_62' title='bbox 660 1247 871 1310; x_wconf 79' lang='lat' dir='ltr'><strong>lithuaniaea</strong></span> <span class='ocrx_word' id='word_1_63' title='bbox 893 1260 1011 1308; x_wconf 89' lang='lat' dir='ltr'><strong>memo·</strong></span> 
     </span>
     <span class='ocr_line' id='line_1_15' title="bbox 263 1337 1010 1421; baseline -0.012 -14"><span class='ocrx_word' id='word_1_64' title='bbox 263 1353 327 1408; x_wconf 89' lang='lat' dir='ltr'><strong>rato</strong></span> <span class='ocrx_word' id='word_1_65' title='bbox 346 1344 556 1408; x_wconf 83' lang='lat' dir='ltr'><strong>liasimilianc</strong></span> <span class='ocrx_word' id='word_1_66' title='bbox 578 1343 745 1421; x_wconf 80' lang='lat' dir='ltr'><strong>Episcopo,</strong></span> <span class='ocrx_word' id='word_1_67' title='bbox 769 1349 804 1403; x_wconf 90' lang='lat' dir='ltr'><strong>nt</strong></span> <span class='ocrx_word' id='word_1_68' title='bbox 825 1337 1010 1420; x_wconf 81' lang='lat' dir='ltr'><strong>praefertur,</strong></span> 
     </span>
     <span class='ocr_line' id='line_1_16' title="bbox 262 1436 1011 1516; baseline -0.015 -14"><span class='ocrx_word' id='word_1_69' title='bbox 262 1439 352 1502; x_wconf 87' lang='lat' dir='ltr'><strong>lactas</strong></span> <span class='ocrx_word' id='word_1_70' title='bbox 372 1438 556 1501; x_wconf 91' lang='lat' dir='ltr'><strong>auctoritate</strong></span> <span class='ocrx_word' id='word_1_71' title='bbox 570 1436 730 1516; x_wconf 90' lang='lat' dir='ltr'><strong>apostoliea</strong></span> <span class='ocrx_word' id='word_1_72' title='bbox 746 1444 856 1499; x_wconf 90' lang='lat' dir='ltr'><strong>tenore</strong></span> <span class='ocrx_word' id='word_1_73' title='bbox 869 1446 1011 1512; x_wconf 88' lang='lat' dir='ltr'><strong>praesen·</strong></span> 
     </span>
     <span class='ocr_line' id='line_1_17' title="bbox 265 1526 1012 1610; baseline -0.015 -14"><span class='ocrx_word' id='word_1_74' title='bbox 265 1535 341 1596; x_wconf 92' lang='lat' dir='ltr'><strong>tium</strong></span> <span class='ocrx_word' id='word_1_75' title='bbox 363 1533 586 1596; x_wconf 80' lang='lat' dir='ltr'><strong>conflrmamus</strong></span> <span class='ocrx_word' id='word_1_76' title='bbox 607 1540 638 1593; x_wconf 92' lang='lat' dir='ltr'><strong>et</strong></span> <span class='ocrx_word' id='word_1_77' title='bbox 659 1529 872 1610; x_wconf 85' lang='lat' dir='ltr'><strong>approbamus,</strong></span> <span class='ocrx_word' id='word_1_78' title='bbox 889 1526 1012 1603; x_wconf 91' lang='lat' dir='ltr'><strong>illisque</strong></span> 
     </span>
     <span class='ocr_line' id='line_1_18' title="bbox 264 1617 1013 1704; baseline -0.015 -14"><span class='ocrx_word' id='word_1_79' title='bbox 264 1625 449 1690; x_wconf 77' lang='lat' dir='ltr'><strong>inviolabilis</strong></span> <span class='ocrx_word' id='word_1_80' title='bbox 464 1623 645 1704; x_wconf 89' lang='lat' dir='ltr'><strong>apostolicae</strong></span> <span class='ocrx_word' id='word_1_81' title='bbox 659 1622 816 1686; x_wconf 84' lang='lat' dir='ltr'><strong>firmitatis</strong></span> <span class='ocrx_word' id='word_1_82' title='bbox 830 1620 927 1685; x_wconf 90' lang='lat' dir='ltr'><strong>robur</strong></span> <span class='ocrx_word' id='word_1_83' title='bbox 940 1617 1013 1680; x_wconf 90' lang='lat' dir='ltr'><strong>adii·</strong></span> 
     </span>
     <span class='ocr_line' id='line_1_19' title="bbox 264 1709 1013 1798; baseline -0.016 -14"><span class='ocrx_word' id='word_1_84' title='bbox 264 1723 375 1798; x_wconf 87' lang='lat' dir='ltr'><strong>cimus,</strong></span> <span class='ocrx_word' id='word_1_85' title='bbox 396 1734 569 1798; x_wconf 70' lang='lat' dir='ltr'><strong>omnmque</strong></span> <span class='ocrx_word' id='word_1_86' title='bbox 589 1724 621 1779; x_wconf 90' lang='lat' dir='ltr'><strong>et</strong></span> <span class='ocrx_word' id='word_1_87' title='bbox 640 1715 780 1794; x_wconf 80' lang='lat' dir='ltr'><strong>singulos</strong></span> <span class='ocrx_word' id='word_1_88' title='bbox 795 1714 870 1778; x_wconf 92' lang='lat' dir='ltr'><strong>iuris</strong></span> <span class='ocrx_word' id='word_1_89' title='bbox 891 1721 922 1777; x_wconf 89' lang='lat' dir='ltr'><strong>ct</strong></span> <span class='ocrx_word' id='word_1_90' title='bbox 942 1709 1013 1774; x_wconf 90' lang='lat' dir='ltr'><strong>iacti</strong></span> 
     </span>
     <span class='ocr_line' id='line_1_20' title="bbox 265 1803 1013 1890; baseline -0.017 -12"><span class='ocrx_word' id='word_1_91' title='bbox 265 1814 416 1890; x_wconf 87' lang='lat' dir='ltr'><strong>delectus,</strong></span> <span class='ocrx_word' id='word_1_92' title='bbox 438 1813 464 1874; x_wconf 93' lang='lat' dir='ltr'><strong>si</strong></span> <span class='ocrx_word' id='word_1_93' title='bbox 485 1811 540 1890; x_wconf 93' lang='lat' dir='ltr'><strong>qui</strong></span> <span class='ocrx_word' id='word_1_94' title='bbox 560 1810 692 1889; x_wconf 86' lang='lat' dir='ltr'><strong>desuper</strong></span> <span class='ocrx_word' id='word_1_95' title='bbox 713 1806 945 1888; x_wconf 86' lang='lat' dir='ltr'><strong>quomodolibet</strong></span> <span class='ocrx_word' id='word_1_96' title='bbox 966 1803 1013 1866; x_wconf 90' lang='lat' dir='ltr'><strong>iu·</strong></span> 
     </span>
     <span class='ocr_line' id='line_1_21' title="bbox 267 1904 904 1984; baseline -0.017 -13"><span class='ocrx_word' id='word_1_97' title='bbox 267 1907 472 1981; x_wconf 82' lang='lat' dir='ltr'><strong>terrenerint,</strong></span> <span class='ocrx_word' id='word_1_98' title='bbox 494 1904 678 1984; x_wconf 90' lang='lat' dir='ltr'><strong>supplemus</strong></span> <span class='ocrx_word' id='word_1_99' title='bbox 699 1911 729 1964; x_wconf 94' lang='lat' dir='ltr'><strong>et</strong></span> <span class='ocrx_word' id='word_1_100' title='bbox 750 1915 904 1964; x_wconf 90' lang='lat' dir='ltr'><strong>sanamus.</strong></span> 
     </span>
    </p>

    <p class='ocr_par' dir='ltr' id='par_1_9' title="bbox 265 1989 1016 2816">
     <span class='ocr_line' id='line_1_22' title="bbox 344 1989 1013 2073; baseline -0.022 -8"><span class='ocrx_word' id='word_1_101' title='bbox 344 2003 373 2065; x_wconf 76' lang='lat' dir='ltr'><strong>b.</strong></span> <span class='ocrx_word' id='word_1_102' title='bbox 398 2002 574 2073; x_wconf 87' lang='lat' dir='ltr'><strong>Praeterea,</strong></span> <span class='ocrx_word' id='word_1_103' title='bbox 605 1995 733 2061; x_wconf 89' lang='lat' dir='ltr'><strong>utdicti</strong></span> <span class='ocrx_word' id='word_1_104' title='bbox 753 1993 912 2058; x_wconf 92' lang='lat' dir='ltr'><strong>seminarii</strong></span> <span class='ocrx_word' id='word_1_105' title='bbox 934 1989 1013 2068; x_wconf 78' lang='lat' dir='ltr'><strong>regi-</strong></span> 
     </span>
     <span class='ocr_line' id='line_1_23' title="bbox 265 2089 1013 2176; baseline -0.025 -13"><span class='ocrx_word' id='word_1_106' title='bbox 265 2115 339 2162; x_wconf 85' lang='lat' dir='ltr'><strong>men</strong></span> <span class='ocrx_word' id='word_1_107' title='bbox 360 2098 440 2176; x_wconf 91' lang='lat' dir='ltr'><strong>apud</strong></span> <span class='ocrx_word' id='word_1_108' title='bbox 462 2095 589 2162; x_wconf 87' lang='lat' dir='ltr'><strong>eosdem</strong></span> <span class='ocrx_word' id='word_1_109' title='bbox 600 2091 766 2156; x_wconf 85' lang='lat' dir='ltr'><strong>monachus</strong></span> <span class='ocrx_word' id='word_1_110' title='bbox 779 2089 811 2151; x_wconf 93' lang='lat' dir='ltr'><strong>in</strong></span> <span class='ocrx_word' id='word_1_111' title='bbox 828 2093 1013 2168; x_wconf 89' lang='lat' dir='ltr'><strong>perpetuum</strong></span> 
     </span>
     <span class='ocr_line' id='line_1_24' title="bbox 266 2179 1015 2273; baseline -0.025 -16"><span class='ocrx_word' id='word_1_112' title='bbox 266 2199 460 2273; x_wconf 86' lang='lat' dir='ltr'><strong>permaneat,</strong></span> <span class='ocrx_word' id='word_1_113' title='bbox 483 2193 515 2250; x_wconf 94' lang='lat' dir='ltr'><strong>et</strong></span> <span class='ocrx_word' id='word_1_114' title='bbox 535 2201 657 2250; x_wconf 88' lang='lat' dir='ltr'><strong>summa</strong></span> <span class='ocrx_word' id='word_1_115' title='bbox 678 2186 788 2248; x_wconf 91' lang='lat' dir='ltr'><strong>eodem</strong></span> <span class='ocrx_word' id='word_1_116' title='bbox 808 2179 1015 2245; x_wconf 79' lang='lat' dir='ltr'><strong>Maximiliano</strong></span> 
     </span>
     <span class='ocr_line' id='line_1_25' title="bbox 268 2275 1015 2366; baseline -0.021 -18"><span class='ocrx_word' id='word_1_117' title='bbox 268 2286 418 2366; x_wconf 82' lang='lat' dir='ltr'><strong>Episcopo</strong></span> <span class='ocrx_word' id='word_1_118' title='bbox 428 2298 482 2362; x_wconf 90' lang='lat' dir='ltr'><strong>pro</strong></span> <span class='ocrx_word' id='word_1_119' title='bbox 494 2280 675 2344; x_wconf 88' lang='lat' dir='ltr'><strong>lundatione</strong></span> <span class='ocrx_word' id='word_1_120' title='bbox 690 2275 866 2340; x_wconf 83' lang='lat' dir='ltr'><strong>huiusmodi</strong></span> <span class='ocrx_word' id='word_1_121' title='bbox 879 2278 1015 2350; x_wconf 80' lang='lat' dir='ltr'><strong>erogata,</strong></span> 
     </span>
     <span class='ocr_line' id='line_1_26' title="bbox 267 2369 1016 2458; baseline -0.016 -17"><span class='ocrx_word' id='word_1_122' title='bbox 267 2381 431 2458; x_wconf 85' lang='lat' dir='ltr'><strong>eidemque</strong></span> <span class='ocrx_word' id='word_1_123' title='bbox 461 2373 629 2438; x_wconf 90' lang='lat' dir='ltr'><strong>seminario</strong></span> <span class='ocrx_word' id='word_1_124' title='bbox 653 2372 813 2446; x_wconf 88' lang='lat' dir='ltr'><strong>attributa,</strong></span> <span class='ocrx_word' id='word_1_125' title='bbox 836 2369 924 2432; x_wconf 90' lang='lat' dir='ltr'><strong>nullo</strong></span> <span class='ocrx_word' id='word_1_126' title='bbox 947 2382 1016 2428; x_wconf 91' lang='lat' dir='ltr'><strong>um·</strong></span> 
     </span>
     <span class='ocr_line' id='line_1_27' title="bbox 267 2461 1016 2554; baseline -0.023 -17"><span class='ocrx_word' id='word_1_127' title='bbox 267 2489 361 2554; x_wconf 90' lang='lat' dir='ltr'><strong>qnam</strong></span> <span class='ocrx_word' id='word_1_128' title='bbox 382 2479 525 2549; x_wconf 89' lang='lat' dir='ltr'><strong>tempore</strong></span> <span class='ocrx_word' id='word_1_129' title='bbox 544 2468 576 2531; x_wconf 90' lang='lat' dir='ltr'><strong>in</strong></span> <span class='ocrx_word' id='word_1_130' title='bbox 598 2467 672 2529; x_wconf 89' lang='lat' dir='ltr'><strong>alios</strong></span> <span class='ocrx_word' id='word_1_131' title='bbox 701 2481 776 2528; x_wconf 90' lang='lat' dir='ltr'><strong>usus</strong></span> <span class='ocrx_word' id='word_1_132' title='bbox 801 2461 942 2526; x_wconf 89' lang='lat' dir='ltr'><strong>converti</strong></span> <span class='ocrx_word' id='word_1_133' title='bbox 963 2467 1016 2522; x_wconf 91' lang='lat' dir='ltr'><strong>aut</strong></span> 
     </span>
     <span class='ocr_line' id='line_1_28' title="bbox 270 2559 1016 2639; baseline -0.02 -11"><span class='ocrx_word' id='word_1_134' title='bbox 270 2568 333 2630; x_wconf 91' lang='lat' dir='ltr'><strong>ullo</strong></span> <span class='ocrx_word' id='word_1_135' title='bbox 355 2564 447 2629; x_wconf 91' lang='lat' dir='ltr'><strong>modo</strong></span> <span class='ocrx_word' id='word_1_136' title='bbox 467 2580 484 2625; x_wconf 91' lang='lat' dir='ltr'><strong>a</strong></span> <span class='ocrx_word' id='word_1_137' title='bbox 505 2563 568 2625; x_wconf 91' lang='lat' dir='ltr'><strong>suis</strong></span> <span class='ocrx_word' id='word_1_138' title='bbox 589 2562 621 2624; x_wconf 92' lang='lat' dir='ltr'><strong>iu</strong></span> <span class='ocrx_word' id='word_1_139' title='bbox 643 2562 723 2624; x_wconf 92' lang='lat' dir='ltr'><strong>dicto</strong></span> <span class='ocrx_word' id='word_1_140' title='bbox 744 2559 920 2639; x_wconf 90' lang='lat' dir='ltr'><strong>episcopatu</strong></span> <span class='ocrx_word' id='word_1_141' title='bbox 948 2569 1016 2618; x_wconf 94' lang='lat' dir='ltr'><strong>suc·</strong></span> 
     </span>
     <span class='ocr_line' id='line_1_29' title="bbox 270 2649 1015 2736; baseline -0.02 -13"><span class='ocrx_word' id='word_1_142' title='bbox 270 2659 440 2723; x_wconf 71' lang='lat' dir='ltr'><strong>caesoribus</strong></span> <span class='ocrx_word' id='word_1_143' title='bbox 454 2655 593 2720; x_wconf 79' lang='lat' dir='ltr'><strong>amoveri</strong></span> <span class='ocrx_word' id='word_1_144' title='bbox 607 2654 713 2736; x_wconf 88' lang='lat' dir='ltr'><strong>possit,</strong></span> <span class='ocrx_word' id='word_1_145' title='bbox 724 2651 902 2726; x_wconf 79' lang='lat' dir='ltr'><strong>statuimus,</strong></span> <span class='ocrx_word' id='word_1_146' title='bbox 914 2649 1015 2712; x_wconf 89' lang='lat' dir='ltr'><strong>decer-</strong></span> 
     </span>
     <span class='ocr_line' id='line_1_30' title="bbox 271 2750 648 2816; baseline -0.013 -1"><span class='ocrx_word' id='word_1_147' title='bbox 271 2755 375 2816; x_wconf 86' lang='lat' dir='ltr'><strong>nimus</strong></span> <span class='ocrx_word' id='word_1_148' title='bbox 396 2763 427 2814; x_wconf 85' lang='lat' dir='ltr'><strong>et</strong></span> <span class='ocrx_word' id='word_1_149' title='bbox 447 2750 648 2814; x_wconf 90' lang='lat' dir='ltr'><strong>declaramus.</strong></span> 
     </span>
    </p>
   </div>
   <div class='ocr_carea' id='block_1_9' title="bbox 26 2839 1017 3054">
    <p class='ocr_par' dir='ltr' id='par_1_10' title="bbox 26 2839 1017 3054">
     <span class='ocr_line' id='line_1_31' title="bbox 90 2839 1017 2922; baseline -0.012 -14"><span class='ocrx_word' id='word_1_150' title='bbox 90 2860 253 2908; x_wconf 73' lang='lat' dir='ltr'><strong>transutasua</strong></span> <span class='ocrx_word' id='word_1_151' title='bbox 311 2847 379 2922; x_wconf 71' lang='lat' dir='ltr'><strong>§lb</strong></span> <span class='ocrx_word' id='word_1_152' title='bbox 403 2847 610 2908; x_wconf 77' lang='lat' dir='ltr'><strong>decernentes</strong></span> <span class='ocrx_word' id='word_1_153' title='bbox 632 2842 754 2904; x_wconf 89' lang='lat' dir='ltr'><strong>easdem</strong></span> <span class='ocrx_word' id='word_1_154' title='bbox 770 2839 872 2902; x_wconf 89' lang='lat' dir='ltr'><strong>literas</strong></span> <span class='ocrx_word' id='word_1_155' title='bbox 893 2851 1017 2916; x_wconf 87' lang='lat' dir='ltr'><strong>semper</strong></span> 
     </span>
     <span class='ocr_line' id='line_1_32' title="bbox 26 2917 253 3054; baseline -0.018 -37"><span class='ocrx_word' id='word_1_156' title='bbox 26 2999 28 3054; x_wconf 82' lang='lat'><strong>,</strong></span> <span class='ocrx_word' id='word_1_157' title='bbox 80 2918 115 3016; x_wconf 85' lang='lat' dir='ltr'><strong>n</strong></span> <span class='ocrx_word' id='word_1_158' title='bbox 129 2917 253 3014; x_wconf 70' lang='lat' dir='ltr'><strong>stes·</strong></span> 
     </span>
    </p>
   </div>
   <div class='ocr_carea' id='block_1_10' title="bbox 256 2929 1023 6030">
    <p class='ocr_par' dir='ltr' id='par_1_11' title="bbox 272 2929 1018 3020">
     <span class='ocr_line' id='line_1_33' title="bbox 272 2929 1018 3020; baseline -0.017 -16"><span class='ocrx_word' id='word_1_159' title='bbox 272 2949 302 3006; x_wconf 92' lang='lat' dir='ltr'><strong>et</strong></span> <span class='ocrx_word' id='word_1_160' title='bbox 323 2946 474 3020; x_wconf 85' lang='lat' dir='ltr'><strong>perpetuo</strong></span> <span class='ocrx_word' id='word_1_161' title='bbox 493 2937 609 3010; x_wconf 84' lang='lat' dir='ltr'><strong>firmas,</strong></span> <span class='ocrx_word' id='word_1_162' title='bbox 624 2933 739 2997; x_wconf 74' lang='lat' dir='ltr'><strong>validas</strong></span> <span class='ocrx_word' id='word_1_163' title='bbox 753 2941 785 2995; x_wconf 91' lang='lat' dir='ltr'><strong>et</strong></span> <span class='ocrx_word' id='word_1_164' title='bbox 806 2931 940 2994; x_wconf 85' lang='lat' dir='ltr'><strong>efficaces</strong></span> <span class='ocrx_word' id='word_1_165' title='bbox 954 2929 1018 2994; x_wconf 83' lang='lat' dir='ltr'><strong>eri·</strong></span> 
     </span>
    </p>

    <p class='ocr_par' dir='ltr' id='par_1_12' title="bbox 256 3025 1023 4610">
     <span class='ocr_line' id='line_1_34' title="bbox 256 3025 1017 3112; baseline -0.016 -14"><span class='ocrx_word' id='word_1_166' title='bbox 256 3045 355 3112; x_wconf 63' lang='lat' dir='ltr'><strong>,storo</strong></span> <span class='ocrx_word' id='word_1_167' title='bbox 367 3050 401 3096; x_wconf 89' lang='lat' dir='ltr'><strong>ac</strong></span> <span class='ocrx_word' id='word_1_168' title='bbox 415 3031 495 3108; x_wconf 89' lang='lat' dir='ltr'><strong>lore,</strong></span> <span class='ocrx_word' id='word_1_169' title='bbox 508 3045 642 3109; x_wconf 90' lang='lat' dir='ltr'><strong>suosque</strong></span> <span class='ocrx_word' id='word_1_170' title='bbox 657 3026 811 3107; x_wconf 88' lang='lat' dir='ltr'><strong>plenarios</strong></span> <span class='ocrx_word' id='word_1_171' title='bbox 832 3033 863 3088; x_wconf 92' lang='lat' dir='ltr'><strong>et</strong></span> <span class='ocrx_word' id='word_1_172' title='bbox 878 3025 1017 3102; x_wconf 81' lang='lat' dir='ltr'><strong>integros</strong></span> 
     </span>
     <span class='ocr_line' id='line_1_35' title="bbox 272 3119 1018 3197; baseline -0.02 -5"><span class='ocrx_word' id='word_1_173' title='bbox 272 3131 399 3192; x_wconf 77' lang='lat' dir='ltr'><strong>clientas</strong></span> <span class='ocrx_word' id='word_1_174' title='bbox 419 3125 523 3188; x_wconf 92' lang='lat' dir='ltr'><strong>sortiri</strong></span> <span class='ocrx_word' id='word_1_175' title='bbox 539 3132 571 3187; x_wconf 91' lang='lat' dir='ltr'><strong>et</strong></span> <span class='ocrx_word' id='word_1_176' title='bbox 584 3121 738 3197; x_wconf 86' lang='lat' dir='ltr'><strong>obtinere,</strong></span> <span class='ocrx_word' id='word_1_177' title='bbox 754 3137 787 3184; x_wconf 93' lang='lat' dir='ltr'><strong>ac</strong></span> <span class='ocrx_word' id='word_1_178' title='bbox 802 3119 874 3195; x_wconf 88' lang='lat' dir='ltr'><strong>illis,</strong></span> <span class='ocrx_word' id='word_1_179' title='bbox 891 3121 926 3182; x_wconf 94' lang='lat' dir='ltr'><strong>ad</strong></span> <span class='ocrx_word' id='word_1_180' title='bbox 941 3133 1018 3197; x_wconf 90' lang='lat' dir='ltr'><strong>quos</strong></span> 
     </span>
     <span class='ocr_line' id='line_1_36' title="bbox 272 3215 1018 3303; baseline -0.019 -17"><span class='ocrx_word' id='word_1_181' title='bbox 272 3229 387 3303; x_wconf 88' lang='lat' dir='ltr'><strong>spectat</strong></span> <span class='ocrx_word' id='word_1_182' title='bbox 402 3231 435 3283; x_wconf 89' lang='lat' dir='ltr'><strong>et</strong></span> <span class='ocrx_word' id='word_1_183' title='bbox 453 3235 510 3298; x_wconf 93' lang='lat' dir='ltr'><strong>pro</strong></span> <span class='ocrx_word' id='word_1_184' title='bbox 525 3224 665 3296; x_wconf 90' lang='lat' dir='ltr'><strong>tempore</strong></span> <span class='ocrx_word' id='word_1_185' title='bbox 679 3215 938 3293; x_wconf 83' lang='lat' dir='ltr'><strong>quandocumque</strong></span> <span class='ocrx_word' id='word_1_186' title='bbox 951 3227 1018 3292; x_wconf 91' lang='lat' dir='ltr'><strong>spe·</strong></span> 
     </span>
     <span class='ocr_line' id='line_1_37' title="bbox 272 3305 1017 3391; baseline -0.015 -13"><span class='ocrx_word' id='word_1_187' title='bbox 272 3317 377 3391; x_wconf 84' lang='lat' dir='ltr'><strong>stabit,</strong></span> <span class='ocrx_word' id='word_1_188' title='bbox 401 3315 433 3377; x_wconf 90' lang='lat' dir='ltr'><strong>iu</strong></span> <span class='ocrx_word' id='word_1_189' title='bbox 455 3312 600 3374; x_wconf 87' lang='lat' dir='ltr'><strong>omnibus</strong></span> <span class='ocrx_word' id='word_1_190' title='bbox 621 3318 652 3372; x_wconf 89' lang='lat' dir='ltr'><strong>et</strong></span> <span class='ocrx_word' id='word_1_191' title='bbox 674 3308 854 3386; x_wconf 89' lang='lat' dir='ltr'><strong>peremnia</strong></span> <span class='ocrx_word' id='word_1_192' title='bbox 876 3305 1017 3385; x_wconf 87' lang='lat' dir='ltr'><strong>plenissi-</strong></span> 
     </span>
     <span class='ocr_line' id='line_1_38' title="bbox 273 3401 1017 3484; baseline -0.013 -12"><span class='ocrx_word' id='word_1_193' title='bbox 273 3425 321 3472; x_wconf 87' lang='lat' dir='ltr'><strong>me</strong></span> <span class='ocrx_word' id='word_1_194' title='bbox 342 3406 515 3484; x_wconf 77' lang='lat' dir='ltr'><strong>suflragari,</strong></span> <span class='ocrx_word' id='word_1_195' title='bbox 538 3421 572 3466; x_wconf 88' lang='lat' dir='ltr'><strong>ac</strong></span> <span class='ocrx_word' id='word_1_196' title='bbox 596 3403 698 3466; x_wconf 92' lang='lat' dir='ltr'><strong>abeis</strong></span> <span class='ocrx_word' id='word_1_197' title='bbox 726 3401 897 3480; x_wconf 77' lang='lat' dir='ltr'><strong>respective</strong></span> <span class='ocrx_word' id='word_1_198' title='bbox 918 3401 1017 3464; x_wconf 83' lang='lat' dir='ltr'><strong>invic-</strong></span> 
     </span>
     <span class='ocr_line' id='line_1_39' title="bbox 273 3493 1019 3576; baseline -0.013 -10"><span class='ocrx_word' id='word_1_199' title='bbox 273 3503 407 3566; x_wconf 87' lang='lat' dir='ltr'><strong>labiliter</strong></span> <span class='ocrx_word' id='word_1_200' title='bbox 440 3497 617 3576; x_wconf 87' lang='lat' dir='ltr'><strong>observari;</strong></span> <span class='ocrx_word' id='word_1_201' title='bbox 653 3497 757 3576; x_wconf 91' lang='lat' dir='ltr'><strong>sicque</strong></span> <span class='ocrx_word' id='word_1_202' title='bbox 787 3496 819 3558; x_wconf 90' lang='lat' dir='ltr'><strong>in</strong></span> <span class='ocrx_word' id='word_1_203' title='bbox 845 3493 1019 3575; x_wconf 90' lang='lat' dir='ltr'><strong>praemissis</strong></span> 
     </span>
     <span class='ocr_line' id='line_1_40' title="bbox 272 3588 1018 3670; baseline -0.011 -10"><span class='ocrx_word' id='word_1_204' title='bbox 272 3597 419 3660; x_wconf 89' lang='lat' dir='ltr'><strong>omnibus</strong></span> <span class='ocrx_word' id='word_1_205' title='bbox 437 3603 470 3656; x_wconf 90' lang='lat' dir='ltr'><strong>et</strong></span> <span class='ocrx_word' id='word_1_206' title='bbox 490 3592 623 3669; x_wconf 79' lang='lat' dir='ltr'><strong>siugulis</strong></span> <span class='ocrx_word' id='word_1_207' title='bbox 637 3607 692 3670; x_wconf 86' lang='lat' dir='ltr'><strong>per</strong></span> <span class='ocrx_word' id='word_1_208' title='bbox 706 3604 919 3670; x_wconf 89' lang='lat' dir='ltr'><strong>quoscumque</strong></span> <span class='ocrx_word' id='word_1_209' title='bbox 940 3588 1018 3652; x_wconf 91' lang='lat' dir='ltr'><strong>iudi·</strong></span> 
     </span>
     <span class='ocr_line' id='line_1_41' title="bbox 271 3685 1018 3762; baseline -0.015 -8"><span class='ocrx_word' id='word_1_210' title='bbox 271 3707 321 3754; x_wconf 86' lang='lat' dir='ltr'><strong>ces</strong></span> <span class='ocrx_word' id='word_1_211' title='bbox 343 3687 512 3753; x_wconf 87' lang='lat' dir='ltr'><strong>ordinarios</strong></span> <span class='ocrx_word' id='word_1_212' title='bbox 524 3693 555 3748; x_wconf 93' lang='lat' dir='ltr'><strong>et</strong></span> <span class='ocrx_word' id='word_1_213' title='bbox 569 3685 736 3762; x_wconf 81' lang='lat' dir='ltr'><strong>delegatos,</strong></span> <span class='ocrx_word' id='word_1_214' title='bbox 752 3685 845 3746; x_wconf 90' lang='lat' dir='ltr'><strong>etiam</strong></span> <span class='ocrx_word' id='word_1_215' title='bbox 857 3697 1018 3745; x_wconf 78' lang='lat' dir='ltr'><strong>musarum</strong></span> 
     </span>
     <span class='ocr_line' id='line_1_42' title="bbox 272 3775 1018 3864; baseline -0.013 -18"><span class='ocrx_word' id='word_1_216' title='bbox 272 3785 375 3864; x_wconf 89' lang='lat' dir='ltr'><strong>palatii</strong></span> <span class='ocrx_word' id='word_1_217' title='bbox 397 3780 553 3862; x_wconf 82' lang='lat' dir='ltr'><strong>apostolici</strong></span> <span class='ocrx_word' id='word_1_218' title='bbox 575 3780 740 3853; x_wconf 89' lang='lat' dir='ltr'><strong>auditores,</strong></span> <span class='ocrx_word' id='word_1_219' title='bbox 763 3794 796 3839; x_wconf 90' lang='lat' dir='ltr'><strong>ac</strong></span> <span class='ocrx_word' id='word_1_220' title='bbox 818 3776 946 3840; x_wconf 86' lang='lat' dir='ltr'><strong>Sanctae</strong></span> <span class='ocrx_word' id='word_1_221' title='bbox 961 3775 1018 3838; x_wconf 81' lang='lat' dir='ltr'><strong>llo·</strong></span> 
     </span>
     <span class='ocr_line' id='line_1_43' title="bbox 271 3869 1019 3941; baseline -0.012 0"><span class='ocrx_word' id='word_1_222' title='bbox 271 3893 382 3941; x_wconf 88' lang='lat' dir='ltr'><strong>manae</strong></span> <span class='ocrx_word' id='word_1_223' title='bbox 401 3875 554 3938; x_wconf 82' lang='lat' dir='ltr'><strong>Ecclesiae</strong></span> <span class='ocrx_word' id='word_1_224' title='bbox 568 3872 743 3936; x_wconf 77' lang='lat' dir='ltr'><strong>cardinales</strong></span> <span class='ocrx_word' id='word_1_225' title='bbox 757 3871 850 3933; x_wconf 89' lang='lat' dir='ltr'><strong>etiaua</strong></span> <span class='ocrx_word' id='word_1_226' title='bbox 866 3871 904 3934; x_wconf 91' lang='lat' dir='ltr'><strong>de</strong></span> <span class='ocrx_word' id='word_1_227' title='bbox 925 3869 1019 3933; x_wconf 89' lang='lat' dir='ltr'><strong>latere</strong></span> 
     </span>
     <span class='ocr_line' id='line_1_44' title="bbox 271 3963 1021 4050; baseline -0.011 -16"><span class='ocrx_word' id='word_1_228' title='bbox 271 3973 412 4050; x_wconf 78' lang='lat' dir='ltr'><strong>Legatos,</strong></span> <span class='ocrx_word' id='word_1_229' title='bbox 427 3977 458 4032; x_wconf 90' lang='lat' dir='ltr'><strong>et</strong></span> <span class='ocrx_word' id='word_1_230' title='bbox 473 3967 662 4048; x_wconf 75' lang='lat' dir='ltr'><strong>apostolicae</strong></span> <span class='ocrx_word' id='word_1_231' title='bbox 683 3965 768 4029; x_wconf 89' lang='lat' dir='ltr'><strong>Sedis</strong></span> <span class='ocrx_word' id='word_1_232' title='bbox 785 3963 933 4040; x_wconf 82' lang='lat' dir='ltr'><strong>Nuntios,</strong></span> <span class='ocrx_word' id='word_1_233' title='bbox 948 3963 1021 4027; x_wconf 92' lang='lat' dir='ltr'><strong>sub-</strong></span> 
     </span>
     <span class='ocr_line' id='line_1_45' title="bbox 273 4058 1020 4139; baseline -0.013 -9"><span class='ocrx_word' id='word_1_234' title='bbox 273 4069 331 4130; x_wconf 86' lang='lat' dir='ltr'><strong>tata</strong></span> <span class='ocrx_word' id='word_1_235' title='bbox 352 4067 397 4128; x_wconf 89' lang='lat' dir='ltr'><strong>els</strong></span> <span class='ocrx_word' id='word_1_236' title='bbox 417 4073 448 4126; x_wconf 88' lang='lat' dir='ltr'><strong>et</strong></span> <span class='ocrx_word' id='word_1_237' title='bbox 468 4077 579 4126; x_wconf 89' lang='lat' dir='ltr'><strong>eorum</strong></span> <span class='ocrx_word' id='word_1_238' title='bbox 600 4060 727 4124; x_wconf 90' lang='lat' dir='ltr'><strong>cuilibet</strong></span> <span class='ocrx_word' id='word_1_239' title='bbox 746 4060 854 4139; x_wconf 92' lang='lat' dir='ltr'><strong>quavis</strong></span> <span class='ocrx_word' id='word_1_240' title='bbox 868 4058 958 4121; x_wconf 91' lang='lat' dir='ltr'><strong>aliter</strong></span> <span class='ocrx_word' id='word_1_241' title='bbox 972 4059 1020 4120; x_wconf 89' lang='lat' dir='ltr'><strong>iu·</strong></span> 
     </span>
     <span class='ocr_line' id='line_1_46' title="bbox 271 4153 1021 4235; baseline -0.019 -9"><span class='ocrx_word' id='word_1_242' title='bbox 271 4159 391 4226; x_wconf 73' lang='lat' dir='ltr'><strong>mundi</strong></span> <span class='ocrx_word' id='word_1_243' title='bbox 412 4167 444 4220; x_wconf 90' lang='lat' dir='ltr'><strong>et</strong></span> <span class='ocrx_word' id='word_1_244' title='bbox 464 4153 691 4235; x_wconf 89' lang='lat' dir='ltr'><strong>interpretandi</strong></span> <span class='ocrx_word' id='word_1_245' title='bbox 711 4153 855 4216; x_wconf 89' lang='lat' dir='ltr'><strong>lacultate</strong></span> <span class='ocrx_word' id='word_1_246' title='bbox 868 4160 899 4215; x_wconf 91' lang='lat' dir='ltr'><strong>et</strong></span> <span class='ocrx_word' id='word_1_247' title='bbox 919 4162 1021 4216; x_wconf 91' lang='lat' dir='ltr'><strong>aucto-</strong></span> 
     </span>
     <span class='ocr_line' id='line_1_47' title="bbox 272 4247 1020 4332; baseline -0.011 -16"><span class='ocrx_word' id='word_1_248' title='bbox 272 4255 377 4332; x_wconf 89' lang='lat' dir='ltr'><strong>ritate,</strong></span> <span class='ocrx_word' id='word_1_249' title='bbox 401 4251 528 4315; x_wconf 84' lang='lat' dir='ltr'><strong>iudicari</strong></span> <span class='ocrx_word' id='word_1_250' title='bbox 549 4257 582 4312; x_wconf 89' lang='lat' dir='ltr'><strong>et</strong></span> <span class='ocrx_word' id='word_1_251' title='bbox 602 4248 726 4312; x_wconf 85' lang='lat' dir='ltr'><strong>deimiri</strong></span> <span class='ocrx_word' id='word_1_252' title='bbox 751 4247 875 4317; x_wconf 85' lang='lat' dir='ltr'><strong>debere,</strong></span> <span class='ocrx_word' id='word_1_253' title='bbox 897 4261 931 4307; x_wconf 91' lang='lat' dir='ltr'><strong>ac</strong></span> <span class='ocrx_word' id='word_1_254' title='bbox 951 4247 1020 4309; x_wconf 93' lang='lat' dir='ltr'><strong>irri-</strong></span> 
     </span>
     <span class='ocr_line' id='line_1_48' title="bbox 273 4340 1020 4420; baseline -0.015 -8"><span class='ocrx_word' id='word_1_255' title='bbox 273 4356 340 4412; x_wconf 89' lang='lat' dir='ltr'><strong>tum</strong></span> <span class='ocrx_word' id='word_1_256' title='bbox 361 4357 393 4409; x_wconf 90' lang='lat' dir='ltr'><strong>et</strong></span> <span class='ocrx_word' id='word_1_257' title='bbox 421 4347 534 4420; x_wconf 85' lang='lat' dir='ltr'><strong>inane,</strong></span> <span class='ocrx_word' id='word_1_258' title='bbox 562 4343 588 4404; x_wconf 90' lang='lat' dir='ltr'><strong>si</strong></span> <span class='ocrx_word' id='word_1_259' title='bbox 610 4357 698 4404; x_wconf 88' lang='lat' dir='ltr'><strong>secus</strong></span> <span class='ocrx_word' id='word_1_260' title='bbox 718 4355 811 4418; x_wconf 90' lang='lat' dir='ltr'><strong>super</strong></span> <span class='ocrx_word' id='word_1_261' title='bbox 838 4340 888 4401; x_wconf 83' lang='lat' dir='ltr'><strong>bis</strong></span> <span class='ocrx_word' id='word_1_262' title='bbox 908 4355 924 4400; x_wconf 92' lang='lat' dir='ltr'><strong>a</strong></span> <span class='ocrx_word' id='word_1_263' title='bbox 945 4355 1020 4418; x_wconf 92' lang='lat' dir='ltr'><strong>quo-</strong></span> 
     </span>
     <span class='ocr_line' id='line_1_49' title="bbox 272 4433 1023 4522; baseline -0.013 -16"><span class='ocrx_word' id='word_1_264' title='bbox 272 4457 366 4522; x_wconf 89' lang='lat' dir='ltr'><strong>quam</strong></span> <span class='ocrx_word' id='word_1_265' title='bbox 380 4441 489 4520; x_wconf 86' lang='lat' dir='ltr'><strong>quavis</strong></span> <span class='ocrx_word' id='word_1_266' title='bbox 510 4437 692 4500; x_wconf 88' lang='lat' dir='ltr'><strong>auctoritate</strong></span> <span class='ocrx_word' id='word_1_267' title='bbox 711 4435 848 4497; x_wconf 89' lang='lat' dir='ltr'><strong>scienter</strong></span> <span class='ocrx_word' id='word_1_268' title='bbox 862 4433 913 4496; x_wconf 86' lang='lat' dir='ltr'><strong>vel</strong></span> <span class='ocrx_word' id='word_1_269' title='bbox 935 4435 1023 4510; x_wconf 82' lang='lat' dir='ltr'><strong>iguo-</strong></span> 
     </span>
     <span class='ocr_line' id='line_1_50' title="bbox 271 4529 739 4610; baseline -0.019 -11"><span class='ocrx_word' id='word_1_270' title='bbox 271 4545 379 4599; x_wconf 89' lang='lat' dir='ltr'><strong>rauter</strong></span> <span class='ocrx_word' id='word_1_271' title='bbox 398 4532 566 4610; x_wconf 78' lang='lat' dir='ltr'><strong>contigerit</strong></span> <span class='ocrx_word' id='word_1_272' title='bbox 583 4529 739 4594; x_wconf 88' lang='lat' dir='ltr'><strong>attentari.</strong></span> 
     </span>
    </p>

    <p class='ocr_par' dir='ltr' id='par_1_13' title="bbox 271 4623 1023 6030">
     <span class='ocr_line' id='line_1_51' title="bbox 311 4623 1022 4706; baseline -0.011 -15"><span class='ocrx_word' id='word_1_273' title='bbox 311 4631 331 4706; x_wconf 71' lang='lat'>5</span> <span class='ocrx_word' id='word_1_274' title='bbox 350 4629 380 4691; x_wconf 89' lang='grc'><strong>6.</strong></span> <span class='ocrx_word' id='word_1_275' title='bbox 404 4626 475 4690; x_wconf 90' lang='lat' dir='ltr'><strong>Nou</strong></span> <span class='ocrx_word' id='word_1_276' title='bbox 494 4625 688 4688; x_wconf 91' lang='lat' dir='ltr'><strong>obstantibus</strong></span> <span class='ocrx_word' id='word_1_277' title='bbox 702 4623 876 4703; x_wconf 92' lang='lat' dir='ltr'><strong>praemissis</strong></span> <span class='ocrx_word' id='word_1_278' title='bbox 896 4639 930 4684; x_wconf 90' lang='lat' dir='ltr'><strong>ac</strong></span> <span class='ocrx_word' id='word_1_279' title='bbox 951 4637 1022 4684; x_wconf 91' lang='lat' dir='ltr'><strong>con·</strong></span> 
     </span>
     <span class='ocr_line' id='line_1_52' title="bbox 272 4717 1021 4797; baseline -0.012 -10"><span class='ocrx_word' id='word_1_280' title='bbox 272 4723 487 4788; x_wconf 89' lang='lat' dir='ltr'><strong>stitutionibus</strong></span> <span class='ocrx_word' id='word_1_281' title='bbox 516 4729 547 4784; x_wconf 90' lang='lat' dir='ltr'><strong>et</strong></span> <span class='ocrx_word' id='word_1_282' title='bbox 568 4717 813 4783; x_wconf 85' lang='lat' dir='ltr'><strong>ordinationibus</strong></span> <span class='ocrx_word' id='word_1_283' title='bbox 837 4717 1021 4797; x_wconf 87' lang='lat' dir='ltr'><strong>apostolicis,</strong></span> 
     </span>
     <span class='ocr_line' id='line_1_53' title="bbox 273 4811 1022 4882; baseline -0.013 1"><span class='ocrx_word' id='word_1_284' title='bbox 273 4835 330 4882; x_wconf 88' lang='lat' dir='ltr'><strong>nec</strong></span> <span class='ocrx_word' id='word_1_285' title='bbox 350 4834 415 4882; x_wconf 89' lang='lat' dir='ltr'><strong>non</strong></span> <span class='ocrx_word' id='word_1_286' title='bbox 436 4817 535 4880; x_wconf 89' lang='lat' dir='ltr'><strong>dictae</strong></span> <span class='ocrx_word' id='word_1_287' title='bbox 548 4814 692 4878; x_wconf 89' lang='lat' dir='ltr'><strong>ecclesiae</strong></span> <span class='ocrx_word' id='word_1_288' title='bbox 714 4812 908 4876; x_wconf 89' lang='lat' dir='ltr'><strong>cbelmensis</strong></span> <span class='ocrx_word' id='word_1_289' title='bbox 928 4811 1022 4873; x_wconf 89' lang='lat' dir='ltr'><strong>etiam</strong></span> 
     </span>
     <span class='ocr_line' id='line_1_54' title="bbox 272 4903 1022 4986; baseline -0.011 -12"><span class='ocrx_word' id='word_1_290' title='bbox 272 4913 469 4986; x_wconf 92' lang='lat' dir='ltr'><strong>iuramento,</strong></span> <span class='ocrx_word' id='word_1_291' title='bbox 502 4907 739 4972; x_wconf 86' lang='lat' dir='ltr'><strong>confirmatione</strong></span> <span class='ocrx_word' id='word_1_292' title='bbox 766 4906 942 4985; x_wconf 90' lang='lat' dir='ltr'><strong>apostolica,</strong></span> <span class='ocrx_word' id='word_1_293' title='bbox 972 4903 1022 4968; x_wconf 85' lang='lat' dir='ltr'><strong>uel</strong></span> 
     </span>
     <span class='ocr_line' id='line_1_55' title="bbox 272 5001 1022 5086; baseline -0.009 -18"><span class='ocrx_word' id='word_1_294' title='bbox 272 5007 382 5086; x_wconf 80' lang='lat' dir='ltr'><strong>quavis</strong></span> <span class='ocrx_word' id='word_1_295' title='bbox 412 5005 561 5068; x_wconf 84' lang='lat' dir='ltr'><strong>firmitate</strong></span> <span class='ocrx_word' id='word_1_296' title='bbox 592 5003 647 5065; x_wconf 90' lang='lat' dir='ltr'><strong>alia</strong></span> <span class='ocrx_word' id='word_1_297' title='bbox 669 5001 822 5064; x_wconf 88' lang='lat' dir='ltr'><strong>roboratis</strong></span> <span class='ocrx_word' id='word_1_298' title='bbox 841 5001 964 5064; x_wconf 90' lang='lat' dir='ltr'><strong>statutis</strong></span> <span class='ocrx_word' id='word_1_299' title='bbox 991 5009 1022 5061; x_wconf 92' lang='lat' dir='ltr'><strong>et</strong></span> 
     </span>
     <span class='ocr_line' id='line_1_56' title="bbox 271 5093 1021 5175; baseline -0.009 -13"><span class='ocrx_word' id='word_1_300' title='bbox 271 5098 564 5174; x_wconf 83' lang='lat' dir='ltr'><strong>consuetudinibns3</strong></span> <span class='ocrx_word' id='word_1_301' title='bbox 587 5095 758 5175; x_wconf 82' lang='lat' dir='ltr'><strong>privilegiis</strong></span> <span class='ocrx_word' id='word_1_302' title='bbox 772 5109 907 5174; x_wconf 85' lang='lat' dir='ltr'><strong>quoque,</strong></span> <span class='ocrx_word' id='word_1_303' title='bbox 920 5093 1021 5156; x_wconf 91' lang='lat' dir='ltr'><strong>indul·</strong></span> 
     </span>
     <span class='ocr_line' id='line_1_57' title="bbox 273 5189 1022 5270; baseline -0.005 -15"><span class='ocrx_word' id='word_1_304' title='bbox 273 5193 313 5255; x_wconf 92' lang='lat' dir='ltr'><strong>tis</strong></span> <span class='ocrx_word' id='word_1_305' title='bbox 333 5199 364 5255; x_wconf 87' lang='lat' dir='ltr'><strong>et</strong></span> <span class='ocrx_word' id='word_1_306' title='bbox 377 5192 476 5255; x_wconf 91' lang='lat' dir='ltr'><strong>literis</strong></span> <span class='ocrx_word' id='word_1_307' title='bbox 489 5189 663 5270; x_wconf 86' lang='lat' dir='ltr'><strong>apostolicis</strong></span> <span class='ocrx_word' id='word_1_308' title='bbox 681 5189 892 5268; x_wconf 87' lang='lat' dir='ltr'><strong>superioribus</strong></span> <span class='ocrx_word' id='word_1_309' title='bbox 907 5197 938 5250; x_wconf 92' lang='lat' dir='ltr'><strong>et</strong></span> <span class='ocrx_word' id='word_1_310' title='bbox 953 5203 1022 5267; x_wconf 89' lang='lat' dir='ltr'><strong>per·</strong></span> 
     </span>
     <span class='ocr_line' id='line_1_58' title="bbox 272 5280 1021 5364; baseline -0.008 -16"><span class='ocrx_word' id='word_1_311' title='bbox 272 5287 356 5349; x_wconf 82' lang='lat' dir='ltr'><strong>sortis</strong></span> <span class='ocrx_word' id='word_1_312' title='bbox 365 5287 425 5348; x_wconf 91' lang='lat' dir='ltr'><strong>sub</strong></span> <span class='ocrx_word' id='word_1_313' title='bbox 438 5285 687 5364; x_wconf 91' lang='lat' dir='ltr'><strong>quibuscumque</strong></span> <span class='ocrx_word' id='word_1_314' title='bbox 699 5281 858 5344; x_wconf 91' lang='lat' dir='ltr'><strong>tenoribus</strong></span> <span class='ocrx_word' id='word_1_315' title='bbox 870 5289 901 5344; x_wconf 88' lang='lat' dir='ltr'><strong>et</strong></span> <span class='ocrx_word' id='word_1_316' title='bbox 914 5280 1021 5343; x_wconf 89' lang='lat' dir='ltr'><strong>lormis</strong></span> 
     </span>
     <span class='ocr_line' id='line_1_59' title="bbox 273 5373 1022 5458; baseline -0.011 -14"><span class='ocrx_word' id='word_1_317' title='bbox 273 5397 306 5444; x_wconf 88' lang='lat' dir='ltr'><strong>ac</strong></span> <span class='ocrx_word' id='word_1_318' title='bbox 320 5395 392 5442; x_wconf 89' lang='lat' dir='ltr'><strong>oum</strong></span> <span class='ocrx_word' id='word_1_319' title='bbox 407 5379 568 5458; x_wconf 84' lang='lat' dir='ltr'><strong>quibusvis</strong></span> <span class='ocrx_word' id='word_1_320' title='bbox 582 5377 677 5439; x_wconf 92' lang='lat' dir='ltr'><strong>etiam</strong></span> <span class='ocrx_word' id='word_1_321' title='bbox 691 5376 955 5452; x_wconf 83' lang='lat' dir='ltr'><strong>derogatoriarum</strong></span> <span class='ocrx_word' id='word_1_322' title='bbox 970 5373 1022 5436; x_wconf 88' lang='lat' dir='ltr'><strong>de-</strong></span> 
     </span>
     <span class='ocr_line' id='line_1_60' title="bbox 274 5467 1020 5550; baseline -0.007 -16"><span class='ocrx_word' id='word_1_323' title='bbox 274 5473 448 5550; x_wconf 79' lang='lat' dir='ltr'><strong>rogatoriis,</strong></span> <span class='ocrx_word' id='word_1_324' title='bbox 470 5471 599 5550; x_wconf 89' lang='lat' dir='ltr'><strong>aliisque</strong></span> <span class='ocrx_word' id='word_1_325' title='bbox 621 5469 856 5545; x_wconf 85' lang='lat' dir='ltr'><strong>efficacioribus,</strong></span> <span class='ocrx_word' id='word_1_326' title='bbox 878 5467 1020 5532; x_wconf 87' lang='lat' dir='ltr'><strong>efficacis-</strong></span> 
     </span>
     <span class='ocr_line' id='line_1_61' title="bbox 274 5566 1021 5648; baseline -0.007 -13"><span class='ocrx_word' id='word_1_327' title='bbox 274 5573 360 5636; x_wconf 86' lang='lat' dir='ltr'><strong>simis</strong></span> <span class='ocrx_word' id='word_1_328' title='bbox 382 5588 416 5636; x_wconf 88' lang='lat' dir='ltr'><strong>ac</strong></span> <span class='ocrx_word' id='word_1_329' title='bbox 437 5569 570 5632; x_wconf 89' lang='lat' dir='ltr'><strong>insolitis</strong></span> <span class='ocrx_word' id='word_1_330' title='bbox 591 5567 747 5644; x_wconf 87' lang='lat' dir='ltr'><strong>clausulis,</strong></span> <span class='ocrx_word' id='word_1_331' title='bbox 767 5566 1021 5648; x_wconf 90' lang='lat' dir='ltr'><strong>irritantibusque</strong></span> 
     </span>
     <span class='ocr_line' id='line_1_62' title="bbox 275 5660 1019 5740; baseline -0.011 -10"><span class='ocrx_word' id='word_1_332' title='bbox 275 5675 306 5730; x_wconf 89' lang='lat' dir='ltr'><strong>et</strong></span> <span class='ocrx_word' id='word_1_333' title='bbox 326 5667 394 5728; x_wconf 95' lang='lat' dir='ltr'><strong>aliis</strong></span> <span class='ocrx_word' id='word_1_334' title='bbox 421 5663 553 5728; x_wconf 89' lang='lat' dir='ltr'><strong>decretis</strong></span> <span class='ocrx_word' id='word_1_335' title='bbox 575 5662 606 5723; x_wconf 88' lang='lat' dir='ltr'><strong>in</strong></span> <span class='ocrx_word' id='word_1_336' title='bbox 633 5676 750 5738; x_wconf 80' lang='lat' dir='ltr'><strong>genere</strong></span> <span class='ocrx_word' id='word_1_337' title='bbox 774 5660 825 5722; x_wconf 81' lang='lat' dir='ltr'><strong>rel</strong></span> <span class='ocrx_word' id='word_1_338' title='bbox 846 5661 879 5723; x_wconf 92' lang='lat' dir='ltr'><strong>in</strong></span> <span class='ocrx_word' id='word_1_339' title='bbox 907 5661 1019 5740; x_wconf 88' lang='lat' dir='ltr'><strong>specie,</strong></span> 
     </span>
     <span class='ocr_line' id='line_1_63' title="bbox 275 5760 1023 5840; baseline 0.003 -20"><span class='ocrx_word' id='word_1_340' title='bbox 275 5777 308 5823; x_wconf 89' lang='lat' dir='ltr'><strong>ac</strong></span> <span class='ocrx_word' id='word_1_341' title='bbox 327 5761 396 5824; x_wconf 91' lang='lat' dir='ltr'><strong>aliis</strong></span> <span class='ocrx_word' id='word_1_342' title='bbox 421 5763 452 5825; x_wconf 91' lang='lat' dir='ltr'><strong>in</strong></span> <span class='ocrx_word' id='word_1_343' title='bbox 472 5761 664 5824; x_wconf 89' lang='lat' dir='ltr'><strong>contrarium</strong></span> <span class='ocrx_word' id='word_1_344' title='bbox 696 5760 929 5840; x_wconf 91' lang='lat' dir='ltr'><strong>quomodolibet</strong></span> <span class='ocrx_word' id='word_1_345' title='bbox 949 5775 1023 5823; x_wconf 91' lang='lat' dir='ltr'><strong>con-</strong></span> 
     </span>
     <span class='ocr_line' id='line_1_64' title="bbox 276 5855 1021 5935; baseline -0.001 -18"><span class='ocrx_word' id='word_1_346' title='bbox 276 5857 377 5932; x_wconf 83' lang='lat' dir='ltr'><strong>cessis,</strong></span> <span class='ocrx_word' id='word_1_347' title='bbox 392 5856 565 5935; x_wconf 88' lang='lat' dir='ltr'><strong>approbatis</strong></span> <span class='ocrx_word' id='word_1_348' title='bbox 585 5863 616 5918; x_wconf 87' lang='lat' dir='ltr'><strong>et</strong></span> <span class='ocrx_word' id='word_1_349' title='bbox 638 5856 804 5918; x_wconf 83' lang='lat' dir='ltr'><strong>innovatis.</strong></span> <span class='ocrx_word' id='word_1_350' title='bbox 826 5855 941 5930; x_wconf 84' lang='lat' dir='ltr'><strong>Quibus</strong></span> <span class='ocrx_word' id='word_1_351' title='bbox 956 5869 1021 5916; x_wconf 89' lang='lat' dir='ltr'><strong>om·</strong></span> 
     </span>
     <span class='ocr_line' id='line_1_65' title="bbox 278 5949 1023 6030; baseline -0.005 -16"><span class='ocrx_word' id='word_1_352' title='bbox 278 5949 368 6014; x_wconf 78' lang='lat' dir='ltr'><strong>bibus</strong></span> <span class='ocrx_word' id='word_1_353' title='bbox 382 5959 413 6012; x_wconf 88' lang='lat' dir='ltr'><strong>et</strong></span> <span class='ocrx_word' id='word_1_354' title='bbox 434 5949 566 6030; x_wconf 81' lang='lat' dir='ltr'><strong>singulis</strong></span> <span class='ocrx_word' id='word_1_355' title='bbox 587 5949 714 6012; x_wconf 88' lang='lat' dir='ltr'><strong>illorum</strong></span> <span class='ocrx_word' id='word_1_356' title='bbox 737 5956 859 6010; x_wconf 87' lang='lat' dir='ltr'><strong>tenores</strong></span> <span class='ocrx_word' id='word_1_357' title='bbox 880 5963 1023 6028; x_wconf 85' lang='lat' dir='ltr'><strong>praeseu-</strong></span> 
     </span>
    </p>
   </div>
   <div class='ocr_carea' id='block_1_11' title="bbox 1065 867 1815 1510">
    <p class='ocr_par' dir='ltr' id='par_1_14' title="bbox 1065 867 1813 1232">
     <span class='ocr_line' id='line_1_66' title="bbox 1065 867 1810 949; baseline -0.005 -17"><span class='ocrx_word' id='word_1_358' title='bbox 1065 871 1126 933; x_wconf 89' lang='lat' dir='ltr'><strong>illis</strong></span> <span class='ocrx_word' id='word_1_359' title='bbox 1153 870 1225 935; x_wconf 91' lang='lat' dir='ltr'><strong>alias</strong></span> <span class='ocrx_word' id='word_1_360' title='bbox 1246 871 1278 933; x_wconf 93' lang='lat' dir='ltr'><strong>in</strong></span> <span class='ocrx_word' id='word_1_361' title='bbox 1306 886 1362 933; x_wconf 89' lang='lat' dir='ltr'><strong>suc</strong></span> <span class='ocrx_word' id='word_1_362' title='bbox 1391 869 1502 934; x_wconf 90' lang='lat' dir='ltr'><strong>robore</strong></span> <span class='ocrx_word' id='word_1_363' title='bbox 1530 868 1752 949; x_wconf 89' lang='lat' dir='ltr'><strong>permansuris,</strong></span> <span class='ocrx_word' id='word_1_364' title='bbox 1775 867 1810 928; x_wconf 92' lang='lat' dir='ltr'><strong>ad</strong></span> 
     </span>
     <span class='ocr_line' id='line_1_67' title="bbox 1065 960 1812 1044; baseline -0.008 -18"><span class='ocrx_word' id='word_1_365' title='bbox 1065 965 1306 1044; x_wconf 89' lang='lat' dir='ltr'><strong>praemissorum</strong></span> <span class='ocrx_word' id='word_1_366' title='bbox 1332 963 1497 1038; x_wconf 76' lang='lat' dir='ltr'><strong>ellectum,</strong></span> <span class='ocrx_word' id='word_1_367' title='bbox 1519 965 1575 1026; x_wconf 92' lang='lat' dir='ltr'><strong>bac</strong></span> <span class='ocrx_word' id='word_1_368' title='bbox 1598 962 1671 1024; x_wconf 81' lang='lat' dir='ltr'><strong>rive</strong></span> <span class='ocrx_word' id='word_1_369' title='bbox 1693 960 1812 1023; x_wconf 91' lang='lat' dir='ltr'><strong>dumta-</strong></span> 
     </span>
     <span class='ocr_line' id='line_1_68' title="bbox 1066 1056 1813 1138; baseline -0.005 -18"><span class='ocrx_word' id='word_1_370' title='bbox 1066 1067 1129 1134; x_wconf 81' lang='lat' dir='ltr'><strong>xat,</strong></span> <span class='ocrx_word' id='word_1_371' title='bbox 1144 1058 1318 1138; x_wconf 87' lang='lat' dir='ltr'><strong>specialiter</strong></span> <span class='ocrx_word' id='word_1_372' title='bbox 1332 1065 1364 1119; x_wconf 91' lang='lat' dir='ltr'><strong>et</strong></span> <span class='ocrx_word' id='word_1_373' title='bbox 1379 1073 1522 1136; x_wconf 82' lang='lat' dir='ltr'><strong>expresse</strong></span> <span class='ocrx_word' id='word_1_374' title='bbox 1536 1056 1732 1134; x_wconf 84' lang='lat' dir='ltr'><strong>derogamus,</strong></span> <span class='ocrx_word' id='word_1_375' title='bbox 1748 1069 1813 1116; x_wconf 89' lang='lat' dir='ltr'><strong>cae·</strong></span> 
     </span>
     <span class='ocr_line' id='line_1_69' title="bbox 1067 1151 1667 1232; baseline -0.007 -18"><span class='ocrx_word' id='word_1_376' title='bbox 1067 1153 1205 1232; x_wconf 87' lang='lat' dir='ltr'><strong>terisque</strong></span> <span class='ocrx_word' id='word_1_377' title='bbox 1225 1152 1387 1215; x_wconf 91' lang='lat' dir='ltr'><strong>contrariis</strong></span> <span class='ocrx_word' id='word_1_378' title='bbox 1408 1151 1667 1232; x_wconf 88' lang='lat' dir='ltr'><strong>quibuscumque.</strong></span> 
     </span>
    </p>

    <p class='ocr_par' dir='ltr' id='par_1_15' title="bbox 1068 1244 1815 1510">
     <span class='ocr_line' id='line_1_70' title="bbox 1108 1244 1815 1325; baseline -0.006 -18"><span class='ocrx_word' id='word_1_379' title='bbox 1108 1245 1218 1308; x_wconf 86' lang='lat' dir='ltr'><strong>batum</strong></span> <span class='ocrx_word' id='word_1_380' title='bbox 1240 1245 1355 1308; x_wconf 84' lang='lat' dir='ltr'><strong>Romae</strong></span> <span class='ocrx_word' id='word_1_381' title='bbox 1374 1247 1453 1325; x_wconf 90' lang='lat' dir='ltr'><strong>apud</strong></span> <span class='ocrx_word' id='word_1_382' title='bbox 1477 1245 1507 1309; x_wconf 87' lang='lat' dir='ltr'><strong>S.</strong></span> <span class='ocrx_word' id='word_1_383' title='bbox 1532 1245 1660 1308; x_wconf 92' lang='lat' dir='ltr'><strong>Petrum</strong></span> <span class='ocrx_word' id='word_1_384' title='bbox 1682 1244 1739 1306; x_wconf 93' lang='lat' dir='ltr'><strong>sub</strong></span> <span class='ocrx_word' id='word_1_385' title='bbox 1761 1258 1815 1303; x_wconf 93' lang='lat' dir='ltr'><strong>an-</strong></span> 
     </span>
     <span class='ocr_line' id='line_1_71' title="bbox 1068 1338 1814 1412; baseline -0.003 -12"><span class='ocrx_word' id='word_1_386' title='bbox 1068 1338 1145 1400; x_wconf 90' lang='lat' dir='ltr'><strong>nulo</strong></span> <span class='ocrx_word' id='word_1_387' title='bbox 1156 1339 1314 1402; x_wconf 88' lang='lat' dir='ltr'><strong>Piscatoris</strong></span> <span class='ocrx_word' id='word_1_388' title='bbox 1329 1339 1379 1400; x_wconf 91' lang='lat' dir='ltr'><strong>die</strong></span> <span class='ocrx_word' id='word_1_389' title='bbox 1390 1353 1457 1400; x_wconf 84' lang='lat' dir='ltr'><strong>xrx.</strong></span> <span class='ocrx_word' id='word_1_390' title='bbox 1473 1338 1601 1401; x_wconf 90' lang='lat' dir='ltr'><strong>ianuarii</strong></span> <span class='ocrx_word' id='word_1_391' title='bbox 1613 1352 1814 1412; x_wconf 71' lang='lat' dir='ltr'><strong>neccaram,</strong></span> 
     </span>
     <span class='ocr_line' id='line_1_72' title="bbox 1068 1430 1540 1510; baseline -0.004 -17"><span class='ocrx_word' id='word_1_392' title='bbox 1068 1430 1263 1510; x_wconf 83' lang='lat' dir='ltr'><strong>pontificatus</strong></span> <span class='ocrx_word' id='word_1_393' title='bbox 1286 1431 1386 1494; x_wconf 90' lang='lat' dir='ltr'><strong>nostri</strong></span> <span class='ocrx_word' id='word_1_394' title='bbox 1407 1448 1490 1494; x_wconf 91' lang='lat' dir='ltr'><strong>anno</strong></span> <span class='ocrx_word' id='word_1_395' title='bbox 1511 1449 1540 1492; x_wconf 90' lang='lat' dir='ltr'><strong>v.</strong></span> 
     </span>
    </p>
   </div>
   <div class='ocr_carea' id='block_1_12' title="bbox 1386 1816 1499 1882">
    <p class='ocr_par' dir='ltr' id='par_1_16' title="bbox 1386 1816 1499 1882">
     <span class='ocr_line' id='line_1_73' title="bbox 1386 1816 1499 1882; baseline -0.035 -2"><span class='ocrx_word' id='word_1_396' title='bbox 1386 1816 1499 1882; x_wconf 89' lang='lat' dir='ltr'><strong>XXXl.</strong></span> 
     </span>
    </p>
   </div>
   <div class='ocr_carea' id='block_1_13' title="bbox 1071 1987 1819 2460">
    <p class='ocr_par' dir='ltr' id='par_1_17' title="bbox 1071 1987 1819 2460">
     <span class='ocr_line' id='line_1_74' title="bbox 1071 1987 1817 2070; baseline -0.005 0"><span class='ocrx_word' id='word_1_397' title='bbox 1071 2004 1202 2070; x_wconf 79' lang='lat' dir='ltr'><strong>Mortuo</strong></span> <span class='ocrx_word' id='word_1_398' title='bbox 1232 2003 1328 2068; x_wconf 84' lang='lat' dir='ltr'><strong>Curti.</strong></span> <span class='ocrx_word' id='word_1_399' title='bbox 1354 2004 1486 2068; x_wconf 82' lang='lat' dir='ltr'><strong>castelli</strong></span> <span class='ocrx_word' id='word_1_400' title='bbox 1519 2005 1549 2068; x_wconf 89' lang='lat' dir='ltr'><strong>S.</strong></span> <span class='ocrx_word' id='word_1_401' title='bbox 1575 2003 1613 2066; x_wconf 85' lang='lat' dir='ltr'><strong>lt.</strong></span> <span class='ocrx_word' id='word_1_402' title='bbox 1641 2005 1675 2066; x_wconf 86' lang='lat' dir='ltr'><strong>E.</strong></span> <span class='ocrx_word' id='word_1_403' title='bbox 1704 1987 1817 2066; x_wconf 84' lang='lat' dir='ltr'><strong>cerdi-</strong></span> 
     </span>
     <span class='ocr_line' id='line_1_75' title="bbox 1110 2098 1819 2176; baseline 0 -17"><span class='ocrx_word' id='word_1_404' title='bbox 1110 2099 1215 2162; x_wconf 82' lang='lat' dir='ltr'><strong>nolam</strong></span> <span class='ocrx_word' id='word_1_405' title='bbox 1231 2098 1432 2163; x_wconf 86' lang='lat' dir='ltr'><strong>Leonurdnm</strong></span> <span class='ocrx_word' id='word_1_406' title='bbox 1448 2099 1611 2164; x_wconf 77' lang='lat' dir='ltr'><strong>antonelli</strong></span> <span class='ocrx_word' id='word_1_407' title='bbox 1628 2099 1762 2176; x_wconf 83' lang='lat' dir='ltr'><strong>deputet</strong></span> <span class='ocrx_word' id='word_1_408' title='bbox 1777 2098 1819 2160; x_wconf 87' lang='lat' dir='ltr'><strong>od</strong></span> 
     </span>
     <span class='ocr_line' id='line_1_76' title="bbox 1110 2191 1819 2273; baseline -0.001 -20"><span class='ocrx_word' id='word_1_409' title='bbox 1110 2191 1374 2255; x_wconf 82' lang='lat' dir='ltr'><strong>subscribendum</strong></span> <span class='ocrx_word' id='word_1_410' title='bbox 1404 2199 1435 2256; x_wconf 89' lang='lat' dir='ltr'><strong>et</strong></span> <span class='ocrx_word' id='word_1_411' title='bbox 1469 2192 1576 2273; x_wconf 86' lang='lat' dir='ltr'><strong>sipillc</strong></span> <span class='ocrx_word' id='word_1_412' title='bbox 1608 2191 1819 2256; x_wconf 82' lang='lat' dir='ltr'><strong>muniendam</strong></span> 
     </span>
     <span class='ocr_line' id='line_1_77' title="bbox 1111 2283 1819 2364; baseline -0.003 -18"><span class='ocrx_word' id='word_1_413' title='bbox 1111 2286 1268 2348; x_wconf 84' lang='lat' dir='ltr'><strong>mandata</strong></span> <span class='ocrx_word' id='word_1_414' title='bbox 1283 2291 1313 2348; x_wconf 87' lang='lat' dir='ltr'><strong>ct</strong></span> <span class='ocrx_word' id='word_1_415' title='bbox 1327 2287 1512 2364; x_wconf 81' lang='lat' dir='ltr'><strong>scripturus</strong></span> <span class='ocrx_word' id='word_1_416' title='bbox 1528 2301 1632 2346; x_wconf 87' lang='lat' dir='ltr'><strong>omncs</strong></span> <span class='ocrx_word' id='word_1_417' title='bbox 1643 2285 1684 2348; x_wconf 87' lang='lat' dir='ltr'><strong>cd</strong></span> <span class='ocrx_word' id='word_1_418' title='bbox 1697 2284 1727 2346; x_wconf 91' lang='lat' dir='ltr'><strong>S.</strong></span> <span class='ocrx_word' id='word_1_419' title='bbox 1741 2283 1819 2348; x_wconf 90' lang='lat' dir='ltr'><strong>con·</strong></span> 
     </span>
     <span class='ocr_line' id='line_1_78' title="bbox 1111 2378 1816 2460; baseline -0.007 -20"><span class='ocrx_word' id='word_1_420' title='bbox 1111 2379 1311 2460; x_wconf 75' lang='lat' dir='ltr'><strong>proportionis</strong></span> <span class='ocrx_word' id='word_1_421' title='bbox 1325 2380 1454 2460; x_wconf 82' lang='lat' dir='ltr'><strong>rteqotin</strong></span> <span class='ocrx_word' id='word_1_422' title='bbox 1470 2384 1502 2440; x_wconf 90' lang='lat' dir='ltr'><strong>et</strong></span> <span class='ocrx_word' id='word_1_423' title='bbox 1517 2378 1598 2442; x_wconf 88' lang='lat' dir='ltr'><strong>bona</strong></span> <span class='ocrx_word' id='word_1_424' title='bbox 1609 2378 1816 2456; x_wconf 79' lang='lat' dir='ltr'><strong>pertinentes.</strong></span> 
     </span>
    </p>
   </div>
   <div class='ocr_carea' id='block_1_14' title="bbox 1213 2549 1677 2741">
    <p class='ocr_par' dir='ltr' id='par_1_18' title="bbox 1213 2549 1677 2741">
     <span class='ocr_line' id='line_1_79' title="bbox 1327 2549 1568 2619; baseline 0 -3"><span class='ocrx_word' id='word_1_425' title='bbox 1327 2549 1413 2619; x_wconf 76' lang='lat' dir='ltr'><strong>etus</strong></span> <span class='ocrx_word' id='word_1_426' title='bbox 1437 2551 1496 2619; x_wconf 90' lang='grc' dir='ltr'><strong>ΡΡ.</strong></span> <span class='ocrx_word' id='word_1_427' title='bbox 1521 2551 1568 2618; x_wconf 85' lang='lat' dir='ltr'><strong>rt.</strong></span> 
     </span>
     <span class='ocr_line' id='line_1_80' title="bbox 1213 2674 1677 2741; baseline 0 -1"><span class='ocrx_word' id='word_1_428' title='bbox 1213 2674 1677 2741; x_wconf 59' lang='lat' dir='ltr'><strong>mwmmmmm</strong></span> 
     </span>
    </p>
   </div>
   <div class='ocr_carea' id='block_1_15' title="bbox 1073 2850 1895 5271">
    <p class='ocr_par' dir='ltr' id='par_1_19' title="bbox 1073 2850 1895 5271">
     <span class='ocr_line' id='line_1_81' title="bbox 1113 2850 1819 2930; baseline -0.001 -19"><span class='ocrx_word' id='word_1_429' title='bbox 1113 2850 1132 2926; x_wconf 65' lang='grc' dir='ltr'><strong>ἓ</strong></span> <span class='ocrx_word' id='word_1_430' title='bbox 1149 2850 1175 2911; x_wconf 90' lang='lat' dir='ltr'><strong>l.</strong></span> <span class='ocrx_word' id='word_1_431' title='bbox 1194 2851 1274 2914; x_wconf 91' lang='lat' dir='ltr'><strong>cum</strong></span> <span class='ocrx_word' id='word_1_432' title='bbox 1289 2851 1336 2914; x_wconf 93' lang='lat' dir='ltr'><strong>bo.</strong></span> <span class='ocrx_word' id='word_1_433' title='bbox 1355 2867 1447 2914; x_wconf 93' lang='lat' dir='ltr'><strong>mem.</strong></span> <span class='ocrx_word' id='word_1_434' title='bbox 1465 2851 1610 2930; x_wconf 86' lang='lat' dir='ltr'><strong>Iosephus</strong></span> <span class='ocrx_word' id='word_1_435' title='bbox 1625 2850 1731 2926; x_wconf 85' lang='lat' dir='ltr'><strong>llario,</strong></span> <span class='ocrx_word' id='word_1_436' title='bbox 1746 2850 1819 2912; x_wconf 86' lang='lat' dir='ltr'><strong>duur</strong></span> 
     </span>
     <span class='ocr_line' id='line_1_82' title="bbox 1074 2943 1822 3008; baseline -0.001 -3"><span class='ocrx_word' id='word_1_437' title='bbox 1074 2944 1152 3006; x_wconf 82' lang='lat' dir='ltr'><strong>uixit</strong></span> <span class='ocrx_word' id='word_1_438' title='bbox 1180 2945 1210 3008; x_wconf 91' lang='lat' dir='ltr'><strong>S.</strong></span> <span class='ocrx_word' id='word_1_439' title='bbox 1235 2944 1270 3006; x_wconf 82' lang='lat' dir='ltr'><strong>ll.</strong></span> <span class='ocrx_word' id='word_1_440' title='bbox 1295 2944 1330 3006; x_wconf 88' lang='lat' dir='ltr'><strong>E.</strong></span> <span class='ocrx_word' id='word_1_441' title='bbox 1355 2943 1525 3008; x_wconf 87' lang='lat' dir='ltr'><strong>cardinalis</strong></span> <span class='ocrx_word' id='word_1_442' title='bbox 1552 2943 1678 3007; x_wconf 91' lang='lat' dir='ltr'><strong>castelli</strong></span> <span class='ocrx_word' id='word_1_443' title='bbox 1700 2957 1822 3006; x_wconf 87' lang='lat' dir='ltr'><strong>nuncu·</strong></span> 
     </span>
     <span class='ocr_line' id='line_1_83' title="bbox 1074 3036 1818 3116; baseline -0.004 -18"><span class='ocrx_word' id='word_1_444' title='bbox 1074 3046 1173 3116; x_wconf 90' lang='lat' dir='ltr'><strong>patus,</strong></span> <span class='ocrx_word' id='word_1_445' title='bbox 1196 3037 1268 3098; x_wconf 87' lang='lat' dir='ltr'><strong>alias</strong></span> <span class='ocrx_word' id='word_1_446' title='bbox 1289 3054 1304 3098; x_wconf 92' lang='lat' dir='ltr'><strong>a</strong></span> <span class='ocrx_word' id='word_1_447' title='bbox 1326 3036 1378 3100; x_wconf 85' lang='lat' dir='ltr'><strong>iel.</strong></span> <span class='ocrx_word' id='word_1_448' title='bbox 1410 3038 1528 3099; x_wconf 87' lang='lat' dir='ltr'><strong>record.</strong></span> <span class='ocrx_word' id='word_1_449' title='bbox 1553 3037 1715 3100; x_wconf 90' lang='lat' dir='ltr'><strong>clemente</strong></span> <span class='ocrx_word' id='word_1_450' title='bbox 1740 3036 1818 3098; x_wconf 90' lang='lat' dir='ltr'><strong>Xlll.</strong></span> 
     </span>
     <span class='ocr_line' id='line_1_84' title="bbox 1074 3129 1822 3210; baseline -0.003 -18"><span class='ocrx_word' id='word_1_451' title='bbox 1074 3133 1307 3210; x_wconf 90' lang='lat' dir='ltr'><strong>praedecessore</strong></span> <span class='ocrx_word' id='word_1_452' title='bbox 1337 3137 1444 3192; x_wconf 91' lang='lat' dir='ltr'><strong>nostro</strong></span> <span class='ocrx_word' id='word_1_453' title='bbox 1473 3131 1508 3192; x_wconf 93' lang='lat' dir='ltr'><strong>ad</strong></span> <span class='ocrx_word' id='word_1_454' title='bbox 1532 3129 1673 3192; x_wconf 90' lang='lat' dir='ltr'><strong>mandata</strong></span> <span class='ocrx_word' id='word_1_455' title='bbox 1699 3137 1729 3192; x_wconf 90' lang='lat' dir='ltr'><strong>et</strong></span> <span class='ocrx_word' id='word_1_456' title='bbox 1751 3129 1822 3190; x_wconf 89' lang='lat' dir='ltr'><strong>alias</strong></span> 
     </span>
     <span class='ocr_line' id='line_1_85' title="bbox 1073 3223 1822 3303; baseline -0.001 -17"><span class='ocrx_word' id='word_1_457' title='bbox 1073 3225 1250 3303; x_wconf 93' lang='lat' dir='ltr'><strong>scripturas,</strong></span> <span class='ocrx_word' id='word_1_458' title='bbox 1274 3239 1352 3303; x_wconf 91' lang='lat' dir='ltr'><strong>quae</strong></span> <span class='ocrx_word' id='word_1_459' title='bbox 1373 3231 1404 3284; x_wconf 88' lang='lat' dir='ltr'><strong>et</strong></span> <span class='ocrx_word' id='word_1_460' title='bbox 1418 3239 1492 3301; x_wconf 90' lang='lat' dir='ltr'><strong>quas</strong></span> <span class='ocrx_word' id='word_1_461' title='bbox 1507 3224 1544 3285; x_wconf 93' lang='lat' dir='ltr'><strong>de</strong></span> <span class='ocrx_word' id='word_1_462' title='bbox 1563 3223 1672 3286; x_wconf 88' lang='lat' dir='ltr'><strong>ordine</strong></span> <span class='ocrx_word' id='word_1_463' title='bbox 1693 3229 1720 3284; x_wconf 93' lang='lat' dir='ltr'><strong>et</strong></span> <span class='ocrx_word' id='word_1_464' title='bbox 1736 3237 1822 3285; x_wconf 91' lang='lat' dir='ltr'><strong>mau-</strong></span> 
     </span>
     <span class='ocr_line' id='line_1_86' title="bbox 1074 3316 1824 3395; baseline -0.008 -13"><span class='ocrx_word' id='word_1_465' title='bbox 1074 3321 1143 3382; x_wconf 92' lang='lat' dir='ltr'><strong>dato</strong></span> <span class='ocrx_word' id='word_1_466' title='bbox 1165 3317 1420 3395; x_wconf 81' lang='lat' dir='ltr'><strong>congregationis</strong></span> <span class='ocrx_word' id='word_1_467' title='bbox 1434 3333 1530 3378; x_wconf 88' lang='lat' dir='ltr'><strong>venn.</strong></span> <span class='ocrx_word' id='word_1_468' title='bbox 1547 3316 1680 3380; x_wconf 84' lang='lat' dir='ltr'><strong>fratrum</strong></span> <span class='ocrx_word' id='word_1_469' title='bbox 1702 3323 1824 3379; x_wconf 90' lang='lat' dir='ltr'><strong>nostro-</strong></span> 
     </span>
     <span class='ocr_line' id='line_1_87' title="bbox 1073 3408 1822 3487; baseline -0.004 -13"><span class='ocrx_word' id='word_1_470' title='bbox 1073 3429 1145 3475; x_wconf 91' lang='lat' dir='ltr'><strong>rum</strong></span> <span class='ocrx_word' id='word_1_471' title='bbox 1167 3411 1307 3474; x_wconf 88' lang='lat' dir='ltr'><strong>eiusdem</strong></span> <span class='ocrx_word' id='word_1_472' title='bbox 1327 3408 1359 3474; x_wconf 91' lang='lat' dir='ltr'><strong>S.</strong></span> <span class='ocrx_word' id='word_1_473' title='bbox 1382 3410 1418 3473; x_wconf 88' lang='lat' dir='ltr'><strong>u.</strong></span> <span class='ocrx_word' id='word_1_474' title='bbox 1435 3409 1471 3473; x_wconf 90' lang='lat' dir='ltr'><strong>E.</strong></span> <span class='ocrx_word' id='word_1_475' title='bbox 1495 3409 1706 3473; x_wconf 79' lang='lat' dir='ltr'><strong>cardinalium</strong></span> <span class='ocrx_word' id='word_1_476' title='bbox 1728 3425 1822 3487; x_wconf 84' lang='lat' dir='ltr'><strong>nego·</strong></span> 
     </span>
     <span class='ocr_line' id='line_1_88' title="bbox 1075 3502 1822 3583; baseline -0.001 -16"><span class='ocrx_word' id='word_1_477' title='bbox 1075 3506 1126 3568; x_wconf 91' lang='lat' dir='ltr'><strong>tiis</strong></span> <span class='ocrx_word' id='word_1_478' title='bbox 1147 3504 1361 3583; x_wconf 84' lang='lat' dir='ltr'><strong>Propagandae</strong></span> <span class='ocrx_word' id='word_1_479' title='bbox 1390 3504 1423 3565; x_wconf 92' lang='lat' dir='ltr'><strong>iu</strong></span> <span class='ocrx_word' id='word_1_480' title='bbox 1451 3503 1636 3568; x_wconf 91' lang='lat' dir='ltr'><strong>universum</strong></span> <span class='ocrx_word' id='word_1_481' title='bbox 1666 3502 1822 3566; x_wconf 91' lang='lat' dir='ltr'><strong>muudum</strong></span> 
     </span>
     <span class='ocr_line' id='line_1_89' title="bbox 1074 3595 1824 3676; baseline -0.003 -16"><span class='ocrx_word' id='word_1_482' title='bbox 1074 3598 1158 3660; x_wconf 82' lang='lat' dir='ltr'><strong>Fidei</strong></span> <span class='ocrx_word' id='word_1_483' title='bbox 1179 3595 1424 3675; x_wconf 91' lang='lat' dir='ltr'><strong>praepositorum</strong></span> <span class='ocrx_word' id='word_1_484' title='bbox 1450 3611 1507 3674; x_wconf 94' lang='lat' dir='ltr'><strong>pro</strong></span> <span class='ocrx_word' id='word_1_485' title='bbox 1532 3603 1672 3675; x_wconf 91' lang='lat' dir='ltr'><strong>tempore</strong></span> <span class='ocrx_word' id='word_1_486' title='bbox 1694 3612 1824 3676; x_wconf 88' lang='lat' dir='ltr'><strong>quomo·</strong></span> 
     </span>
     <span class='ocr_line' id='line_1_90' title="bbox 1074 3689 1895 3772; baseline 0 -19"><span class='ocrx_word' id='word_1_487' title='bbox 1074 3690 1189 3753; x_wconf 90' lang='lat' dir='ltr'><strong>dolibet</strong></span> <span class='ocrx_word' id='word_1_488' title='bbox 1219 3689 1286 3751; x_wconf 87' lang='lat' dir='ltr'><strong>fieri</strong></span> <span class='ocrx_word' id='word_1_489' title='bbox 1315 3690 1533 3767; x_wconf 79' lang='lat' dir='ltr'><strong>contingeret,</strong></span> <span class='ocrx_word' id='word_1_490' title='bbox 1565 3691 1823 3754; x_wconf 85' lang='lat' dir='ltr'><strong>subscribendum</strong></span> <span class='ocrx_word' id='word_1_491' title='bbox 1891 3763 1895 3772; x_wconf 43' lang='lat'>‚</span> 
     </span>
     <span class='ocr_line' id='line_1_91' title="bbox 1075 3783 1821 3865; baseline 0 -20"><span class='ocrx_word' id='word_1_492' title='bbox 1075 3785 1262 3864; x_wconf 91' lang='lat' dir='ltr'><strong>proprioque</strong></span> <span class='ocrx_word' id='word_1_493' title='bbox 1291 3783 1393 3858; x_wconf 82' lang='lat' dir='ltr'><strong>sigillo</strong></span> <span class='ocrx_word' id='word_1_494' title='bbox 1415 3783 1624 3846; x_wconf 89' lang='lat' dir='ltr'><strong>muniendum</strong></span> <span class='ocrx_word' id='word_1_495' title='bbox 1645 3783 1821 3865; x_wconf 89' lang='lat' dir='ltr'><strong>deputatus,</strong></span> 
     </span>
     <span class='ocr_line' id='line_1_92' title="bbox 1076 3877 1823 3956; baseline -0.001 -15"><span class='ocrx_word' id='word_1_496' title='bbox 1076 3881 1156 3942; x_wconf 91' lang='lat' dir='ltr'><strong>diem</strong></span> <span class='ocrx_word' id='word_1_497' title='bbox 1180 3878 1259 3939; x_wconf 90' lang='lat' dir='ltr'><strong>vitae</strong></span> <span class='ocrx_word' id='word_1_498' title='bbox 1281 3877 1393 3938; x_wconf 93' lang='lat' dir='ltr'><strong>obierit</strong></span> <span class='ocrx_word' id='word_1_499' title='bbox 1407 3885 1598 3939; x_wconf 80' lang='lat' dir='ltr'><strong>extremum:</strong></span> <span class='ocrx_word' id='word_1_500' title='bbox 1624 3894 1681 3940; x_wconf 89' lang='lat' dir='ltr'><strong>uos</strong></span> <span class='ocrx_word' id='word_1_501' title='bbox 1702 3893 1758 3956; x_wconf 91' lang='lat' dir='ltr'><strong>pro</strong></span> <span class='ocrx_word' id='word_1_502' title='bbox 1773 3894 1823 3956; x_wconf 93' lang='lat' dir='ltr'><strong>pa-</strong></span> 
     </span>
     <span class='ocr_line' id='line_1_93' title="bbox 1075 3969 1824 4048; baseline -0.003 -14"><span class='ocrx_word' id='word_1_503' title='bbox 1075 3972 1180 4036; x_wconf 90' lang='lat' dir='ltr'><strong>storali</strong></span> <span class='ocrx_word' id='word_1_504' title='bbox 1202 3972 1306 4034; x_wconf 80' lang='lat' dir='ltr'><strong>nostra</strong></span> <span class='ocrx_word' id='word_1_505' title='bbox 1327 3969 1487 4047; x_wconf 83' lang='lat' dir='ltr'><strong>vigilantia</strong></span> <span class='ocrx_word' id='word_1_506' title='bbox 1502 3972 1701 4048; x_wconf 83' lang='lat' dir='ltr'><strong>negotiorum</strong></span> <span class='ocrx_word' id='word_1_507' title='bbox 1722 3989 1757 4033; x_wconf 92' lang='lat' dir='ltr'><strong>ac</strong></span> <span class='ocrx_word' id='word_1_508' title='bbox 1772 3971 1824 4032; x_wconf 92' lang='lat' dir='ltr'><strong>bc-</strong></span> 
     </span>
     <span class='ocr_line' id='line_1_94' title="bbox 1076 4064 1825 4142; baseline -0.003 -13"><span class='ocrx_word' id='word_1_509' title='bbox 1076 4083 1191 4130; x_wconf 90' lang='lat' dir='ltr'><strong>norum</strong></span> <span class='ocrx_word' id='word_1_510' title='bbox 1212 4072 1243 4128; x_wconf 90' lang='lat' dir='ltr'><strong>et</strong></span> <span class='ocrx_word' id='word_1_511' title='bbox 1264 4080 1371 4127; x_wconf 90' lang='lat' dir='ltr'><strong>rerum</strong></span> <span class='ocrx_word' id='word_1_512' title='bbox 1387 4065 1484 4128; x_wconf 89' lang='lat' dir='ltr'><strong>dictae</strong></span> <span class='ocrx_word' id='word_1_513' title='bbox 1499 4064 1767 4142; x_wconf 80' lang='lat' dir='ltr'><strong>congregationis,</strong></span> <span class='ocrx_word' id='word_1_514' title='bbox 1784 4082 1825 4127; x_wconf 88' lang='lat' dir='ltr'><strong>ne</strong></span> 
     </span>
     <span class='ocr_line' id='line_1_95' title="bbox 1076 4158 1823 4240; baseline -0.001 -19"><span class='ocrx_word' id='word_1_515' title='bbox 1076 4160 1175 4238; x_wconf 90' lang='lat' dir='ltr'><strong>aliqua</strong></span> <span class='ocrx_word' id='word_1_516' title='bbox 1191 4166 1352 4240; x_wconf 89' lang='lat' dir='ltr'><strong>propterea</strong></span> <span class='ocrx_word' id='word_1_517' title='bbox 1364 4158 1521 4237; x_wconf 88' lang='lat' dir='ltr'><strong>patiantur</strong></span> <span class='ocrx_word' id='word_1_518' title='bbox 1532 4159 1730 4233; x_wconf 90' lang='lat' dir='ltr'><strong>detrimenta,</strong></span> <span class='ocrx_word' id='word_1_519' title='bbox 1743 4158 1823 4220; x_wconf 92' lang='lat' dir='ltr'><strong>ielici</strong></span> 
     </span>
     <span class='ocr_line' id='line_1_96' title="bbox 1076 4251 1824 4330; baseline -0.003 -14"><span class='ocrx_word' id='word_1_520' title='bbox 1076 4253 1237 4316; x_wconf 91' lang='lat' dir='ltr'><strong>directioni</strong></span> <span class='ocrx_word' id='word_1_521' title='bbox 1259 4260 1290 4314; x_wconf 92' lang='lat' dir='ltr'><strong>et</strong></span> <span class='ocrx_word' id='word_1_522' title='bbox 1310 4251 1498 4330; x_wconf 82' lang='lat' dir='ltr'><strong>progressui,</strong></span> <span class='ocrx_word' id='word_1_523' title='bbox 1514 4258 1666 4329; x_wconf 91' lang='lat' dir='ltr'><strong>quantum</strong></span> <span class='ocrx_word' id='word_1_524' title='bbox 1681 4268 1754 4314; x_wconf 91' lang='lat' dir='ltr'><strong>cum</strong></span> <span class='ocrx_word' id='word_1_525' title='bbox 1767 4253 1824 4314; x_wconf 85' lang='lat' dir='ltr'><strong>Dc-</strong></span> 
     </span>
     <span class='ocr_line' id='line_1_97' title="bbox 1079 4344 1824 4425; baseline -0.001 -16"><span class='ocrx_word' id='word_1_526' title='bbox 1079 4347 1163 4409; x_wconf 89' lang='lat' dir='ltr'><strong>miuo</strong></span> <span class='ocrx_word' id='word_1_527' title='bbox 1185 4361 1360 4425; x_wconf 88' lang='lat' dir='ltr'><strong>possumus,</strong></span> <span class='ocrx_word' id='word_1_528' title='bbox 1382 4345 1544 4409; x_wconf 88' lang='lat' dir='ltr'><strong>consulere</strong></span> <span class='ocrx_word' id='word_1_529' title='bbox 1565 4344 1717 4421; x_wconf 87' lang='lat' dir='ltr'><strong>volentes,</strong></span> <span class='ocrx_word' id='word_1_530' title='bbox 1739 4363 1772 4408; x_wconf 95' lang='lat' dir='ltr'><strong>ac</strong></span> <span class='ocrx_word' id='word_1_531' title='bbox 1787 4347 1824 4408; x_wconf 90' lang='lat' dir='ltr'><strong>de</strong></span> 
     </span>
     <span class='ocr_line' id='line_1_98' title="bbox 1077 4437 1822 4518; baseline -0.004 -15"><span class='ocrx_word' id='word_1_532' title='bbox 1077 4440 1229 4518; x_wconf 80' lang='lat' dir='ltr'><strong>singulari</strong></span> <span class='ocrx_word' id='word_1_533' title='bbox 1240 4437 1344 4502; x_wconf 91' lang='lat' dir='ltr'><strong>dilecti</strong></span> <span class='ocrx_word' id='word_1_534' title='bbox 1356 4437 1411 4501; x_wconf 84' lang='lat' dir='ltr'><strong>filii</strong></span> <span class='ocrx_word' id='word_1_535' title='bbox 1427 4437 1525 4499; x_wconf 90' lang='lat' dir='ltr'><strong>nostri</strong></span> <span class='ocrx_word' id='word_1_536' title='bbox 1535 4437 1685 4500; x_wconf 87' lang='lat' dir='ltr'><strong>Leonardi</strong></span> <span class='ocrx_word' id='word_1_537' title='bbox 1696 4438 1728 4503; x_wconf 86' lang='lat' dir='ltr'><strong>S.</strong></span> <span class='ocrx_word' id='word_1_538' title='bbox 1739 4439 1775 4502; x_wconf 84' lang='lat' dir='ltr'><strong>lt.</strong></span> <span class='ocrx_word' id='word_1_539' title='bbox 1786 4439 1822 4500; x_wconf 91' lang='lat' dir='ltr'><strong>E.</strong></span> 
     </span>
     <span class='ocr_line' id='line_1_99' title="bbox 1078 4530 1826 4614; baseline -0.003 -17"><span class='ocrx_word' id='word_1_540' title='bbox 1078 4535 1247 4614; x_wconf 90' lang='lat' dir='ltr'><strong>praedictae</strong></span> <span class='ocrx_word' id='word_1_541' title='bbox 1276 4531 1448 4611; x_wconf 82' lang='lat' dir='ltr'><strong>presbyteri</strong></span> <span class='ocrx_word' id='word_1_542' title='bbox 1474 4530 1644 4596; x_wconf 84' lang='lat' dir='ltr'><strong>Cardinalis</strong></span> <span class='ocrx_word' id='word_1_543' title='bbox 1666 4533 1826 4597; x_wconf 75' lang='lat' dir='ltr'><strong>Antonelli</strong></span> 
     </span>
     <span class='ocr_line' id='line_1_100' title="bbox 1078 4623 1825 4706; baseline -0.003 -15"><span class='ocrx_word' id='word_1_544' title='bbox 1078 4625 1247 4706; x_wconf 87' lang='lat' dir='ltr'><strong>nuncupati</strong></span> <span class='ocrx_word' id='word_1_545' title='bbox 1269 4625 1351 4698; x_wconf 88' lang='lat' dir='ltr'><strong>fide,</strong></span> <span class='ocrx_word' id='word_1_546' title='bbox 1380 4623 1563 4704; x_wconf 82' lang='lat' dir='ltr'><strong>prudentia,</strong></span> <span class='ocrx_word' id='word_1_547' title='bbox 1591 4634 1623 4689; x_wconf 89' lang='lat' dir='ltr'><strong>et</strong></span> <span class='ocrx_word' id='word_1_548' title='bbox 1643 4625 1825 4702; x_wconf 82' lang='lat' dir='ltr'><strong>integritate</strong></span> 
     </span>
     <span class='ocr_line' id='line_1_101' title="bbox 1077 4717 1825 4800; baseline -0.005 -16"><span class='ocrx_word' id='word_1_549' title='bbox 1077 4721 1252 4800; x_wconf 91' lang='lat' dir='ltr'><strong>plurimum</strong></span> <span class='ocrx_word' id='word_1_550' title='bbox 1280 4719 1312 4779; x_wconf 92' lang='lat' dir='ltr'><strong>in</strong></span> <span class='ocrx_word' id='word_1_551' title='bbox 1335 4717 1466 4780; x_wconf 88' lang='lat' dir='ltr'><strong>Domino</strong></span> <span class='ocrx_word' id='word_1_552' title='bbox 1488 4718 1613 4795; x_wconf 86' lang='lat' dir='ltr'><strong>contisi;</strong></span> <span class='ocrx_word' id='word_1_553' title='bbox 1647 4725 1734 4780; x_wconf 91' lang='lat' dir='ltr'><strong>motu</strong></span> <span class='ocrx_word' id='word_1_554' title='bbox 1756 4735 1825 4798; x_wconf 94' lang='lat' dir='ltr'><strong>pro-</strong></span> 
     </span>
     <span class='ocr_line' id='line_1_102' title="bbox 1078 4809 1825 4895; baseline -0.001 -19"><span class='ocrx_word' id='word_1_555' title='bbox 1078 4815 1157 4895; x_wconf 93' lang='lat' dir='ltr'><strong>prio,</strong></span> <span class='ocrx_word' id='word_1_556' title='bbox 1179 4830 1213 4875; x_wconf 91' lang='lat' dir='ltr'><strong>ac</strong></span> <span class='ocrx_word' id='word_1_557' title='bbox 1232 4829 1271 4874; x_wconf 83' lang='lat' dir='ltr'><strong>ex</strong></span> <span class='ocrx_word' id='word_1_558' title='bbox 1291 4811 1374 4876; x_wconf 82' lang='lat' dir='ltr'><strong>certa</strong></span> <span class='ocrx_word' id='word_1_559' title='bbox 1388 4809 1515 4874; x_wconf 81' lang='lat' dir='ltr'><strong>scientil</strong></span> <span class='ocrx_word' id='word_1_560' title='bbox 1530 4821 1562 4874; x_wconf 91' lang='lat' dir='ltr'><strong>et</strong></span> <span class='ocrx_word' id='word_1_561' title='bbox 1576 4813 1697 4878; x_wconf 83' lang='lat' dir='ltr'><strong>matura</strong></span> <span class='ocrx_word' id='word_1_562' title='bbox 1711 4812 1825 4875; x_wconf 90' lang='lat' dir='ltr'><strong>delibe-</strong></span> 
     </span>
     <span class='ocr_line' id='line_1_103' title="bbox 1078 4903 1823 4982; baseline -0.003 -12"><span class='ocrx_word' id='word_1_563' title='bbox 1078 4909 1197 4972; x_wconf 89' lang='lat' dir='ltr'><strong>ratione</strong></span> <span class='ocrx_word' id='word_1_564' title='bbox 1217 4906 1344 4981; x_wconf 86' lang='lat' dir='ltr'><strong>nostris‚</strong></span> <span class='ocrx_word' id='word_1_565' title='bbox 1359 4906 1459 4969; x_wconf 90' lang='lat' dir='ltr'><strong>eidem</strong></span> <span class='ocrx_word' id='word_1_566' title='bbox 1480 4903 1638 4968; x_wconf 90' lang='lat' dir='ltr'><strong>Leonardo</strong></span> <span class='ocrx_word' id='word_1_567' title='bbox 1659 4906 1823 4982; x_wconf 90' lang='lat' dir='ltr'><strong>cardinali,</strong></span> 
     </span>
     <span class='ocr_line' id='line_1_104' title="bbox 1078 5000 1825 5080; baseline -0.003 -16"><span class='ocrx_word' id='word_1_568' title='bbox 1078 5010 1112 5064; x_wconf 92' lang='lat' dir='ltr'><strong>ut</strong></span> <span class='ocrx_word' id='word_1_569' title='bbox 1128 5015 1341 5080; x_wconf 89' lang='lat' dir='ltr'><strong>quaecumque</strong></span> <span class='ocrx_word' id='word_1_570' title='bbox 1356 5001 1496 5063; x_wconf 91' lang='lat' dir='ltr'><strong>mandata</strong></span> <span class='ocrx_word' id='word_1_571' title='bbox 1511 5000 1646 5079; x_wconf 89' lang='lat' dir='ltr'><strong>aliasque</strong></span> <span class='ocrx_word' id='word_1_572' title='bbox 1659 5001 1825 5080; x_wconf 91' lang='lat' dir='ltr'><strong>scripturas</strong></span> 
     </span>
     <span class='ocr_line' id='line_1_105' title="bbox 1077 5094 1825 5176; baseline -0.004 -17"><span class='ocrx_word' id='word_1_573' title='bbox 1077 5097 1186 5176; x_wconf 90' lang='lat' dir='ltr'><strong>quovis</strong></span> <span class='ocrx_word' id='word_1_574' title='bbox 1208 5095 1337 5156; x_wconf 89' lang='lat' dir='ltr'><strong>nomine</strong></span> <span class='ocrx_word' id='word_1_575' title='bbox 1351 5099 1554 5173; x_wconf 87' lang='lat' dir='ltr'><strong>nuncupatas,</strong></span> <span class='ocrx_word' id='word_1_576' title='bbox 1571 5102 1632 5156; x_wconf 90' lang='lat' dir='ltr'><strong>tam</strong></span> <span class='ocrx_word' id='word_1_577' title='bbox 1646 5095 1682 5156; x_wconf 93' lang='lat' dir='ltr'><strong>ad</strong></span> <span class='ocrx_word' id='word_1_578' title='bbox 1704 5094 1825 5172; x_wconf 84' lang='lat' dir='ltr'><strong>quasvis</strong></span> 
     </span>
     <span class='ocr_line' id='line_1_106' title="bbox 1078 5189 1826 5271; baseline -0.004 -17"><span class='ocrx_word' id='word_1_579' title='bbox 1078 5192 1279 5271; x_wconf 89' lang='lat' dir='ltr'><strong>pecuniarum</strong></span> <span class='ocrx_word' id='word_1_580' title='bbox 1299 5205 1436 5252; x_wconf 86' lang='lat' dir='ltr'><strong>summas</strong></span> <span class='ocrx_word' id='word_1_581' title='bbox 1457 5190 1677 5270; x_wconf 89' lang='lat' dir='ltr'><strong>percipiendas,</strong></span> <span class='ocrx_word' id='word_1_582' title='bbox 1699 5189 1826 5265; x_wconf 81' lang='lat' dir='ltr'><strong>erigen-</strong></span> 
     </span>
    </p>
   </div>
   <div class='ocr_carea' id='block_1_16' title="bbox 1077 5282 1943 5363">
    <p class='ocr_par' dir='ltr' id='par_1_20' title="bbox 1077 5282 1943 5363">
     <span class='ocr_line' id='line_1_107' title="bbox 1077 5282 1943 5363; baseline -0.007 -13"><span class='ocrx_word' id='word_1_583' title='bbox 1077 5288 1128 5350; x_wconf 88' lang='lat' dir='ltr'><strong>das</strong></span> <span class='ocrx_word' id='word_1_584' title='bbox 1149 5295 1180 5350; x_wconf 91' lang='lat' dir='ltr'><strong>et</strong></span> <span class='ocrx_word' id='word_1_585' title='bbox 1202 5286 1354 5363; x_wconf 82' lang='lat' dir='ltr'><strong>levandas,</strong></span> <span class='ocrx_word' id='word_1_586' title='bbox 1379 5301 1435 5349; x_wconf 91' lang='lat' dir='ltr'><strong>nec</strong></span> <span class='ocrx_word' id='word_1_587' title='bbox 1455 5301 1518 5347; x_wconf 90' lang='lat' dir='ltr'><strong>non</strong></span> <span class='ocrx_word' id='word_1_588' title='bbox 1537 5283 1698 5346; x_wconf 89' lang='lat' dir='ltr'><strong>solvendas</strong></span> <span class='ocrx_word' id='word_1_589' title='bbox 1719 5301 1752 5346; x_wconf 91' lang='lat' dir='ltr'><strong>ac</strong></span> <span class='ocrx_word' id='word_1_590' title='bbox 1774 5300 1826 5345; x_wconf 84' lang='lat' dir='ltr'><strong>ex·</strong></span> <span class='ocrx_word' id='word_1_591' title='bbox 1939 5282 1943 5290; x_wconf 86' lang='lat'>&#39;</span> 
     </span>
    </p>
   </div>
   <div class='ocr_carea' id='block_1_17' title="bbox 1076 5378 1826 6028">
    <p class='ocr_par' dir='ltr' id='par_1_21' title="bbox 1076 5378 1826 6028">
     <span class='ocr_line' id='line_1_108' title="bbox 1078 5378 1825 5460; baseline -0.007 -17"><span class='ocrx_word' id='word_1_592' title='bbox 1078 5381 1263 5456; x_wconf 89' lang='lat' dir='ltr'><strong>bursaudas,</strong></span> <span class='ocrx_word' id='word_1_593' title='bbox 1293 5395 1386 5460; x_wconf 91' lang='lat' dir='ltr'><strong>quam</strong></span> <span class='ocrx_word' id='word_1_594' title='bbox 1408 5379 1633 5442; x_wconf 88' lang='lat' dir='ltr'><strong>haereditatum</strong></span> <span class='ocrx_word' id='word_1_595' title='bbox 1658 5386 1689 5440; x_wconf 91' lang='lat' dir='ltr'><strong>et</strong></span> <span class='ocrx_word' id='word_1_596' title='bbox 1709 5378 1825 5455; x_wconf 84' lang='lat' dir='ltr'><strong>legato-</strong></span> 
     </span>
     <span class='ocr_line' id='line_1_109' title="bbox 1077 5475 1824 5557; baseline 0.001 -19"><span class='ocrx_word' id='word_1_597' title='bbox 1077 5491 1149 5538; x_wconf 90' lang='lat' dir='ltr'><strong>rum</strong></span> <span class='ocrx_word' id='word_1_598' title='bbox 1169 5475 1401 5553; x_wconf 85' lang='lat' dir='ltr'><strong>acquisitiones,</strong></span> <span class='ocrx_word' id='word_1_599' title='bbox 1423 5477 1639 5557; x_wconf 81' lang='lat' dir='ltr'><strong>Locorumquo</strong></span> <span class='ocrx_word' id='word_1_600' title='bbox 1660 5477 1824 5552; x_wconf 81' lang='lat' dir='ltr'><strong>blondum,</strong></span> 
     </span>
     <span class='ocr_line' id='line_1_110' title="bbox 1076 5571 1825 5651; baseline -0.008 -13"><span class='ocrx_word' id='word_1_601' title='bbox 1076 5584 1108 5638; x_wconf 89' lang='lat' dir='ltr'><strong>et</strong></span> <span class='ocrx_word' id='word_1_602' title='bbox 1129 5574 1261 5636; x_wconf 92' lang='lat' dir='ltr'><strong>aliorum</strong></span> <span class='ocrx_word' id='word_1_603' title='bbox 1282 5573 1437 5636; x_wconf 90' lang='lat' dir='ltr'><strong>bonorum</strong></span> <span class='ocrx_word' id='word_1_604' title='bbox 1452 5572 1636 5651; x_wconf 89' lang='lat' dir='ltr'><strong>emptiones,</strong></span> <span class='ocrx_word' id='word_1_605' title='bbox 1653 5587 1686 5634; x_wconf 91' lang='lat' dir='ltr'><strong>ac</strong></span> <span class='ocrx_word' id='word_1_606' title='bbox 1701 5571 1825 5650; x_wconf 89' lang='lat' dir='ltr'><strong>quosvis</strong></span> 
     </span>
     <span class='ocr_line' id='line_1_111' title="bbox 1077 5664 1823 5743; baseline -0.004 -15"><span class='ocrx_word' id='word_1_607' title='bbox 1077 5668 1150 5729; x_wconf 89' lang='lat' dir='ltr'><strong>alios</strong></span> <span class='ocrx_word' id='word_1_608' title='bbox 1165 5672 1340 5730; x_wconf 90' lang='lat' dir='ltr'><strong>contractus</strong></span> <span class='ocrx_word' id='word_1_609' title='bbox 1355 5674 1386 5728; x_wconf 89' lang='lat' dir='ltr'><strong>et</strong></span> <span class='ocrx_word' id='word_1_610' title='bbox 1400 5665 1523 5743; x_wconf 80' lang='lat' dir='ltr'><strong>negotia</strong></span> <span class='ocrx_word' id='word_1_611' title='bbox 1539 5665 1674 5727; x_wconf 89' lang='lat' dir='ltr'><strong>cuiusvis</strong></span> <span class='ocrx_word' id='word_1_612' title='bbox 1688 5664 1823 5742; x_wconf 80' lang='lat' dir='ltr'><strong>generis,</strong></span> 
     </span>
     <span class='ocr_line' id='line_1_112' title="bbox 1076 5758 1826 5840; baseline -0.007 -17"><span class='ocrx_word' id='word_1_613' title='bbox 1076 5760 1231 5840; x_wconf 89' lang='lat' dir='ltr'><strong>qualitatis</strong></span> <span class='ocrx_word' id='word_1_614' title='bbox 1252 5765 1283 5821; x_wconf 92' lang='lat' dir='ltr'><strong>et</strong></span> <span class='ocrx_word' id='word_1_615' title='bbox 1297 5758 1408 5838; x_wconf 90' lang='lat' dir='ltr'><strong>speciei</strong></span> <span class='ocrx_word' id='word_1_616' title='bbox 1423 5758 1641 5820; x_wconf 89' lang='lat' dir='ltr'><strong>concernentia</strong></span> <span class='ocrx_word' id='word_1_617' title='bbox 1655 5773 1688 5820; x_wconf 94' lang='lat' dir='ltr'><strong>ac</strong></span> <span class='ocrx_word' id='word_1_618' title='bbox 1702 5773 1826 5819; x_wconf 89' lang='lat' dir='ltr'><strong>concer-</strong></span> 
     </span>
     <span class='ocr_line' id='line_1_113' title="bbox 1077 5851 1826 5933; baseline -0.003 -17"><span class='ocrx_word' id='word_1_619' title='bbox 1077 5860 1200 5930; x_wconf 90' lang='lat' dir='ltr'><strong>nentes,</strong></span> <span class='ocrx_word' id='word_1_620' title='bbox 1224 5869 1302 5933; x_wconf 88' lang='lat' dir='ltr'><strong>quac</strong></span> <span class='ocrx_word' id='word_1_621' title='bbox 1323 5862 1354 5915; x_wconf 88' lang='lat' dir='ltr'><strong>et</strong></span> <span class='ocrx_word' id='word_1_622' title='bbox 1368 5869 1443 5933; x_wconf 89' lang='lat' dir='ltr'><strong>quas</strong></span> <span class='ocrx_word' id='word_1_623' title='bbox 1463 5853 1502 5915; x_wconf 91' lang='lat' dir='ltr'><strong>de</strong></span> <span class='ocrx_word' id='word_1_624' title='bbox 1516 5851 1625 5914; x_wconf 90' lang='lat' dir='ltr'><strong>ordine</strong></span> <span class='ocrx_word' id='word_1_625' title='bbox 1640 5859 1671 5912; x_wconf 87' lang='lat' dir='ltr'><strong>et</strong></span> <span class='ocrx_word' id='word_1_626' title='bbox 1682 5853 1826 5914; x_wconf 91' lang='lat' dir='ltr'><strong>mandato</strong></span> 
     </span>
     <span class='ocr_line' id='line_1_114' title="bbox 1076 5945 1825 6028; baseline 0.005 -20"><span class='ocrx_word' id='word_1_627' title='bbox 1076 5947 1175 6011; x_wconf 91' lang='lat' dir='ltr'><strong>dictae</strong></span> <span class='ocrx_word' id='word_1_628' title='bbox 1197 5945 1452 6024; x_wconf 77' lang='lat' dir='ltr'><strong>congregationis</strong></span> <span class='ocrx_word' id='word_1_629' title='bbox 1467 5961 1522 6026; x_wconf 93' lang='lat' dir='ltr'><strong>pro</strong></span> <span class='ocrx_word' id='word_1_630' title='bbox 1536 5953 1675 6024; x_wconf 89' lang='lat' dir='ltr'><strong>tempore</strong></span> <span class='ocrx_word' id='word_1_631' title='bbox 1696 5959 1825 6028; x_wconf 80' lang='lat' dir='ltr'><strong>quomo·</strong></span> 
     </span>
    </p>
   </div>
   <div class='ocr_carea' id='block_1_18' title="bbox 0 0 2389 6962">
    <p class='ocr_par' dir='ltr' id='par_1_22' title="bbox 0 0 2389 6962">
     <span class='ocr_line' id='line_1_115' title="bbox 0 0 2389 6962; baseline 0 0"><span class='ocrx_word' id='word_1_632' title='bbox 0 0 2389 6962; x_wconf 95' lang='lat' dir='ltr'><strong> </strong></span> 
     </span>
    </p>
   </div>
   <div class='ocr_carea' id='block_1_19' title="bbox 1729 537 2028 609">
    <p class='ocr_par' dir='ltr' id='par_1_23' title="bbox 1729 537 2028 609">
     <span class='ocr_line' id='line_1_116' title="bbox 1729 537 2028 609; baseline -0.037 1"><span class='ocrx_word' id='word_1_633' title='bbox 1729 537 1788 609; x_wconf 80' lang='lat' dir='ltr'><strong>aet</strong></span> <span class='ocrx_word' id='word_1_634' title='bbox 1838 543 1937 602; x_wconf 74' lang='lat' dir='ltr'><strong>ene.</strong></span> <span class='ocrx_word' id='word_1_635' title='bbox 1958 537 2028 600; x_wconf 84' lang='lat' dir='ltr'><strong>raso</strong></span> 
     </span>
    </p>
   </div>
  </div>
 </body>
</html>
