4808 6988
961 567 1032 622 rtus
1053 569 1102 622 ΡΡ.
1125 569 1181 622 vil.

295 691 507 757 Ferdinandus
538 692 703 774 utriusque
735 691 855 758 Siciliae
887 709 942 755 rex
972 692 1071 756 suas¹

295 802 419 866 quoque
441 788 474 850 in
495 789 525 850 id
552 803 657 868 preces
685 788 828 863 adderet,
851 805 908 851 nec
939 788 1041 852 verbis

294 887 416 941 tantum
433 881 577 960 petitioni
593 881 643 944 isti
658 881 891 959 suffragaretur,
904 883 967 956 sed,
980 898 1041 960 quo

294 977 339 1034 est
362 973 394 1034 in
417 989 484 1036 rem
506 975 688 1037 catholicam
709 975 822 1050 studio,
845 975 991 1038 ecclesiae
1007 974 1041 1036 il-

295 1064 354 1127 lius
375 1067 515 1130 redditus
535 1085 589 1130 sua
611 1069 813 1146 amplificatos
835 1068 1041 1130 beneficentia

294 1157 400 1233 vellet,
415 1167 449 1223 ut
470 1161 692 1224 canonicorum
714 1161 893 1238 collegium,
910 1161 1040 1225 auctori-

294 1257 357 1312 tate
385 1259 489 1314 nostra
514 1255 712 1330 erigendum,
734 1254 843 1316 alatur.
869 1257 939 1330 Sed,
969 1256 1039 1334 quia

295 1344 392 1414 multa
414 1355 503 1410 erant
518 1355 659 1410 accurato
674 1347 812 1411 libranda
827 1350 971 1410 examine
987 1365 1040 1427 per

295 1449 431 1500 nostram
454 1441 730 1518 congregationem
746 1442 837 1504 rebus
848 1442 1042 1504 consistoria-

295 1531 375 1593 libus
388 1535 590 1612 praepositam
604 1536 690 1613 prius
701 1551 793 1614 quam
806 1551 855 1598 res
869 1538 904 1596 ad
921 1536 1040 1599 exitum

294 1625 539 1704 perduceretur;
561 1628 649 1704 hinc,
677 1628 803 1705 negotio
835 1629 867 1691 in
889 1631 1041 1708 praedicta

294 1721 535 1796 congregatione
546 1719 1039 1804 discusso,perdecretumqnod,

294 1812 449 1878 referente
477 1817 590 1880 dilecto
620 1818 684 1878 lilio
709 1819 858 1896 magistro
888 1820 1040 1900 Raphaele

294 1909 396 1985 ilatio,
413 1910 552 1972 eiusdem
573 1912 750 1986 secretario,
769 1912 819 1973 die
832 1921 937 1975 octava
953 1928 1041 1974 men·

292 2002 332 2064 sis
353 2003 533 2066 novembris
553 2004 626 2065 anni
648 2005 743 2067 huius
763 2005 933 2081 emisimus,
949 2007 1039 2083 perli-

293 2097 394 2160 ciendi
415 2097 515 2175 operis
536 2096 668 2158 iormam
684 2098 880 2178 rationesque
895 2101 1039 2178 praescri-

293 2191 481 2270 psimus„
916 2193 919 2200 '

98 2292 275 2358 ‚creciacens-
325 2288 351 2362 ,ἓ
373 2285 402 2348 2.
426 2285 475 2346 llli
503 2285 599 2362 igitur
625 2287 747 2348 decreto
777 2287 985 2362 inhaerentes,
1008 2295 1040 2350 et

79 2347 274 2464 {iiiiiitiiiiii
292 2379 463 2458 praedictos
485 2387 677 2456 exponentes
692 2396 725 2441 ac
742 2380 915 2456 singulares
937 2397 1038 2459 perso·

78 2462 191 2512 matins.
293 2487 358 2546 nas,
382 2471 494 2550 quibus
515 2475 692 2549 praesentes
710 2472 819 2534 literae
840 2472 956 2548 lavent,
972 2490 1040 2552 spe·

293 2565 419 2628 cialibus
438 2565 545 2640 gratiis
558 2571 589 2626 et
603 2563 760 2627 favoribus
771 2567 913 2644 prosequi
931 2565 1039 2629 volen-

293 2668 349 2734 tes,
370 2666 438 2720 eta
470 2657 630 2734 quibusvis
651 2658 982 2721 excommunicationis
1007 2667 1039 2721 et

291 2751 460 2824 interdicti,
492 2749 621 2828 aliisque
652 2749 861 2812 ecclesiasticis
886 2753 1037 2827 censuris,

184 2865 187 2872 ·
291 2845 455 2907 sententiis
476 2851 507 2905 et
527 2843 636 2922 poenis
657 2845 768 2921 quovis
794 2845 937 2907 modoet
965 2862 1038 2923 qua·

291 2954 426 3017 cumque
441 2937 478 2999 de
493 2953 578 2999 causa
601 2936 679 3012 latis,
695 2937 720 2997 si
738 2953 812 3014 quas
833 2936 911 2999 lorte
934 2938 1037 3000 incur-

291 3031 402 3107 rerint,
426 3030 520 3092 huius
542 3036 665 3091 tantum
686 3030 731 3091 rei
754 3031 849 3106 gratia
877 3030 1039 3092 absolven-

290 3131 337 3186 tes
358 3132 389 3187 et
410 3123 564 3185 absolutos
585 3123 651 3184 lore
671 3133 846 3198 censentes,
858 3124 1037 3187 huiusmodi

290 3216 563 3297 supplicationibus
575 3217 715 3279 inclinati
731 3219 924 3293 mandamus,
937 3236 970 3280 ac
985 3235 1038 3280 vo·

291 3313 407 3386 lomus,
431 3319 465 3372 ut
486 3311 519 3372 in
545 3309 655 3389 oppido
676 3327 731 3374 seu
754 3319 836 3376 terra
858 3312 963 3375 Piocc
985 3312 1036 3374 dei

293 3405 384 3470 Greci
406 3411 583 3484 nuncupata
605 3405 716 3468 matrix
739 3423 772 3467 ac
794 3407 972 3485 parochialis
989 3424 1036 3470 ec·

290 3499 379 3562 clesia
403 3499 433 3562 S.
456 3498 604 3560 demetrii
629 3498 774 3576 martyris
802 3500 881 3562 ritus
908 3515 1038 3576 graeco-

290 3592 429 3654 catholici
451 3591 588 3672 (praevia
602 3594 820 3670 suppressione
842 3593 924 3653 tituli
946 3593 1038 3656 colla-

290 3685 347 3747 tivi
361 3684 687 3764 archipresbyteratus,
700 3687 906 3764 aliorumque,
922 3687 1035 3770 siquae

290 3786 373 3855 sunt,
388 3779 610 3841 beneficiorum
633 3780 743 3858 quovis
765 3781 894 3842 nomine
915 3771 1036 3844 nuncu-

290 3881 445 3953 patorum,
461 3890 476 3933 a
494 3872 607 3950 quibus
628 3874 801 3937 animarum
819 3891 892 3936 cura
912 3891 1035 3938 exerce-

292 3969 356 4045 tur)
377 3967 515 4044 erigatur
530 3967 562 4028 in
578 3966 770 4042 collegiatam
792 3968 931 4030 eiusdem
950 3985 1036 4045 grae·

290 4059 486 4123 cc-calholici
516 4059 607 4134 ritus,
630 4077 708 4138 qnae
736 4061 828 4122 etiam
853 4061 1035 4137 parochialis

290 4161 425 4226 maneat,
447 4169 519 4215 cum
540 4170 596 4216 suo
618 4153 762 4230 capitulo,
788 4155 892 4230 choro,
915 4171 981 4216 arca
1003 4163 1035 4217 et

291 4247 391 4324 sigillo
402 4247 634 4322 communibus,
646 4245 836 4326 gaudeatque
851 4247 993 4309 omnibus
1005 4257 1036 4310 et

288 4340 421 4418 singulis
442 4339 572 4414 iuribus,
596 4340 768 4418 privilegiis
782 4346 812 4402 et
830 4340 1035 4418 exonrptioui-

291 4434 358 4510 bus,
381 4439 473 4512 prout
495 4432 571 4494 aliae
591 4432 730 4494 eiusdem
757 4435 835 4496 ritus
858 4434 1035 4511 collegiatae

289 4527 444 4602 ecclesiae,
466 4543 545 4604 quae
560 4526 746 4605 parochiales
761 4528 855 4589 etiam
869 4535 954 4603 sunt,
971 4543 1035 4589 non

289 4627 393 4682 tamen
424 4620 516 4682 titulo
547 4636 677 4683 oneroso
709 4636 848 4684 seorsum
879 4623 1035 4702 acquisitis

288 4714 325 4774 iis
347 4721 479 4777 utuntur
499 4723 532 4774 et
554 4715 699 4791 gandent.

82 4822 216 4871 nominatio
233 4823 270 4870 ‹u-
328 4807 347 4882 ἓ
368 4809 396 4870 3.
413 4808 560 4869 lubem'us
573 4806 681 4869 itidem
697 4809 729 4870 in
746 4809 803 4872 hoc
818 4825 898 4871 novo
911 4810 1034 4888 'capitu-

71 4878 172 4984 ffiiiiss’
186 4883 270 4978 ἶζῗξρ
289 4901 319 4964 lo
340 4901 477 4964 matricis
498 4909 529 4962 et
550 4903 730 4979 parochialis
745 4903 889 4965 ecclesiae
905 4920 1035 4981 graeco-

72 4984 212 5032 mmmm·
288 4994 453 5057 catholicae
483 4994 629 5058 Coloniae
661 5013 722 5058 uua
752 5005 874 5058 tantum
902 4998 1034 5074 dignitas

287 5089 495 5152 constituatur
515 5087 573 5150 sub
587 5088 680 5150 titulo
695 5089 963 5168 archipresbyteri,
980 5093 1033 5170 qui

289 5196 413 5259 graecae
434 5191 619 5260 proto—papa
641 5182 764 5244 dicitur.
789 5183 867 5244 Huic
894 5184 927 5244 in
950 5199 1033 5263 prae-

287 5273 367 5336 dicta
387 5273 512 5336 ecclesia
532 5275 705 5336 animarum
735 5292 820 5350 cura,
847 5283 938 5354 atque
959 5278 1034 5339 adeo

288 5367 455 5429 servandae
468 5369 687 5445 augendaeque
703 5367 774 5429 fidei
786 5369 951 5430 catholicae
961 5386 1033 5431 cura

288 5463 512 5526 committetur.
546 5462 729 5524 Huiusmodi
758 5479 833 5525 vero
863 5479 980 5525 munus
1000 5465 1033 5524 in

289 5556 531 5633 praesentiarum
559 5555 719 5616 adiicietur
740 5555 851 5616 actuali
881 5556 1034 5634 archipre-

286 5647 413 5726 sbytero
433 5647 583 5711 sacerdoti
597 5647 729 5723 Georgio
744 5647 904 5724 Mctranga
919 5649 1034 5727 absque

288 5743 351 5805 ulla
379 5758 458 5805 nova
486 5743 662 5822 provisione
685 5750 715 5804 et
740 5743 974 5820 apostolicarum
998 5745 1032 5806 li-

287 5846 425 5899 terarum
447 5837 655 5916 expeditione,
672 5844 702 5898 et
720 5854 780 5898 una
800 5852 874 5899 cum
888 5839 1034 5900 omnihus

286 5930 457 6009 privilegiis
485 5947 519 5991 ac
549 5929 811 5993 iurisdictionibus
840 5929 940 5992 eidem
962 5930 1030 6009 ipsi,

1764 557 1823 630 sec
1873 561 1973 622 ano.
1994 553 2064 622 1eao

1097 701 1132 756 ut
1153 699 1312 776 asseritur,
1329 703 1480 766 concessis
1502 703 1533 764 in
1557 703 1656 766 literis
1672 702 1842 766 institutio-

1097 788 1145 850 nis
1165 791 1214 852 sui
1236 794 1361 856 actualis
1383 796 1698 875 archipresbyteratus
1719 796 1751 859 in
1767 797 1842 859 civi·

1097 890 1158 944 late
1187 883 1298 948 Montis
1329 888 1451 966 Regalis
1475 889 1524 952 die
1552 906 1625 950 xxv.
1658 888 1841 968 septembris

1096 976 1169 1037 anni
1191 995 1344 1042 nncccrv.
1369 982 1529 1060 expeditis.
1548 983 1671 1045 Praeter
1689 982 1842 1061 archipre-

1095 1068 1281 1147 sbyteralem
1293 1074 1478 1150 dignitatem
1491 1074 1646 1136 sexdecim
1662 1091 1794 1137 numero
1809 1075 1841 1136 in

1096 1163 1201 1225 eadem
1224 1166 1349 1228 ecclesia
1370 1169 1568 1231 canonicatus
1595 1168 1748 1244 erigimus
1768 1183 1841 1230 curn

1094 1257 1225 1318 totidem
1257 1260 1450 1336 praebendis,
1481 1269 1573 1340 prout
1603 1260 1683 1323 inlra
1709 1262 1840 1336 dicetur,

1095 1349 1148 1426 qui
1163 1365 1217 1428 per
1234 1358 1375 1427 tarnum,
1394 1363 1427 1415 ut
1442 1354 1719 1430 graeco-catholica
1734 1353 1840 1416 Orien-

1097 1441 1133 1501 tis
1165 1442 1323 1521 disciplina
1351 1444 1428 1520 lert,
1460 1447 1748 1525 archipresbytero,
1785 1461 1840 1509 seu

1095 1544 1310 1614 proto-papae,
1336 1548 1458 1616 praesto
1479 1549 1573 1602 erunt
1603 1540 1635 1602 in
1665 1541 1840 1602 animarum

1094 1645 1179 1705 cura,
1214 1632 1246 1692 in
1277 1635 1476 1696 sacramentis
1508 1635 1771 1711 administrandis,
1805 1636 1840 1697 in

1094 1725 1198 1802 pueris
1212 1726 1248 1788 ad
1259 1726 1458 1789 christianam
1473 1728 1659 1804 religionem
1671 1728 1841 1790 inlorman·

1094 1817 1151 1891 dis,
1174 1818 1206 1879 in
1228 1818 1360 1895 aegrotis
1375 1821 1556 1896 praesertim
1578 1821 1610 1883 in
1632 1823 1741 1883 mortis
1760 1821 1841 1900 peri-

1094 1910 1164 1970 culo
1185 1912 1361 1973 constitutis
1383 1928 1440 1989 ope
1461 1913 1654 1988 adlevandis,
1678 1915 1709 1976 in
1732 1914 1769 1975 iis
1789 1913 1840 1974 de·

1094 2004 1190 2082 nique
1210 2005 1355 2068 omnibus
1367 2007 1569 2083 exequendis,
1584 2023 1663 2086 quae
1678 2007 1840 2069 coutinen-

1095 2097 1192 2159 turin
1209 2097 1368 2174 eucologio
1383 2115 1399 2160 a
1414 2097 1465 2160 lel.
1477 2115 1537 2161 rec.
1549 2099 1663 2162 Bened.
1682 2100 1736 2162 ΡΡ.
1755 2099 1836 2163 xlv.

1093 2191 1325 2268 praedecessore
1354 2199 1460 2254 nostro
1490 2192 1729 2267 reformandae
1762 2194 1840 2272 typis

1094 2286 1351 2362 congregationis
1367 2287 1404 2348 de
1419 2287 1614 2365 Propaganda
1638 2289 1710 2350 Fide
1725 2287 1841 2348 Romae

1093 2378 1241 2456 impresso
1262 2395 1345 2440 anno
1367 2397 1532 2454 nuceum,
1555 2395 1696 2458 quaeque
1717 2382 1752 2442 ad
1775 2396 1841 2440 sus-

1092 2473 1173 2548 cepti
1195 2473 1336 2534 moneris
1351 2473 1502 2534 rationem
1518 2473 1689 2550 pertinent,
1702 2488 1774 2534 cum
1790 2473 1840 2534 de·

1092 2565 1260 2642 pendentia
1282 2575 1386 2628 tamen
1403 2567 1440 2628 ab
1457 2566 1735 2644 archipresbytero,
1752 2565 1839 2628 cuius

1092 2658 1191 2720 officio
1213 2675 1285 2720 cura
1308 2667 1355 2720 est
1375 2659 1550 2721 animarum
1573 2674 1704 2720 annexa.

1131 2753 1199 2827 §b
1225 2752 1426 2814 Decernimus
1447 2753 1575 2828 insuper
1596 2753 1629 2813 in
1651 2753 1759 2814 eodem
1782 2752 1839 2813 boc
1882 2770 2019 2834 nsputquo
2034 2771 2070 2817 in-

1092 2846 1234 2924 capitulo,
1248 2844 1375 2907 arbitrio
1391 2851 1456 2920 tuo,
1473 2845 1659 2906 venerabilis
1675 2845 1768 2906 irater
1783 2845 1839 2906 br·
1858 2826 2031 2870 serviendum.

1092 2938 1282 3018 chlepiscope
1298 2939 1410 3002 illontis
1428 2939 1559 3014 Regalis,
1577 2945 1766 3017 tuorumque
1783 2955 1838 3017 pro

1093 3040 1233 3112 tempore
1253 3047 1483 3107 successorum,
1506 3031 1580 3108 eligi
1601 3040 1719 3118 septem
1740 3048 1838 3094 sacer·

1091 3126 1177 3188 dotes
1201 3127 1406 3188 inservientes
1427 3131 1632 3204 nuncupatos,
1649 3126 1772 3204 quibus,
1789 3143 1838 3188 oc-

1091 3226 1240 3281 currente
1268 3219 1427 3304 vacatione
1455 3217 1582 3280 alicuius
1612 3235 1651 3280 ex
1678 3219 1838 3298 praedictis

1091 3311 1333 3385 canonicatibus,
1350 3313 1385 3374 ad
1402 3314 1485 3374 hunc
1505 3312 1607 3390 ipsum
1623 3314 1837 3374 canonicatum

1091 3405 1205 3485 patebit
1220 3403 1384 3466 adscensus
1405 3411 1436 3466 et
1457 3405 1541 3483 optio
1556 3419 1612 3482 per
1626 3405 1776 3468 maiorem
1791 3421 1837 3468 se-

1090 3508 1247 3561 cretorum
1266 3497 1392 3576 capituli
1413 3498 1629 3574 suffragiorum
1653 3516 1833 3562 numerum.

1091 3592 1124 3653 ln
1146 3591 1365 3654 canonicorum
1380 3597 1484 3655 aulem
1499 3592 1649 3655 electione
1672 3594 1692 3654 ii
1707 3593 1837 3673 reliquis

1090 3684 1298 3747 sacerdotibus
1328 3685 1571 3748 inservientibus
1599 3692 1694 3749 erunt
1720 3686 1836 3764 praele-

1091 3779 1191 3855 rendi,
1214 3778 1267 3856 qui
1289 3779 1322 3840 in
1344 3793 1452 3854 graeco
1480 3775 1652 3840 Seminario
1677 3779 1836 3841 Panormi-

1092 3881 1162 3934 tano
1193 3871 1312 3933 alumni
1344 3887 1444 3932 sacrae
1477 3872 1677 3948 Theologiae,
1712 3873 1837 3950 linguae

1090 3981 1216 4041 graecae
1231 3963 1368 4039 literalis,
1384 3981 1443 4027 sac.
1461 3965 1650 4042 disciplinae,
1669 3973 1699 4026 et
1716 3966 1835 4029 rituum

1090 4057 1249 4120 orientalis
1275 4057 1421 4120 ecclesiae
1442 4074 1587 4132 cursum,
1617 4059 1836 4122 Panormitano

1089 4151 1324 4229 archiepiscopo
1346 4157 1487 4222 testante,
1511 4151 1713 4215 confecerint.

1129 4245 1197 4320 55.
1222 4245 1303 4306 Curn
1326 4261 1343 4305 a
1364 4245 1524 4306 communi
1552 4245 1634 4308 della
1657 4248 1764 4310 Plotia
1785 4249 1835 4311 dci
1881 4271 1985 4334 nouato
1999 4273 2067 4328 caps.

1092 4337 1183 4402 Greci
1195 4345 1370 4416 nuncupata
1386 4353 1488 4401 annua
1503 4355 1586 4402 nunc
1603 4339 1715 4418 cuique
1730 4359 1767 4404 ex
1781 4343 1836 4405 tri·
1855 4323 1913 4370 ‘¹¹¹¹‘

1089 4435 1146 4496 bus
1157 4432 1363 4495 sacerdotibus
1375 4433 1676 4513 archipresbyterum
1690 4439 1834 4501 adiuvan-

1090 4527 1171 4588 tibus
1193 4528 1356 4588 unciarum
1377 4525 1555 4604 quindecim
1571 4545 1707 4606 congrua
1723 4533 1836 4595 consti-

1089 4629 1155 4683 tuta
1176 4618 1364 4697 reperiatur,
1386 4635 1424 4681 ex
1445 4637 1506 4699 quo
1528 4622 1729 4700 quadraginta
1744 4627 1835 4705 quin·
1935 4647 1939 4655 ·

1088 4730 1149 4791 que
1164 4713 1325 4774 unciarum
1341 4729 1461 4774 summa
1477 4715 1630 4792 coalescit,
1647 4718 1721 4782 haec
1736 4721 1834 4799 quoad

1090 4807 1358 4886 trigintaquinque
1369 4808 1533 4869 unciarum
1547 4825 1702 4872 summam
1721 4813 1754 4875 in
1772 4822 1834 4876 tres

1088 4910 1190 4979 partes
1211 4901 1378 4975 dividetur,
1402 4917 1535 4978 quarum
1560 4903 1658 4981 prima
1679 4907 1834 4986 archipre-
1868 4931 1875 4944 ·

1087 4995 1223 5072 sbytero,
1240 4993 1335 5054 altera
1350 4995 1516 5070 canonicis,
1533 4997 1623 5058 tertia
1645 4996 1772 5061 demum
1786 5000 1834 5062 in·

1087 5087 1296 5148 servientibus
1320 5086 1483 5149 tribuetur.
1513 5088 1622 5154 Decem
1647 5105 1733 5166 vero,
1756 5109 1833 5170 qnae

1088 5197 1126 5242 ex
1157 5179 1498 5260 quadragintaquinque
1528 5193 1687 5261 superant,
1717 5184 1833 5248 lamulo

1087 5273 1209 5337 cuidam
1229 5274 1383 5352 stipendio
1404 5283 1510 5348 erunt,
1529 5285 1563 5337 ut
1582 5294 1697 5357 nempe
1717 5281 1833 5342 antedi·

1088 5368 1143 5430 ctis
1166 5367 1430 5444 archipresbytero
1446 5377 1477 5430 et
1491 5371 1645 5433 canonicis
1659 5373 1692 5433 in
1707 5373 1832 5435 ccclesia

1089 5461 1255 5542 parochiali
1270 5469 1301 5523 et
1317 5462 1477 5538 collegiata
1500 5465 1663 5526 deserviat.
1687 5467 1765 5529 llaec
1780 5485 1833 5530 aa·

1088 5559 1152 5618 tem
1174 5572 1262 5629 nova
1275 5555 1481 5619 communalis
1496 5572 1634 5634 congrua
1655 5547 1833 5623 distributio

1087 5651 1229 5728 sequenti
1245 5647 1347 5725 regiae
1362 5649 1527 5710 dotationis
1543 5651 1640 5714 londo
1661 5639 1830 5716 adiicietur.

1088 5743 1205 5805 Accidit
1224 5758 1297 5803 sane
1319 5744 1547 5819 percommode,
1563 5745 1784 5808 dicacissimus
1798 5746 1831 5808 in

1089 5835 1211 5897 Christo
1233 5835 1314 5896 lilius
1336 5833 1550 5898 Fordinandus
1572 5839 1733 5917 utriusque
1756 5838 1832 5902 Sici-

1087 5928 1145 5991 liae
1165 5944 1220 5990 rex
1242 5928 1329 6006 pium
1351 5928 1517 5992 consilium
1538 5931 1652 6009 ceperit
1674 5933 1775 5995 decori
1798 5933 1833 6007 il-
