4734 7004
345 523 445 579 11110.
467 524 535 578 1762
585 527 624 590 ΒΞ

566 667 711 743 gantibus
732 667 864 745 meritis,
887 671 920 733 in
941 672 1084 749 supremi
1106 671 1140 732 B.
1158 671 1239 736 Petri
1256 675 1311 740 Ca-

565 761 673 824 thedrd
694 763 867 840 constituti,
891 766 982 829 modo
1003 770 1038 830 ad
1060 770 1244 847 pastoralem
1263 789 1310 834 so·

564 855 757 919 licitudinem
773 867 910 920 nostram
925 861 1090 938 pertineat,
1107 878 1162 942 per
1183 864 1309 928 univer·

563 965 634 1011 sum
655 950 777 1013 Domini
794 965 922 1028 gregem
938 953 1026 1030 vigili
1044 956 1117 1018 cura
1132 956 1308 1034 providere,

565 1051 599 1106 ut
621 1044 725 1108 omnia
747 1046 780 1108 in
802 1047 836 1108 ed
864 1047 993 1109 honeste
1015 1056 1046 1110 et
1067 1052 1239 1113 secundum
1261 1071 1310 1116 or-

564 1138 668 1202 dinem
685 1142 770 1216 fiant,
790 1148 928 1205 veterem
940 1144 1139 1222 etprobatarn
1157 1131 1309 1210 E'cclesiae

564 1235 824 1298 consuetudinem
855 1237 933 1299 circa
955 1237 1222 1316 indulgentiarum
1249 1240 1308 1302 dis-

564 1329 789 1404 pensationem,
813 1336 964 1407 quantum
988 1332 1054 1393 fieri
1080 1341 1194 1411 potest,
1221 1336 1308 1396 resti·

565 1428 654 1483 tuere
675 1429 706 1484 et
727 1438 862 1498 servare,
874 1423 1031 1503 simulque
1053 1426 1308 1490 christifidelium

565 1513 691 1576 utilitati
713 1530 876 1577 occurrere
896 1517 1068 1580 studemus.

334 1614 546 1712 ς1111111111
605 1606 624 1681 ἓ
647 1607 674 1668 1.
698 1606 783 1669 lnter
804 1614 904 1670 cetera
926 1610 1078 1688 siquidem
1099 1612 1307 1691 spiritualium

335 1671 548 1784 'igrffinsfflugi'gi'ia
566 1700 736 1776 gratiarum
761 1702 852 1776 dona,
875 1703 987 1780 quibus
1013 1721 1210 1767 summorum
1232 1706 1309 1768 Pon-

335 1721 343 1764 t

334 1775 548 1884 fflffgflrfflffi
567 1794 685 1856 tifrcum
708 1792 891 1857 liberalitate
906 1796 1128 1859 christifideles
1148 1798 1309 1860 cumulan-

333 1881 547 1980 ggffghffillqffrffi
568 1893 630 1962 tur,
643 1885 838 1964 potissimum
861 1888 963 1952 locum
978 1888 1070 1950 habet
1093 1890 1228 1967 plenaria
1243 1907 1311 1968 pec·

333 1993 466 2044 osorum
486 1987 548 2034 111-
566 1987 706 2041 catorum
728 1979 922 2057 indulgentia
934 1989 966 2043 et
987 1982 1141 2058 remissio,
1158 1999 1237 2062 quae
1251 1989 1312 2044 sta-

333 2052 384 2087 ⁸¹¹⁵'
566 2073 642 2134 tutis
653 2072 727 2134 anni
742 2073 849 2136 diebus
864 2075 1053 2150 conceditur,
1067 2077 1141 2138 dum
1152 2075 1310 2140 Romanus

565 2167 707 2229 Pontifex
722 2166 851 2229 solemni
869 2168 1061 2230 caeremonia
1078 2169 1192 2247 populo
1206 2186 1309 2232 coram

566 2262 630 2340 ipso
642 2271 829 2341 congregato
840 2264 1006 2342 benedicit,
1016 2275 1047 2328 et
1059 2282 1123 2328 non
1135 2281 1204 2326 raro
1216 2265 1309 2343 ipsius

564 2357 678 2420 summi
699 2359 857 2421 Pontificis
870 2359 1000 2423 nomine
1021 2357 1227 2421 effundendae
1241 2373 1311 2436 apo-

563 2454 688 2516 stolicae
709 2452 931 2516 benedictionis
944 2470 1038 2532 snper
1053 2454 1209 2534 principes
1228 2453 1310 2515 viros

564 2547 707 2609 absentes
736 2547 874 2624 delegata
900 2547 960 2611 fuit
987 2547 1128 2610 facultas:
1156 2548 1209 2610 sed
1238 2548 1310 2610 inde

564 2640 698 2703 invaluit
719 2649 841 2719 praetor
862 2642 992 2702 modum
1009 2659 1083 2704 usus
1105 2642 1198 2703 etiam
1220 2641 1308 2703 verbi

565 2734 617 2795 Dei
648 2733 850 2812 praeconibus
878 2734 1078 2811 indulgendi,
1104 2743 1137 2797 ut
1165 2733 1310 2797 similiter

564 2841 636 2889 cum
657 2825 794 2906 plenaria
822 2827 1237 2906 indulgentiaapostolicam
1258 2827 1310 2889 he-

564 2919 789 2996 nedictionem,
803 2936 866 2982 non
881 2919 1032 2997 singulari
1053 2920 1145 2984 alicui
1161 2937 1309 2998 personae

563 3013 614 3075 rel
645 3013 796 3090 familiae,
829 3015 882 3078 sed
914 3015 1063 3077 universo
1084 3014 1118 3075 ad
1150 3015 1310 3078 ecclesiam

564 3107 860 3187 conduentipopulo
876 3108 1027 3187 impertiri
1048 3109 1201 3171 valerent.
1225 3109 1309 3170 Non·

565 3201 668 3262 nullos
689 3201 816 3278 pariter,
831 3217 895 3264 non
914 3202 983 3264 sine
1004 3203 1108 3281 aliquo
1129 3203 1311 3266 ecclesiasti-

564 3310 616 3356 cae
638 3292 816 3372 disciplinae
839 3295 1029 3371 discrimine,
1040 3297 1119 3357 circa
1141 3295 1251 3359 harum
1267 3295 1309 3356 fa-

564 3388 718 3452 cultatum
739 3388 922 3450 exercitium
945 3389 1103 3467 irrepsisse
1124 3389 1237 3454 abusus
1258 3394 1309 3455 de·

565 3483 797 3565 prehendimus.
969 3581 975 3591 .

334 3587 547 3686 draalvocanturtq-
605 3579 674 3655 §2-
698 3581 738 3643 Ut
766 3585 871 3641 autem
902 3581 1111 3660 spiritualium
1140 3581 1309 3658 gratiarum

335 3646 842 3794 1111111111ἂί1111111111
862 3683 955 3753 atque
976 3675 1158 3755 incorrupte
1179 3676 1310 3739 admini-

334 3747 548 3847 2g¹0fissffi⁰g²ssssssg
565 3775 717 3844 strentur,
740 3769 886 3847 quodque
906 3769 979 3830 adeo
1000 3767 1165 3831 salubriter
1186 3769 1310 3832 institu-

333 3854 548 3954 ξξξῑξῆῗξῑξῑῇᾗῑῇ
567 3873 635 3928 tum
656 3870 713 3938 est,
736 3863 770 3924 iu
791 3861 962 3940 perniciem
985 3877 1048 3923 non
1075 3861 1160 3924 cedat
1181 3863 1311 3926 abuten-

282 4027 286 4035 ,
333 3960 496 4062 ξὲιεῃιὲἧῑξᾶιεῑ
511 3973 548 4062 {¹3
565 3954 1307 4034 tium,praemissaomuiaCongregationirenn.

334 4070 365 4113 an
386 4069 445 4116 uris.
566 4050 699 4112 fratrum
720 4056 897 4110 nostrorum
921 4047 951 4110 S.
975 4046 1012 4110 ll.
1037 4048 1072 4110 E.
1099 4046 1309 4113 cardinalium

565 4139 771 4219 indulgentiis
785 4139 940 4217 sacrisque
955 4139 1107 4218 lleliquiis
1122 4141 1310 4219 praepositae

566 4233 767 4300 examinanda
796 4233 1026 4308 commisimus,
1050 4249 1128 4312 quae
1149 4233 1309 4312 exquisitis

565 4329 659 4392 etiam
670 4325 898 4390 consultoribus
910 4333 1020 4387 votum
1031 4343 1124 4389 suum
1139 4325 1228 4388 nobis
1240 4342 1309 4404 ape-

564 4423 652 4484 riret.
677 4420 840 4498 Postquam
866 4419 975 4495 igitur,
997 4419 1072 4497 quid
1099 4419 1206 4481 eadem
1228 4419 1311 4482 Gon·

565 4513 716 4592 gregario,
740 4511 850 4575 auditis
872 4511 1114 4588 consultoribus,
1144 4515 1201 4575 hac
1222 4511 1253 4574 in
1276 4529 1309 4574 re

564 4609 706 4682 sentiret,
717 4605 927 4684 percepimus;
943 4605 1088 4668 omnibus
1103 4612 1226 4667 mature
1241 4622 1310 4685 per·

564 4702 679 4780 pensis,
697 4701 808 4761 iustam
823 4699 973 4786 rationem
988 4713 1208 4777 congruosque
1229 4699 1309 4762 limi-

566 4803 610 4858 tes
633 4794 664 4855 in
686 4793 734 4854 his
755 4791 963 4870 praescribere
979 4791 1132 4868 uolentes,
1156 4793 1194 4854 de
1214 4793 1310 4872 ipsius

566 4887 822 4966 congregationis
849 4886 998 4961 consilio,
1020 4892 1109 4947 motu
1132 4887 1257 4964 proprio
1278 4895 1309 4949 et

565 4999 603 5044 ex
625 4982 706 5044 certat
727 4980 870 5055 scientid,
894 4979 994 5057 deque
1015 4979 1198 5056 apostolicae
1224 4987 1309 5058 pote-

563 5076 649 5136 statis
670 5074 876 5156 plenitudine,
899 5072 1004 5134 omnia
1020 5077 1052 5132 et
1073 5073 1196 5149 singula
1218 5074 1310 5151 parti·

564 5167 678 5230 cularia
699 5167 820 5229 indulta
836 5173 866 5228 et
881 5165 1044 5244 privilegia
1064 5165 1243 5230 effundendi
1259 5185 1308 5228 su-

565 5277 618 5340 pra
650 5260 799 5340 populum
831 5259 1027 5339 apostolicam
1059 5259 1308 5322 benedictionem

565 5372 620 5435 per
639 5356 793 5418 Romanos
814 5353 979 5415 Pontifices
994 5355 1239 5431 praedecessores
1255 5370 1309 5416 no-

564 5461 643 5513 stros
664 5467 697 5512 ac
719 5465 774 5528 per
795 5464 850 5511 nos
871 5449 965 5510 etiam
991 5448 1159 5526 quibusvis.
1179 5449 1309 5526 particu-

565 5544 680 5607 laribus
704 5543 859 5622 personis,
882 5543 948 5604 siue
970 5542 1179 5604 ecclesiasticis
1206 5559 1309 5605 saecu-

564 5638 698 5712 laribus,
720 5638 786 5698 sive
815 5636 950 5699 cuiusvis
972 5635 1094 5699 Ordinis
1115 5642 1148 5698 et
1172 5637 1309 5699 instituti

564 5731 768 5808 regularibus,
792 5731 828 5792 ad
849 5737 971 5792 certum
994 5735 1117 5807 tempus
1137 5729 1309 5791 111111111-

564 5841 635 5886 rum
658 5825 766 5900 vitam,
789 5839 853 5885 non
877 5831 980 5884 tamen
1001 5822 1051 5883 illa
1066 5839 1120 5901 per
1135 5819 1310 5901 praedeces·

565 5934 649 5980 sores
670 5919 839 5997 praedictos
860 5916 1013 5998 aliquibus
1029 5915 1195 5992 Ordinibus
1218 5932 1309 5994 regu-

1089 551 1153 596 ton.
1179 551 1269 598 PON‘l'·
1294 551 1334 596 DE
1356 553 1384 596 P.
1406 553 1436 598 F·
1462 554 1543 598 PARS
1565 555 1586 598 1.

1367 670 1482 735 laribus
1510 673 1676 749 attributa,
1699 690 1776 754 quae
1798 675 1889 736 modo
1918 671 2125 750 infrascripto

1367 768 1448 830 salua
1471 783 1537 829 esse
1560 766 1716 842 volumus,
1733 767 1906 846 respective
1926 781 2073 829 concessa
2091 771 2123 826 et

1367 865 1506 942 elargita,
1530 864 1651 926 etiamsi
1673 861 1799 925 eaedem
1822 858 2023 939 particulares
2048 873 2125 936 per·

1365 974 1458 1020 sonae
1480 973 1518 1020 ex
1540 955 1648 1034 quavis
1669 953 1757 1016 causa
1780 953 1832 1014 illa
1854 952 2069 1030 impetrarint,
2089 957 2124 1011 et

1367 1055 1398 1116 in
1414 1051 1606 1130 possessione
1621 1048 1814 1111 indultorum
1830 1063 1863 1108 ac
1874 1045 2120 1124 privilegiorum

1365 1145 1545 1208 huiusmodi
1567 1143 1776 1221 reperiantur,
1789 1142 1901 1202 harum
1921 1139 2001 1201 serie
2022 1153 2121 1200 revo-

1366 1255 1482 1312 camus,
1496 1255 1529 1299 11
1550 1239 1587 1300 de
1609 1236 1711 1298 medio
1734 1235 1871 1299 tollimus
1894 1241 1925 1298 et
1938 1235 2118 1298 abolemus.

1406 1333 1425 1408 ἓ
1446 1331 1474 1394 3.
1498 1325 1592 1393 Porro
1607 1329 1643 1391 ad
1657 1329 1885 1392 submovendos
1900 1331 2025 1408 quosvis
2040 1330 2122 1391 abu·
2197 1340 2357 1404 Praefatur-f

1366 1443 1429 1501 sus,
1452 1424 1557 1503 quiin
1581 1424 1637 1485 hac
1659 1439 1691 1484 re
1714 1423 1762 1484 vel
1790 1422 1907 1484 suborti
1941 1422 2119 1501 deprehen·
2142 1393 2256 1492 1111111
2266 1397 2351 1495 111111

1366 1518 1486 1581 duntur
1513 1517 1564 1579 vel
1596 1518 1782 1596 quandoque
1810 1515 1944 1579 suboriri
1974 1524 2118 1595 possent,
2141 1503 2351 1602 ffilffulssssoessffiff

1367 1612 1456 1673 etad
1486 1609 1660 1687 augendam
1689 1625 1761 1687 erga
1791 1616 1927 1688 pastores
1958 1610 2118 1672 eminenti
2142 1605 2351 1705 gleigfcggffifflile

1367 1704 1557 1782 episcopatus
1579 1703 1730 1780 dignitate
1754 1702 1905 1781 pollentes
1926 1703 2118 1781 populorum
2284 1695 2289 1704 '

1367 1797 1578 1868 devotionem,
1593 1796 1749 1873 simulque
1772 1795 2029 1859 christifidelium
2054 1796 2119 1858 uti-

1367 1891 1445 1952 litati
1466 1891 1504 1952 de
1526 1890 1678 1951 immenso
1690 1895 1722 1952 et
1737 1889 1944 1951 inextimabili
1968 1888 2119 1951 thesauro

1368 1984 1520 2047 Ecclesiae
1542 1985 1653 2046 tradito
1673 1981 1838 2046 consulere
1860 1980 2013 2058 volentes,
2038 1983 2120 2062 ipsa·

1368 2095 1438 2140 rum
1460 2087 1569 2142 tenore
1598 2077 1810 2156 praesentium
1831 2077 2007 2151 statuimus,
2030 2079 2118 2156 quod

1367 2173 1509 2250 deinceps
1538 2187 1633 2233 veun.
1668 2169 1816 2233 fratribus
1843 2171 1957 2233 nostris
1982 2171 2119 2232 Patriar·

1367 2267 1443 2343 chis,
1466 2265 1664 2340 Primatibus,
1678 2263 1922 2342 Archiepiscopis
1944 2272 1974 2326 et
1989 2265 2120 2344 Episco-

1366 2359 1424 2437 pis,
1448 2375 1506 2421 nec
1533 2374 1596 2421 non
1618 2357 1737 2421 dilectis
1766 2357 1837 2418 filiis
1868 2357 2010 2434 praelatis
2035 2357 2118 2421 infe·
2223 2380 2226 2388 ·

1365 2452 1499 2516 rioribus
1521 2454 1631 2515 mitrae
1646 2460 1676 2515 et
1698 2452 1922 2532 pontificalium
1944 2470 2035 2516 usum
2050 2462 2117 2520 ter·

1366 2547 1574 2626 ritoriumque
1592 2554 1767 2623 separatum
1783 2562 1854 2608 oum
1870 2547 1943 2609 1111
1965 2548 2118 2626 qualitate

1367 2639 1484 2702 nullius
1511 2639 1658 2702 dioecesis
1680 2637 1877 2724 habentibus,
1900 2646 1931 2701 et
1957 2641 2054 2702 activi
2082 2642 2117 2704 in

1365 2733 1486 2796 clerum
1508 2739 1539 2795 et
1554 2732 1704 2812 populum
1727 2731 1938 2794 iurisdictione
1953 2735 2119 2810 gaudenti-

1365 2827 1432 2898 bus,
1461 2841 1545 2887 nunc
1574 2833 1604 2887 et
1635 2841 1689 2902 pro
1720 2831 1859 2902 tempore
1887 2825 2115 2905 existentibus3

1365 2919 1547 2982 Patriarchis
1568 2918 1724 2993 videlicet,
1741 2917 1937 2995 Primatibus,
1955 2919 2118 3000 111111111-

1365 3013 1462 3092 scopis
1477 3020 1508 3074 ct
1523 3012 1679 3091 Episcopis
1701 3011 1818 3073 duabus
1840 3013 1913 3074 anni
1934 3013 2116 3076 solemnita-

1367 3106 1464 3180 tibus,
1501 3105 1653 3168 nimirum
1692 3103 1835 3165 Paschate
1868 3105 2117 3170 Resurrectiunis

1366 3199 1501 3273 Domini,
1525 3198 1646 3278 alioque
1673 3199 1722 3260 die
1745 3197 1821 3260 festo
1843 3198 1975 3261 selemni
2002 3216 2115 3263 eorum

1367 3292 1538 3370 respective
1567 3291 1695 3353 arbitrio
1728 3291 1935 3370 designando,
1967 3292 2115 3356 Praelatis

1366 3402 1457 3462 veru,
1485 3387 1660 3464 praemissis
1691 3386 1889 3465 qualitatibus
1915 3387 2060 3466 praeditis
2083 3397 2115 3452 et

1366 3481 1398 3542 in
1420 3481 1553 3560 propriis
1576 3481 1740 3545 territoriis
1756 3481 1952 3558 degentibus,
1968 3482 2065 3545 semel
2078 3488 2113 3548 in

1366 3593 1447 3639 anno
1469 3577 1501 3637 in
1518 3593 1581 3639 uno
1596 3593 1634 3638 ex
1657 3577 1774 3652 diebus,
1792 3578 1904 3656 quibus
1925 3594 2036 3642 eorum
2050 3583 2116 3644 sin-

1367 3673 1447 3750 gulis
1468 3671 1694 3750 pontificalium
1709 3688 1783 3734 usus
1797 3672 1834 3732 ab
1849 3671 2019 3750 Apostolicd
2034 3672 2114 3738 Sede

1366 3767 1569 3845 permittitur,
1583 3765 1697 3844 populo
1713 3765 1745 3827 in
1765 3765 1888 3828 ecclesia
1910 3778 2112 3846 congregato,

1365 3859 1529 3939 apostolici
1559 3859 1674 3922 summi
1705 3859 1836 3921 llomani
1869 3859 2028 3924 Pontificis
2056 3880 2113 3942 pro

1366 3962 1506 4033 ternpore
1521 3953 1683 4016 existentis
1698 3952 1880 4014 auctoritate
1896 3953 2042 4032 illiusque
2057 3973 2113 4018 no-

1366 4049 1463 4123 mine,
1480 4046 1606 4109 facultas
1620 4045 1804 4107 solemniter
1821 4046 2022 4110 benedicendi
2038 4067 2110 4113 cum

1366 4140 1550 4218 elargitione
1578 4139 1734 4218 plenariae
1761 4139 1994 4218 indulgentiae,
2026 4143 2112 4206 iuxta

1365 4235 1465 4297 ritum
1487 4239 1517 4296 et
1548 4232 1715 4294 formulam
1745 4230 1876 4293 inferius
1907 4235 2110 4314 tradendam,

1365 4327 1491 4392 concedi
1502 4327 1606 4406 possit,
1618 4335 1647 4389 et
1661 4327 1797 4404 ipsorum
1809 4327 1990 4407 unicuique,
2003 4347 2110 4409 quarn-

1365 4423 1419 4486 diu
1440 4421 1486 4484 illi
1511 4422 1574 4482 suis
1601 4422 1773 4500 respective
1799 4421 1943 4484 Ecclesiis
1971 4425 2113 4502 praefue-

1367 4517 1447 4591 rint,
1479 4515 1672 4592 gratiamque
1692 4523 1724 4576 et
1752 4516 2006 4580 communionem
2038 4537 2111 4583 cum

1366 4606 1537 4686 Apostolicd
1552 4605 1630 4669 Sede
1651 4605 1827 4683 habuerint,
1844 4625 1900 4687 per
1916 4609 2019 4674 literas
2041 4630 2112 4692 apo·

1365 4701 1487 4764 stolicas
1509 4703 1541 4763 in
1570 4700 1669 4763 formd
1690 4700 1796 4763 Brevis
1826 4702 1932 4778 gratis,
1956 4710 1991 4766 ut
2018 4706 2050 4768 in
2072 4707 2112 4769 si·

1366 4796 1491 4859 milibus
1512 4811 1578 4857 mos
1606 4802 1663 4871 est,
1686 4797 1882 4860 concedatur.
1907 4798 1953 4863 Ad
1976 4814 2111 4877 quorum

1365 4889 1512 4952 ellectum
1534 4889 1614 4967 ipsos
1642 4888 1847 4967 Patriarchas,
1871 4891 2031 4969 Primates,
2055 4895 2111 4956 11-

1365 4983 1571 5062 chiepiscopos
1593 4991 1623 5045 et
1646 4983 1819 5062 Episcopos,
1843 5001 1875 5046 ao
1900 5001 2112 5063 supramemo-

1365 5084 1447 5139 ratos
1469 5075 1631 5151 Praelatos,
1648 5093 1734 5139 nunc
1755 5084 1786 5138 et
1808 5094 1862 5156 pro
1886 5085 2027 5158 tempore
2048 5081 2114 5142 exi-

1364 5176 1494 5244 stentes,
1517 5169 1549 5230 in
1572 5169 1704 5231 Domino
1728 5172 1898 5247 hortamur,
1922 5179 1968 5248 ut,
1992 5188 2046 5251 pro
2068 5173 2114 5235 di·

1366 5264 1522 5341 gnitatum
1551 5279 1661 5324 eorum
1688 5263 1860 5340 splendoris
1887 5273 2056 5342 augmento
2082 5275 2113 5328 et

1366 5355 1503 5418 fidelium
1526 5356 1711 5434 populorum
1734 5356 1806 5435 ipsis
1828 5359 2018 5421 creditorum
2039 5375 2112 5422 con-

1366 5451 1442 5526 grud
1463 5465 1537 5527 erga
1558 5448 1696 5511 divinam
1716 5450 1868 5513 iustitiam
1889 5451 2109 5529 satisfactione,

1365 5558 1381 5602 a
1412 5541 1501 5604 nobis
1532 5549 1563 5604 et
1593 5541 1819 5604 successoribus
1854 5545 1968 5606 nostris
2002 5544 2111 5609 homa-

1365 5633 1414 5696 nis
1436 5633 1636 5697 Pontificibus
1662 5649 1719 5713 pro
1740 5642 1881 5713 tempore
1908 5636 2127 5700 existentibus

1365 5727 1543 5790 facultatem
1577 5727 1774 5805 huiusmodi,
1810 5728 1894 5790 ultro
1928 5729 2000 5810 ipsis
2031 5730 2112 5792 obla·

1366 5829 1440 5900 tam,
1463 5820 1622 5902 postulent
1643 5825 1674 5882 et
1699 5821 1863 5900 impetrare
1887 5838 1951 5885 non
1979 5829 2114 5908 praeter-

1365 5917 1502 5979 mittant.
