4754 6966
363 530 417 588 An.
432 536 462 588 0.
484 537 551 590 1771
605 533 662 598 168

387 1420 522 1482 Disputatio
540 1430 563 1484 ος

350 1477 562 1637 ἒὲξξᾶἐὲῆέἷιέιὲἔ
582 1517 760 1594 provinciae
781 1516 951 1596 praedictos
972 1516 1153 1597 specialibus
1176 1513 1281 1592 gratiis
1298 1518 1328 1574 et

350 1636 480 1694 expositis.

362 4529 495 4590 derogatio
503 4538 562 4573 con·

350 4585 494 4628 trarxorum.

584 672 672 733 drma
700 672 855 739 sententia
884 672 979 735 luerit
1000 688 1055 751 pro
1079 671 1258 733 omnimoda
1281 685 1328 730 ac·

582 764 728 844 quatione
754 765 974 843 suffragiorum
1000 774 1031 827 et
1058 765 1191 827 aliorum
1216 763 1329 827 officio-

583 873 653 919 rum
675 858 853 921 huiusmodi
882 859 1031 938 illamque
1057 875 1112 938 per
1133 873 1189 920 nos
1216 858 1328 919 condr-

584 951 660 1012 mari
681 959 711 1014 et
738 953 900 1031 approbari
927 953 1037 1016 iratres
1063 951 1210 1031 praedicti
1233 949 1328 1029 pluri·

583 1060 670 1106 mum
682 1045 872 1108 desiderent:
891 1046 978 1108 nobis
989 1054 1149 1124 propterea
1164 1043 1329 1106 humiliter

581 1137 744 1217 supplicari
766 1141 881 1217 iecisti,
905 1146 940 1202 ut
963 1141 994 1201 in
1022 1139 1198 1219 praemissis
1220 1125 1329 1216 op'por·

583 1238 659 1295 tune
687 1235 916 1313 providerem
941 1241 976 1298 ut
998 1234 1077 1296 inira
1105 1231 1269 1309 indulgere
1291 1231 1329 1292 de

582 1327 774 1403 benignitate
795 1329 955 1408 apostolica
978 1327 1190 1406 dignaremur.

622 1421 691 1495 53.
714 1424 776 1486 Nos
806 1423 902 1502 igitur
930 1432 960 1486 te
987 1431 1019 1485 et
1047 1423 1157 1484 iratres
1188 1418 1328 1482 eiusdem

581 1609 738 1673 favoribus
770 1612 912 1691 prosequi
943 1612 1100 1687 volentes,
1130 1619 1161 1671 et
1190 1616 1329 1670 vestrum

581 1705 753 1782 singulares
774 1722 949 1784 personasa
970 1705 1128 1784 quibusvis
1151 1718 1329 1765 excommu-

583 1799 746 1862 nicationis
773 1807 804 1862 et
832 1801 1001 1875 interdicti,
1030 1799 1162 1879 aliisque
1187 1797 1327 1860 eeclesia·

581 1891 663 1953 stieis
685 1894 836 1968 censuris,
853 1893 1018 1955 sententiis
1036 1901 1066 1954 et
1088 1893 1196 1972 poenis
1217 1889 1328 1970 quovis

582 1987 674 2047 modo
696 1993 727 2047 et
748 2002 945 2066 quacumque
960 1987 997 2048 de
1012 2003 1100 2048 causa
1117 1987 1197 2060 latiS,
1213 1985 1238 2046 si
1254 2001 1328 2062 quas

581 2078 660 2139 torte
683 2079 872 2154 incurristis,
896 2080 987 2142 buius
1015 2087 1137 2141 tantum
1162 2079 1207 2141 rei
1229 2077 1327 2156 gratia

581 2171 776 2235 absolventes
791 2181 822 2236 et
836 2172 990 2235 absolutos
1006 2173 1072 2234 iore
1088 2179 1262 2247 consentes,
1274 2171 1328 2232 bu-

581 2267 713 2329 iusmodi
734 2266 1008 2346 supplicationibus
1030 2265 1181 2340 inclinati,
1196 2265 1251 2327 tibi
1272 2281 1327 2343 per

582 2368 759 2442 praesentes
779 2361 1006 2423 committimus
1021 2370 1052 2422 et
1069 2361 1262 2434 mandamus,
1279 2367 1326 2433 ut,

581 2455 662 2516 veris
683 2454 886 2516 existentibus
907 2453 1049 2529 narratis,
1062 2453 1266 2515 alternativae
1280 2469 1327 2514 re·

581 2547 686 2623 gulam
709 2547 740 2608 in
768 2546 922 2622 suliragiis
948 2553 979 2608 et
1000 2545 1106 2608 olliciis
1129 2547 1160 2608 in
1182 2545 1327 2608 omnibus

580 2642 678 2703 dietae
706 2640 881 2718 provinciae
909 2638 992 2701 inter
1021 2657 1116 2702 unam
1137 2647 1168 2701 et
1197 2639 1327 2701 alteram

580 2737 663 2799 illius
684 2741 820 2813 partem,
844 2741 878 2796 ut
899 2734 1085 2813 praeiertur,
1108 2735 1140 2796 in
1167 2740 1327 2812 posterum

580 2830 709 2892 omnino
727 2829 951 2891 observandam
968 2845 1002 2890 ac
1017 2827 1232 2905 exequendam
1247 2845 1325 2904 esse,

580 2923 762 2986 auctoritate
789 2929 894 2985 nostra
919 2921 1081 2999 apostoliea
1111 2928 1218 2983 tenore
1240 2937 1326 3000 prae-

580 3017 718 3079 sentium
736 3022 861 3090 statuas,
874 3015 1000 3077 mandes
1018 3023 1110 3093 atque
1125 3014 1324 3093 praescribas.

396 3117 560 3175 Praeceptum
620 3113 639 3187 ᾖ
660 3111 688 3170 d.
706 3109 915 3171 Deceruentes
931 3108 1008 3185 ipsas
1023 3114 1201 3186 praesentes
1222 3107 1326 3169 literas

348 3169 562 3273 ῗέηξιῗῖιῗῖὦῗῗῧ
580 3204 697 3276 firmas,
711 3201 825 3264 validas
840 3209 870 3262 et
885 3199 1019 3262 efficaces
1041 3201 1173 3262 existere
1195 3207 1226 3262 et
1248 3199 1324 3276 lore,

579 3312 714 3374 suosque
736 3294 886 3373 plenarios
912 3301 943 3355 et
964 3293 1099 3371 integros
1121 3294 1246 3356 ellectus
1261 3309 1326 3355 sor·

581 3392 632 3454 tiri
654 3399 685 3455 et
706 3391 858 3466 obtinere,
888 3407 922 3451 ae
943 3388 1019 3462 illis,
1048 3387 1084 3448 ad
1106 3402 1182 3464 quos
1211 3393 1326 3466 spectat

580 3495 611 3548 et
632 3502 687 3565 pro
714 3493 853 3563 tempore
880 3484 1138 3562 quandocumque
1164 3481 1324 3560 spectabit,

579 3582 613 3642 in
634 3580 779 3642 omnibus
800 3587 832 3642 et
853 3594 908 3657 per
930 3579 1034 3640 omnia
1063 3577 1240 3656 plenissime
1261 3579 1324 3640 sui·

580 3673 703 3750 iragari,
724 3680 756 3735 et
777 3672 815 3735 ab
838 3672 881 3734 eis
904 3671 1074 3751 respective
1105 3671 1327 3734 iuviolabiliter

580 3767 747 3828 observari.

367 3866 490 3914 clausura
504 3866 562 3912 sun
620 3862 639 3935 ξ
658 3860 688 3920 5.
713 3859 825 3938 Sicque
847 3859 879 3920 iu
902 3859 1077 3938 praemissis
1095 3875 1150 3937 per
1163 3875 1326 3938 quoscum·

246 3952 250 3960 ’
348 3919 403 4020 {2⁸3
421 3920 561 4021 flitffls‘f'
579 3969 641 4030 que
662 3952 777 4014 iudices
798 3953 967 4014 ordinarios
988 3960 1020 4014 et
1041 3951 1209 4028 delegatos,
1233 3953 1326 4014 etiam

580 4061 740 4108 causarum
760 4044 861 4122 palatii
882 4045 1036 4122 apostolici
1058 4047 1224 4120 auditores,
1248 4045 1327 4108 iudi·

579 4141 642 4202 cari
663 4148 693 4200 et
713 4138 834 4200 definiri
849 4139 972 4212 debere,
985 4155 1018 4200 ao
1033 4138 1159 4200 irritum
1174 4147 1206 4200 et
1220 4139 1324 4213 inane,

579 4231 605 4292 si
625 4247 712 4292 secus
733 4246 826 4309 super
841 4230 888 4290 bis
902 4247 1085 4308 aquoquam
1100 4231 1209 4310 quavis
1223 4239 1326 4293 aueto-

580 4324 682 4400 ritate,
711 4324 847 4385 scienter
875 4323 924 4385 vel
952 4325 1133 4401 ignoranter
1159 4323 1326 4402 contigerit

580 4416 735 4480 attentari.

619 4513 638 4586 ἓ
658 4512 688 4573 tt.
712 4509 781 4572 Non
797 4510 990 4573 obstantibus
1005 4512 1280 4575 constitutionibus
1295 4522 1326 4576 et

580 4604 824 4668 ordinationibus
834 4603 1016 4684 apostolicis,
1028 4623 1072 4681 ac,
1085 4613 1239 4685 quatenus
1250 4623 1326 4684 opus

578 4699 630 4775 sit,
653 4698 770 4761 ordinis
785 4708 816 4761 et
834 4700 1011 4777 provinciae
1032 4701 1209 4764 huiusmodi
1232 4703 1324 4765 etiam

578 4793 771 4868 iuramenta,
792 4791 1041 4856 ¹confirmatione
1071 4797 1249 4873 apostolica,
1275 4797 1324 4858 vel

579 4889 688 4966 quavis
716 4886 862 4950 firmitate
890 4887 946 4950 alia
969 4889 1117 4950 roboratis
1143 4891 1267 4952 statutis
1296 4899 1327 4953 et

580 4981 875 5058 consuetudinibus3
898 4982 1070 5060 privilegiis
1085 5000 1210 5063 quoque
1225 4985 1325 5047 indul-

580 5075 636 5150 tis,
670 5084 701 5136 et
729 5075 825 5137 literis
854 5075 1027 5152 apostolicis
1057 5078 1267 5156 superioribus
1295 5087 1326 5141 et

580 5170 719 5247 personis
745 5168 803 5231 sub
831 5168 1079 5247 quibuscumque
1106 5171 1267 5234 tenoribus
1295 5179 1325 5234 et

579 5262 698 5336 formis,
724 5279 758 5324 ac
779 5278 850 5323 cum
871 5262 1031 5340 quibusvis
1053 5263 1145 5327 etiam
1168 5269 1326 5341 derogato·

579 5356 696 5417 riarum
718 5355 929 5432 derogatoriis,
946 5355 1073 5435 aliisque
1095 5357 1325 5433 efficacioribus,

579 5449 795 5512 efficacissimis
816 5464 849 5511 ae
871 5449 1003 5512 insolitis
1027 5450 1181 5526 clausulis,
1205 5451 1326 5514 irritan-

581 5543 725 5619 tibusque
745 5553 778 5606 et
798 5543 866 5605 aliis
887 5543 1018 5606 decretis
1039 5543 1072 5605 in
1096 5559 1212 5622 genere
1227 5545 1276 5606 vel
1292 5546 1324 5608 in

579 5638 691 5714 specie,
708 5655 740 5699 ae
756 5637 821 5698 aliis
837 5637 868 5697 in
885 5638 1077 5702 contrarium
1093 5639 1326 5717 quomodolibet

579 5732 743 5807 concessis,
766 5732 938 5810 approbatis
963 5741 993 5794 et
1018 5732 1185 5796 innovatis.
1209 5735 1325 5811 Quibus

620 5950 649 6004 tl)
666 5951 702 5994 Ex
717 5949 858 5996 'tabulario
873 5952 896 5994 s.
914 5952 1005 6007 coxtgr.
1021 5951 1053 5996 ds
1068 5953 1141 6008 Prop.
1158 5952 1220 5998 Fide

1107 551 1171 596 lUll·
1196 550 1286 596 PONT·
1310 551 1350 596 be
1372 551 1400 596 1³.
1425 552 1454 598 F·
1479 553 1560 598 PARS
1582 552 1604 596 l.

1386 669 1531 733 omnibus
1553 679 1584 733 ct
1604 671 1736 750 singulis
1756 672 1883 734 illorum
1902 681 2025 736 tenores
2046 689 2130 754 prae-

1385 763 1524 826 sentibus
1552 781 1608 844 pre
1628 765 1720 843 plene
1740 774 1772 827 et
1798 765 1988 828 sufficienter
2008 781 2132 846 expres·

1386 856 1437 932 sis,
1454 875 1486 918 ae
1501 858 1539 920 de
1560 859 1655 920 verbo
1670 861 1705 921 ad
1721 859 1853 921 verbum
1872 859 1996 922 insertis
2017 861 2132 924 baben·

1386 956 1442 1025 tes,
1455 949 1514 1012 illis
1525 949 1597 1012 alias
1612 951 1644 1013 in
1660 969 1715 1014 suo
1731 953 1841 1015 robore
1858 954 2078 1032 permansuris
2094 955 2130 1016 ad

1386 1042 1626 1122 praemissorum
1649 1045 1805 1122 ellectum,
1821 1047 1875 1109 bae
1891 1047 1957 1112 viee
1971 1049 2132 1111 dumtaxat

1385 1137 1555 1214 specialiter
1573 1145 1604 1200 et
1619 1153 1763 1217 expresse
1777 1139 1973 1218 derogamus,
1989 1143 2147 1209 caeteris.

1385 1244 1446 1307 que
1467 1231 1629 1293 contrariis
1650 1231 1909 1312 quibuscumque.

1426 1323 1537 1386 Datum
1565 1324 1695 1401 Romae,
1724 1326 1804 1406 apud
1830 1327 2012 1391 bilariam
2041 1331 2133 1394 llaio-

1386 1431 1465 1492 rem,
1488 1418 1547 1482 sub
1567 1419 1684 1481 annulo
1699 1421 1855 1498 piscatoris
1877 1422 1926 1485 die
1947 1439 2012 1485 xvi.
2028 1427 2131 1487 martii

1386 1526 1575 1587 succuum,
1598 1513 1794 1592 pontificatus
1815 1515 1909 1577 nostri
1932 1533 2013 1579 anno
2034 1535 2070 1579 u.

1637 1715 1876 1726 ...ο-*-

1733 1895 1784 1956 ΧΙ.

1388 2079 1605 2143 Ecclesiornm
1627 2083 1845 2145 reservatione
1873 2095 2128 2160 commemorate,

1426 2175 1524 2238 lueto
1545 2176 1683 2250 enodem,
1702 2178 1969 2255 metropolitanae
1983 2182 2131 2243 ecelesiae

1425 2268 1626 2332 Mordioensi
1649 2269 1860 2332 Aetnaeorum
1881 2272 2027 2348 providet
2048 2273 2102 2352 (1).

1431 2454 1548 2523 llileoto
1569 2455 1633 2523 lilio
1656 2453 1784 2540 losepbo
1807 2455 1885 2524 satu
1907 2459 2083 2541 presbytero

1537 2551 1665 2617 Armeno
1687 2549 1788 2616 eleeto
1811 2547 1976 2619 Mantinon.

1574 2735 1759 2804 effusus
1773 2736 1842 2804 ·ΡΡ.
1866 2737 1938 2805 lttv.

1417 3021 1544 3090 salutern
1567 3026 1598 3089 et
1620 2927 2092 3106 apgallgloitceanfx'hbenedlotiouen.

1424 3211 1617 3291 apostolatus
1638 3211 1775 3275 officinm
1803 3211 1922 3276 meritis
1948 3215 2019 3277 lieet
2035 3216 2129 3295 impa-

1384 3307 1468 3368 ribus
1494 3305 1581 3367 nobis
1604 3322 1644 3366 ex
1675 3306 1736 3368 alto
1763 3309 2058 3388 commissumque
2081 3327 2129 3373 ee·

1383 3401 1546 3486 etesiarum
1567 3400 1709 3463 omnium
1730 3401 1878 3477 regimini
1900 3402 2006 3466 divina
2028 3405 2126 3485 dispo-

1383 3495 1495 3559 sitione
1508 3495 1716 3574 praesidemus
1736 3497 1903 3560 salubriter
1916 3501 2026 3578 exequi
2045 3501 2129 3562 adiu-

1384 3597 1477 3653 vante
1498 3591 1629 3653 Domino
1652 3591 1767 3667 iugiter
1795 3600 1979 3669 satagentes,
2005 3595 2133 3657 solliciti

1383 3687 1474 3748 eorde
1487 3679 1646 3747 'reddimur
1661 3694 1692 3747 et
1706 3684 1845 3759 solertes,
1859 3692 1905 3762 ut,
1919 3705 1992 3749 cum
2003 3689 2041 3750 de
2053 3689 2127 3768 ipsa-

1384 3795 1455 3838 rum
1477 3777 1676 3839 ecelesiarum
1703 3779 1909 3856 regiminibus
1930 3781 2033 3857 agitur
2047 3799 2131 3844 eom·

1384 3869 1553 3944 mittendis,
1579 3871 1652 3932 tales
1675 3873 1718 3932 eis
1746 3871 1778 3934 in
1803 3873 1938 3936 Pastores
1963 3879 2130 3952 praeficere

1383 3964 1572 4039 studeamus,
1584 3965 1637 4043 qui
1659 3965 1807 4043 populum
1830 3983 1903 4029 suae
1923 3986 2015 4030 curae
2036 3973 2130 4033 credi-

1384 4065 1452 4120 tum
1472 4058 1571 4119 sciant
1593 4074 1656 4119 uon
1677 4058 1778 4120 solum
1800 4060 1939 4122 doctrina
1961 4063 2060 4138 verbi,
2076 4067 2129 4128 sed

1383 4151 1476 4212 etiam
1505 4150 1648 4228 exemplo
1669 4151 1742 4214 boni
1764 4152 1865 4230 operis
1896 4153 2076 4232 informare,
2098 4167 2129 4220 et

1383 4245 1523 4306 ecclesias
1545 4245 1603 4307 sibi
1624 4245 1800 4307 commissas
1815 4246 1847 4308 in
1861 4253 1942 4309 statu
1959 4250 2082 4328 pacifico
2097 4261 2129 4313 et

1384 4338 1552 4418 tranquillo
1578 4337 1679 4400 velint
1700 4347 1730 4400 et
1759 4339 1892 4416 valeant,
1919 4343 2052 4404 authore
2073 4344 2128 4405 llo·

1384 4432 1487 4507 mino,
1517 4431 1683 4495 salubriter
1714 4449 1822 4509 regere
1850 4443 1881 4496 et
1909 4435 2041 4499 feliciter
2074 4451 2128 4514 gu·

1383 4525 1523 4587 bernare.
1968 4541 1971 4548 '

1423 4619 1442 4693 5
1466 4617 1493 4694 l.
1517 4620 1639 4681 bardum
1663 4619 1688 4680 si
1715 4621 1841 4700 quidem
1868 4623 2060 4702 provisiones
2081 4644 2129 4690 ec·
2147 4633 2344 4734 rasassr⁰v⁰a¹ir⁵iii¹im

1383 4711 1545 4775 elesiarum
1573 4713 1716 4776 omnium
1742 4721 1805 4776 tam
1834 4716 2008 4780 vacantium
2036 4728 2068 4784 et
2096 4721 2127 4784 in

1384 4813 1542 4882 posterum
1565 4813 1781 4868 vacaturarnm
1808 4809 1995 4871 ordinationi
2017 4818 2049 4873 et
2069 4813 2129 4876 dis·

1384 4896 1528 4976 positioni
1551 4905 1673 4962 nostrae
1698 4901 1938 4977 reservavimus,
1961 4905 2128 4969 decernen-

1385 4999 1428 5050 tes
1450 5007 1488 5052 ex
1510 4997 1586 5054 tuno
1606 4991 1733 5054 irritum
1754 5001 1786 5054 et
1807 4994 1911 5070 inane,
1927 4995 1952 5057 si
1970 5013 2058 5061 secus
2078 5017 2129 5061 su·
2163 4985 2166 4994 ¹

1382 5098 1437 5161 per
1458 5082 1504 5144 liis
1518 5103 1534 5144 a
1549 5100 1705 5163 quoquam
1716 5086 1826 5164 quavis
1840 5089 2021 5152 auctoritate
2031 5091 2129 5154 scien-

1384 5185 1430 5238 ter
1441 5177 1491 5239 vel
1503 5177 1684 5254 ignoranter
1695 5179 1862 5257 contigerit
1876 5185 2032 5245 attentari.
2050 5187 2128 5248 (lum

1383 5269 1485 5348 itaque
1508 5270 1633 5332 ecelesia
1663 5275 1898 5352 metropolitana
1927 5277 2128 5343 Mardinensis

1383 5362 1521 5425 Nationis
1549 5367 1714 5441 Armenae,
1743 5369 1793 5428 cui
1821 5371 2007 5433 venerabilis
2034 5371 2128 5435 irater

1382 5457 1509 5520 loannes
1530 5459 1640 5523 'lasbas
1662 5461 1792 5522 ultimus
1814 5462 1897 5525 illius
1920 5466 2129 5543 brebiepiseo·

1382 5568 1438 5629 pus
1462 5567 1564 5630 nuper
1586 5554 1775 5633 praesidebat
1798 5572 1853 5634 per
1874 5557 2001 5620 liberam
2024 5561 2128 5622 dimis-
2169 5636 2171 5640 y

1381 5645 1501 5707 sionem
1518 5646 1679 5722 regiminis
1698 5657 1729 5710 et
1746 5648 2020 5714 administrationis
2035 5653 2128 5732 ipsius

1383 5737 1524 5800 ecelesiae
1549 5739 1586 5800 ab
1611 5742 1720 5802 eodem
1754 5743 1866 5805 loanne
1893 5743 2127 5826 Arcbiepiscopo
2180 5777 2189 5794 =

2163 541 2219 594 An.
2233 542 2264 596 C.
2285 543 2344 599 1771

2179 3223 2338 3270 Prooemium.
