4808 6988
372 532 427 586 An.
442 533 472 586 0.
494 533 562 586 1822
611 532 671 596 618

373 679 574 738 comparasses·
631 673 650 748 g
671 673 700 734 d.
725 671 793 736 Non
813 673 1004 737 obstantibus
1018 671 1292 736 constitutionibus
1306 680 1337 735 et

361 735 507 788 trariorum.

592 765 836 829 ordinationibus
857 766 1040 844 apostolicis,
1063 767 1251 845 caeterisque
1265 783 1336 829 con·

593 859 695 921 trariis
713 858 973 938 quibuscumque.

529 1002 531 1006 .
634 952 744 1014 [latum
769 952 883 1015 Romae
913 953 992 1032 apud
1028 952 1058 1016 S.
1089 953 1216 1015 llariam
1247 953 1337 1018 blaio-

593 1061 660 1108 rem
680 1045 738 1107 snb
760 1045 876 1108 annulo
906 1046 1065 1108 Piscatoris
1094 1043 1143 1107 die
1168 1059 1244 1108 xxx.
1271 1047 1337 1110 iulii

593 1151 799 1213 inacccssas,
816 1139 1011 1216 pontificatus
1032 1139 1129 1200 nostri
1145 1155 1226 1202 anno
1242 1156 1335 1202 xxnr.

1117 555 1181 601 lun.
1206 555 1298 600 bonr.
1321 554 1361 600 bn
1383 555 1411 600 P·
1435 557 1464 602 F-
1487 558 1570 603 Pnns
1592 559 1612 602 l.

1432 672 1500 752 §E
1525 677 1631 756 ltaque
1652 679 1690 742 de
1711 678 1763 741 tud
1783 681 1908 758 pietate,
1924 680 2089 761 prudentis
2106 699 2138 743 ac

1392 767 1495 829 stndio
1509 784 1543 832 ac
1557 770 1723 835 chistianae
1739 772 1968 852 catholicaeque
1983 775 2055 837 fidei
2072 775 2139 837 zelo

1393 859 1565 938 plurimum
1588 864 1619 925 in
1641 865 1773 928 Domino
1793 867 1913 944 confisi,
1936 876 2027 947 teque
2042 884 2058 928 a
2073 869 2141 947 qui-

1393 955 1498 1018 busvis
1518 958 1860 1035 excommunicationis,
1878 961 2089 1038 suspensionis
2111 969 2142 1023 et

1394 1048 1562 1126 interdicti,
1585 1050 1712 1129 aliisque
1732 1051 1944 1116 ecclesiasticis
1963 1054 2140 1129 sententiis,

1394 1143 1534 1205 censuris
1555 1152 1586 1206 et
1607 1144 1725 1223 poenis,
1741 1146 1766 1206 si
1781 1146 1893 1224 quibus
1908 1147 2142 1226 quomodolibet

1289 1293 1295 1304 ,
1396 1236 1560 1301 innodatus
1574 1238 1692 1314 existis,
1704 1240 1739 1301 ad
1761 1239 1906 1302 ellectum
1929 1241 2140 1320 praesentium

849 1341 1087 1350 ·-··“““”·“““····“
1290 1339 1301 1368 0

934 1517 998 1584 GV.

595 1701 745 1766 Dinrissis
775 1703 813 1768 cb
836 1706 1078 1787 Arelicpiscopo
1110 1709 1340 1772 Boltimorensi

582 1819 585 1832 ·
637 1799 815 1861 territoriis
848 1801 1020 1878 Mississipi
1048 1809 1078 1864 et
1103 1800 1277 1866 Alabastros
1305 1803 1340 1864 in

636 1893 782 1954 Americo
798 1891 1063 1972 septentrionali,
1080 1910 1116 1958 eo
1131 1895 1341 1976 gubernanda

635 1985 821 2058 cornmittit,
837 1987 889 2048 uti
915 1987 1039 2050 Vicario
1055 1990 1244 2068 Apostolieo,
1264 1991 1341 2052 lose-

636 2076 695 2154 plto
716 2075 830 2140 Rosoti
844 2078 1026 2158 presbytero
1043 2081 1157 2161 Conpr.
1178 2082 1340 2148 Missioais

636 2171 732 2232 electo
754 2172 907 2252 Episcopo
934 2173 1135 2254 Tertoprertsi.

627 2357 744 2426 Dilecto
767 2357 830 2426 lilio
853 2358 981 2443 losepbo
1004 2359 1109 2430 Eossti
1134 2363 1311 2448 presbytero

749 2453 1002 2537 congregationis
1025 2455 1191 2537 missionis,

849 2639 936 2708 etus
960 2641 1018 2710 ΡΡ.
1042 2642 1098 2711 tlt.

878 2832 994 2900 bileote
1014 2832 1066 2912 lili,

632 2925 759 2994 salutent
782 2931 814 2994 et
834 2926 1031 3011 spostolicarn
1057 2927 1307 2997 benedictionem.

639 3119 658 3194 ἓ
681 3121 708 3182 l.
732 3119 810 3183 Eum
833 3135 888 3180 nos
914 3119 1006 3182 bodie
1029 3127 1058 3182 te
1079 3119 1223 3182 ecclesiae
1248 3121 1344 3182 'lena-

600 3213 718 3291 grensi,
749 3212 880 3290 quaein
907 3212 1044 3290 partibus
1069 3212 1242 3276 infidelium
1273 3229 1344 3275 con-

599 3309 691 3382 sistit,
708 3307 739 3368 in
756 3307 940 3385 Episcopum
952 3314 982 3368 et
996 3317 1147 3385 pastorem
1164 3307 1345 3370 tomeritate

600 3401 761 3480 apostolici
782 3399 1019 3479 praefecerimus
1040 3417 1110 3464 cum
1127 3401 1256 3464 diversis
1278 3415 1345 3478 gra·

602 3498 651 3559 tiis
673 3502 703 3558 et
733 3494 872 3570 indultis,
902 3504 995 3573 prout
1016 3495 1048 3558 in
1071 3496 1185 3558 uostris
1213 3496 1345 3574 desuper

601 3590 739 3653 insimili
756 3590 853 3652 lormi
869 3589 970 3652 brevis
985 3589 1135 3667 expeditis
1151 3589 1260 3666 literis,
1273 3605 1345 3668 qua·

601 3703 673 3748 rum
695 3692 835 3747 tenorem
851 3683 1064 3762 praesentibus
1078 3683 1184 3747 baberi
1199 3684 1346 3746 volumus

601 3795 657 3858 pro
677 3793 833 3856 expresso,
849 3778 976 3840 uberius
996 3779 1189 3855 continetur,
1212 3793 1346 3856 cumque

602 3874 759 3935 territoria
788 3874 849 3934 duo
878 3871 1033 3950 blississipi
1062 3881 1093 3935 ct
1121 3872 1284 3935 dlabanrae
1312 3873 1344 3934 in

601 3966 764 4030 foederatis
776 3964 934 4028 Americae
950 3966 1130 4045 provinciis,
1142 3981 1276 4044 quorum
1287 3965 1346 4044 spi-

603 4060 713 4126 rituale
735 4061 874 4138 regimen
896 4060 1070 4140 pertinebat
1090 4063 1126 4124 ad
1143 4059 1345 4121 Ealtimorcu·

602 4173 668 4218 sein
689 4157 994 4234 archiepiscopatum,
1012 4175 1027 4216 a
1051 4155 1285 4235 metropolitane
1300 4169 1346 4215 se-

602 4251 640 4312 de
662 4257 725 4312 tam
740 4249 841 4313 dissita
856 4252 931 4328 sint,
943 4259 989 4328 ut,
1005 4267 1078 4313 cum
1093 4251 1347 4330 drcbiepiscopus

603 4361 714 4409 eorum
727 4361 835 4409 curam
849 4361 958 4422 gerere
973 4362 1035 4408 non
1051 4355 1163 4426 posset,
1179 4361 1247 4407 eam
1262 4343 1348 4407 Neo-

604 4440 818 4503 Aurelianensi
832 4441 977 4519 Episcopo
989 4447 1147 4517 tamquam
1159 4438 1280 4501 llicarie
1291 4452 1347 4499 suo

605 4533 740 4611 generali
763 4533 958 4596 committere
979 4542 1159 4610 cogeretur:
1183 4546 1256 4592 cum
1277 4529 1349 4609 Epi·
1374 4582 1377 4609 ,

604 4644 712 4704 scopus
734 4626 838 4689 Novae
856 4629 999 4691 Aureliae
1015 4628 1053 4690 ob
1067 4627 1245 4689 translatam
1260 4642 1348 4689 suam

605 4721 803 4784 residentiam
834 4721 866 4783 in
898 4722 1056 4784 civitatem
1081 4719 1112 4783 S.
1142 4720 1288 4783 Ludorici
1316 4721 1348 4782 in

606 4815 747 4878 buisiana
781 4816 953 4893 superiori,
986 4831 1064 4894 quae
1096 4814 1196 4877 leucas
1228 4813 1350 4876 circiter

606 4909 791 4988 quingentas
806 4909 842 4971 ab
857 4909 972 4972 eisdem
993 4908 1159 4972 territoriis
1182 4908 1283 4981 distat,
1301 4921 1350 4968 eo·

606 5021 677 5067 rum
699 5019 804 5066 curam
831 5003 961 5081 amplius
981 5017 1127 5064 exercere
1152 5017 1216 5064 non
1237 5003 1349 5078 possit3

1395 1332 1555 1394 dumtaxat
1576 1332 1841 1412 consequendum,
1858 1337 1969 1398 barum
1997 1335 2077 1397 serie
2091 1335 2141 1396 ab

1395 1423 1551 1487 solventes
1578 1435 1609 1489 et
1632 1426 1808 1490 absolutum
1829 1427 1894 1497 tore
1915 1436 2089 1502 consentes,
2106 1428 2143 1491 de

1316 1517 1319 1523 '
1396 1533 1491 1582 venn.
1515 1519 1647 1582 lratrum
1673 1527 1853 1585 nostrorum
1874 1521 1907 1585 S.
1924 1521 1960 1584 R.
1979 1523 2015 1584 E.
2039 1521 2143 1586 Cardi-

1397 1612 1516 1674 nalium
1531 1613 1666 1690 negociis
1682 1615 1896 1693 Propagandae
1908 1615 1992 1679 Fidei
2015 1631 2142 1694 praepo·

1396 1707 1529 1768 sitorum
1550 1708 1688 1780 consilio,
1706 1715 1736 1770 te
1758 1707 1916 1771 llicarium
1931 1708 2143 1788 Apostolicum

1398 1800 1628 1862 territoriorum
1652 1801 1807 1879 blississipi
1828 1810 1860 1863 et
1881 1801 2044 1864 Alabamae
2070 1818 2142 1864 cum

1398 1892 1591 1956 facultatibus
1612 1893 1685 1955 alias
1706 1895 1742 1956 ab
1763 1895 1819 1958 bac
1840 1893 1871 1958 S.
1891 1895 1969 1959 Sede
1990 1896 2144 1958 concessis

1398 1986 1553 2065 Episcopis
1576 1986 1801 2072 foederatarum
1831 1987 1991 2052 Americae
2020 1989 2145 2068 provin·

1397 2080 1515 2143 ciarum
1535 2082 1571 2144 ad
1593 2091 1736 2144 nostrum
1758 2090 1789 2145 et
1810 2079 1896 2144 Sedis
1920 2082 2071 2161 praelatae
2093 2083 2145 2144 be-

1398 2175 1586 2252 neplacitum
1600 2177 1819 2239 constituimus
1830 2191 1861 2240 et
1876 2180 2070 2255 deputamus,
2086 2177 2145 2239 sal·

1399 2267 1437 2328 vt
1458 2277 1561 2331 tamen
1583 2283 1706 2346 semper
1721 2267 1752 2328 in
1767 2269 1940 2346 praemissis
1961 2269 2145 2330 auctoritate

1400 2361 1655 2438 uongrogationis
1675 2363 1857 2424 eorumdem
1879 2361 2101 2425 cardinalium.

1439 2455 1507 2530 53.
1540 2454 1716 2517 blandantes
1745 2461 1906 2534 propterea
1938 2455 2145 2518 omnibus-et

1400 2548 1541 2624 singulis,
1563 2546 1598 2608 ad
1623 2563 1700 2627 quos
1725 2554 1838 2627 spectat
1859 2566 1893 2613 ac
1919 2547 2067 2626 spectabit
2089 2566 2145 2627 pro

1402 2651 1551 2720 tempore,
1565 2647 1599 2703 ut
1610 2649 1640 2702 te
1651 2641 1685 2704 ad
1697 2640 1916 2705 demandatum
1927 2641 1981 2704 tibi
1992 2657 2047 2718 per
2059 2657 2145 2719 prae-

1399 2743 1503 2797 sentes
1525 2733 1637 2797 Vicarii
1658 2733 1823 2812 Apostolici
1845 2733 1981 2798 officium
2000 2735 2146 2813 illiusque

1401 2827 1533 2890 liberum
1562 2826 1762 2901 exercitium,
1785 2828 1871 2889 iuxta
1895 2832 2036 2890 tenorem
2059 2843 2146 2906 prae-

1400 2923 1549 2996 sentium,
1565 2920 1714 2999 recipiant
1735 2930 1767 2982 et
1787 2920 1961 2995 admittant,
1979 2921 2098 2998 tibique
2113 2921 2145 2982 in

1401 3015 1546 3077 omnibus
1560 3014 1595 3076 ad
1612 3013 1693 3074 idem
1708 3013 1844 3074 officinm
1860 3013 2089 3091 pertinentibus
2103 3012 2146 3074 la-

1401 3116 1506 3181 veant,
1521 3113 1646 3184 pareant
1667 3113 1699 3166 et
1715 3105 1866 3181 assistant,
1884 3114 1997 3184 tuaque
2011 3105 2145 3167 salubria

1402 3201 1520 3263 monita
1550 3208 1582 3262 et
1613 3200 1752 3262 mandata
1779 3197 1940 3262 bumiliter
1966 3199 2144 3276 suscipiant,

1401 3304 1432 3357 et
1453 3293 1614 3356 efficaciter
1629 3292 1798 3371 adimplere
1812 3300 1991 3369 procurent,
2008 3291 2144 3369 alioquin

1401 3387 1587 3450 sententiam
1609 3387 1675 3448 sive
1699 3401 1848 3465 poenam,
1871 3401 1963 3465 quam
1985 3385 2044 3447 rite
2066 3385 2144 3448 tule-

1401 3483 1444 3545 ris
1465 3483 1497 3544 in
1519 3480 1660 3556 rebelles
1684 3489 1781 3542 ratam
1805 3479 1985 3543 babebimus
2006 3486 2039 3541 et
2060 3479 2146 3542 iacie-

1402 3593 1472 3640 mus
1494 3582 1617 3638 auctore
1643 3574 1775 3636 Domino
1797 3574 1950 3652 usquead
1971 3573 2147 3635 satisfactio

1402 3687 1475 3734 nem
1494 3670 1679 3746 condignam
1699 3667 1917 3730 inviolabiliter
1938 3668 2105 3730 observari.

1440 3766 1459 3842 ἓ
1480 3764 1509 3825 b.
1533 3761 1602 3824 Non
1624 3762 1814 3824 obstantibus
1828 3762 2102 3824 constitutionibus
2116 3769 2146 3822 et

1402 3857 1646 3922 ordinationibus
1656 3853 1839 3935 apostolicis,
1853 3871 1909 3918 nec
1920 3872 1981 3917 uon
1994 3855 2091 3918 dictae
2101 3872 2146 3916 ar·

1402 3950 1631 4030 chlepiscopalis
1647 3951 1789 4013 ecclesiae
1800 3948 2146 4026 Baltimorensis,etiam

1402 4042 2147 4123 iuramento,condrmationeapostolicavelqna-

1403 4148 1449 4209 vis
1461 4145 1607 4212 firmitate
1618 4141 1673 4204 alii
1684 4142 1833 4204 roboratis
1846 4141 1968 4202 statutis
1979 4149 2010 4203 et
2020 4155 2148 4203 consue·

1404 4239 1574 4312 tudinibus,
1590 4236 1760 4317 privilegiis
1775 4249 1909 4313 quoque,
1925 4233 2053 4296 indultis
2068 4241 2099 4294 et
2113 4233 2146 4293 li-

1404 4335 1476 4396 teris
1502 4331 1672 4411 apostolicis
1694 4330 1726 4390 in
1748 4329 1939 4391 contrarium
1966 4329 2146 4407 praemisso·

1404 4443 1476 4492 rum
1498 4422 1727 4506 quomodolibet
1738 4422 1899 4496 concessis,
1915 4421 2104 4484 confirmatis
2118 4431 2147 4485 et

1406 4520 1574 4595 innovatis3
1597 4518 1710 4601 quibus
1730 4515 1877 4578 omnibus
1891 4523 1921 4578 et
1935 4517 2069 4594 singulis
2084 4516 2148 4578 illo-

1406 4631 1476 4678 rum
1500 4615 1626 4676 tenores
1644 4609 1854 4688 praesentibus
1870 4625 1925 4687 pro
1936 4607 2028 4688 plene
2042 4616 2073 4670 et
2088 4609 2149 4672 sul-

1406 4708 1548 4770 sscienter
1571 4705 1769 4784 expressisse
1790 4703 1827 4764 de
1848 4702 1943 4764 verbo
1960 4702 1996 4764 ad
2018 4703 2148 4766 verbum

1406 4801 1530 4864 insertis
1546 4800 1705 4872 habentes,
1728 4797 1788 4859 illis
1815 4795 1886 4857 alias
1911 4795 1943 4856 in
1963 4813 2020 4860 suo
2041 4797 2150 4859 robore

1407 4893 1636 4975 permansuris,
1668 4890 1702 4952 ad
1735 4891 1975 4967 praemissorum
2006 4889 2150 4952 ellectum

1407 4991 1462 5051 bac
1482 4989 1550 5050 vice
1570 4985 1730 5048 dumtaxat
1756 4983 1928 5063 specialiter
1949 4991 1980 5045 ct
2008 4998 2150 5061 expresse

605 5096 728 5161 aliunde
751 5112 826 5158 vero
848 5096 1077 5159 Baltimorensis
1097 5095 1351 5174 Arcbiepiscopus
1377 5118 1380 5182 p
1408 5084 1602 5159 ίῑθΐθὲθῐῦΰὸ,
1624 5078 1813 5156 caeterisque
1840 5077 1999 5139 ⁰⁰ssll³¹ll⁸
2027 5077 2150 5155 quibus·

606 5211 621 5254 a
642 5191 794 5271 spirituali
815 5193 997 5253 eorumdem
1020 5191 1249 5254 territoriorum
1272 5189 1352 5266 regi-

607 5287 693 5350 mine
713 5302 746 5347 se
766 5293 876 5364 sponte
896 5284 1064 5362 dimiserit3
1088 5300 1155 5358 nos,
1172 5298 1212 5345 ne
1234 5282 1350 5358 fideles,

608 5381 659 5460 qui
683 5380 724 5441 ibi
740 5386 915 5454 versantur,
931 5379 1141 5456 spiritualibus
1162 5383 1285 5439 careant
1300 5392 1352 5436 au·

608 5473 702 5546 siliis,
720 5473 878 5536 llicarium
894 5472 1107 5552 Apostolicnm
1123 5468 1351 5533 territoriorum

609 5567 763 5647 Mississipi
786 5574 816 5630 et
844 5567 1005 5629 dlabamae
1026 5581 1099 5628 curn
1125 5565 1352 5627 characterem

610 5661 700 5724 titulo
722 5660 895 5738 episcopali,
919 5666 949 5721 et
970 5675 1042 5723 cum
1063 5657 1269 5730 facultatibus,
1286 5654 1355 5733 qui·

608 5755 665 5818 bus
686 5754 782 5817 ceteri
803 5752 1029 5817 foederatarum
1050 5752 1211 5818 Americae
1227 5751 1353 5830 proriu-

609 5849 727 5912 ciarum
749 5845 888 5927 Episcopi
913 5847 1090 5927 potiuntur,
1113 5846 1228 5924 eligere
1250 5848 1353 5909 decre·

608 5957 722 6005 vimus.

1408 5192 1489 5240 cum,
1502 5191 1550 5238 ue.

1448 5194 1560 5331 llaqtum
1590 5266 1716 5340 lloruae,
1739 5263 1817 5342 apud
1847 5263 1878 5326 S.
1909 5263 2035 5327 llariam
2062 5265 2150 5327 linio·

1408 5378 1476 5426 rem
1491 5361 1548 5423 sub
1563 5358 1679 5421 annulo
1694 5356 1864 5430 Piscatoris,
1881 5357 1931 5418 die
1942 5373 2012 5418 urar.
2029 5359 2151 5434 augusti

1409 5471 1613 5529 uncccxxn,
1634 5451 1830 5532 pontificatus
1845 5449 1944 5512 nostri
1959 5466 2040 5512 anuo
2057 5467 2149 5512 xxnr.

1666 5707 1903 5718 .....-...-.--—

2167 545 2214 602 An.
2226 551 2251 605 E.
2266 555 2316 612 lstt
