4722 6976
72 2875 134 2936 tenor
146 2870 226 2918 coudr-

55 2931 153 2972 ustionis,

915 585 986 642 irus
1008 593 1057 642 ru.
1082 589 1138 642 vtt.

250 711 478 790 tabellionibus,
500 722 657 793 postarum
679 713 846 792 magistris,
868 713 997 794 aliisque

251 809 431 874 officialibus
445 819 476 874 et
491 811 643 875 ministris
658 825 854 889 quocumque
868 811 996 874 nomine

251 905 448 982 nuncupatis,
471 905 591 967 etiamsi
612 905 707 968 officia
737 902 829 965 titulo
850 912 881 966 et
907 919 995 967 causa

250 994 341 1058 litere
362 997 501 1060 onerosis
525 997 713 1073 obtinerent,
730 1005 765 1059 ut
786 997 888 1058 literas
909 1012 995 1075 prae·

251 1089 361 1164 dietas,
388 1089 609 1168 chirographa,
642 1090 851 1152 instrumenta
871 1097 902 1152 et
923 1087 995 1150 alias

249 1181 415 1259 scripturas
436 1183 612 1246 huiusmodi
633 1197 727 1262 super
741 1181 914 1262 praemissis
929 1197 994 1244 om-

251 1274 341 1336 nibus
362 1284 394 1338 et
419 1276 552 1354 singulis
574 1283 636 1338 tam
664 1277 869 1350 coniunctim,
898 1289 993 1350 quant

250 1367 386 1442 divisim,
410 1370 504 1446 gratis
525 1371 726 1432 demandato
747 1385 803 1432 suo
824 1368 941 1447 ubique
960 1369 993 1430 in

250 1461 394 1524 omnibns
422 1463 515 1524 etiam
542 1462 803 1537 abbreviatorem,
829 1460 995 1524 solicitato-

249 1571 333 1632 rum,
348 1557 598 1631 secretariorum,
614 1556 797 1635 plumbique
811 1562 841 1617 et
856 1555 991 1631 registri,

248 1665 281 1710 ac
301 1649 368 1712 aliis
388 1651 563 1730 quibusque
577 1649 684 1714 oiiiciis
699 1651 813 1730 absque
827 1650 928 1727 aliqua
943 1664 993 1728 pe

248 1743 411 1804 cuniarum
426 1743 596 1818 exactione,
612 1743 703 1807 stiam
719 1743 921 1822 quantumvis
935 1741 992 1803 uri·

249 1835 332 1896 nima
353 1843 384 1897 et
406 1838 557 1915 perviam
573 1836 805 1914 compositionis
825 1834 991 1911 faciendae,

247 1931 334 1992 omni
360 1929 604 1992 contradictione
626 1937 657 1992 et
677 1928 824 1990 dilatione
848 1929 992 1991 cessanti·

247 2024 314 2099 bus,
345 2024 518 2100 signarent,
546 2023 741 2102 expedirent,
771 2021 991 2097 describerent,

247 2117 410 2180 mitterent
421 2124 452 2178 et
463 2117 648 2192 relaxarent,
659 2133 693 2178 ac
703 2114 830 2194 signari,
841 2113 991 2192 expediri,

246 2210 387 2285 describi,
404 2209 486 2272 mitti
508 2217 538 2272 et
560 2210 691 2272 relaxari
713 2209 850 2272 iacerent
868 2207 992 2270 realiter

245 2309 276 2366 et
293 2318 366 2364 cum
382 2303 504 2377 ellectu,
520 2319 554 2364 ac
567 2302 639 2364 alias
654 2311 747 2381 prout
760 2318 799 2364 ex
813 2300 992 2364 memoratis

247 2395 341 2473 ipsius
358 2395 500 2473 Gregorii
520 2395 759 2474 praedecessoris
779 2393 829 2456 die
844 2411 907 2456 xvv.
925 2395 989 2456 dec.

246 2503 397 2551 uuexxu.
413 2488 564 2568 expeditis
578 2488 687 2564 literis,
699 2503 833 2567 quarum
848 2495 991 2550 tenorem

246 2583 461 2661 praesentibus
481 2598 537 2661 pro
559 2582 650 2660 plene
670 2588 700 2644 et
727 2581 919 2644 sufficienter
940 2596 991 2642 ex-

246 2689 363 2753 presso,
379 2691 412 2736 ac
425 2673 464 2737 de
484 2675 579 2737 verbo
598 2675 633 2736 ad
655 2675 788 2737 verbum
810 2673 926 2736 inserto
941 2673 992 2733 ha·

245 2768 312 2830 beri
333 2769 491 2844 volumus,
514 2769 612 2830 insius
632 2767 822 2832 continetur.

283 2863 303 2937 ἓ
324 2861 353 2924 3.
371 2860 434 2924 Nos
447 2861 591 2924 eamdem
606 2859 879 2938 congregationem
893 2863 930 2924 de
944 2879 991 2924 cs-

244 2955 376 3018 tholicse
397 2955 558 3033 religionis
572 2970 695 3034 semper
708 2955 824 3035 optime
845 2955 989 3018 meritam

243 3049 426 3129 specialibus
440 3048 597 3111 favoribus
611 3057 642 3110 et
656 3049 762 3126 gratiis
780 3049 923 3128 prosequi
938 3064 990 3110 cu·

243 3145 377 3223 pientes,
407 3151 499 3224 atque
529 3142 622 3206 dictas
649 3143 753 3205 literas
775 3142 813 3206 de
836 3145 931 3208 verbo
952 3145 988 3206 ad

243 3237 378 3300 verbum
392 3236 605 3316 praesentibus
619 3253 675 3315 pro
691 3237 814 3300 insertis
828 3237 988 3313 habentes,

243 3346 304 3408 quo
325 3329 451 3393 eaedem
472 3329 581 3392 literae
602 3329 723 3391 firmius
744 3330 890 3392 adversus
911 3337 988 3392 tem·

242 3421 327 3500 poris
348 3421 467 3501 lapsum
489 3422 658 3485 subsistant
680 3431 711 3485 et
731 3429 898 3486 serventur
919 3439 990 3485 exa·

243 3517 340 3592 ctius,
373 3516 554 3596 apostolicae
585 3524 709 3579 nostrae
744 3517 988 3580 confirmationis

243 3609 394 3688 praesidio
415 3609 603 3672 communiri
630 3608 786 3685 volentes,
810 3619 898 3673 motu
920 3625 989 3688 pro·

242 3703 311 3782 prio
331 3710 363 3766 et
382 3709 519 3764 exserta
539 3703 666 3765 scientia
690 3709 781 3782 atque
803 3713 922 3768 matura
937 3704 988 3766 de·

243 3795 426 3858 liberatione
453 3797 585 3869 nostris,
608 3797 709 3876 deque
733 3798 913 3874 apostolicae
935 3814 988 3876 po-

244 3889 360 3952 testatis
383 3888 580 3968 plenitudine
601 3888 721 3952 easdem
743 3889 856 3966 literus,
873 3899 905 3953 et
927 3900 987 3955 tam

242 3981 420 4061 praemissa,
442 3997 535 4061 quam
557 3981 675 4060 reliqua
691 3984 794 4045 omnia
809 3983 842 4046 in
858 3983 902 4046 eis
916 3999 989 4048 con·

242 4080 325 4138 tenta
337 4081 369 4137 et
380 4083 541 4154 praecepta
551 4075 771 4138 confirmamus
783 4084 824 4152 et,
836 4083 987 4156 quatenus

243 4182 318 4245 opus
339 4167 390 4244 sit,
413 4169 516 4231 denuo
537 4167 747 4246 indulgemus,
770 4177 873 4248 atque,
886 4179 921 4232 ut
938 4187 988 4232 su-

242 4274 307 4340 pra,
330 4259 363 4321 in
385 4259 502 4321 virtute
523 4265 645 4322 sanctae
665 4259 859 4323 obedientiae
879 4269 910 4324 et
930 4264 989 4325 sub

243 4351 465 4429 indignationis
485 4359 619 4428 nostrae,
636 4351 765 4430 aliisque
785 4354 912 4417 arbitrio
933 4371 988 4418 no-

241 4451 359 4507 struet
385 4445 593 4508 Romanorum
621 4445 806 4510 Pontificum
834 4463 988 4511 suceesso-

242 4553 312 4600 rum
328 4547 506 4601 nostrorum
521 4537 699 4616 infligendis
710 4540 829 4618 poenis,
842 4542 987 4604 omnibus

241 4639 272 4694 et
291 4632 436 4709 singulis,
451 4632 486 4694 ad
502 4647 578 4710 quos
598 4637 713 4710 spectat
728 4639 759 4694 et
774 4649 828 4713 pro
847 4644 986 4714 tempore

240 4725 400 4804 spectabit,
429 4723 642 4786 omnimodam
669 4727 909 4804 praemissorum
933 4729 986 4791 ob·

240 4819 427 4881 servantiam
447 4818 650 4896 praecipimus
675 4825 768 4897 atque
788 4819 943 4882 iubemus.

67 4920 223 4973 transmarus
279 4911 349 4985 §4-
373 4913 593 4985 beternentes,
615 4910 693 4989 ipsas
715 4923 890 4991 praesentes
917 4914 985 4976 lite·

15 5035 16 5058 r
55 4971 92 5072 {2¹3
105 4979 221 5080 ἴῆιὲῧζῖθ·
240 5022 287 5068 ras
307 5021 430 5084 semper
451 5005 567 5080 sirmas,
584 5004 697 5068 validas
716 5013 747 5067 et
765 5005 900 5069 efficaces
921 5009 985 5069 exi·

237 5107 321 5162 stere
336 5103 367 5160 et
381 5098 457 5174 iore,
473 5113 606 5176 suosque
621 5097 774 5175 plenarios
795 5107 825 5162 et
847 5101 985 5180 integros

238 5192 366 5255 ellectus
386 5191 490 5253 sortiri
504 5197 536 5252 et
557 5191 709 5270 obtinere;
731 5194 836 5272 sicque
850 5194 883 5258 in
898 5212 984 5274 prae·

238 5284 340 5346 missis
362 5300 416 5362 per
436 5298 649 5362 quoscumque
673 5284 789 5348 iudices
812 5286 983 5350 ordinarios

238 5383 268 5438 et
293 5377 461 5453 delegatos,
477 5376 571 5438 etiam
588 5393 751 5440 causarum
766 5379 869 5457 palatii
883 5382 983 5442 nostri

238 5469 395 5548 apostolici
415 5467 588 5545 auditores,
611 5469 728 5532 sublata
756 5471 799 5532 eis
822 5477 982 5536 eteorum

237 5561 364 5623 cuilibet
377 5561 485 5639 quavis
500 5561 589 5623 aliter
609 5561 763 5626 iudicandi
778 5569 808 5624 et
831 5562 983 5642 interpre-

277 5761 307 5816 (1)
322 5763 360 5806 Ex
374 5761 476 5806 contin.
490 5761 558 5806 Bull.
573 5764 648 5807 Rom.
663 5765 682 5807 t.
699 5765 732 5817 1³,
745 5775 770 5820 p.
787 5765 818 5808 ll.

277 5829 306 5884 (t)
322 5829 373 5872 lies
387 5827 426 5873 lit.
442 5827 481 5872 Pii
495 5831 536 5873 vl.
550 5839 602 5873 uon
616 5829 775 5884 invenimus,
785 5831 854 5876 undo
869 5841 916 5877 suo
927 5832 982 5876 loco

236 5905 287 5939 non
303 5893 459 5940 retulimus:
474 5907 505 5940 ex
519 5898 582 5952 Iteg.
598 5899 654 5942 Vct.
670 5907 709 5954 ep.
722 5896 762 5941 Pii
776 5900 827 5942 vll.
839 5908 880 5943 nn.
891 5901 983 5945 octavo

236 5965 391 6018 sequentem
406 5962 611 6008 transcribimus
630 5963 719 6008 ismiro
733 5964 821 6010 Bescir
836 5965 931 6010 Montis
945 5967 983 6011 Li·

343 6083 396 6131 lur.
414 6083 483 6131 Porri.
500 6083 530 6131 dc
546 6084 619 6148 Prop.
633 6083 696 6132 Fide
710 6085 792 6134 Partis
806 6088 825 6133 1.
840 6085 893 6138 llol.
910 6087 948 6134 lv.

1052 714 1133 778 tandi
1146 713 1290 778 laenitate
1304 725 1335 778 et
1348 713 1540 789 auctoritate,
1557 713 1684 776 iudicari
1699 721 1730 775 et
1745 714 1796 776 de·

1053 809 1137 872 finiri
1158 809 1282 884 debere,
1298 827 1331 872 ao
1352 810 1476 872 irritum
1498 815 1529 870 et
1544 808 1647 882 inane,
1669 807 1694 868 si
1709 823 1796 870 secus

1049 920 1144 983 super
1168 903 1215 966 his
1234 920 1249 964 a
1271 918 1438 982 quoquam,
1464 903 1574 981 quavis
1600 901 1793 977 auctoritate,

1049 997 1183 1060 scienter
1198 996 1247 1058 vel
1262 997 1444 1072 ignoranter·
1459 996 1624 1072 contigerit
1636 996 1793 1058 attentari.

1089 1091 1108 1166 ὃ
1128 1092 1156 1152 5.
1181 1089 1250 1152 Νοιι
1265 1089 1564 1156 obstantibnsielicis
1576 1089 1796 1151 recordationis
1816 1106 2027 1206 ri'a‘i'rssffiffffln'

1049 1185 1095 1247 Pii
1116 1184 1171 1246 ΡΡ.
1189 1183 1241 1248 tv.
1258 1183 1498 1263 praedecessoris
1519 1182 1616 1244 nostri
1631 1183 1669 1244 de
1689 1183 1796 1258 gratiis

1049 1277 1277 1357 qualecumque
1297 1275 1448 1338 interesse
1463 1291 1601 1336 camerae
1615 1274 1796 1352 apostolicae

1049 1369 1279 1449 quomodolibet
1294 1367 1567 1442 concernentibus,
1581 1368 1613 1429 in
1625 1368 1730 1430 eadem
1746 1385 1796 1429 ca·

1050 1481 1134 1527 mera
1156 1464 1236 1526 inira
1251 1471 1372 1527 certum
1386 1473 1509 1541 tempus
1525 1469 1600 1524 tunc
1614 1477 1796 1541 expressum

1049 1559 1237 1638 praestandis
1252 1565 1281 1619 et
1296 1557 1507 1634 registrandis,
1520 1571 1576 1620 nec
1591 1572 1656 1618 non
1671 1556 1796 1635 quibus·

1048 1652 1123 1715 libet
1134 1651 1410 1715 constitutionibus
1420 1656 1450 1712 et
1466 1649 1712 1712 ordinationibus
1726 1665 1796 1729 apo·

1047 1746 1162 1808 stolicis
1183 1763 1216 1807 ac
1248 1744 1392 1806 omuibus
1414 1751 1444 1804 et
1466 1743 1598 1820 singulis
1622 1744 1694 1818 illis,
1717 1759 1796 1822 quas

1047 1847 1238 1901 memoratus
1248 1837 1417 1914 Gregorius
1434 1835 1647 1916 praedecessor
1661 1836 1693 1897 in
1705 1833 1795 1898 dictis

1046 1933 1110 1996 suis
1131 1932 1229 1994 literis
1251 1947 1314 1993 non
1336 1933 1456 1994 obstare
1471 1929 1583 2005 voluit,
1605 1929 1795 2007 caeterisque

1046 2024 1209 2087 contrariis
1223 2024 1482 2102 quibuscumque.
1507 2020 1659 2084 Volumus
1672 2030 1792 2095 autem,

1046 2126 1081 2180 ut
1102 2118 1312 2194 praesentium
1334 2117 1496 2179 literarum
1510 2115 1723 2194 transumptis,
1738 2131 1793 2178 seu

1046 2211 1197 2288 exemplis
1212 2225 1307 2272 mauu
1321 2209 1451 2272 alicuius
1466 2208 1577 2270 notarii
1593 2207 1708 2285 publici
1723 2209 1793 2269 sub·

1045 2302 1167 2380 seriptis
1188 2319 1222 2364 ac
1241 2300 1343 2378 sigillo
1367 2315 1515 2380 personae
1538 2300 1570 2361 in
1592 2299 1792 2362 ecclesiastica

1046 2394 1195 2470 dignitate
1216 2395 1403 2456 constitutae
1424 2393 1555 2455 munitis
1577 2391 1685 2454 eadem
1706 2409 1792 2471 pror·

1045 2503 1097 2549 sus
1119 2488 1193 2550 lides
1215 2486 1248 2548 in
1270 2485 1384 2548 iudicio
1399 2493 1430 2546 et
1444 2490 1531 2546 extra
1554 2485 1631 2547 illud
1652 2483 1794 2546 adhibea-

1048 2586 1109 2654 tur,
1126 2595 1202 2657 quae
1225 2579 1297 2656 ipsis
1320 2578 1532 2656 praesentibus
1554 2576 1752 2640 adhiberetur
1766 2579 1794 2638 si

1046 2672 1149 2734 iurent
1170 2672 1326 2734 exhibitae
1346 2671 1396 2732 vel
1418 2677 1566 2733 ostensae.

1084 2767 1197 2828 Datum
1212 2766 1339 2838 Romae,
1356 2764 1436 2842 apud
1452 2762 1484 2826 S.
1503 2763 1629 2826 llariam
1645 2762 1791 2826 llaiorem

1044 2858 1357 2932 subannutot‘tscat,
1370 2857 1419 2918 die
1431 2872 1487 2918 vu.
1503 2857 1607 2918 martii
1623 2873 1791 2932 urceum,

1045 2951 1243 3031 pontificatus
1264 2949 1364 3013 nostri
1379 2965 1428 3010 an.
1447 2966 1491 3010 vr.

1360 3331 1472 3396 xxiv.

1043 3519 1178 3583 Nullum
1200 3537 1264 3582 esse
1284 3519 1429 3582 declarat
1446 3518 1638 3596 rescriptum
1660 3519 1788 3600 pontifi-

1083 3613 1181 3684 cium,
1207 3617 1317 3692 utpote
1332 3610 1524 3689 subreptitie
1540 3610 1789 3690 obiectumque

1082 3705 1181 3768 alteri
1204 3705 1282 3767 duta
1304 3705 1373 3785 [uit
1394 3704 1533 3783 pccurtio
1553 3703 1789 3768 ul'otridrcbd

1084 3796 1282 3861 Antiocheno
1312 3795 1468 3874 Syrorum
1490 3794 1644 3860 Michaele
1675 3797 1791 3860 ilioruc

1083 3891 1147 3954 ium
1160 3895 1349 3952 testamento
1361 3887 1466 3968 iepoto
1476 3889 1670 3951 monasterio
1679 3888 1709 3952 S.
1722 3889 1788 3953 Mc-

1082 3985 1152 4046 ru'ac
1174 3979 1385 4046 Liberotricis
1406 3979 1463 4062 (l).

1288 4151 1374 4219 t’ttts
1398 4152 1458 4219 ΡΡ.
1483 4151 1541 4218 llll.

1071 4337 1074 4344 .
1181 4276 1217 4342 ad
1239 4274 1375 4342 futurum·
1392 4274 1436 4340 rel
1460 4275 1641 4341 memoriam.

1081 4451 1100 4525 ἓ
1124 4450 1149 4511 l.
1173 4451 1356 4530 Accepimus
1381 4466 1492 4528 nuper,
1516 4450 1710 4513 venerabiles
1731 4451 1789 4512 ira-

1041 4551 1105 4604 tres
1126 4551 1248 4606 nostros
1271 4545 1302 4606 S.
1313 4547 1349 4606 li.
1362 4545 1396 4606 ll.
1415 4543 1591 4606 cardinales
1606 4544 1737 4620 negotiis
1752 4547 1790 4608 de

1042 4638 1235 4716 Propagandi
1243 4637 1316 4700 Fide
1329 4636 1515 4717 praepositos
1527 4635 1651 4699 decreto
1662 4637 1709 4700 die
1720 4653 1788 4698 ιιιιι.

1041 4729 1224 4808 septembris
1246 4745 1402 4794 unccxcr.
1426 4729 1464 4792 ab
1485 4728 1530 4792 eis
1550 4729 1632 4792 edito
1657 4731 1718 4792 duo
1739 4747 1790 4810 ap-

1042 4823 1185 4901 probasse
1206 4831 1237 4886 et
1252 4822 1450 4886 confirmasse
1465 4823 1513 4883 bo.
1531 4838 1592 4884 me.
1609 4822 1720 4899 Ignatii
1737 4823 1789 4885 lli·

1041 4915 1154 4977 chaelis
1183 4915 1294 4978 Giarve
1322 4915 1525 4990 Patriarchae,
1551 4916 1626 4977 dum
1655 4916 1789 4990 viveret,

1041 5008 1226 5071 Antiocheni
1248 5009 1400 5087 Syrorum
1422 5015 1617 5084 testamenta,
1628 5016 1720 5087 atque
1742 5009 1789 5070 his

1041 5101 1216 5181 pontificiae
1237 5102 1331 5163 etiam
1361 5100 1551 5164 auctoritatis
1575 5101 1670 5163 robur
1692 5117 1789 5163 acces·

1040 5193 1115 5257 sisse
1136 5210 1191 5273 per
1206 5195 1386 5271 apostolicas
1397 5193 1430 5255 in
1445 5193 1540 5255 simili
1562 5193 1660 5255 torma
1681 5193 1789 5256 Brevis

1040 5287 1090 5350 die
1110 5301 1191 5349 xxxx.
1216 5285 1287 5347 maii
1310 5301 1498 5348 uucnucvu.
1520 5286 1565 5365 (2)
1580 5285 1736 5364 expeditas
1751 5287 1787 5347 li-

1041 5385 1132 5454 teras,
1154 5387 1247 5458 prout
1268 5378 1385 5441 eisdem
1406 5378 1438 5440 in
1460 5377 1571 5454 literis,
1594 5394 1726 5456 quarum
1742 5386 1788 5440 te-

1040 5486 1150 5534 norem
1172 5469 1384 5551 praesentibus
1398 5485 1454 5547 pro
1469 5470 1559 5549 plene
1581 5476 1612 5531 et
1633 5470 1787 5532 sufficien-

1039 5571 1087 5626 ter
1116 5580 1258 5642 expresso
1289 5572 1321 5626 et
1348 5563 1464 5625 inserto
1493 5563 1596 5625 haberi
1627 5563 1785 5639 volumus,

1039 5763 1099 5812 bani
1121 5765 1288 5820 moderatori,
1310 5776 1361 5820 qun
1383 5764 1549 5810 commendet
1571 5764 1723 5820 delegatum
1745 5777 1784 5820 sp.
1842 5817 1849 5826 ι

1039 5843 1118 5888 quem
1140 5832 1251 5888 deputat
1272 5835 1302 5876 ut
1323 5831 1433 5888 pecunia
1454 5831 1639 5876 araturas-cha
1655 5833 1722 5887 Syro
1740 5842 1787 5886 per

1039 5899 1228 5955 subreptitium
1243 5899 1402 5955 rescriptum
1417 5901 1522 5954 accepta
1536 5897 1663 5943 reddetur
1676 5901 1785 5942 Monast.

1040 5969 1064 6010 s,
1080 5965 1179 6012 blaviae
1193 5966 1364 6012 biberotricis
1378 5967 1410 6011 ed
1426 5966 1494 6022 quod
1509 5968 1619 6020 spectat,
1630 5967 1656 6009 et
1665 5965 1785 6009 nmirum

1653 6085 1680 6130 (ιῖ

1719 567 1778 642 489
1827 569 1881 627 An.
1895 571 1926 630 (i.
1947 573 2016 628 1806
