1421 1946
151 258 169 270 u.
174 256 186 269 0.
195 252 223 268 1777

155 431 205 443 vra-mae
211 432 228 441 a„

151 448 178 458 ..αι
186 444 229 460 insui.»

151 463 160 471 b)
163 459 228 470 Mustium*

174 1298 232 1312 mmm

161 1313 167 1322 ι
172 1312 201 1323 mim
208 1315 233 1323 eun-

161 1326 206 1338 F‘flllwfl
214 1328 232 1337 n-

161 1339 233 1363 soree

161 1364 185 1376 litto!
192 1365 233 1377 mate·-

161 1380 187 1392 rmus
190 1379 200 1390 A
204 1381 210 1390 ¹

161 1391 180 1402 vll
191 1392 209 1403 itm

161 1406 184 1430 mu
189 1406 234 1417 tilmon—

570 253 605 266 mus
616 253 641 266 1²2
653 253 674 266 vt.

235 287 315 307 divinique
322 287 374 303 cultus
380 288 476 306 augumento
482 286 524 302 iuxta
532 286 575 306 pium
582 289 608 301 ew

235 314 270 327 rum
281 310 371 326 institutum
379 314 452 326 exercere
459 310 531 330 cupiant;
540 313 568 329 pro
575 313 608 325 ere-

235 334 289 350 ctionis
304 336 357 350 autem
370 336 385 349 et
400 333 503 349 institutionis
519 332 608 349 huiusmodi

235 357 333 373 subsistentia
343 359 359 373 et
369 357 448 373 validitate
455 357 542 376 plurimum
549 355 608 372 deside-

236 383 270 396 rent
279 380 312 396 illas
319 380 409 400 apostolicae
417 382 478 396 nostrae
485 379 609 395 confirmationis

236 404 290 420 robore
300 404 404 420 communiri:

254 428 264 446 ἓ
274 427 289 443 3.
301 427 332 443 Nos
343 427 441 447 presbyteros
451 429 468 443 et
478 427 541 443 clericos
549 426 609 446 praedi-

236 453 273 469 ctos,
285 453 302 466 ut
316 451 334 466 ad
344 450 369 471 pia
379 453 395 466 et
405 454 447 466 sacra
462 454 508 470 opera
519 449 608 465 huiusmodi

236 478 309 490 exercere
316 474 418 494 promptiores
426 473 516 492 reddantur.
521 477 537 489 ao
543 472 608 491 fructus.

236 502 273 518 quos
284 498 300 513 in
311 497 357 513 vinea
373 497 435 513 Domini
446 497 520 517 plurimos
534 496 609 512 hactenus

237 521 302 537 Domino
316 521 413 539 obtulerunt,
429 524 486 540 eosque
502 519 580 535 uberiores
593 519 609 534 in

237 547 316 565 posterum
322 544 392 563 aflerant.
400 544 490 564 specialibus
501 543 554 563 gratiis
564 545 580 559 et
589 543 610 558 la-

237 568 299 584 various
315 567 387 588 prosequi
400 567 475 586 volentes.
487 569 502 583 et
513 571 567 583 eorum
578 566 609 582 sin-

237 592 298 611 gulares
308 595 381 611 personas
391 595 399 606 a
410 591 490 611 quibusvis
503 590 610 606 excommuni-

236 615 300 631 cationis
310 617 326 630 et
337 614 494 634 interdicti,aliisque
505 613 611 630 ecclesiasticis

236 638 311 657 censuris.
319 638 402 654 sententiis
411 640 427 653 et
434 637 488 658 poenis
498 637 554 657 quovis
564 637 610 653 modo

237 664 252 678 et
262 665 360 681 quacumque
371 662 389 677 de
400 665 444 677 causa
455 661 495 680 latis,
502 661 515 676 si
525 665 564 680 quas
571 660 610 676 ἴοι-ιθ

237 686 343 704 incurrerunt,
355 685 401 701 huius
416 686 478 700 tantum
492 684 515 700 rei
526 684 574 703 gratia
585 684 610 699 ab-

237 708 316 724 solventes
326 710 342 724 et
352 708 430 724 absolutos
440 707 474 723 lore
482 709 568 726 censentes,
575 711 611 726 sup-

237 732 345 752 plicationibus
359 735 414 747 eorum
425 731 490 747 nomine
505 730 549 746 uobis
559 730 611 746 bumi-

237 756 273 771 liter
283 755 357 775 porrectis
368 754 444 773 inclinati.
455 754 551 770 erectionem
561 756 577 769 et
588 754 611 769 iu-

237 779 336 795 stitutionem
344 778 433 798 praedictas.
440 780 517 798 quatenus
525 777 559 793 illae
566 781 611 793 cano-

237 802 271 818 nice
281 802 330 818 iactae
344 801 409 821 luerint,
425 801 517 817 auctoritate
529 801 611 821 apostolica

238 828 293 841 tenore
303 825 408 845 praoeeuuuru
423 827 498 844 perpetuo
509 824 612 844 approbamus

237 851 254 865 et
263 849 380 867 confirmamus.
391 848 454 868 illisque
468 849 551 867 perpetuae
561 849 578 863 et
589 848 611 863 in-

238 872 314 888 violabilis
322 871 413 892 apostolicae
420 871 498 887 firmitatis
505 871 553 887 robur
561 871 612 887 adiici-

238 900 279 915 mus,
287 900 304 911 ac
313 900 367 911 omnes
375 897 390 911 et
397 895 467 914 singulos
474 897 505 911 tam
516 894 555 910 iuris
565 898 612 914 quam

238 920 273 936 lacti
284 920 359 938 delectus,
367 919 379 934 si
388 920 415 938 qui
422 919 489 939 desuper
495 918 612 938 quomodolibet

239 943 361 962 intervenerint,
375 942 472 963 supplemus,
483 944 499 957 et
509 941 613 957 nihilominus

239 967 258 988 in
266 967 321 982 eodem
332 966 387 986 oppido
399 970 446 982 unani
457 966 570 986 praedictorum
578 969 613 985 pre-

238 990 339 1010 sbyterorum
350 992 365 1005 et
376 990 469 1005 clericorum
479 989 582 1005 saecularium
596 989 612 1004 in

239 1014 282 1029 illam
293 1017 320 1034 pro
331 1015 401 1033 tempore
416 1013 463 1032 recipi
478 1013 565 1029 volentium
576 1017 613 1028 con-

238 1037 347 1057 gregationem
356 1037 375 1052 ad
386 1036 434 1052 instar
444 1036 569 1056 congregationis
580 1040 613 1052 ora-

239 1061 275 1077 torii
285 1060 374 1076 huiusmodi
385 1060 401 1076 in
412 1059 475 1075 ecclesia
483 1062 573 1075 sanctorum
584 1060 613 1076 ilia-

239 1084 271 1100 riae
282 1086 297 1099 et
308 1083 378 1103 Gregorii
389 1083 406 1099 in
418 1083 496 1099 vallicella
506 1083 526 1099 de
536 1083 575 1099 urbe
585 1084 614 1099 du-

238 1108 277 1123 dum
292 1107 373 1127 apostolica
389 1107 485 1126 auctoritate,
496 1107 581 1123 dummodo
592 1109 613 1122 ta-

239 1135 276 1147 men
292 1130 379 1151 presbyteri
389 1132 405 1146 et
418 1130 470 1146 clerici
486 1130 559 1150 praedicti
573 1130 613 1146 ordi-

239 1155 310 1171 nationes
317 1158 334 1170 ne
342 1154 413 1170 instituta
423 1153 478 1170 domus
489 1154 613 1173 congregationis

239 1178 303 1194 oratorii
317 1178 353 1194 alias
363 1182 372 1193 a
382 1178 431 1194 [elicis
446 1178 556 1194 recordationis
567 1178 613 1194 Paulo

239 1202 268 1218 PP.
276 1201 296 1217 V.
308 1202 425 1221 praedecessore
433 1203 486 1217 nostro
493 1202 582 1217 confirmata
590 1206 613 1217 re-

239 1226 316 1246 ceperint,
327 1227 343 1241 et
353 1225 379 1241 illa
389 1229 417 1245 pro
428 1225 488 1241 viribus
498 1225 580 1242 observare
590 1226 613 1242 in-

240 1249 314 1268 tendant,
330 1249 421 1264 auctoritate
436 1251 452 1265 et
468 1251 522 1265 tenore
537 1249 614 1265 similibus

239 1273 288 1288 etiam
298 1273 373 1292 perpetuo
384 1272 459 1291 erigimus
469 1274 486 1287 et
495 1272 598 1288 instituimus.

259 1297 269 1316 ἓ
280 1296 295 1311 fi.
307 1296 329 1311 Ac
339 1299 382 1311 nunc
392 1297 408 1310 et
418 1299 446 1315 pro
457 1297 527 1315 tempore
533 1296 615 1312 existenti-

241 1320 269 1336 bus
278 1319 370 1340 praeposito,
378 1319 472 1339 presbyteris
481 1321 496 1335 et
503 1319 537 1335 aliis
544 1319 614 1335 eiusdem

240 1343 371 1363 congregationis.
379 1343 402 1358 sic
412 1343 431 1359 de
438 1347 480 1359 novo
487 1345 553 1362 erecme,
561 1343 588 1363 qui
596 1343 614 1359 nb

241 1367 322 1384 Ordinario
328 1366 407 1386 approbati
415 1366 479 1386 luerint,
486 1369 503 1383 ut
510 1367 614 1383 confessiones

241 1394 376 1411 quorumcumque
391 1390 409 1405 ad
419 1394 445 1406 eos
458 1391 565 1406 accedentium
577 1395 614 1410 quo-

241 1418 309 1434 cumque
319 1414 356 1429 anni
367 1416 437 1433 tempore
447 1413 506 1432 audire.
517 1418 534 1429 ac
541 1414 572 1429 illis
579 1418 615 1434 poe-

242 1437 306 1454 nitentia
316 1437 367 1453 debita
377 1441 405 1457 pro
416 1437 462 1453 modo
474 1437 528 1457 culpae
539 1437 614 1457 iniuncta,

242 1466 258 1477 ac
264 1461 298 1477 aliis
306 1460 406 1480 iniungendis
414 1460 494 1479 iniunctis,
500 1461 614 1476 absolutionem

242 1485 332 1505 impendere
346 1484 430 1500 salutarem
446 1484 504 1504 possint
515 1486 531 1499 et
541 1484 613 1503 valeant;

242 1508 326 1524 sacerdotes
334 1512 371 1524 vero
378 1507 395 1523 iu
402 1507 457 1523 eadem
464 1507 585 1527 congregatione
591 1511 615 1523 re-

242 1531 281 1551 cepti
291 1531 353 1551 parochi
363 1535 419 1547 eorum
432 1531 534 1547 iurisdictioni
549 1531 615 1546 minime

242 1554 335 1573 subiaceant,
341 1556 357 1570 et
367 1554 396 1570 sibi
407 1555 443 1574 ipsis
454 1554 521 1570 invicem
532 1558 615 1574 quaecum-

243 1582 272 1598 que
282 1580 377 1594 sacramenta
384 1578 491 1597 ecclesiastica,
499 1578 560 1597 quovis,
568 1578 615 1593 eliam

243 1602 316 1621 paschatis
328 1602 446 1617 resurrectionis
456 1601 549 1621 dominicae,
556 1603 615 1621 tempo-

637 289 660 304 re,
676 285 710 301 vice
726 287 741 301 et
756 285 788 301 loco
804 285 865 305 parochi
882 285 971 301 ministrare
985 289 1011 301 va-

637 309 684 325 leant.

657 333 666 352 ἓ
673 332 688 348 ὅ,
695 332 787 353 Superiores
792 335 845 348 autem
852 332 978 352 congregationis
983 336 1011 352 per

637 358 726 375 praesenta
740 358 800 372 erectae
813 360 841 376 per
851 360 868 371 se
883 355 908 371 vel
922 356 970 372 alium
983 359 1011 372 seu

637 379 674 395 alios
684 384 704 395 ex
715 380 751 399 ipsis
762 380 792 395 iam
803 379 889 399 adprobatis
899 384 935 395 suos
942 379 1012 395 subditos

637 407 645 418 a
654 403 731 422 censuris,
738 407 770 419 nou
779 405 830 419 tamen
838 403 855 418 iu
862 403 922 419 casibus
929 403 965 419 Sedi
973 404 1012 423 Apo-

637 426 699 442 stolioae
710 427 798 445 reservatis.
806 430 858 446 neque
866 426 881 442 in
889 426 938 443 literis
946 427 971 442 die
978 431 1012 442 coe„

637 454 667 466 nae
672 450 734 465 Domini
742 450 773 469 legi
779 450 828 466 solitis
835 450 920 470 contentis,
926 450 1011 470 absolvere,

638 473 700 493 illisque
710 474 778 489 debitam
789 474 901 493 poenitentiam
908 474 982 490 similiter
990 474 1013 490 in-

638 497 710 516 iungere,
722 497 800 517 iidemque
811 497 899 517 superiores
910 499 979 517 receptos
988 497 1013 514 in-

638 520 728 536 obedientes
741 525 759 536 ac
772 521 820 541 ipsius
835 521 961 540 congregationis
976 525 1012 537 con-

638 544 738 560 stitutionum
749 546 871 564 transgressores
881 544 943 564 punire,
954 546 970 560 et
977 548 1013 564 poe-

639 567 714 583 nitentiae
725 572 752 587 pro
764 568 809 583 modo
819 568 873 587 culpae
880 571 935 584 eorum
942 568 1012 587 arbitrio,

638 593 698 607 servata
709 593 762 607 tamen
776 591 825 607 torma
835 591 952 607 ordinationum
962 593 978 608 et
989 591 1013 607 in-

639 615 739 631 stitutionum
751 615 846 634 huiusmodi,
857 614 924 634 allicere,
935 616 951 631 et
961 615 974 630 si
984 615 1014 631 sibi

639 638 717 654 videbitur
727 642 763 654 cum
774 642 850 654 consensu
862 639 925 654 maioris
933 639 980 658 partis
990 639 1013 655 di*

638 663 672 677 ctae
678 662 804 681 congregationis
811 662 895 681 culpabiles
901 662 963 681 eiicere,
969 663 1013 678 invo-

639 687 672 701 cato
682 685 736 704 etiam,
747 686 760 701 si
771 689 809 705 opus
822 685 876 704 luerit,
887 686 945 701 auxilio
956 686 1013 702 brachii

639 708 726 727 saecularis,
734 709 782 724 libere
792 711 808 724 et
819 709 861 724 licite
871 709 944 725 similiter
955 710 1014 729 possint

639 733 655 747 et
665 731 733 751 valeant,
744 732 835 748 auctoritate
846 734 861 748 et
869 734 925 748 tenore
933 733 1014 753 praedictis

639 754 739 771 concedimus
754 758 770 771 et
784 756 890 775 indulgemus.
907 757 929 772 Ac
943 756 1013 776 demum,

639 779 679 798 quod
690 779 790 798 congregatio
798 783 825 799 per
832 782 921 799 praesentes
928 782 984 799 erecta,
993 780 1014 796 sit

639 806 656 818 ac
666 804 742 822 perpetuo
753 805 831 818 remaneat
840 803 908 819 subiecta
915 803 1014 819 omnimodae

640 826 743 841 jurisdictioni
755 826 824 846 Episcopi
839 826 925 842 Mecoacani
936 831 964 847 pro
976 829 1015 843 tem-

641 853 678 869 pore
687 849 774 868 existentis.
785 850 812 869 qui
824 852 877 865 tamen
886 850 991 866 ordinationes
998 853 1014 866 et

641 872 711 888 instituta
725 873 801 893 praedicta
814 873 859 889 nullo
869 873 915 889 modo
926 876 986 890 mutare
997 877 1013 890 et

640 896 706 912 alterare
721 897 774 916 possit.
784 896 856 913 similiter
872 899 947 917 perpetuo
961 898 1015 913 statui-

641 924 676 935 mus
687 921 702 935 et
713 920 809 936 ordinamus.

660 943 670 962 ἓ
680 943 695 959 6.
707 943 811 959 Decernentes
818 946 907 964 praesentes
915 944 967 960 literas
974 948 1014 960 sem-

641 970 668 986 per
678 968 694 982 et
709 968 783 986 perpetuo
798 966 854 986 valhs
869 969 885 983 et
900 967 968 984 efficaces
981 972 1015 984 esse

640 992 656 1006 et
663 990 702 1009 lore,
710 994 777 1011 suosque
787 991 864 1010 plenarios
874 993 890 1007 et
901 992 970 1011 integros
979 992 1015 1008 effe<

640 1016 674 1030 ctus
684 1014 736 1030 sortiri
747 1016 763 1030 et
773 1014 850 1033 obtinere,
861 1016 877 1030 et
884 1015 903 1030 ab
910 1015 983 1031 omnibus
991 1016 1015 1031 in-

641 1037 734 1053 violabiliter
745 1037 832 1053 observari:
844 1040 860 1053 et
870 1038 891 1053 ita
898 1042 926 1058 per
933 1042 1015 1058 quoscum-

641 1065 672 1080 que
682 1061 740 1077 iudices
750 1063 766 1076 et
776 1061 889 1077 commissarios
899 1062 954 1081 quavis
963 1065 1016 1078 aucto-

641 1084 687 1100 ritate
702 1084 792 1104 iungentes,
805 1084 852 1100 etiam
868 1089 949 1101 causarum
963 1085 1016 1105 palatii

641 1107 720 1127 apostolici
734 1107 818 1127 auditores,
829 1110 845 1124 ot
858 1108 923 1124 Sanctae
936 1109 1015 1125 Romanae

642 1131 718 1147 Ecclesiae
724 1131 818 1150 cardinales,
824 1131 889 1147 iudicari
897 1134 912 1147 et
920 1132 982 1148 definiri
990 1133 1016 1148 de-

641 1155 683 1174 bere.
694 1159 712 1171 ac
723 1155 785 1170 irritum
795 1157 811 1170 et
822 1154 874 1174 inane,
886 1156 899 1171 si
909 1160 953 1172 secus
968 1160 1016 1176 super

641 1179 666 1194 his
676 1183 683 1194 a
694 1182 773 1198 quoquam
784 1178 838 1198 quavis
848 1179 941 1195 auctoritate
947 1180 1016 1196 scienter

641 1202 667 1218 vel
679 1202 769 1221 ignoranter
779 1202 863 1221 contigerit
873 1203 952 1218 attentari.

662 1226 671 1245 ἓ
682 1226 696 1241 ¹1.
708 1227 729 1241 Ac
739 1226 809 1245 insuper,
825 1228 842 1241 ut
853 1226 916 1241 ecclesia
931 1230 1015 1246 congrega-

642 1250 688 1265 tionis
698 1249 721 1265 sic
728 1251 788 1265 erectae
795 1249 812 1265 iu
819 1249 874 1265 maiori
882 1250 983 1265 veneratione
990 1250 1016 1266 ua-

642 1273 702 1291 beatur,
710 1275 726 1288 et
735 1272 754 1288 ab
762 1273 798 1292 ipsis
805 1272 936 1289 Christilldelibus
942 1274 1017 1293 congruis

642 1297 751 1316 trequentetur
762 1296 853 1315 honoribus,
861 1296 919 1316 aliique
930 1297 1017 1317 presbyteri

642 1320 660 1336 ad
670 1320 809 1339 congregationem
817 1323 845 1339 per
852 1322 942 1339 praesentes
948 1322 1017 1336 erectam

642 1343 761 1363 ingrediendam
776 1343 825 1363 magis
841 1343 933 1362 incitentur,
944 1344 1017 1360 omuibus

642 1369 658 1382 et
667 1366 733 1386 siugulis
742 1366 837 1386 presbyteris
844 1368 860 1382 et
867 1366 933 1386 clericis,
941 1367 968 1387 qui
976 1371 1017 1383 eam-

642 1390 679 1406 dem
688 1389 826 1409 congregationem
833 1390 853 1405 de
859 1392 921 1406 caetero
928 1390 1018 1410 ingredien-

643 1416 675 1433 tur,
686 1414 711 1429 die
724 1413 775 1433 primo
790 1417 845 1429 eorum
860 1414 945 1433 ingressus,
956 1414 969 1429 si
980 1417 1018 1430 vere

643 1437 740 1457 poenitentes
754 1438 770 1452 et
780 1437 846 1452 confessi
856 1437 972 1453 sanctissimum
987 1437 1017 1453 Eu-

643 1461 725 1477 charistiae
731 1462 847 1476 sacramentum
853 1461 956 1480 sumpserint,
965 1461 1018 1481 plena-

643 1484 690 1503 riamg
701 1488 719 1499 ac
729 1484 765 1503 ipsis
780 1488 822 1499 nunc
832 1485 848 1499 et
859 1487 887 1503 pro
902 1486 972 1504 tempore
986 1484 1019 1500 exi-

643 1507 720 1523 stentibus
731 1507 825 1527 presbyteris
833 1508 849 1523 et
856 1507 891 1522 aliis
898 1507 1018 1523 conviventibus

643 1531 713 1546 eiusdem
728 1530 854 1550 congregationis
867 1530 883 1546 in
895 1534 951 1546 eorum
963 1530 1018 1546 mortis

643 1554 708 1570 articulo
719 1558 778 1570 nomen
785 1554 819 1570 lesu
827 1554 879 1573 corde,
887 1554 900 1569 si
907 1558 935 1570 ore
942 1554 1018 1574 nequive-

644 1578 681 1597 rint,
699 1578 809 1593 invocantibus
823 1577 871 1593 etiam
885 1577 978 1597 plenariam·,
989 1581 1018 1593 nec

644 1605 676 1617 non
688 1603 719 1617 tarn
730 1601 767 1620 illis,
778 1605 826 1621 quam
836 1601 869 1617 aliis
880 1601 962 1621 utriusque
972 1605 1018 1617 sexus

971 249 1001 266 22⁹
1026 250 1053 264 Au.
1060 251 1076 264 0.
1086 249 1122 263 1777

1037 335 1055 347 Su
1064 334 1127 347 nrlorilml

1021 349 1128 374 “mauzaca

1021 363 1128 401 &imenso

1021 398 1073 415 euroin
1080 403 1092 414 s.
1114 402 1122 414 o

1022 416 1092 428 reservam.

1025 949 1132 975 sorren

1024 978 1053 988 111111
1062 976 1117 988 ΙΠΙΙᾹΙΙΙ,

1026 1233 1133 1261 affi'iffi'rffl'
