4754 6966
309 549 363 607 An.
378 555 408 607 0.
430 551 499 608 1764
550 555 607 619 3033

529 691 586 752 Dei
613 689 786 753 Dominum
809 700 956 754 nostrum
972 695 1075 756 Iesum
1092 691 1272 762 Christum,

528 787 705 866 perfectum
731 802 795 845 esse
824 787 858 848 in
881 785 1010 848 Deitatc
1039 792 1069 846 ct
1097 788 1274 865 perfectum

529 877 564 939 in
591 878 818 950 humanitate,
852 879 952 942 Decem
983 896 1093 942 cerum
1122 885 1152 940 et
1176 877 1275 940 homi-

528 987 598 1032 nem
624 989 735 1034 oerum
765 991 804 1036 33
827 976 937 1037 animo
969 973 1129 1036 rationali
1158 978 1186 1032 et
1207 987 1274 1031 cor-

528 1081 614 1143 poro,
644 1065 952 1131 consubstantialem
978 1067 1074 1129 Patri
1099 1067 1274 1128 secundum

529 1157 1275 1230 Deitatem,eteumdeurconsocbstantialemno·

529 1252 575 1314 bis
596 1254 772 1316 secundum
801 1254 1056 1324 humanitatem,
1080 1269 1135 1332 por
1168 1253 1275 1314 omnia

528 1343 619 1407 uobis
640 1347 777 1408 similem
803 1346 917 1426 ubsque
940 1355 1087 1425 peccato,
1110 1352 1186 1409 ante
1207 1361 1276 1408 sue·

529 1441 603 1503 cula
625 1442 751 1519 quidem
766 1443 803 1504 de
817 1441 916 1505 Patre
938 1443 1083 1521 penitam
1098 1441 1273 1500 secundum

528 1534 701 1606 Deitatem,
712 1535 745 1595 in
759 1535 939 1598 nouissimis
950 1542 1059 1598 aretem
1072 1530 1275 1595 333333333-

529 1629 596 1689 dcm
618 1633 748 1705 propter
769 1644 825 1688 333
848 1633 878 1689 33
900 1633 1031 1705 3333333
1057 1631 1203 1687 nostram
1224 1641 1276 1686 sa·

529 1721 628 1782 tutem
644 1737 682 1782 33
697 1719 803 1784 Mistea
821 1722 948 1799 l'irpine
970 1720 1028 1782 Dei
1052 1719 1215 1782 Cenitrice
1229 1735 1274 1778 se-

528 1813 670 1875 cuudum
685 1812 933 1884 humanitatem,
958 1830 1060 1875 areum
1075 1811 1275 1890 eumdemque

530 1907 696 1969 Christum
718 1907 891 1971 Dominum
918 1907 1124 1986 Uuipcnitum
1140 1907 1175 1967 in
1197 1907 1276 1969 dua-

529 1999 586 2063 bus
609 2003 741 2064 naturis
759 2003 936 2080 inconfuse,
954 1999 1216 2070 immutabiliter,
1228 2000 1276 2060 in-

529 2093 640 2165 diuise,
664 2094 927 2170 inseparabiliter
942 2094 1186 2173 copnoscondum,
1200 2112 1276 2156 nus-

529 2206 623 2266 quam
644 2188 774 2252 sublato
790 2190 973 2270 3333333333
988 2197 1189 2252 naturarum
1204 2204 1276 2267 pro·

528 2289 601 2364 pter
623 2285 812 2354 unitionem,
836 2285 997 2364 mapispue
1023 2285 1111 2346 salua
1133 2283 1278 2361 proprie·

531 2385 598 2441 tate
618 2379 790 2455 utriusque
812 2385 962 2447 naturae,
982 2381 1013 2438 et
1036 2377 1071 2437 in
1093 2391 1192 2437 unam
1206 2390 1275 2452 per-

527 2488 638 2534 sonam
682 2478 776 2549 atque
805 2469 1026 2534 substantiam
1055 2473 1276 2537 concurrente,

531 2583 593 2628 non
616 2567 651 2626 in
672 2565 751 2627 duos
773 2564 937 2642 partitum
968 2571 1026 2626 333
1049 2563 1199 2634 divisum,
1224 2561 1277 2623 333

530 2674 632 2718 33333
654 2657 856 2736 3333333333
879 2655 1000 2718 Filium
1019 2663 1048 2717 et
1069 2655 1276 2736 Uroipenitum

531 2753 629 2816 Derim
668 2748 798 2813 Verbum
835 2751 1006 2812 Dominum
1041 2751 1145 2812 Iesum
1184 2747 1279 2810 Chri·

529 2851 627 2908 stura.
657 2846 735 2907 ltem
765 2845 905 2906 eiusdem
934 2843 1063 2906 Domini
1092 2843 1204 2907 Nostri
1233 2847 1276 2907 33-

529 2961 568 3006 su
595 2941 719 3004 Christi
743 2939 959 3008 dicinitatem,
986 2939 1159 3002 secundum
1182 2955 1276 3017 quam

530 3032 817 3098 consubstantialis
852 3037 899 3094 est
934 3031 1031 3094 Patri
1066 3030 1096 3093 cl
1133 3034 1276 3108 Spiritui

531 3130 667 3198 Sancto,
701 3123 930 3204 impassibilem
958 3142 1021 3186 3333
1049 3131 1079 3186 33
1112 3128 1276 3190 immorta-

531 3222 608 3282 lem:
630 3221 772 3282 cipridem
796 3225 905 3282 autem
928 3219 1122 3298 3333333333
1144 3228 1173 3281 33
1194 3236 1277 3281 mor-

531 3322 627 3377 tuum
650 3313 870 3375 tantummodo
887 3314 1060 3375 secundum
1082 3329 1220 3384 carnem,
1238 3317 1276 3374 ut

529 3408 657 3486 puriter
679 3407 846 3486 3333333
869 3413 915 3468 333
938 3407 973 3469 33
994 3408 1083 3470 dicta
1106 3406 1230 3485 Spuodo
1247 3417 1275 3472 et

532 3504 567 3565 in
587 3501 723 3581 epistola
745 3500 776 3564 S.
802 3501 914 3563 Leonis
937 3500 1072 3564 Romani
1096 3502 1274 3580 Porttipcis,

531 3599 625 3661 errius
639 3615 690 3658 ore
709 3599 740 3658 u.
756 3596 890 3657 Petrum
904 3597 1090 3673 Apostolum
1106 3598 1276 3674 laqueorum

531 3709 594 3753 esse
616 3699 725 3769 patres
746 3691 782 3752 in
803 3688 908 3751 eccdom
934 3689 1055 3767 Spnodo
1084 3691 1277 3752 acclamave-

531 3790 628 3854 runt,
653 3799 708 3860 per
733 3799 827 3862 auum
856 3783 1069 3859 3333333333
1098 3783 1277 3845 damnatur

531 3878 631 3955 impia
644 3876 785 3939 haeresis
801 3875 943 3946 illorum,
959 3877 1014 3953 proi
1025 3877 1060 3937 in
1081 3876 1225 3954 ’33333333
1237 3874 1276 3938 ab

530 3970 661 4052 Anpelis
689 3969 824 4039 tradito,
848 3975 878 4029 33
900 3969 935 4028 33
955 3970 1107 4047 praefata
1131 3968 1276 4032 Calcedo·

530 4067 623 4128 nensi
654 4065 779 4142 Spnodo
806 4065 990 4136 decantato,
1021 4064 1151 4128 Sanctus
1182 4067 1274 4138 Deus,

530 4160 660 4224 Sanctus
690 4160 789 4233 fortis,
812 4160 941 4224 Sanctus
973 4162 1156 4223 immortalis
1186 4165 1293 4226 mise.

530 4273 601 4318 3333
632 4256 731 4328 nobie,
763 4252 934 4325 addebant,
966 4255 1018 4330 qui
1041 4255 1208 4317 crucifixus
1230 4265 1276 4318 est

530 4349 707 4428 pronubis,
731 4354 827 4424 atauo
848 4346 924 4408 adeo
947 4347 1089 4408 diuinam
1118 4355 1275 4410 eruturum

531 4444 633 4504 trium
655 4455 866 4519 personarum
886 4439 1069 4516 passibilem
1091 4439 1274 4504 asserebant

529 4543 559 4597 et
581 4533 762 4606 3333333333·
776 4567 795 4577 -
816 4532 1209 4609 Constantinopolitonnm
1231 4551 1275 4595 se·

531 4629 682 4699 ciendum,
699 4628 847 4704 33333333
864 4625 1036 4696 33333333,
1055 4624 1089 4684 iu
1108 4643 1170 4704 333
1185 4644 1274 4704 3333-

529 4722 617 4799 fatae
651 4719 892 4782 calcedonensis
919 4718 1039 4794 Spuodi
1063 4719 1207 4796 3333333
1229 4738 1275 4782 33-

530 4818 648 4875 333333
671 4821 731 4885 333·
750 4847 770 4857 -
789 4810 1181 4889 Coristantinopolitanam
1214 4822 1275 4875 ter-

531 4909 622 4979 tiam,
645 4913 771 4968 3333333
788 4907 822 4965 33
839 4905 961 4975 333333,
973 4912 1005 4965 33
1021 4905 1179 4983 33333333,
1194 4907 1274 4984 quod

531 5003 566 5063 iu
588 5019 623 5062 cu
645 5003 758 5060 contra
775 4997 1002 5061 Moroothelitas
1025 4997 1193 5074 33333333
1215 5007 1273 5071 333,

530 5095 565 5155 in
597 5110 661 5154 rouo
694 5092 856 5168 eodernpue
886 5091 1021 5152 Domino
1054 5089 1172 5152 Nostro
1203 5093 1274 5154 lesu

533 5187 661 5249 Christo
674 5185 754 5246 duas
770 5201 833 5244 3333
854 5184 1023 5246 naturales
1045 5185 1229 5246 oolutototes
1244 5193 1274 5246 et

530 5281 610 5341 duos
637 5276 805 5339 naturales
828 5278 1035 5353 operationes,
1055 5277 1202 5349 iudicise,
1227 5279 1274 5340 in·

529 5369 797 5443 convertibiliter,
809 5368 1080 5448 inseparabiliter,
1092 5372 1273 5451 inconfuse,

528 5473 558 5528 et
581 5467 757 5527 humanam
772 5465 840 5526 eius
856 5465 1052 5527 uoluntatem
1069 5483 1132 5527 uon
1147 5473 1275 5528 coatra-

529 5561 625 5629 riaru‚
648 5559 701 5618 sed
728 5556 905 5620 subiectum
931 5559 1060 5619 3333333
1081 5559 1149 5620 cias
1180 5563 1274 5637 atoue

528 5654 738 5730 omnipotenti
754 5650 933 5722 3333333333
945 5682 962 5694 -
977 5652 1152 5726 Nicacaarp
1164 5669 1275 5714 33333-

528 5745 790 5822 dam,scptimnm
802 5744 835 5804 in
849 5743 970 5813 ordine,
981 5750 1010 5805 et
1021 5744 1101 5822 3333
1106 5749 1182 5813 3333,
1193 5745 1273 5822 puod

529 5841 563 5901 in
585 5856 621 5902 33
643 5846 758 5900 contra
780 5836 991 5899 iconoclastas
1014 5837 1182 5916 33333333
1207 5846 1271 5910 333,

527 5933 685 6012 inopinos
710 5930 847 6002 Christi,
871 5947 908 5993 nc
931 5930 1088 6008 Dciparae
1119 5931 1270 6009 hirpinis,

1300 842 1303 886 l

1049 575 1111 620 lUR.
1137 575 1228 620 PONT.
1252 575 1292 618 DE
1314 575 1342 618 Ρ.
1367 575 1396 619 F·
1420 575 1502 620 PARS
1524 575 1545 620 1.

1331 709 1385 754 333
1407 693 1625 758 nonullorum
1644 695 1847 764 Sanctorum,
1871 693 2031 758 habendos
2046 699 2077 757 et

1331 786 1516 848 retinendas
1538 805 1612 856 3333,
1637 793 1731 866 atauo
1753 790 1796 849 eis
1819 787 1960 851 debitum
1984 788 2079 850 hano·

1331 894 1396 938 rem
1408 895 1445 940 ac
1456 881 1692 941 uenerationem
1706 881 1990 959 impertiendam·
2000 881 2078 946 Con·

1329 971 1614 1050 stantinopolitom
1634 981 1797 1051 quartam,
1818 981 1961 1037 octauam
1980 977 2013 1036 in
2029 993 2077 1036 or-

1330 1063 1415 1136 dine,
1439 1069 1469 1126 et
1490 1066 1649 1146 profiteor,
1669 1067 1705 1128 in
1726 1083 1762 1128 eu
1782 1067 1936 1132 Photium
1963 1070 2078 1131 merito

1330 1159 1432 1237 333333
1443 1159 1645 1228 damnatum,
1662 1165 1692 1220 et
1705 1159 1736 1223 S.
1751 1162 1915 1240 Ipnatium
1927 1161 2078 1225 Patriae-

1331 1249 1422 1310 chom
1446 1253 1649 1314 restitutum.
1666 1284 1683 1298 ·
1699 1254 1833 1315 Veneror
1857 1255 1955 1318 etium
1985 1263 2078 1317 etsu-

1329 1343 1429 1420 scipio
1452 1361 1555 1407 omnes
1587 1346 1672 1408 alias
1694 1345 1891 1408 uniuersales
1925 1347 2076 1424 Spnodos,

1329 1439 1531 1500 auctoritate
1543 1437 1680 1501 Romani
1695 1440 1862 1519 Pontificis
1878 1441 2018 1520 lepitime
2034 1457 2079 1501 ce-

1331 1529 1470 1593 lebratus
1482 1539 1512 1594 33
1527 1533 1743 1612 3333333333,
1758 1540 1788 1596 33
1800 1536 1992 1613 praesertim
2008 1533 2078 1598 Flo·

1331 1625 1497 1687 rentiuam
1521 1625 1693 1703 Spuodum,
1713 1630 1918 1709 3333333333,
1943 1647 2022 1707 qaae
2043 1630 2079 1692 in

1330 1732 1366 1776 33
1388 1717 1519 1795 deposita
1540 1727 1631 1791 suut,
1653 1721 1812 1784 uidelicet.-
1828 1721 1910 1800 puod
1932 1722 2078 1799 Spiritus

1332 1810 1471 1873 Sanctus
1486 1830 1525 1874 33·
1537 1813 1634 1875 Putre
1650 1820 1680 1876 et
1694 1815 1780 1877 Filio
1795 1816 2004 1878 aeternaliter
2019 1821 2075 1886 est,

1331 1909 1362 1964 ct
1384 1907 1554 1968 essentiam
1582 1925 1676 1968 suum
1710 1925 1866 1986 secumque
1887 1926 1950 1970 esse
1974 1907 2079 1970 subsi-

1331 2005 1418 2058 33333
1440 1998 1532 2062 habet
1561 2017 1600 2061 eu
1622 2001 1722 2064 Patro
1749 2002 1900 2065 simulet
1929 2001 2024 2073 Filio,
2047 2007 2077 2062 et

1333 2107 1373 2152 coo
1395 2099 1530 2170 utroque
1547 2094 1759 2157 aeternaliter
1782 2103 1944 2174 tamquam
1960 2095 1999 2158 ab
2014 2112 2078 2158 333

1331 2184 1501 2262 principio,
1531 2195 1561 2248 ot
1584 2190 1684 2251 unica
1704 2188 1894 2266 spiratione,
1926 2189 2076 2266 procedit.

1333 2277 1410 2340 Item
1433 2281 1604 2341 illationem
1627 2280 1728 2352 illam,
1752 2283 1904 2362 Filioque,
1927 2283 2078 2344 33333333

1333 2372 1544 2436 declarandae
1567 2375 1690 2454 pratia,
1713 2381 1742 2436 et
1764 2375 1952 2438 imminente
1977 2393 2078 2436 neces·

1331 2466 1443 2538 33333,
1473 2465 1563 2528 333333
1590 2485 1628 2530 33
1660 2468 1904 2532 rationabiliter
1933 2465 2078 2546 Spmbolo

1333 2559 1434 2638 fuisso
1465 2563 1656 2637 oppositam.
1692 2565 1770 2626 item
1799 2565 1834 2625 in
1862 2579 1985 2640 uzpnco,
2014 2563 2079 2623 3333

1332 2654 1526 2731 fermentato
1546 2671 1629 2732 pane
1652 2658 1791 2726 triticeo,
1808 2655 1930 2734 Corpus
1955 2655 2079 2718 Christi

1332 2746 1492 2806 ueraciter
1513 2748 1637 2826 confici,
1659 2751 1897 2828 sacerdotesque
1920 2749 1955 2810 in
1976 2750 2078 2810 altero

1332 2844 1437 2920 ipsum
1470 2843 1600 2904 Domini
1631 2844 1755 2924 Carpus
1783 2846 1934 2925 33333333
1958 2842 2074 2916 debore,

1333 2953 1587 3016 unnutpuempue
1607 2939 1730 3000 scilicet
1754 2939 1852 3003 33333
1873 2957 1951 3002 suae
1975 2939 2077 3002 Eccle-

1329 3033 1408 3103 siae,
1420 3033 1486 3093 siae
1504 3031 1718 3095 Occidentalis
1729 3033 1794 3095 sice
1809 3033 1995 3105 orientalis,
2009 3049 2079 3094 con·

1331 3125 1546 3186 suetudinem.
1572 3126 1662 3197 Item,
1685 3127 1712 3187 si
1735 3143 1806 3188 cere
1827 3127 2021 3204 poenitentes
2043 3127 2079 3186 in

1332 3215 1389 3278 Dei
1405 3219 1545 3280 coecitate
1561 3219 1763 3292 decesserint,
1784 3223 1956 3298 arctoquam
1971 3222 2078 3301 dipnis

1330 3313 1546 3388 poenitentiae
1561 3312 1727 3391 fructibus
1742 3315 1778 3376 de
1794 3315 1968 3376 cornmissis
1982 3316 2078 3379 satis-

1331 3406 1468 3484 fecerint
1489 3410 1520 3466 et
1542 3405 1676 3476 omissis,
1693 3423 1804 3470 eorsum
1821 3408 1948 3472 anirnas
1971 3413 2078 3485 poenis

1332 3500 1518 3579 purpatorii
1539 3505 1610 3576 post
1631 3505 1764 3562 mortem
1780 3506 1927 3582 purpari,
1946 3509 1987 3572 et,
2005 3513 2077 3568 333

1331 3595 1438 3669 333333
1459 3593 1626 3654 huiusmdi
1652 3596 1845 3666 releoentur,
1869 3597 2012 3672 prodesse
2033 3601 2077 3659 cis

1331 3686 1473 3763 33333333
1489 3688 1634 3748 cicorum
1645 3686 1818 3768 33333333,
1829 3690 2003 3753 Missurum
2017 3694 2078 3753 sci-

1333 3779 1406 3841 licet
1427 3781 1604 3859 sacrificia,
1628 3783 1788 3844 orationes
1810 3789 1840 3843 ct
1856 3787 2075 3862 eleemosynas,

1332 3879 1362 3932 et
1384 3871 1451 3934 alia
1479 3872 1613 3950 pictatis
1635 3874 1752 3952 333333,
1783 3892 1902 3952 33333
1929 3877 2077 3955 fidelibus

1331 3981 1387 4042 pro
1414 3964 1490 4027 aliis
1518 3964 1664 4044 33333333
1685 3967 1756 4046 3333
1779 3978 2011 4032 consueuerant
2032 3987 2076 4030 se-

1332 4061 1474 4121 cuudum
1498 4060 1656 4121 Ecclesiae
1682 4061 1838 4124 instituta
1847 4085 1861 4134 ,·
1887 4063 2077 4143 illorumque

1331 4155 1477 4223 animas,
1507 4156 1573 4231 pai,
1597 4160 1667 4230 post
1690 4153 1849 4233 baptismo
1878 4164 2073 4235 susceptum,

1332 4251 1458 4314 nullam
1481 4252 1609 4312 omuino
1630 4252 1752 4329 peccati
1778 4251 1940 4315 mucidam
1966 4255 2077 4315 incur-

1333 4351 1465 4414 rerunt,
1498 4345 1572 4406 illas
1601 4346 1710 4415 etiam,
1742 4361 1821 4422 puae
1850 4355 1918 4422 post
1950 4355 2077 4409 contro·

1332 4443 1417 4500 ctum
1449 4439 1573 4514 3333333
1601 4438 1762 4500 maculam
1784 4439 1831 4500 cel
1854 4441 1889 4500 in
1910 4441 1980 4502 suis
2009 4458 2076 4501 cor·

1331 4530 1462 4608 poribus
1490 4531 1536 4591 333
1565 4531 1680 4592 eisdem
1699 4537 1826 4601 ecutae,
1852 4538 1931 4593 3333
1957 4549 2074 4612 purpo-

1334 4629 1400 4694 tae,
1431 4625 1467 4686 in
1492 4623 1610 4686 coelum
1641 4641 1714 4686 mon
1745 4627 1861 4703 recipi,
1895 4632 1926 4687 ct
1949 4628 2074 4689 intueri

1332 4717 1418 4779 eluro
1451 4718 1555 4794 ipsum
1588 4715 1687 4778 Deum
1725 4718 1858 4781 Triuum
1884 4727 1914 4781 et
1951 4718 2074 4792 Uuuni,

1331 4809 1434 4871 sicuti
1454 4818 1517 4881 est,
1541 4812 1810 4887 promeritorum
1838 4821 1944 4875 tamen
1973 4814 2076 4875 diocr-

1330 4906 1429 4966 situte
1451 4903 1554 4967 aliurn
1570 4905 1634 4966 olio
1650 4906 1843 4986 persicam,-
1865 4905 1996 4969 illorum
2018 4927 2075 4970 au-

1333 5007 1393 5060 tern
1415 4999 1554 5070 animas,
1577 4999 1632 5076 333
1655 4999 1688 5058 iu
1710 5000 1837 5062 3333333
1854 5002 1987 5064 mortali
2008 5019 2075 5081 pec-

1332 5098 1413 5164 cato,
1431 5093 1478 5154 cel
1494 5095 1558 5154 solo
1574 5092 1739 5171 oripinuli,
1758 5091 1922 5167 decedunt,
1943 5111 2017 5157 mon
2041 5095 2075 5156 iu

1331 5188 1498 5268 infernum
1514 5185 1707 5256 descendere,
1723 5187 1832 5262 poeuis
1849 5193 1955 5248 tanton
1971 5189 2075 5265 dispa-

1331 5276 1421 5341 ribus
1444 5279 1635 5356 puniendas.
1652 5281 1731 5342 Item
1747 5279 1778 5342 S.
1794 5279 2007 5356 Apostolicam
2024 5281 2076 5344 Se-

1332 5371 1399 5433 3333
1420 5376 1451 5431 33
1475 5371 1652 5432 Rauranum
1681 5370 1867 5450 Pontificem
1891 5372 1925 5432 in
1947 5374 2076 5435 unirer-

1329 5481 1401 5526 sum
1426 5460 1538 5527 Orbem
1568 5472 1672 5525 333333
1692 5465 1883 5540 primatum,
1911 5471 1942 5524 et
1970 5466 2076 5543 ipsum

1331 5558 1516 5636 Pontificem
1552 5555 1730 5618 Honorinum
1764 5575 1974 5619 successorem
2012 5577 2076 5620 esse

2107 555 2210 614 Amo.
2237 553 2330 610 1764

1332 5655 1367 5714 Β.
1387 5651 1479 5712 Petri
1495 5650 1658 5726 Principis
1674 5651 1897 5727 Apostolorum
1919 5659 2075 5716 eteorum
2114 5645 2116 5650 ’

1334 5745 1456 5807 Christi
1484 5745 1643 5806 licerium
1667 5745 1829 5821 totiusque
1851 5745 2010 5810 Ecclesiae
2025 5765 2075 5810 ca-

1329 5843 1389 5917 put
1417 5846 1448 5898 et
1478 5837 1620 5897 omnium
1651 5833 1917 5898 Christianorum
1944 5839 2075 5901 Patrem
2118 5855 2128 5868 ’

1331 5937 1362 5992 33
1384 5930 1549 5992 Doctorern
1571 5929 1719 6001 enistere,
1742 5935 1773 5990 et
1796 5931 1856 6006 ipsi
1880 5929 1961 5993 inB.
1980 5932 2074 5995 Petro
