4776 6974
39 655 41 720 l

88 587 125 639 Aa.
135 586 157 636 c.
175 573 232 630 1786

83 3245 137 3302 venor
148 3251 231 3286 moces·

73 3305 128 3339 tldtlt

88 5373 169 5424 ilausula
179 5382 228 5427 sub·

78 5426 108 5473 lata
121 5435 137 5474 at
155 5433 228 5480 decre-

77 5481 109 5525 tvn
120 5483 205 5532 irritans.

927 591 998 645 eius
1020 599 1069 646 rr.
1095 591 1136 647 tr.

258 707 523 774 missionariorum
545 713 721 777 huiusmodi
742 717 892 792 studium,
913 717 1002 778 valde

256 803 466 883 profuturum,
481 805 506 866 si
528 807 688 885 privilegia
704 810 816 887 quibus
830 827 867 872 ex
883 819 1001 888 aposto·

256 900 308 962 lica
329 899 472 976 largitate
499 901 635 975 gaudent
662 902 789 980 collegia
815 905 852 966 de
874 905 1001 967 Bracan·

255 1007 308 1052 nes
329 997 360 1054 et
387 992 426 1054 de
448 992 592 1070 llaratojo
622 994 695 1056 dicti
725 995 847 1059 Ordinis
868 998 901 1059 in
929 997 1001 1059 Por-

255 1085 399 1160 tugalliae
420 1102 529 1162 regno,
545 1103 602 1150 nec
617 1089 883 1151 non'missionarii
897 1091 1000 1168 Hispa·

254 1178 376 1240 uiarum
390 1187 423 1241 et
443 1181 610 1256 indiarum,
627 1183 659 1243 in
674 1180 811 1244 favorem
826 1184 999 1262 primodicti

252 1271 372 1347 collegii
388 1274 650 1347 extender·entur;
666 1275 772 1338 eadem
788 1277 1000 1339 cardinalium

254 1367 469 1442 congregatio,
499 1368 655 1431 referente
680 1369 792 1431 dilecto
819 1370 883 1432 lilio
905 1370 1001 1445 magi·

253 1467 315 1520 stro
330 1459 488 1538 Stephano
503 1461 612 1536 Borgia
626 1461 693 1523 eius
708 1463 885 1537 secretario,
902 1470 933 1523 et
947 1479 1000 1524 au·

253 1551 315 1614 dito
336 1559 410 1614 voto
430 1554 533 1616 dilecti
549 1555 642 1616 etiarn
658 1554 712 1616 niti
728 1557 827 1618 nostri
841 1555 999 1619 llincentii

253 1647 381 1708 Sanctae
402 1647 557 1709 Romanae
576 1648 729 1710 Ecclesiae
742 1649 914 1728 presbyteri
930 1651 1000 1713 Car-

253 1737 362 1800 dinalis
383 1738 522 1800 llanuzzi
546 1742 729 1820 nuncupati,
753 1747 828 1802 tunc
848 1741 945 1803 nostri
968 1748 1000 1804 et

253 1832 443 1909 spostolicae
464 1833 550 1896 Sedis
572 1835 605 1897 in
627 1836 733 1911 regnis
748 1834 954 1910 portugalliae
968 1841 1000 1896 et

255 1925 471 2003 atgarbiorum
503 1927 625 2004 Nuntii,
658 1929 781 1992 censuit
812 1945 878 1989 esse
911 1928 998 1989 nobis

252 2021 500 2098 supplicandum,
517 2030 552 2084 ut
573 2022 608 2082 ad
625 2023 819 2100 praedictum
832 2021 998 2098 collegium

253 2114 289 2175 de
307 2113 443 2176 llinllaes
465 2113 627 2192 privilegia
648 2107 764 2190 omnia,
781 2115 892 2192 gratias
907 2121 938 2175 et
953 2112 1000 2173 in·

253 2207 348 2282 rlnlta,
372 2223 387 2266 a
415 2225 477 2270 rec.
501 2223 596 2268 mem.
629 2209 810 2271 innocentio
838 2207 902 2281 xl..
930 2206 999 2269 Cle-

252 2307 359 2361 mente
380 2301 474 2362 etiam
496 2302 547 2364 ill.
571 2307 602 2362 et
623 2301 790 2363 Benedicto
810 2301 888 2364 xlv.
914 2315 999 2379 prae·

251 2391 332 2454 dicto
358 2393 504 2455 Romanis
531 2393 731 2456 Pontificibus
759 2393 998 2472 praedecessori-

253 2487 306 2547 bus
328 2489 443 2548 nostris
465 2486 651 2548 missionum
678 2486 816 2562 collegiis
843 2502 996 2562 concessa,

251 2588 281 2642 et
309 2580 422 2658 quibus
454 2587 628 2641 conventus
658 2577 696 2639 de
728 2578 873 2655 Varatojo
902 2587 932 2640 et
960 2581 998 2640 de

250 2674 422 2736 Bracmnes
437 2681 507 2736 actu
522 2673 686 2752 potiuntur
700 2680 731 2735 et
747 2673 892 2748 gaudent,
910 2673 998 2734 durn-

251 2770 340 2830 modo
363 2775 467 2830 tamen
489 2767 522 2828 in
544 2783 581 2828 eo
601 2774 726 2841 statuta,
749 2768 834 2844 leges
849 2775 880 2828 et
894 2767 999 2828 condi-

252 2863 350 2924 tiones
372 2876 427 2940 pro
454 2861 633 2923 memoratis
660 2860 781 2923 duobus
802 2861 939 2939 collegiis
960 2864 998 2925 de

251 2953 393 3030 varatojc
415 2961 445 3016 et
467 2955 639 3016 Bracannes
658 2955 873 3034 praescriptae,
888 2972 923 3016 ea
938 2972 998 3033 qua

250 3047 336 3111 decet
356 3049 523 3110 sedulitate
544 3058 758 3126 servarentur,
774 3047 944 3110 extendere
960 3051 997 3111 de

250 3140 443 3218 benignitate
467 3142 629 3220 apostolica
652 3143 867 3220 dignaremur.

288 3234 357 3310 52.
381 3233 442 3297 Nos
475 3235 573 3312 igitur
602 3237 799 3315 superiorem
827 3247 858 3300 et
885 3237 996 3299 iratres

250 3329 419 3408 praedictos
446 3329 627 3408 specialibus
654 3331 761 3408 gratiis
788 3339 819 3393 et
841 3330 997 3393 iavoribus

250 3423 393 3500 prosequi
408 3422 560 3497 volentes,
574 3431 726 3486 eteorum
740 3423 914 3500 singulares
926 3439 994 3502 per·

246 3533 336 3578 sonas
346 3534 363 3577 a
374 3515 536 3595 quibusvis
547 3517 854 3593 excomunicationis‚
867 3533 995 3596 suspen-

246 3609 341 3670 sionis
370 3616 401 3670 et
428 3609 603 3684 interdicti,
631 3605 760 3688 aliisque
785 3610 996 3673 ecclesiasticis

248 3702 578 3777 censuris,sententiis
598 3710 629 3765 et
643 3703 750 3781 poenis
772 3704 882 3782 quovis
904 3703 995 3766 modo

246 3801 277 3855 et
297 3811 492 3874 quacumque
514 3795 551 3857 de
572 3813 661 3858 causa
683 3796 762 3871 latis,
779 3797 804 3858 si
827 3815 901 3877 quas
916 3799 994 3861 lorte

247 3889 450 3964 incurrerint,
474 3889 566 3951 buius
589 3896 710 3951 tantum
726 3891 771 3952 rei
787 3893 883 3968 gratia
898 3893 994 3955 absol-

247 3987 357 4042 ventes
378 3989 409 4043 et
430 3981 583 4044 absolutos
605 3983 671 4044 iore
692 3991 863 4061 censentes,
879 3986 994 4065 suppli·

246 4074 418 4136 cationibus
444 4074 578 4153 desuper
606 4075 694 4137 nobis
723 4092 824 4156 nuper
846 4079 994 4156 porrectis

246 4165 399 4229 inclinati:
417 4167 579 4245 privilegia
593 4169 710 4244 omnia,
723 4171 836 4246 gratias
847 4179 878 4233 et
892 4171 993 4234 indul-

247 4267 287 4335 ta,
316 4275 394 4337 qnae
418 4261 582 4322 memorati
608 4261 807 4325 innocentius
833 4266 899 4341 xl,
927 4265 994 4328 Cle-

244 4369 335 4416 mens
358 4352 409 4416 lll.
425 4359 457 4414 et
471 4353 656 4416 Benedictus
670 4354 751 4418 xlv.
768 4356 900 4418 Romani
917 4357 993 4420 Pon·

245 4447 342 4508 tilices
364 4447 611 4524 praedecessores
636 4449 734 4510 nostri
760 4449 897 4527 collegiis
921 4451 993 4513 mis-

243 4541 370 4601 sionum
390 4546 622 4615 concesserunt,
640 4546 670 4602 et
691 4542 803 4620 quibus
819 4551 993 4606 conventus

244 4634 283 4694 de
303 4631 448 4714 VaratoJo
468 4641 500 4696 et
520 4631 559 4695 de
579 4634 752 4696 Bracannes
779 4643 849 4698 actu
870 4637 994 4714 potiun-

245 4733 296 4788 tur
318 4733 349 4788 et
371 4727 517 4801 gaudent,
534 4728 569 4789 ad
585 4727 807 4805 primodictum
822 4729 992 4806 collegium

244 4818 282 4879 de
299 4817 447 4892 Vinhaes,
463 4817 631 4881 dummodo
647 4828 751 4882 tamen
767 4821 799 4883 in
815 4837 852 4883 eo
866 4829 990 4898 statuta,

245 4911 330 4986 leges
350 4919 382 4973 et
400 4911 593 4973 conditiones
608 4928 663 4991 pro
679 4916 859 4976 memoratis
873 4915 993 4977 duobus

245 5003 383 5080 collegiis
404 5005 440 5066 de
463 5003 606 5080 Varatojo
621 5012 653 5065 et
667 5007 704 5067 de
718 5006 891 5070 Bracannes
906 5023 992 5086 prae-

244 5097 368 5175 scripta,
384 5113 430 5174 ea,
447 5113 505 5175 qua
520 5098 618 5173 decet,
634 5098 798 5161 sedulitate
812 5111 990 5178 serventur,

245 5191 427 5253 auctoritate
453 5191 615 5270 apostolica
646 5197 754 5254 tenore
782 5195 991 5272 praesentium

245 5283 452 5346 extendimus.

283 5380 303 5454 ᾖ
324 5377 354 5440 3.
376 5377 597 5452 Decernentes,
622 5379 673 5438 lras
694 5387 870 5456 praesentes
888 5381 993 5444 literas

245 5484 367 5547 semper
389 5473 503 5546 firmas,
526 5470 640 5532 validas
656 5479 687 5532 et
707 5471 842 5535 ellrcaces
857 5475 992 5537 existere

246 5564 369 5640 actore,
392 5579 525 5643 suosque
546 5563 700 5642 plenarios
715 5573 745 5628 et
768 5567 907 5644 integros
921 5569 991 5631 elie-

246 5665 312 5720 ctus
342 5657 446 5718 sortiri
475 5667 505 5717 et
530 5657 687 5735 obtinere,
721 5675 754 5721 ac
776 5659 835 5720 illis
857 5661 893 5722 ad
915 5675 991 5738 quos

246 5756 372 5827 spectat,
383 5757 415 5812 et
429 5765 485 5829 pro
501 5757 640 5829 ternpore
654 5751 912 5831 quandocumque
925 5771 993 5833 spe-

1056 717 1162 795 ctabit,
1184 720 1217 782 in
1233 722 1378 784 omnibus
1393 730 1424 785 et
1439 723 1611 800 peremnia
1626 725 1808 802 plenissime

1056 811 1228 890 suffragari,
1255 820 1286 876 et
1308 816 1408 877 abeis
1430 818 1601 894 respective
1621 817 1808 881 inviolabili·

1057 912 1104 966 ter
1115 907 1288 982 observari3
1301 907 1405 986 sicque
1418 908 1449 970 in
1462 910 1636 987 praemissis
1648 925 1705 988 per
1717 927 1807 989 quos·

1056 1013 1192 1076 cumque
1219 999 1335 1062 iudices
1366 1001 1537 1063 ordinarios
1569 1009 1599 1064 et
1631 1004 1805 1080 delegatos,

1057 1089 1150 1152 etiam
1169 1107 1330 1154 causarum
1345 1093 1448 1172 palatii
1464 1095 1622 1172 apostolici
1638 1097 1805 1171 auditores,

1056 1182 1184 1244 iudicari
1206 1191 1237 1246 et
1265 1185 1388 1248 deliniri
1418 1187 1541 1261 debere,
1565 1204 1598 1249 ac
1628 1188 1751 1250 irritum
1775 1199 1806 1250 et

1057 1274 1160 1351 inane,
1183 1276 1208 1336 si
1230 1293 1317 1340 secus
1338 1293 1430 1357 super
1453 1279 1499 1340 tris
1521 1297 1536 1340 a
1558 1296 1716 1358 quoquam
1732 1297 1805 1358 qua·

1057 1367 1103 1428 vis
1124 1369 1307 1432 auctoritate
1321 1372 1456 1433 scienter
1472 1372 1522 1434 vel
1537 1375 1719 1449 ignoranter
1733 1389 1804 1435 con·

1057 1461 1162 1538 tigerit
1184 1464 1341 1525 attentari.

1095 1559 1114 1634 ς
1135 1557 1164 1617 l.
1189 1556 1258 1619 Non
1280 1558 1472 1621 obstantibus
1488 1561 1760 1623 constitutionibus
1775 1567 1806 1622 et
1824 1580 1967 1680 maiixi?
1980 1590 2037 1626 con-

1054 1651 1508 1730 ordinationibusapostolicis,
1532 1670 1565 1714 ac
1585 1653 1660 1716 dicti
1682 1653 1806 1718 Ordinis

1054 1745 1148 1806 etiarn
1170 1745 1356 1820 iuramento,
1380 1746 1616 1810 confirmatione
1630 1748 1804 1824 apostolica,

1055 1838 1105 1899 vel
1119 1839 1227 1916 quavis
1240 1839 1387 1900 firmitate
1399 1839 1455 1901 alia
1467 1841 1627 1918 roboratis,
1640 1840 1763 1904 statutis
1774 1849 1805 1904 et

1055 1932 1530 2009 consuetudinibus,privilegiis
1552 1949 1686 2012 quoque,
1704 1934 1805 1997 indul·

1055 2026 1093 2086 tis
1115 2031 1145 2086 et
1161 2024 1257 2086 literis
1272 2023 1446 2103 apostolicis
1461 2025 1493 2086 in
1509 2028 1704 2090 contrarium
1719 2045 1805 2106 prae-

1055 2117 1221 2179 missorum
1242 2117 1475 2196 quomodolibet
1496 2120 1665 2195 concessis,
1695 2136 1806 2200 appro·

1054 2212 1130 2273 batis
1151 2219 1182 2272 et
1203 2209 1370 2273 innovatis.
1393 2211 1510 2286 Quibus
1530 2213 1676 2274 omnibus
1691 2222 1722 2276 et
1737 2215 1802 2276 sin-

1055 2303 1147 2381 gulis,
1163 2303 1287 2365 illorum
1303 2310 1428 2365 tenores
1440 2305 1653 2381 praesentibus
1669 2321 1723 2384 pro
1739 2307 1802 2384 ple-

1055 2413 1096 2458 nc
1114 2405 1144 2460 et
1158 2397 1349 2460 sufficienter
1364 2398 1526 2474 expressis,
1542 2415 1576 2458 ac
1590 2399 1628 2460 de
1649 2399 1745 2460 verbo
1766 2401 1803 2462 ad
1839 2403 1852 2428 ⁰

1054 2491 1187 2552 verbum
1208 2491 1332 2552 insertis
1354 2495 1512 2562 babentes,
1530 2490 1591 2551 illis
1612 2491 1684 2552 alias
1699 2492 1731 2553 in
1747 2509 1803 2554 suo

1055 2585 1165 2644 robore
1192 2584 1415 2661 permansuris,
1438 2585 1472 2645 ad
1498 2583 1739 2661 praemissorum
1760 2585 1803 2647 ei-

1054 2675 1171 2737 lectum
1200 2675 1254 2738 bac
1284 2677 1352 2737 vice
1383 2677 1543 2739 dumtaxat
1572 2676 1745 2756 specialiter
1772 2688 1804 2740 et

1056 2781 1198 2844 expresse
1220 2769 1415 2844 derogamus,
1431 2767 1620 2846 caeterisque
1642 2770 1803 2830 contrariis

1054 2860 1312 2938 quibuscumque.

1094 2955 1206 3016 Datum
1227 2953 1353 3029 Romae,
1377 2953 1456 3030 apud
1478 2953 1509 3016 S.
1525 2952 1654 3016 Petrum
1676 2953 1734 3017 sub
1749 2971 1803 3016 an·

1053 3047 1129 3108 nulo
1144 3047 1316 3120 Piscatoris,
1329 3047 1378 3109 die
1391 3061 1478 3107 xxvi.
1494 3047 1553 3108 ian.
1567 3063 1800 3122 mdcccxxxvi,

1053 3139 1252 3216 pontificatus
1273 3139 1371 3201 nostri
1393 3155 1475 3201 anno
1498 3155 1543 3200 xr.

1311 3341 1550 3354 num——

1371 3517 1475 3581 Llllll.

1052 3703 1200 3784 indulget
1222 3704 1306 3765 clero
1327 3703 1489 3766 soeculari
1511 3713 1540 3767 et
1563 3705 1708 3784 reportari
1724 3707 1801 3770 civi-

1092 3799 1172 3860 tatis
1200 3803 1231 3858 ct
1252 3798 1402 3859 diocessis
1434 3797 1598 3872 Qtritensis
1621 3800 1657 3860 itt
1683 3801 1797 3872 indiis,

1091 3899 1128 3954 ol
1152 3892 1290 3954 recitare
1311 3890 1441 3952 ooleoot
1463 3891 1599 3971 officiunt
1621 3899 1651 3954 et
1667 3893 1798 3954 missurn

1092 3986 1123 4047 S·
1149 3983 1254 4060 loscplt
1276 3983 1370 4044 semol
1391 3983 1427 4044 itt
1448 3999 1552 4046 metesa
1571 3984 1628 4066 (l).

1304 4153 1391 4221 erus
1415 4155 1474 4221 ΡΡ.
1500 4155 1545 4222 lll.

1189 4276 1225 4343 ed
1247 4277 1378 4344 loturam
1401 4277 1445 4344 rei
1469 4279 1651 4346 memoriam.

1089 4453 1108 4528 5
1131 4452 1157 4513 l.
1181 4451 1345 4514 Emanavil
1367 4452 1485 4515 dudum
1512 4471 1527 4514 a
1551 4455 1797 4531 congregatione
1830 4483 2031 4530 memoraturus-

1050 4544 1278 4607 venerabilium
1307 4545 1440 4608 lratrum
1467 4555 1648 4608 nostrornm
1665 4548 1799 4611 ‘Sanctae
1816 4537 2031 4646 ξξξξξωῦξζξὲξὲ

1049 4639 1204 4700 Romanae
1226 4638 1378 4701 Ecclesiae
1401 4640 1612 4702 Cardinalium
1634 4642 1728 4702 sacris
1747 4641 1798 4703 lli·
1817 4643 1931 4689 nircum.

1050 4733 1130 4794 tibus
1155 4733 1400 4809 praepositorum
1427 4733 1586 4796 decretum
1615 4735 1731 4796 tenoris
1752 4751 1798 4796 se-

1049 4825 1184 4904 quentis,
1207 4824 1368 4886 videlicet:

1345 5011 1500 5087 lernrv.

1089 5195 1133 5258 Ad
1165 5196 1260 5272 magis
1296 5197 1540 5273 promovendam
1575 5199 1795 5274 devotionem,
1829 5230 2027 5278 mmm„

1048 5306 1127 5368 quae
1158 5290 1237 5368 apud
1268 5289 1388 5353 clerum
1420 5298 1451 5352 et
1482 5294 1634 5369 populum
1665 5292 1797 5355 civitatis

1048 5389 1079 5444 et
1106 5382 1252 5446 dioecesis
1282 5383 1438 5458 Quitensis
1471 5385 1502 5445 in
1532 5401 1629 5460 regno
1656 5385 1797 5448 Peruano

1048 5493 1120 5553 erga
1143 5476 1350 5538 Patriavclram
1372 5477 1521 5540 Sanctum
1542 5480 1707 5554 loscpnum
1725 5479 1799 5540 Bea-

1049 5576 1096 5631 tae
1123 5568 1233 5630 lllariae
1255 5568 1393 5645 Virginis
1420 5585 1566 5648 sponsum
1596 5569 1731 5632 maxime
1754 5571 1798 5632 vi·

1049 5669 1121 5739 get,
1157 5661 1435 5725 reverendissimus
1472 5662 1639 5725 hodiernus
1676 5664 1797 5741 Episco

1049 5770 1104 5830 pus
1126 5771 1186 5817 una
1210 5770 1282 5816 cum
1310 5755 1393 5816 clero
1421 5756 1569 5817 saeculari
1600 5765 1631 5816 et
1660 5756 1796 5844 regulari

286 5963 317 6019 (l)
333 5961 460 6008 liumdem
475 5963 608 6009 indultum
623 5966 750 6010 concessit
766 5965 915 6012 carmelitis
930 5967 1079 6023 provinciae
1093 5966 1244 6013 mexicanac
1259 5967 1301 6012 die
1314 5979 1369 6012 xvv.
1385 5967 1451 6012 iunii
1467 5968 1490 6012 b.
1507 5979 1530 6014 a.
1549 5973 1615 6013 Curat
1629 5971 1704 6013 sicut.

1728 577 1786 654 tol
1838 593 2027 650 tn.o.1veo
