4776 6974
324 553 378 608 Διι.
393 557 424 610 Ο.
445 556 514 611 trae
563 551 623 620 352

584 698 603 772 5
626 694 673 756 ll.
697 693 744 755 Τιι
765 707 842 754 vero
863 689 971 764 officia,
986 693 1080 767 atque
1094 686 1291 748 incitamenta

544 786 657 851 Nuncii
679 795 710 848 et
730 787 927 847 hortamenta
949 782 1042 844 etiam
1056 790 1160 842 nostra
1176 777 1292 858 pariter

543 879 709 940 frustratus
731 893 773 939 es.
797 876 935 938 aliorum
957 874 1041 936 euim
1058 874 1204 950 deceptus
1218 867 1291 930 insi-

543 970 611 1047 diis,
642 969 730 1032 nullo
760 983 906 1048 responso
934 966 1014 1030 binis
1042 963 1156 1029 nostris
1177 961 1290 1023 litteris

543 1065 625 1138 dato,
642 1064 671 1124 id
694 1064 775 1141 quod
790 1060 892 1124 lucras
908 1060 1081 1133 minitatus,
1098 1055 1220 1120 efficere
1234 1053 1290 1115 rui·

543 1156 629 1219 nime
650 1155 807 1229 dubitasti,
830 1169 910 1216 nova
939 1169 993 1232 per
1016 1161 1046 1214 te
1067 1152 1169 1229 ipsum
1190 1149 1222 1210 in
1246 1147 1290 1208 iu·

543 1250 624 1312 dices
645 1245 883 1328 pro-synodales
908 1245 1091 1307 auctoritate
1119 1241 1238 1314 collata,
1260 1245 1291 1299 et

544 1343 576 1403 in
598 1341 700 1403 lucem
722 1340 803 1403 edito
825 1337 985 1401 communi
1007 1336 1129 1397 decreto
1151 1333 1211 1396 diei
1230 1348 1287 1394 ιιιι.

544 1435 674 1497 ianuarii
702 1445 935 1506 nucctxxnvr„
957 1436 989 1492 et
1015 1427 1210 1490 ordinatione
1231 1424 1289 1487 diei

544 1543 638 1590 xxrn.
662 1526 842 1588 novembris
856 1537 1087 1586 unccuxxnvn.
1104 1522 1190 1583 Tunc
1205 1520 1290 1581 enim

544 1638 600 1700 pro
620 1621 757 1682 extincto
780 1619 894 1680 babens
916 1615 1051 1679 tribunal
1074 1613 1289 1683 nunciaturae,

544 1715 774 1792 affirmansque,
791 1727 854 1774 non
869 1726 957 1789 posse
973 1709 1104 1788 amplius
1118 1722 1157 1768 en
1172 1704 1225 1766 illo
1240 1703 1293 1765 ob·

546 1807 639 1870 lineri
664 1805 884 1885 appellationes
900 1820 966 1863 -a
987 1800 1151 1864 sententiis
1178 1797 1291 1860 nostris

545 1900 724 1974 definitivis,
748 1907 800 1961 aut
821 1897 952 1960 decretis
967 1897 1033 1958 vim
1047 1894 1226 1958 definitivae
1240 1891 1291 1953 ba·

544 1993 689 2055 bentibus
703 1992 735 2054 in
751 1991 850 2069 prima
864 1989 914 2051 vel
927 1988 1067 2051 ulteriori
1082 1985 1228 2050 instantia
1241 2019 1289 2058 -‚

544 2084 794 2164 procuratoribus
820 2090 851 2146 et
871 2081 1022 2144 advocatis
1044 2079 1233 2159 praecepisti,
1258 2084 1292 2140 ut

548 2213 580 2224 -
597 2177 847 2241 commissionem
869 2175 1033 2238 revisionis
1049 2173 1227 2234 immediate
1241 2185 1292 2249 pe·

546 2280 610 2334 tant
631 2289 647 2331 a
668 2270 837 2333 serenitate
854 2285 907 2330 sua
921 2299 970 2342 -,
985 2285 1001 2329 a
1016 2282 1074 2344 qua
1090 2263 1292 2328 commissarii

543 2364 771 2440 delegarentur.
795 2362 853 2438 Qui
867 2361 992 2439 quidem
1008 2359 1211 2422 commissarii
1228 2373 1291 2420 non

543 2459 595 2518 alii
615 2463 717 2531 erant,
740 2471 831 2534 quam
855 2453 886 2530 ii,
909 2469 986 2531 quos
1007 2460 1041 2515 ιιι
1063 2452 1151 2514 nobis
1166 2451 1199 2512 in
1215 2448 1291 2513 iudi·

543 2567 593 2613 ces
618 2548 855 2628 pro-synodales
883 2546 1109 2622 designaveras,
1132 2552 1164 2607 et
1184 2559 1292 2624 appro-

543 2642 658 2705 bandos
680 2640 861 2702 exhibueras
883 2638 1008 2718 epistola
1032 2645 1081 2700 tua
1103 2637 1139 2698 ad
1154 2653 1210 2699 nos
1224 2635 1292 2697 data

543 2735 593 2798 die
614 2749 705 2797 xvrrr.
736 2733 807 2794 maii
839 2733 914 2794 anni
944 2745 1149 2794 nnccuxrnv.
1178 2731 1226 2792 Er
1246 2747 1292 2792 se·

545 2837 629 2907 ptem
650 2828 735 2888 enim
756 2825 818 2887 illis
833 2826 920 2900 viris,
937 2841 1014 2903 quos
1029 2824 1117 2887 nobis
1132 2825 1192 2885 iam
1207 2822 1294 2886 erbi-

543 2921 653 2983 bueras
674 2917 1052 2998 approbandos,'selegisti
1072 2917 1174 2994 primu
1196 2917 1227 2978 in
1250 2915 1293 2978 oi·

544 3012 674 3075 licialem
697 3010 781 3074 etin
809 3020 900 3090 caput
922 3011 1101 3073 cilicialatus
1130 3011 1293 3073 tribunalis

544 3105 728 3167 canonicum
749 3103 912 3183 losepbum
934 3105 972 3166 de
986 3101 1181 3178 Herrestorli,
1197 3110 1227 3164 et
1242 3102 1293 3164 de·

544 3197 667 3261 stinasti
695 3195 728 3258 in
749 3212 914 3260 assessores
941 3196 1036 3274 ipsius
1065 3195 1227 3258 tribunalis
1248 3196 1295 3258 lo·

544 3305 660 3352 aunem
682 3289 842 3352 blattbiam
856 3288 959 3368 Meyer
972 3294 1003 3350 et
1019 3289 1233 3351 Hermannum
1249 3290 1294 3352 lo·

544 3383 676 3462 sepbum
695 3383 822 3458 Zaaren,
840 3391 871 3445 et
887 3382 1053 3444 nominasti
1069 3382 1103 3444 in
1117 3383 1292 3444 commissa-

545 3478 606 3539 rios
620 3477 783 3540 revisionis
794 3476 869 3538 alios
880 3483 1024 3555 quatuor,
1037 3476 1221 3539 canonicum
1233 3476 1294 3538 lila-

530 3573 621 3633 riam
644 3572 681 3633 de
695 3568 801 3644 llerle,
817 3569 960 3631 lacobum
974 3569 1148 3632 Gnidonem
1163 3567 1291 3646 schoaii,

543 3664 693 3726 loannem
714 3663 894 3725 llicbaelem
909 3662 1045 3725 bumont
1060 3669 1091 3724 et
1106 3663 1292 3726 Balduinum

544 3756 676 3819 Neescn.
701 3755 883 3833 Praecepisti
902 3755 1008 3832 etiam,
1025 3763 1059 3818 ιιι
1074 3764 1165 3833 caput
1179 3757 1293 3819 borum

544 3848 841 3924 commissariorum,
864 3857 895 3909 ct
917 3847 1010 3910 buius
1033 3849 1194 3911 tribunalis
1213 3851 1293 3910 revi-

543 3941 616 4002 sorii
639 3947 719 4002 esset
747 3940 828 4001 idem
856 3941 1023 4004 canonicus
1044 3941 1082 4003 de
1104 3940 1211 4016 llerle,
1235 3941 1293 4004 boc

544 4033 730 4096 iudiciorum
751 4034 859 4096 ordine
881 4034 1075 4112 praestituto,
1091 4041 1138 4109 ut,
1162 4051 1235 4096 cum
1255 4034 1291 4095 ad

545 4136 575 4189 te
596 4136 782 4206 provocatur
807 4127 841 4187 in
863 4127 1076 4190 ecclesiasticis
1106 4127 1204 4189 causis
1226 4138 1293 4204 post

543 4219 618 4282 duas
638 4222 820 4295 sententias,
835 4237 851 4280 a
874 4220 1021 4282 tribunali
1036 4219 1215 4283 officialatus
1229 4220 1292 4282 edl-

544 4319 600 4388 tas,
629 4322 662 4374 ιιι
691 4329 852 4376 causarum
881 4312 1060 4375 huiusmodi
1087 4317 1233 4375 canonico
1255 4314 1300 4375 de

544 4405 651 4481 llerle,
664 4413 822 4484 tamquam
835 4405 1119 4467 commissariorum
1131 4406 1233 4482 capiti,
1244 4421 1293 4468 re·

544 4499 696 4562 visionem
718 4498 853 4575 deleges,
876 4499 1028 4560 adiunctis
1049 4497 1151 4560 eidem
1174 4500 1293 4563 duobus

544 4609 583 4654 er
605 4593 703 4654 tribus
724 4591 876 4654 iudicibus
905 4592 1192 4671 pro-synodalibus,
1215 4610 1292 4672 quos

544 4684 659 4762 pariter
681 4683 906 4747 commissarios
926 4683 1069 4763 appellas.
1089 4685 1147 4760 Qui
1166 4685 1292 4763 quidem

543 4778 569 4840 si
598 4792 706 4840 omnes
736 4777 831 4839 sirnul
864 4793 964 4840 unum
993 4776 1099 4840 ierunt
1130 4779 1291 4854 iudicium,

544 4877 619 4934 tunc
634 4886 742 4932 omnes
755 4869 849 4933 simul
865 4873 1034 4934 decernunt
1048 4880 1140 4950 atque
1153 4885 1292 4949 pronun·

543 4965 641 5040 ciant3
664 4964 689 5024 si
711 4964 839 5025 veroin
862 4963 974 5026 iudicio
995 4963 1121 5028 terendo
1143 4965 1292 5027 ditierunt

543 5060 627 5120 inter
646 5073 691 5131 sc,
715 5065 788 5119 tunc
810 5073 898 5118 causa
920 5073 974 5134 pro
996 5074 1031 5119 eo
1053 5057 1235 5133 absolvitur,
1255 5057 1291 5119 ad

438 5136 445 5148 '
542 5165 637 5227 quem
658 5150 796 5212 canonici
817 5148 857 5211 de
870 5148 975 5225 lilerle,
991 5150 1038 5212 uti
1053 5152 1169 5226 capitis,
1185 5151 1292 5214 sullra·

543 5243 630 5316 giam
653 5241 782 5304 accedit:
805 5252 964 5305 caeterum
987 5252 1049 5304 tam
1062 5245 1087 5304 si
1103 5243 1216 5305 borum
1229 5243 1292 5306 sul·

543 5334 640 5412 tregia
660 5336 693 5396 in
716 5352 815 5398 unum
837 5337 1036 5411 conveniant,
1059 5338 1192 5412 quamsi
1211 5355 1292 5401 unus

543 5430 581 5490 ab
601 5429 698 5491 altero
720 5427 897 5505 dissentiat,
919 5431 1094 5492 sententiae
1118 5437 1150 5492 ct
1170 5430 1292 5494 decreta

544 5527 637 5587 unius
658 5527 764 5605 capitis
786 5542 900 5590 nomen
922 5525 1145 5603 praescierunt.

583 5620 602 5695 ἓ
626 5620 671 5682 ta.
695 5622 777 5697 Quae
798 5636 870 5683 cum
891 5620 933 5681 ita
951 5622 1025 5697 sint,
1043 5635 1136 5682 nemo
1150 5622 1188 5684 de
1203 5620 1291 5683 uobis

544 5714 691 5791 conqueri
715 5716 782 5775 lure
799 5715 924 5790 poterit,
940 5715 965 5774 si
981 5730 1099 5776 novum
1115 5713 1291 5776 vocavimus

543 5813 607 5866 tam
624 5806 758 5868 tribunal
775 5807 962 5882 ollicialatus,
975 5822 1067 5886 quam
1080 5806 1229 5868 iudicium
1244 5823 1292 5868 re·

544 5899 694 5961 visorium
714 5915 769 5960 seu
784 5900 1077 5976 commissariorum,
1093 5900 1293 5979 iudicumque

1062 567 1127 614 tuti.
1152 567 1242 613 bour.
1267 565 1307 610 bu
1329 565 1357 608 P·
1382 563 1411 608 1?-
1435 563 1518 608 PARS
1540 563 1562 608 i·

1347 679 1620 759 pro-synodalium
1650 678 1797 742 tribunal.
1821 680 1959 744 sienim
1982 682 2018 744 de
2041 678 2096 743 tri-

1347 772 1453 835 bunali
1481 771 1658 835 officialatus
1686 789 1735 835 res
1763 780 1820 849 est,
1843 771 1918 835 tales
1939 789 1972 834 ac
1993 780 2097 835 tantae

1346 873 1420 928 sunt
1441 865 1627 928 variationes
1647 881 1704 944 per
1725 880 1840 928 novam
1868 874 1953 928 tuam
1974 864 2095 927 ordina-

1348 958 1465 1021 tionem
1486 957 1560 1021 illue
1578 959 1730 1034 invectae,
1746 975 1820 1038 quas
1834 958 2016 1036 singillatim
2031 973 2098 1021 me·

1348 1051 1539 1114 moravimus
1560 1067 1662 1131 supra,
1686 1061 1732 1127 ut,
1755 1061 1786 1114 te
1807 1054 1873 1132 ipso
1894 1052 2023 1131 latente,
2041 1069 2095 1115 ne

1347 1145 1475 1207 vitatem
1498 1144 1706 1223 praescierant
1728 1147 1868 1209 numeris
1887 1147 2032 1209 omnibus
2045 1146 2097 1208 ab·

1346 1237 1489 1299 solutam.
1506 1235 1539 1300 Si
1554 1252 1630 1301 vero
1644 1240 1682 1302 de
1696 1239 1810 1302 iudicio
1825 1239 1986 1315 revisorio‚
1997 1241 2097 1318 deque

1347 1331 1631 1394 commissariorum
1645 1332 1794 1394 tribunali
1809 1333 1924 1409 agitur,
1938 1332 2037 1397 multo
2050 1349 2095 1394 sa·

1347 1436 1389 1484 ne
1403 1423 1579 1486 evidentius
1594 1424 1677 1486 illius
1692 1425 1812 1487 novitas
1828 1426 1961 1489 incurrit
1977 1427 2008 1490 in
2024 1441 2096 1490 ocu·

1348 1515 1409 1592 los3
1432 1531 1503 1578 cum
1519 1527 1604 1579 certo
1619 1525 1750 1593 constet,
1768 1517 1844 1582 illud
1859 1525 1931 1581 ante
1945 1517 2003 1582 boc
2016 1526 2096 1582 tem·

1348 1624 1404 1687 pus
1426 1610 1564 1673 extitisse
1586 1627 1760 1688 nunquam,
1777 1618 1893 1691 tuaque
1914 1615 2096 1676 auctoritate

1348 1699 1443 1764 luisse
1470 1720 1487 1763 a
1516 1711 1545 1764 te
1572 1719 1685 1781 nuper,
1715 1704 1803 1766 nobis
1830 1705 2095 1781 dissentientibus,

1349 1794 1539 1871 institutum,
1555 1805 1591 1858 ιιι
1610 1811 1665 1875 per
1680 1804 1711 1858 ta
1725 1796 1840 1860 scilicet
1856 1798 1932 1860 illud
1947 1799 2095 1875 efficeres,

1348 1891 1428 1966 quod
1451 1905 1506 1968 per
1527 1905 1583 1951 nos
1598 1891 1765 1969 impetrare
1779 1891 1980 1970 nequiveram
1998 1891 2096 1955 veluti

1348 1989 1491 2045 testatam
1520 1999 1589 2046 rem
1617 1982 1734 2046 iaciunt
1760 1985 1887 2048 iactatae
1908 1985 1939 2046 in
1961 1992 2097 2048 anteces-

1347 2091 1417 2147 sum
1439 2077 1555 2150 minae,
1577 2085 1608 2138 et
1630 2092 1663 2138 ea
1685 2093 1764 2156 quae
1786 2076 1887 2140 minas
1904 2087 1978 2140 sunt
1992 2095 2097 2142 conse·

1348 2177 1429 2244 cute,
1452 2177 1484 2232 et
1504 2170 1619 2232 iudices
1646 2169 1705 2247 ipsi
1734 2173 1983 2250 pro-synodales,
2006 2190 2095 2251 quos,

1348 2278 1430 2326 novo
1452 2263 1598 2326 vocabulo
1620 2263 1855 2343 superinducto,
1874 2265 2096 2328 commissario-

1349 2371 1420 2418 rum
1440 2356 1570 2418 nomine
1584 2356 1751 2434 appellasti.
1771 2357 1817 2419 Ειι
1832 2373 1895 2436 quo
1911 2357 1957 2433 fit,
1973 2365 2008 2421 ut
2023 2365 2097 2422 tuus

1349 2448 1414 2526 ipse
1434 2448 1616 2510 administer
1637 2450 1714 2511 Baro
1735 2451 1773 2512 de
1799 2449 1999 2526 Waldeniels,
2022 2451 2097 2514 novi

1350 2542 1442 2603 buius
1458 2541 1621 2604 tribunalis
1635 2542 1866 2605 institutionem
1880 2542 2039 2607 Leodiensi
2054 2545 2097 2607 ol-

1350 2633 1441 2698 ticiali
1453 2634 1697 2712 significaturus
1713 2637 1890 2714 nequiverit
1906 2652 1972 2700 rem
1987 2637 2095 2716 ipsam,

1349 2743 1427 2805 quae
1448 2729 1520 2790 satis
1540 2744 1595 2807 per
1615 2745 1649 2792 se
1669 2729 1801 2807 patebat,
1833 2731 1987 2807 occulere,
2009 2733 2099 2794 adeo·

1349 2836 1409 2898 que
1430 2819 1508 2881 datis
1530 2819 1631 2882 eidem
1652 2821 1765 2884 litteris
1786 2822 1835 2884 die
1851 2838 1886 2884 rr.
1904 2823 2009 2900 aprilis
2022 2823 2096 2886 anni

1350 2928 1594 2977 uuccnrxrvrn.
1608 2914 1741 2978 dilucide
1753 2915 1954 2978 declaraverit
1969 2949 2002 2962 -
2017 2917 2098 2980 C'est

1350 3007 1423 3068 dans
1447 3014 1528 3070 cette
1552 3023 1614 3070 vue
1637 3007 1794 3082 salutabo,
1826 3017 1858 3071 et
1881 3024 1959 3086 pour
1983 3009 2095 3085 evites,

1349 3117 1410 3179 que
1432 3101 1475 3162 les
1504 3101 1629 3179 parties,
1652 3103 1774 3180 privees
1794 3103 1902 3181 depuis
1928 3101 2097 3165 l’abolition

1350 3196 1388 3255 de
1409 3193 1436 3254 la
1457 3193 1648 3256 iurisdiction
1671 3193 1723 3257 des
1744 3194 1943 3258 nonciaturcs
1959 3211 1999 3257 en
2016 3195 2100 3259 Alle-

1351 3301 1474 3364 magne‚
1503 3286 1596 3349 d’une
1628 3287 1786 3350 troisiemc
1817 3297 1847 3351 et
1878 3289 2023 3352 dor-niara
2051 3291 2099 3351 in-

1348 3389 1463 3454 stance,
1486 3396 1527 3442 ne
1547 3380 1665 3443 lassent
1678 3380 1814 3458 obtigees
1828 3382 1866 3443 de
1880 3382 2030 3457 recourir,
2047 3385 2099 3444 des

1347 3475 1513 3552 ingemens
1544 3477 1582 3538 de
1613 3473 1744 3538 l’otlicial
1776 3474 2026 3553 metropolitain,
2059 3492 2099 3537 en

1349 3585 1424 3630 cour
1446 3567 1612 3642 dedomo,
1635 3585 1696 3646 quc
1718 3568 1748 3632 S.
1774 3568 1810 3630 Α.
1828 3568 1860 3631 S.
1879 3569 1914 3629 E.
1938 3586 1955 3629 a
1976 3585 2099 3646 pourvu

1350 3663 1367 3723 a
1388 3659 1640 3723 l’etablissement
1661 3661 1699 3723 de
1711 3661 1802 3739 juges
1816 3663 1987 3739 synodadi,
2003 3662 2019 3722 a
2035 3661 2101 3724 l'ei·

1349 3755 1393 3818 let
1414 3757 1451 3817 de
1471 3754 1563 3832 inger
1584 3771 1624 3816 en
1646 3755 1772 3818 dernier
1793 3763 1907 3818 ressort
1929 3755 1972 3818 les
1993 3772 2098 3819 causes

1350 3848 1604 3927 ecclesiastiques,
1618 3855 1684 3910 tant
1698 3851 1736 3934 dc
1751 3848 1962 3912 l’arcnevccne
1975 3865 2035 3928 que
2047 3851 2100 3911 des

1349 3941 1482 4005 dioceses
1504 3942 1691 4021 dependens,
1709 3943 1765 4004 tels
1779 3959 1841 4020 que
1856 3943 1937 4004 celui
1952 3941 1988 4003 de
2004 3942 2098 4020 Liege

1350 4044 1381 4098 et
1403 4037 1445 4099 les
1466 4044 1579 4099 autres.
1597 4069 1635 4082 -

1389 4132 1408 4206 5
1432 4130 1478 4192 13.
1503 4131 1623 4207 Quanto
1644 4131 1747 4210 itaque
1769 4133 1865 4208 magis
1879 4133 2038 4211 perspicua
2054 4143 2098 4196 est

1350 4226 1396 4287 rei
1418 4225 1549 4298 novitas,
1572 4225 1717 4303 patefacta
1738 4227 1829 4287 modo
1844 4242 1899 4305 per
1914 4243 1969 4289 nos
1984 4228 2102 4290 utrius·

1350 4333 1411 4395 que
1443 4318 1606 4381 tribunalis
1636 4317 1848 4395 distinctione,
1873 4327 1959 4383 tanto
1987 4321 2100 4383 clarius

1350 4411 1452 4473 elucet
1473 4419 1652 4473 nostrarum
1674 4413 1875 4490 querelarum
1897 4415 2043 4476 adversus
2065 4429 2100 4474 u-

1350 4511 1497 4582 trumque
1529 4505 1654 4566 iustitia.
1680 4505 1726 4567 Τιι
1747 4505 1833 4566 enim
1865 4506 2012 4569 tribunali
2033 4507 2099 4571 elli-

1349 4596 1473 4658 cialatus
1493 4597 1670 4673 immutato,
1689 4605 1720 4660 et
1739 4597 1835 4660 altera
1850 4599 1997 4662 instantia
2011 4601 2040 4662 ei
2055 4608 2099 4663 at·

1350 4690 1476 4765 tributa,
1500 4705 1645 4768 novoque
1672 4707 1710 4754 ex
1733 4693 1855 4769 integro
1883 4694 1997 4757 iudicio
2018 4697 2101 4758 revi-

1348 4783 1430 4843 sorio
1456 4783 1637 4859 constituto,
1661 4783 1688 4845 id
1711 4783 1851 4860 effecisti,
1875 4795 1909 4847 ut
1937 4787 2099 4851 nunciatu-

1350 4891 1414 4938 ram
1436 4883 1467 4936 et
1488 4876 1695 4953 apostolicam
1728 4878 1839 4940 Sedem
1870 4895 2001 4942 erueres
2032 4882 2100 4944 iure

1349 4969 1566 5032 committendi
1588 4971 1855 5049 cognoscendique
1885 4989 1999 5048 causas,
2023 4972 2099 5050 legi·

1350 5063 1469 5140 busque
1498 5061 1710 5125 ecclesiasticis
1741 5062 1930 5143 imperiique
1961 5081 2099 5144 pessum·

1349 5156 1436 5231 datis,
1462 5154 1516 5217 tibi
1538 5155 1594 5217 uni
1614 5157 1799 5233 arrogandas
1813 5163 1938 5234 putares
1953 5167 2015 5220 tres
2029 5175 2099 5223 sen·

1351 5248 1461 5309 tentius
1491 5248 1524 5309 in
1556 5248 1655 5310 causis
1685 5257 1810 5311 tuorum
1832 5247 2098 5327 dioecesanorum,

1349 5341 1482 5418 primam
1502 5341 1631 5414 scilicet,
1653 5355 1745 5418 quam
1768 5338 1874 5403 ierunt
1895 5359 2027 5405 assessor
2048 5343 2099 5405 vel

1348 5448 1514 5494 assessores
1541 5433 1579 5494 ab
1599 5431 1721 5495 officiali
1751 5432 1895 5511 delegati,
1917 5437 2097 5510 secundam,

1349 5542 1428 5605 quae
1449 5524 1623 5604 praefertur
1644 5527 1677 5587 in
1700 5525 1792 5605 pleno
1807 5527 1986 5591 officialatus
2001 5530 2098 5592 tribu-

1349 5619 1421 5696 uali,
1445 5617 1581 5693 tertiam,
1600 5633 1694 5696 quam
1715 5617 1831 5682 iudices
1852 5619 2013 5699 synodales
2032 5623 2099 5684 sive

1349 5711 1551 5774 commissarii
1572 5713 1682 5774 dicunt
1699 5711 1732 5773 in
1747 5711 1845 5788 gradu
1861 5712 2021 5775 revisionis
2036 5731 2051 5774 a
2068 5725 2099 5778 te

1349 5803 1534 5882 deputandi;
1554 5804 1628 5868 duas
1642 5812 1747 5866 autern
1761 5804 1795 5868 in
1810 5807 1907 5868 causis
1922 5807 2097 5870 dioecesum

1348 5896 1628 5974 suffraganearum,
1650 5911 1745 5960 uuam
1764 5899 1796 5961 in
1811 5899 1908 5975 gradu
1922 5900 2099 5978 appellatio·

2128 540 2191 595 nn.
2209 535 2248 590 c.
2273 531 2349 587 raso
