4754 6966
921 573 1064 638 excusus
1086 569 1156 617 xrn.

261 715 368 773 senso,
391 704 423 760 et
445 699 590 761 examine
613 697 825 776 praecedente,
842 712 874 756 ac
896 694 1009 770 absque

1740 532 1794 601 ldl

1376 682 1507 746 txvtti.

262 791 360 854 literis
381 792 562 855 dimissoriis
583 807 713 854 suorum
728 790 961 854 ordinariorum
976 803 1010 848 ac
1089 781 1092 786 ’

262 901 326 946 non
342 886 483 948 obstante
495 901 694 965 quocumque
710 883 860 947 natalium
874 880 1007 953 delectu,
1069 872 1219 936 Prohibet
1234 872 1293 936 sub
1308 889 1406 950 pecua
1418 867 1760 949 cccoruaunieattoeic
1777 880 1814 926 ue

1105 967 1230 1046 piperno
1251 967 1406 1046 presence
1418 967 1585 1040 portantur
1600 961 1634 1020 ιιι
1649 957 1814 1020 altaribus·

259 993 355 1056 snper
376 995 440 1057 quo
460 995 533 1042 cum
555 979 616 1041 illis
631 977 764 1054 gratiose
785 977 1008 1055 dispensamus,

260 1071 395 1134 clericali
418 1073 547 1135 militiae
564 1072 705 1147 adscribi,
722 1079 752 1132 et
768 1069 920 1147 aliquibus
935 1085 1009 1146 qua-

261 1174 334 1228 tuor
355 1167 450 1228 etiam
465 1167 593 1241 feriatis,
606 1183 639 1228 ae
654 1164 824 1240 continuis,
841 1164 891 1225 vel
912 1163 1008 1225 inter·-

260 1260 383 1338 polatis,
406 1277 460 1324 seu
483 1261 574 1323 unica
596 1260 716 1334 diebus,
738 1259 773 1320 ad
796 1265 930 1336 quatuor
952 1255 1008 1318 ιιιι-

259 1369 365 1428 nores,
388 1369 446 1415 nec
468 1369 532 1415 non
555 1354 653 1415 tribus
674 1352 849 1425 dominicis,
865 1367 919 1412 seu
941 1349 1008 1410 aliis

259 1446 381 1509 testivis
402 1447 510 1509 diebus
531 1447 609 1528 (non
633 1453 736 1508 tamen
763 1445 932 1518 continuis,
954 1443 1006 1504 sed

256 1557 384 1620 semper
404 1541 508 1620 aliquo
530 1539 678 1618 temporis
692 1539 789 1617 spatio
810 1537 939 1600 arbitrio
956 1547 1008 1598 ιιιο

257 1633 438 1696 deuniendo
464 1631 668 1710 interpolatis)
688 1633 783 1694 etiam
809 1633 924 1710 absque
946 1630 1008 1692 ullo

258 1726 404 1788 beneficii
432 1745 486 1789 seu
515 1726 695 1804 patrimonii
729 1727 818 1788 titulo
840 1727 875 1786 ad
907 1741 1008 1786 sacros

258 1819 356 1880 etiam
378 1822 607 1898 presbyteratus
622 1821 746 1882 ordines
761 1827 847 1881 extra
870 1827 1009 1895 tempora

258 1929 274 1970 a
298 1909 515 1987 incestatum,
537 1921 569 1975 et
590 1913 663 1976 antri
691 1913 848 1976 curriculo
871 1928 934 1974 non
956 1927 1009 1972 ex-

1036 1987 1037 1996 ,
1104 1915 1123 1988 ἓ
1147 1911 1173 1973 l.
1200 1913 1291 1988 Cirm,
1314 1913 1394 1974 sicut
1416 1910 1598 1988 accepimns,

1106 1058 1313 1121 ecclesiarum
1326 1055 1475 1118 dioecesis
1487 1053 1638 1116 Pacensis
1650 1053 1686 1113 ιιι
1697 1050 1809 1116 tediis.

1085 1245 1160 1313 ten.
1185 1245 1272 1314 tratri
1301 1244 1451 1327 Episcopo
1478 1242 1610 1309 Pacensi
1638 1243 1667 1308 in
1689 1238 1792 1318 indiis,

1254 1431 1439 1500 θιΕΜΕΝδ
1463 1430 1522 1498 ΡΡ.
1548 1426 1618 1497 ΧΙΙΙ.

1278 1620 1467 1690 Venerabilis
1489 1621 1596 1698 trater,

1097 1719 1226 1786 salutern
1249 1723 1280 1786 et
1301 1715 1497 1800 apostolicam
1524 1713 1773 1782 benedictionem.

1618 1908 1647 1969 in
1664 1907 1811 1968 altaribus

1847 533 1901 588 Διι.
1915 535 1945 584 C.
1967 535 2036 586 1768

1848 1906 1989 1962 Exponitur
2002 1905 2045 1950 ab

1831 1970 1893 2004 usus
1919 1959 2044 2015 protana-

258 2013 402 2082 peccato,
434 2023 490 2069 nec
516 2003 646 2074 servulis
680 2007 855 2069 interstitiis
881 2025 896 2065 a
923 2023 1008 2067 sacro
1035 2003 1037 2016 ⁴
1065 2008 1277 2082 ecclesiarum,
1307 2005 1514 2068 irrntoriorum
1544 2012 1575 2064 et
1602 2000 1810 2080 cappellarnm
1830 2013 2044 2076 rumrmaprnum

1831 2066 1856 2111 in
1872 2065 1983 2111 ecclesiis
2000 2069 2044 2110 Ρι-

260 2100 401 2162 Goncilio
428 2100 611 2163 Tridentino
639 2101 817 2176 designatis,
841 2117 874 2161 ac
895 2100 1009 2177 absque
1036 2085 1038 2171 ι
1065 2106 1280 2162 conventuum
1301 2100 1422 2163 turtinis
1443 2099 1598 2160 Minorum
1615 2095 1645 2157 S.
1659 2093 1810 2156 Franciscr
1830 2120 1912 2166 censis
1941 2120 2044 2164 pom.

257 2210 307 2267 eo,
325 2195 420 2273 quod,
437 2203 603 2273 antequam
624 2197 661 2257 de
684 2210 745 2255 rino
760 2195 794 2255 ad
811 2194 908 2256 alium
929 2193 1009 2254 ordi-
1035 2177 1037 2263 ι
1065 2196 1102 2256 de
1124 2194 1323 2257 Obseruantia
1346 2200 1598 2271 nuncupatorum
1624 2191 1711 2252 istius
1737 2187 1812 2251 civi·
1830 2171 2044 2235 ⁵¹⁸·¹¹'ae‘¹¹¹-⁰⁹¹⁰'

1831 2227 1952 2272 bibentur
1964 2237 1990 2271 ιιι
2002 2237 2044 2282 po-

258 2305 336 2350 nem
359 2297 614 2368 promoveantur,
632 2291 663 2351 in
682 2289 847 2366 primoque
868 2295 1008 2364 suscepto
1035 2270 1038 2321 ἶ
1067 2288 1136 2348 tatis
1163 2296 1193 2349 et
1215 2286 1360 2349 dioecesis
1388 2287 1496 2347 Pacen.
1517 2285 1629 2346 abusus
1653 2283 1812 2359 irrepserit
1830 2279 2045 2326 siecumsuocon-

258 2384 452 2458 ministrare,
475 2391 527 2444 aul
555 2383 685 2444 alicuius
711 2383 841 2444 servitio
863 2382 1009 2444 ecclesiae
1035 2344 1038 2467 1
1066 2381 1211 2458 ponendi,
1234 2381 1300 2441 sive
1323 2389 1450 2441 ornatus
1473 2379 1575 2452 titulo,
1591 2379 1657 2438 sive
1677 2377 1813 2456 alinqua-

1035 2470 1037 2487 '
1065 2490 1199 2552 cirroque
1221 2476 1378 2548 decuma,
1402 2472 1515 2534 formas
1529 2489 1583 2533 seu
1601 2473 1714 2548 figuras
1738 2488 1811 2532 vere

256 2475 390 2539 adscribi
414 2483 593 2552 teneantur,
616 2477 851 2555 promoveri,et
873 2477 1008 2554 promoti

258 2569 379 2631 inillis
406 2572 500 2631 etiam
524 2571 555 2631 in
585 2568 689 2631 altaris
721 2569 894 2631 ministerio
916 2570 1008 2632 inini-

256 2673 358 2726 strare
380 2664 521 2726 libereet
538 2663 619 2725 licite
642 2662 776 2738 valeant,
793 2663 962 2726 concedere
978 2673 1009 2726 et

257 2757 443 2834 indulgere;
464 2773 521 2819 nec
544 2774 607 2818 raon
625 2755 691 2831 tibi,
710 2765 742 2818 ut
759 2773 812 2833 per
828 2757 920 2818 level
937 2774 1009 2819 con·

1065 2567 1245 2630 decidendas
1268 2567 1446 2640 faunorum,
1469 2567 1573 2627 avium
1596 2565 1810 2643 sylvestrium,

1064 2661 1238 2734 simiarum,
1255 2661 1390 2738 aliasque
1407 2660 1591 2736 iromagines
1607 2659 1666 2720 illis
1681 2658 1809 2734 similes,

1064 2771 1143 2832 ιιιιιιι
1159 2753 1214 2815 loci
1232 2753 1407 2816 buiusniudi
1426 2754 1577 2816 sanctitati
1596 2753 1724 2814 ιιιιιιιιιιι
1739 2769 1811 2814 con-

257 2849 409 2912 sessorem
433 2852 592 2925 idoneum,
608 2851 893 2927 qucrneligenclum
914 2853 1009 2913 tluxe-
1065 2848 1210 2922 reiciunt,
1233 2856 1263 2908 et
1287 2849 1316 2908 in
1341 2848 1406 2910 istis
1428 2848 1577 2924 partilurs,
1595 2854 1629 2908 nt
1650 2847 1809 2921 asseritur,

257 2943 314 3015 ris,
336 2943 477 3020 singulos
498 2942 640 3005 alumnos
656 2944 825 3020 praedictos
846 2962 861 3004 a
883 2945 1009 3021 quibus·

256 3037 305 3098 vis
328 3036 671 3110 excommnuicationis,
690 3037 901 3115 suspensionis
916 3049 946 3099 et
964 3037 1008 3098 ιιι-

256 3130 400 3206 ιιιιιιιιι,
432 3130 560 3208 aliisque
590 3130 800 3192 ecclesiasticis
831 3132 1006 3206 sententiis,

255 3225 399 3286 censuris
419 3231 451 3286 et
482 3223 590 3302 poenis
620 3242 636 3284 a
659 3223 726 3286 iure
751 3226 801 3286 vel
822 3225 859 3285 ab
881 3225 1008 3286 bomine

256 3318 369 3396 quavis
390 3318 550 3380 occasione
570 3323 623 3378 aut
644 3335 732 3378 causa
755 3318 835 3394 latis,
855 3335 929 3396 quus
952 3319 1006 3397 ipsi

257 3429 314 3490 pro
338 3419 478 3490 ternpore
505 3409 739 3489 quomodolibet
766 3411 968 3488 incurrerint,
992 3432 1007 3474 a

255 3505 421 3584 quibusvis
436 3505 566 3584 peccatis
588 3512 619 3566 et
640 3507 825 3580 excessibus,
842 3523 875 3566 ac
889 3506 1008 3568 delictis

254 3607 476 3676 quantumque
491 3597 636 3674 gravibus
659 3607 688 3660 et
704 3600 896 3674 enormibus,
913 3601 1006 3662 ctiam

257 3693 288 3752 ιιι
313 3692 433 3755 casibus
460 3691 510 3752 die
535 3708 647 3753 coenae
677 3693 801 3753 bomini
823 3693 883 3769 legi
909 3695 1007 3756 solitis

255 3787 417 3848 consuetis
439 3785 689 3864 (conspirationis
712 3786 744 3847 in
770 3802 934 3863 personam
956 3790 1006 3850 ιιι

254 3885 374 3938 statum
396 3875 525 3937 Rotnani
552 3875 720 3950 Pontillcis,
743 3876 882 3939 falsitatis
904 3879 1007 3942 litera-

254 3989 330 4034 rum
353 3979 384 4034 et
405 3971 631 4049 scripturarum
652 3970 903 4048 apostolicarum,
926 3973 1007 4035 dela·

256 4066 353 4129 tinnis
374 4080 533 4126 armorum
556 4063 750 4142 aliorumque
777 4064 1004 4142 prohibitorum

254 4163 290 4224 ad
306 4165 408 4239 partes
422 4157 608 4232 infidelium,
620 4174 653 4220 ac
664 4157 839 4220 iniectionis
855 4176 1004 4221 manuum

255 4255 469 4317 violentarum
483 4253 513 4314 ιιι
526 4254 675 4332 praelatos
687 4258 847 4318 dumtaxat
856 4257 1006 4338 exceptis)

254 4351 430 4421 absolvere,
452 4356 483 4412 et
504 4367 560 4428 pro
581 4351 753 4412 commissis
780 4354 1004 4432 poenitentiam

254 4445 438 4518 salutarem,
461 4459 494 4504 ac
525 4445 581 4506 alia
604 4444 770 4520 iniungere
803 4449 857 4523 eis,
881 4455 1004 4514 etcum

256 4539 319 4600 illis
339 4556 432 4615 super
454 4539 682 4615 irregularitate
699 4557 751 4619 per·
766 4559 816 4604 eos
838 4547 1006 4622 quomodo·

256 4633 333 4695 libet
346 4631 483 4713 (praeter
498 4649 590 4711 quam
606 4633 764 4696 occasione
780 4635 935 4700 homicidii
954 4656 1005 4700 vo·

256 4727 398 4802 luntarii,
423 4727 584 4802 bigamiae,
600 4727 748 4807 haeresis)
769 4737 923 4794 contracta
945 4733 1004 4795 dis-

255 4837 387 4898 pensare
401 4819 498 4881 libere
512 4827 542 4880 ιι
558 4818 640 4884 licite
656 4823 765 4899 valcas,
782 4826 942 4906 dictusque
956 4847 1004 4892 re-

256 4923 323 4974 ctor
336 4929 390 4990 pro
404 4923 543 4991 tempore
554 4915 689 4977 existens
701 4916 809 4995 valeat,
823 4921 1004 4986 auctoritate

256 5008 433 5088 apostolica,
450 5016 558 5070 tenore
573 5011 783 5085 praesentium
806 5017 1004 5080 concedimus

256 5110 288 5165 et
312 5103 522 5180 indulgemus.
552 5103 768 5167 Praesentibus
795 5113 862 5184 post
886 5109 1003 5187 lapsum

256 5196 467 5276 quinquennii
489 5196 667 5259 luriusmodi
690 5199 823 5262 minime
848 5203 1001 5267 valituris.

257 5291 328 5352 Non
349 5289 541 5352 obstantibus
563 5292 747 5368 apostolicis,
766 5310 799 5356 ac
820 5296 853 5357 in
878 5297 1005 5360 univer-

256 5383 382 5456 salibus,
412 5383 714 5460 provincialibusque
746 5395 776 5446 ιι
803 5391 1004 5465 synodalibus

257 5474 395 5536 conciliis
416 5476 507 5538 editis
529 5476 727 5550 generalibus
750 5479 799 5539 vel
820 5465 1003 5558 specialibus

256 5569 529 5631 constitutionibus
559 5577 589 5630 et
617 5570 877 5647 ordinationibus,
908 5583 1003 5639 caete·

259 5661 361 5738 risque
382 5661 544 5722 contrariis
566 5659 826 5741 quibuscumque.

295 5753 409 5814 Datum
423 5751 548 5829 Rornae,
564 5756 643 5832 apud
657 5755 687 5818 S·
706 5756 831 5817 blaciam
845 5759 1001 5836 Maiorem,

256 5846 315 5907 sub
335 5846 451 5908 annulo
466 5846 637 5922 Piscatoris,
654 5849 702 5911 die
717 5865 805 5911 xxvi.
823 5853 1003 5916 novembris

258 5955 458 6014 ccccxxvii,
474 5940 670 6017 pontilicatus
686 5944 784 6004 nostri
807 5960 888 6007 anno
905 5961 936 6007 x.

1066 2943 1192 3003 nomine
1215 2940 1455 3006 Mamurrucbor
1479 2942 1573 3017 vulgo
1594 2941 1740 3018 appellari
1763 2958 1810 3002 so·

1066 3035 1148 3096 lent:
1173 3033 1233 3095 Nos
1256 3035 1327 3097 huic
1350 3034 1429 3095 malo
1445 3041 1619 3111 opportune
1635 3035 1810 3096 remedium

1064 3128 1210 3190 adbibere
1239 3127 1398 3202 volentes,
1432 3127 1620 3190 fraternitati
1653 3135 1725 3190 tuae
1755 3145 1809 3206 per·

1065 3231 1241 3301 praesentes
1262 3222 1489 3284 committimus
1503 3229 1534 3284 et
1550 3225 1744 3298 mandamus,
1762 3231 1807 3298 ut,

1064 3317 1146 3379 veris
1161 3317 1365 3380 existentibus
1382 3317 1523 3392 narrcdis,
1540 3325 1724 3379 memoratas
1740 3334 1809 3394 pro·

1064 3414 1147 3474 lunas
1178 3413 1346 3488 imagines,
1370 3410 1495 3486 formas,
1517 3429 1572 3473 seu
1602 3413 1717 3488 ligures
1744 3427 1806 3472 non

1062 3509 1163 3568 solum
1186 3525 1200 3566 a
1223 3507 1386 3581 dictis,sed
1407 3507 1501 3568 etiam
1522 3524 1537 3566 a
1560 3507 1809 3585 quibuscumque

1063 3601 1128 3662 aliis
1149 3600 1296 3662 altaribus
1314 3601 1457 3662 oxnnium
1479 3601 1692 3674 ecclesiarum,
1709 3606 1809 3662 orato-

1063 3697 1181 3758 riorum
1197 3702 1228 3756 et
1243 3695 1451 3773 cappellarurn
1469 3698 1563 3758 totius
1576 3695 1722 3758 dioecesis
1738 3703 1809 3759 tuae

1062 3790 1234 3868 praedictae
1254 3790 1383 3851 omnino
1405 3791 1572 3866 removeri,
1594 3795 1626 3851 et
1648 3808 1688 3853 ne
1703 3792 1734 3852 in
1757 3807 1808 3868 po·

1062 3892 1182 3945 slerum
1215 3882 1279 3944 ullo
1310 3899 1444 3962 unquam
1483 3893 1622 3961 ternpore
1656 3887 1808 3963 praelatae

1065 3978 1225 4052 imagines,
1242 3978 1370 4050 iotanae,
1393 3993 1446 4038 seu
1471 3977 1586 4054 figurae
1608 3979 1640 4040 in
1662 3977 1808 4040 altaribus

1064 4073 1238 4134 buinsxnodi
1261 4079 1418 4149 ponantur
1447 4080 1477 4132 et
1498 4073 1708 4147 collocentur,
1737 4089 1806 4150 pro-

1064 4167 1161 4228 bibeci
1182 4167 1239 4228 sub
1259 4181 1461 4228 censurarum
1478 4181 1575 4242 poena
1597 4169 1663 4244 ipso
1683 4168 1761 4231 lacto
1777 4168 1808 4229 in

1063 4268 1197 4338 utroque
1218 4275 1287 4319 casn
1303 4273 1358 4335 per
1381 4257 1594 4320 inobedientes
1612 4276 1664 4320 sen
1688 4265 1810 4321 contra-

1063 4353 1225 4414 venientes
1257 4352 1462 4426 incurrenda,
1492 4353 1673 4414 auctoritate
1705 4363 1809 4415 nostra

1061 4446 1224 4523 apostolica
1247 4454 1354 4507 tenore
1369 4445 1579 4523 praesentium
1595 4445 1732 4521 mandes
1749 4455 1808 4508 sta-

1063 4547 1129 4602 tuas
1150 4549 1242 4618 utque
1262 4539 1417 4602 decernas.

1100 4636 1119 4709 ἓ
1139 4636 1169 4696 2.
1193 4633 1261 4695 Non
1280 4634 1471 4695 obstantibus
1485 4634 1761 4698 constitutionibus
1775 4642 1806 4697 et

1061 4729 1307 4790 oralinationibus
1323 4726 1507 4804 apostolicis,
1531 4744 1564 4790 ac
1585 4729 1738 4790 dictarum
1759 4747 1808 4791 ec-

1060 4821 1225 4884 clesiarum
1247 4822 1369 4882 statutis
1391 4829 1421 4883 et
1438 4823 1726 4898 consuetudinibus,
1747 4824 1806 4902 pri·

1062 4916 1183 4994 vilegiis
1208 4931 1331 4993 qnoque
1354 4915 1493 4990 indultis,
1516 4925 1548 4978 et
1569 4917 1667 4979 literis
1689 4927 1807 4998 aposto·

1061 5009 1125 5071 licis
1146 5009 1358 5086 superioribus
1379 5020 1410 5072 et
1430 5012 1569 5087 personis
1595 5013 1653 5074 sul)
1680 5013 1806 5090 quibus-

1061 5119 1195 5180 cumque
1219 5103 1377 5165 tenoribus
1398 5113 1428 5164 et
1450 5104 1571 5181 termis,
1593 5123 1627 5168 ac
1646 5124 1717 5170 cum
1741 5109 1808 5186 qui-

1061 5197 1165 5258 busvis
1186 5197 1279 5258 etiam
1301 5197 1566 5274 derogatoriarunx
1593 5200 1805 5278 derogatoriis,

1060 5287 1189 5364 aliisque
1210 5288 1443 5366 ellicacieribuS,
1466 5291 1694 5370 efficacissimis,
1710 5314 1744 5358 ac
1760 5297 1807 5357 in-

1059 5381 1159 5443 solitis
1189 5382 1345 5459 clausulis,
1379 5385 1650 5466 irritantibusque,
1680 5397 1711 5451 et
1740 5390 1807 5452 aliis

1060 5479 1190 5539 decretis
1224 5479 1255 5539 in
1278 5494 1393 5554 genere
1415 5480 1466 5541 vel
1487 5481 1519 5541 in
1548 5483 1661 5558 specie,
1684 5501 1718 5545 ac
1741 5485 1808 5547 aliis

1060 5571 1092 5633 ιιι
1115 5571 1307 5634 contrarium
1328 5574 1560 5650 quomodolibet
1579 5579 1740 5654 concessis,
1757 5596 1808 5656 ap·

1059 5665 1195 5742 probatis
1216 5674 1246 5729 et
1269 5666 1433 5729 innovetis.
1467 5670 1584 5744 Quibus
1609 5673 1754 5736 omnibus
1776 5682 1806 5736 et

1059 5759 1203 5835 singulis,
1224 5759 1349 5822 illorum
1369 5767 1493 5824 tenores
1515 5767 1728 5842 praesentibus
1749 5783 1806 5846 pro

1060 5853 1151 5931 plene
1174 5863 1204 5916 et
1224 5856 1416 5919 sufficienter
1437 5859 1601 5934 expressis,
1621 5877 1654 5922 ac
1675 5861 1713 5922 de
1735 5879 1805 5924 ver-

1059 5947 1097 6007 bo
1119 5949 1154 6009 ad
1177 5948 1308 6009 verbum
1328 5949 1451 6011 insertis
1471 5951 1634 6028 babentes,
1651 5953 1712 6014 illis
1734 5955 1806 6018 alias

1830 2345 1949 2381 surarum
1959 2344 2041 2389 Doella.

1838 4629 2040 4692 berogutiocon·

1826 4688 1973 4730 tractorum.
