4754 6966
65 613 99 665 lt·
109 608 131 658 C.
148 595 206 653 1769

73 1027 155 1082 nunsula
166 1021 218 1068 sub-

62 1097 98 1136 eat
112 1087 129 1127 ct
143 1079 218 1123 dacre-

62 1151 95 1190 tnn
106 1141 193 1182 irritans.

893 581 1035 640 creatus
1058 579 1120 636 xit.

234 741 285 788 cae
300 717 454 786 firmitatis
470 715 565 784 robur
585 717 758 792 adimimus,
776 713 857 776 salua
874 720 977 773 tamen

234 834 356 896 semper
371 819 403 879 in
426 815 603 895 praemissis
625 809 807 874 auctoritate
828 821 979 868 memora·

235 922 282 974 tae
304 911 560 988 Congregationis
582 905 803 971 cardinalium.

274 1005 344 1082 §ln
368 1005 589 1076 Decernentes,
611 1000 732 1062 easdem
754 1001 931 1075 praesentes
945 990 980 1053 li-

237 1106 319 1160 teras
349 1099 464 1171 firmas,
488 1095 601 1158 validas
632 1101 663 1154 et
683 1091 818 1153 edicaces
845 1088 981 1148 existere

235 1193 367 1266 actore,
389 1205 523 1269 suosque
545 1187 699 1271 plenarios
726 1191 757 1246 et
780 1185 918 1259 integros
939 1177 981 1240 el-

236 1287 335 1350 lectus
355 1284 459 1346 sortiri
481 1291 512 1344 et
537 1281 688 1355 obtinere,
711 1295 744 1340 ac
766 1277 825 1340 illis
848 1275 883 1338 ad
906 1287 982 1350 quos

235 1385 364 1460 spectat,
376 1385 408 1440 et
422 1393 478 1456 pro
494 1385 633 1454 tempore
648 1372 905 1452 quandocumque
916 1379 982 1444 spe·

235 1474 343 1547 ctabit,
362 1473 393 1533 in
414 1469 560 1533 omnibus
574 1475 604 1529 et
615 1483 671 1546 per
684 1465 788 1527 omnia
802 1459 984 1541 plenissime

235 1567 410 1642 suffragari,
432 1570 464 1626 et
487 1560 606 1625 abillis
630 1557 801 1638 respective
822 1549 983 1616 inviolabi-

238 1661 310 1722 liter
334 1658 507 1732 observari3
533 1657 638 1734 sicque
667 1655 699 1715 in
726 1647 900 1730 praemissis
928 1659 985 1722 per

236 1767 452 1830 quoscumque
474 1749 588 1812 iudices
614 1745 785 1810 ordinarios
806 1749 842 1804 et·
865 1737 985 1813 delega-

237 1853 297 1920 tos,
314 1845 408 1906 etiam
430 1856 590 1905 causarum
612 1838 714 1920 palatii
730 1833 887 1916 apostolici
902 1830 986 1892 audi·

239 1946 336 2014 tores,
349 1937 476 2001 iudicari
489 1943 521 1998 et
532 1933 654 1998 deliniri
670 1932 800 2005 debere;
817 1945 851 1989 ac
863 1923 985 1988 irritum

238 2045 268 2096 et
300 2035 406 2107 inane,
427 2031 453 2092 si
480 2046 567 2092 secus
595 2043 688 2106 super
716 2025 763 2087 bis
789 2041 804 2084 a
830 2033 986 2099 quoquam

238 2129 351 2207 quaris
371 2125 554 2189 auctoritate
580 2122 716 2184 scienter
736 2115 787 2180 vel
809 2119 988 2192 ignoranter

238 2221 409 2298 contigerit
430 2217 585 2280 attentari.

280 2317 300 2391 5
322 2315 352 2375 5.
377 2312 446 2375 Non
467 2309 659 2373 obstantibus
674 2301 943 2370 constitutionibus
959 2305 990 2359 et

239 2407 490 2472 ordinationibus
500 2402 686 2484 apostolicis,
699 2409 742 2476 et,
753 2407 903 2479 quatenus
915 2408 990 2472 opus

241 2504 293 2579 sit,
307 2501 425 2563 ordinis
439 2508 470 2562 et
480 2497 682 2575 collegiorum
695 2491 883 2566 uniusmodi,
897 2489 990 2550 etiam

242 2598 437 2670 iuramento,
470 2591 706 2656 confirmatione
734 2585 911 2666 apostolica,
942 2580 990 2642 rel

242 2690 354 2770 quavis
382 2687 528 2750 firmitate
556 2685 614 2747 alia
639 2683 789 2745 roboratis
817 2677 939 2742 statutis
961 2681 991 2736 et

242 2781 536 2855 consuetudinibus,
548 2777 720 2858 privilegiis
741 2791 876 2854 quoque,
892 2768 993 2832 indul-

216 2883 222 2888 '
244 2881 282 2942 tis
307 2887 338 2940 et
353 2875 451 2938 literis
466 2871 639 2952 apostolicis
654 2872 686 2932 iu
701 2868 892 2933 contrarium
908 2879 992 2942 prae·

243 2973 414 3034 missorum
435 2965 666 3047 quomodolibet
693 2961 855 3033 concessis,
882 2958 993 3020 contir-

244 3068 339 3129 matis
354 3071 384 3128 et
401 3061 572 3125 innovatis:
596 3058 708 3138 quibus
726 3055 870 3118 omnibus
885 3058 915 3115 et
930 3051 993 3113 sin·

246 3160 350 3238 gulis,
380 3157 508 3219 illorum
539 3153 664 3215 tenores
695 3147 907 3230 praesentibus
939 3162 994 3225 pro

245 3255 342 3333 plene
363 3260 394 3316 et
407 3249 598 3313 sufficienter
619 3246 781 3326 expressis,
794 3262 827 3307 ac
841 3245 878 3308 de
900 3242 994 3306 verbo

245 3347 281 3408 ad
304 3347 437 3409 uerbum
459 3343 583 3404 insertis
604 3343 763 3410 babentes,
781 3339 841 3400 illis
868 3336 941 3398 alias
962 3335 994 3397 in

245 3457 303 3503 suo
326 3439 438 3501 robore
457 3433 679 3516 permansuris,
699 3435 733 3495 ad
756 3432 995 3514 praemissorum

246 3535 409 3608 ellectum,
431 3532 486 3594 bac
506 3531 573 3592 rice
594 3531 753 3592 dumtaxat
773 3525 944 3607 specialiter
965 3529 996 3586 et

249 3643 396 3708 expresse
418 3622 819 3714 derogamusoaeterisque
834 3619 996 3684 contrariis

247 3723 510 3802 quibuscumque.

288 3813 361 3890 §b
386 3809 540 3873 Volumus
569 3816 689 3884 autem,
719 3817 755 3871 ut
785 3809 997 3886 praesentiam

250 3905 456 3985 transumptis
470 3919 526 3966 seu
545 3902 703 3981 exemplis,
720 3903 814 3965 etiam
827 3902 995 3982 impressis,

250 4018 351 4064 manu
372 3998 502 4061 alicuius
530 3997 643 4058 notarii
669 3995 783 4075 publici
807 3996 996 4076 subscriptis,

250 4104 281 4158 et
295 4093 403 4172 sigillo
416 4106 563 4172 personae
581 4091 612 4152 in
627 4089 827 4153 ecclesiastica
849 4090 999 4167 dignitate

249 4189 441 4252 constitutae
468 4186 616 4260 munitis,
645 4183 752 4246 eadem
779 4199 904 4262 prorsus
926 4185 1000 4246 sides

251 4283 284 4345 in
309 4281 422 4345 iudicio
437 4289 469 4343 et
489 4288 576 4342 extra
600 4278 677 4341 illud
699 4278 889 4352 adhibeatur,
922 4295 1000 4358 quae

252 4376 455 4438 adhiberetur
484 4373 556 4452 ipsis
586 4371 815 4450 praesentibus,
845 4371 871 4432 si
899 4371 1001 4436 iurent

252 4469 424 4544 esbibitae,
446 4467 496 4528 rel
519 4477 669 4528 ostensae.

293 4564 408 4624 Datum
423 4561 550 4634 Romae,
562 4557 641 4636 apud
658 4557 688 4621 S.
702 4557 828 4621 llariam
844 4557 1001 4634 llaiorem,

253 4657 312 4718 sub
326 4655 447 4717 annulo
468 4652 640 4727 Piscatoris,
653 4652 703 4713 die
725 4667 805 4714 xxrr.
824 4653 1004 4740 novembris

255 4765 446 4824 anconam,
467 4748 665 4828 pontificatus
691 4746 789 4808 nostri
810 4761 893 4808 anno
915 4763 935 4807 r.

604 5410 669 5472 rrr.
729 5484 735 5498 ⁸

265 5599 429 5680 Episcopir
460 5599 702 5666 Maronitarum
729 5597 921 5678 facultatem
944 5597 1010 5660 lar·

304 5699 398 5776 uitur
414 5693 461 5758 bia
482 5693 598 5772 populo
613 5691 788 5770 quotannis
802 5689 1009 5768 impertiendi

305 5789 551 5854 benedictionem
573 5783 780 5863 apostolicam
802 5781 858 5866 (l).

1037 701 1780 790 mmmmmfflmfflmmfflmm-

1077 800 1201 884 liupolia,
1214 799 1422 880 canetanttae,
1433 799 1570 886 Tripolis,
1581 801 1692 886 aleppi,
1704 800 1782 868 Gae-

1015 894 1656 984 ‚ammmmssmmmmm

1226 1082 1412 1152 otfittfitts
1435 1085 1495 1154 ΡΡ.
1521 1087 1592 1157 llll.

1112 1347 1113 1350 Ἴ
1239 1271 1585 1360 hwfflmmm,

1073 1368 1747 1452 mmmmmmmmm

1080 1561 1217 1623 Plurima
1246 1565 1366 1640 paterni
1393 1565 1487 1626 animi
1516 1565 1710 1630 iucunditate
1740 1585 1787 1630 ac·

1042 1654 1178 1732 cepimus
1200 1655 1360 1734 epistolam
1376 1667 1522 1732 vestram,
1535 1673 1628 1737 quam
1644 1661 1786 1723 unanimi

1007 1828 1009 1833 ,
1043 1746 1259 1824 gratulationis
1291 1748 1390 1812 allicio
1421 1752 1456 1812 ad
1489 1767 1544 1813 nos
1579 1753 1789 1816 communiter

1043 1841 1266 1918 transmisistis,
1290 1842 1376 1904 acin
1399 1845 1505 1906 eadem
1531 1845 1722 1924 perlibenter
1744 1847 1788 1909 in-

1044 1933 1218 1998 tellerimus
1240 1936 1386 2014 pietatem
1402 1939 1434 2000 in
1451 1954 1507 2000 nos
1522 1946 1669 2015 vestram,
1686 1940 1788 2002 obser·

1045 2029 1181 2090 vantiam
1203 2045 1236 2092 aa
1258 2031 1349 2092 tidem
1371 2039 1402 2094 et
1427 2033 1610 2110 pastoralem
1632 2043 1789 2112 praeterea

1044 2122 1296 2198 sollicitudinem,
1312 2123 1424 2202 quade
1444 2127 1608 2188 commisso
1630 2127 1716 2190 vobis
1737 2144 1787 2206 po-

1010 2255 1011 2260 κ
1046 2214 1118 2292 pulo
1133 2217 1267 2277 maxime
1279 2218 1351 2280 estis
1362 2217 1470 2280 allecti.
1487 2220 1570 2295 Quae
1584 2221 1688 2282 omnia
1704 2230 1790 2284 tanto

1047 2309 1226 2371 iucundiora
1254 2309 1359 2387 luere,
1382 2322 1497 2391 quanto
1518 2313 1616 2378 studia
1643 2317 1717 2378 baec
1738 2333 1790 2378 re-

1045 2409 1106 2464 stra
1129 2405 1334 2482 opportunius
1355 2406 1444 2474 nobis
1464 2408 1652 2471 acciderunt.
1676 2410 1790 2472 Partim

1047 2498 1131 2559 enim
1144 2499 1339 2576 pontificium
1352 2499 1408 2562 boc
1419 2501 1598 2579 impositum
1612 2503 1699 2564 nobis
1713 2519 1792 2566 onus

1047 2592 1207 2671 episcopali
1231 2595 1330 2655 restra
1356 2594 1515 2672 diligentia
1543 2596 1632 2658 valde
1652 2597 1794 2660 subleva·
1879 2625 1881 2629 v

1049 2691 1117 2747 tum
1139 2685 1188 2759 iri,
1211 2687 1321 2764 partim
1338 2689 1432 2750 etiam
1454 2695 1569 2750 vestras
1584 2705 1639 2768 pro
1655 2690 1742 2752 nobis
1757 2691 1793 2753 ad
1834 2747 1838 2756 ,

1049 2779 1147 2842 Deum
1169 2780 1394 2844 obsecrationes
1415 2782 1586 2860 praeclarae
1602 2785 1690 2846 nobis
1711 2784 1794 2847 utili-

1049 2881 1110 2936 tate
1132 2873 1252 2935 iuturas
1273 2889 1337 2936 non
1360 2877 1546 2938 dubitamus.

1089 2970 1290 3047 Quapropter,
1314 2985 1385 3032 ren.
1406 2969 1527 3046 tratres,
1551 2981 1581 3034 et
1604 2973 1720 3037 debitas
1742 2990 1797 3034 ro·
1854 3033 1861 3046 ,

1051 3063 1096 3125 bis
1117 3062 1229 3126 idcirco
1250 3063 1361 3140 gratias
1383 3064 1542 3140 babemus,
1566 3073 1597 3128 et
1617 3065 1796 3130 cumulatis·

1049 3159 1153 3233 simas,
1177 3172 1252 3235 quas
1280 3173 1453 3235 possumus,
1477 3157 1633 3221 reddimus
1660 3161 1794 3240 pietatis,

1050 3251 1142 3316 studii
1179 3259 1271 3330 atqqe
1305 3253 1419 3315 amoris
1449 3253 1550 3330 rices3
1587 3270 1704 3334 rosque
1737 3256 1796 3317 etsi

1051 3347 1190 3410 locorum
1212 3345 1316 3424 spatiis
1343 3346 1529 3422 disiunctae,
1553 3347 1613 3410 side
1638 3355 1743 3410 tamen
1765 3357 1797 3410 et

1052 3440 1178 3503 caritate
1199 3438 1359 3502 nobiscum
1385 3439 1655 3502 coniunctissimos
1680 3456 1746 3502 esse
1768 3447 1797 3504 et

1052 3533 1266 3611 cognoscimus
1291 3539 1322 3594 et
1353 3534 1534 3610 gaudemus.
1556 3532 1674 3598 Vestris
1696 3533 1798 3613 itaque

1053 3628 1145 3690 rebus
1156 3626 1301 3690 omnibus
1316 3626 1446 3704 perinde
1459 3642 1491 3687 aa
1506 3627 1619 3689 nostris
1634 3627 1797 3705 aldeimum

1053 3741 1086 3788 aa
1106 3722 1257 3800 singulari
1279 3723 1350 3784 curt
1372 3721 1607 3799 complectimur
1628 3740 1661 3786 ea
1682 3713 1798 3798 omnia,

1054 3831 1268 3897 quaecumque
1297 3815 1333 3877 ad
1364 3831 1419 3878 vos
1447 3823 1685 3896 vestrarumque
1706 3817 1799 3880 eccle-

1054 3913 1168 3974 siarum
1202 3909 1335 3972 rationes
1369 3909 1549 3987 pertinent3
1582 3927 1684 3990 neque
1713 3911 1801 3990 quid-

1055 4020 1147 4083 quam
1169 4003 1267 4080 magis
1295 4003 1449 4080 cupimus,
1474 4019 1567 4082 quam
1591 4011 1626 4066 ut
1647 4005 1746 4084 reipsa
1767 4023 1801 4067 ac

1055 4097 1210 4177 pontificia
1232 4096 1322 4176 opera
1344 4095 1446 4158 nostra
1469 4097 1572 4159 testari
1595 4099 1681 4160 vobis
1702 4097 1801 4160 valea-

1056 4207 1125 4256 mus
1147 4203 1329 4270 propensam
1356 4205 1502 4265 ergarus
1531 4197 1729 4271 vestramque
1749 4208 1802 4252 na·

1057 4288 1174 4350 tionem
1196 4301 1228 4346 ac
1242 4283 1334 4361 plane
1353 4291 1526 4360 paternam,
1542 4300 1601 4361 qua
1624 4299 1678 4346 ros
1700 4301 1803 4363 prose·

1058 4381 1195 4460 quimur‚
1210 4377 1413 4440 voluntatem.
1432 4378 1529 4452 Quam
1552 4384 1587 4438 ut
1608 4377 1735 4441 uberius
1749 4393 1803 4440 ro·

1058 4475 1104 4536 bis
1118 4471 1366 4551 comprobemus,
1383 4470 1610 4549 postulatorum
1626 4479 1803 4534 vestrorum

1059 4568 1213 4630 rationem
1244 4565 1406 4640 babentes,
1429 4564 1592 4643 apostolica
1623 4565 1804 4628 auctoritate

1059 4662 1238 4724 facultatem
1259 4658 1489 4736 singuiisrobts
1510 4659 1645 4736 benigne
1666 4658 1804 4722 concedi-

1061 4771 1130 4817 mus
1152 4753 1236 4814 nisce
1257 4753 1370 4813 nostris
1384 4753 1416 4814 in
1432 4747 1659 4814 iorml'Brevis
1681 4752 1803 4828 litteris,

1061 4849 1105 4910 bis
1126 4845 1265 4924 quolibet
1291 4860 1373 4907 auno
1398 4845 1589 4923 pontificiam
1616 4844 1806 4907 benedictio-

1061 4957 1134 5002 nem
1157 4938 1356 5018 impertiendi
1377 4937 1491 5016 populo
1515 4946 1636 5000 restrae
1656 4939 1805 5016 cuiusque

1062 5034 1133 5096 ddei
1147 5033 1329 5108 commisso;
1351 5029 1479 5093 alteram
1494 5031 1610 5093 scilicet
1624 5033 1734 5110 quavis
1747 5033 1805 5094 lle·

1062 5124 1263 5189 surrectionis
1291 5123 1463 5186 dominicae
1483 5124 1550 5200 die,
1580 5125 1708 5187 alteram
1731 5141 1806 5187 vero

1063 5220 1120 5282 alia
1140 5218 1273 5280 solemni
1295 5232 1491 5296 perannum
1513 5217 1689 5294 testivitate,
1713 5235 1805 5298 quam

1063 5313 1175 5374 iudicio
1197 5310 1385 5389 arbitrioque
1412 5319 1515 5372 restro
1542 5311 1737 5388 deligendam
1759 5328 1807 5373 re-

1063 5407 1245 5485 linquimus.
1262 5405 1378 5468 ilabete
1393 5406 1461 5480 boc,
1478 5406 1671 5468 venerabiles
1685 5405 1806 5481 iratres,

1064 5501 1097 5563 in
1121 5500 1386 5562 luculentissimae
1412 5507 1536 5562 nostrae
1563 5515 1636 5577 erga
1658 5515 1711 5562 ros
1731 5500 1808 5561 cari-

1066 5595 1135 5656 tatis
1165 5594 1355 5672 fiduciaeque
1387 5594 1553 5671 indicium,
1581 5609 1683 5673 neque
1704 5593 1808 5656 minus

1063 5702 1103 5748 ex
1124 5686 1331 5766 prolixissimo
1352 5687 1385 5748 in
1407 5703 1461 5748 vos
1482 5687 1588 5749 anirno
1610 5688 1758 5767 proticisci
1779 5704 1809 5748 e·

1066 5779 1222 5842 ristimate
1236 5778 1417 5857 apostolicae
1439 5780 1663 5843 benedictionis
1677 5781 1810 5844 salutare

307 6007 339 6063 (ii
353 6005 494 6052 clamantis
509 6005 553 6050 ΡΡ.
569 6005 632 6049 xlv.
646 6003 690 6060 rep.
705 6002 739 6050 ad
753 6001 838 6048 Princ.
853 6003 881 6048 at
893 5999 969 6055 abor,
982 6009 1024 6046 en.
1039 6009 1077 6054 rr..
1091 6007 1149 6056 pag.
1164 5999 1211 6046 829.

1703 563 1998 645 mammam
