4740 6962
289 539 343 596 An.
358 544 388 596 0.
411 541 479 596 1777
528 539 587 605 224

573 627 591 666 0

293 2447 436 2510 ,expositio
456 2458 494 2492 ra·
550 2435 569 2510 5

280 2504 493 2599 ζ’(ῗῃιῗὲῧέωᾳῗῗιθ-
529 2527 534 2538 ’

279 2606 493 2716 ξξζξῗξῑῗωξὲῖξζ
510 2621 692 2700 imperatrix
722 2619 824 2694 vidua,
854 2635 888 2682 ao
915 2616 1092 2694 hungariae
1123 2625 1153 2678 et
1183 2617 1258 2678 Bee-

280 2715 349 2761 runt.

720 672 807 742 etus
830 672 1047 741 ΕΡ180οΡ118

698 832 1072 912 ammwmm

649 943 1117 1012 mmmmmmm

306 1143 474 1190 prooemium.
549 1134 568 1209 5
592 1133 618 1194 1.
643 1133 781 1198 Charitas
813 1132 876 1208 illa,
899 1149 959 1212 qua
985 1131 1127 1196 Christus
1154 1128 1256 1191 Domi·

510 1245 569 1289 nus
599 1226 708 1289 dilexit
738 1243 806 1302 uos,
838 1241 992 1305 quamque
1021 1225 1056 1286 ad
1082 1223 1256 1286 invicema

511 1319 599 1381 nobis
620 1327 652 1381 et
672 1319 789 1382 servari
822 1325 983 1395 tantopere
1013 1315 1256 1391 commendarit,

510 1417 542 1472 et
563 1411 725 1488 Apostolus
748 1411 892 1487 gentium
914 1409 1078 1472 vinculum
1100 1425 1166 1470 esse
1187 1424 1256 1486 per-

510 1503 651 1566 lectionis
672 1503 814 1579 asseruit,
831 1521 846 1564 a
861 1501 1005 1580 pastorali
1021 1502 1101 1580 quod
1119 1500 1257 1578 gerimus

511 1597 609 1673 erigit
629 1596 738 1671 efficio,
755 1603 789 1658 ut
811 1612 920 1658 onines
935 1595 967 1657 in
983 1595 1106 1659 Christo
1121 1595 1200 1656 lilios
1217 1595 1256 1655 lta

511 1691 654 1768 prosequi
683 1690 848 1752 debeamus
879 1689 1003 1763 allecto,
1035 1695 1070 1751 ut
1100 1687 1126 1748 si
1148 1703 1257 1751 eorum

510 1783 620 1862 aliquis
640 1800 656 1844 a
678 1783 783 1845 matris
806 1782 960 1845 Ecclesiae
982 1797 1112 1860 sponsae
1134 1787 1258 1842 nostrae

509 1877 581 1938 sinu
603 1875 696 1952 longe
715 1876 882 1949 aberravit,
899 1890 1026 1938 omnem
1042 1875 1258 1951 impendamus

510 1967 649 2030 laborem
670 1976 701 2029 et
722 1983 860 2046 operam,
876 1975 912 2029 ut
927 1975 1086 2046 tamquam
1101 1965 1259 2044 deperdita

512 2063 589 2138 ovis,
611 2078 705 2141 qoam
727 2060 866 2124 coelestis
887 2069 989 2139 pastor
1009 2065 1078 2137 post
1100 2074 1194 2137 quam
1212 2059 1259 2120 in·

511 2165 640 2218 venerat
660 2171 754 2235 super
785 2156 931 2217 humeros
959 2152 1072 2231 posuit,
1095 2153 1131 2214 ad
1154 2152 1259 2214 Eccle-

510 2249 588 2310 siam
610 2247 707 2325 ipsam
729 2247 864 2308 maximo
891 2262 964 2308 cum
992 2244 1102 2322 gaudio
1124 2245 1259 2324 denique

511 2343 687 2404 reducatur.

591 2435 620 2496 2.
645 2435 724 2498 Cum
741 2434 855 2511 itaque,
871 2433 950 2493 siout
965 2430 1148 2510 accepimus,
1167 2431 1257 2493 caris-

511 2543 587 2588 sima
609 2528 641 2589 iu
662 2528 786 2590 Christo
808 2526 870 2587 filia
886 2532 989 2587 nostra
1004 2525 1097 2586 blaria
1112 2523 1257 2586 'iheresla

512 2715 591 2776 miae
613 2715 720 2791 regina
748 2712 924 2790 apostolica,
947 2719 982 2772 ut
1005 2719 1066 2772 tam
1088 2709 1122 2771 ad
1145 2710 1257 2773 constr·

511 2807 638 2869 mandes
660 2807 691 2869 in
714 2803 928 2868 remotissimis
948 2803 997 2864 sui
1022 2801 1112 2880 regni
1133 2801 1257 2879 ilunga-

511 2900 574 2962 riae
595 2899 767 2978 praedictae
789 2907 819 2961 et
841 2899 887 2960 illi
909 2915 1104 2962 annexarum
1132 2899 1256 2978 provin-

510 2994 628 3056 ciarum
653 2993 787 3072 partibus
810 2993 841 3054 in
861 3008 945 3054 sacra
968 2992 1085 3055 unione
1106 2991 1258 3055 1111111ιί11-

510 3086 592 3149 deles
614 3085 715 3162 graeci
736 3085 814 3148 ritus
836 3085 952 3161 auitos,
970 3101 1065 3164 quam
1080 3086 1116 3147 ad
1132 3083 1207 3146 alios
1224 3083 1257 3145 in

510 3185 633 3241 sanctae
653 3178 761 3240 matris
794 3178 945 3240 Ecclesiae
972 3179 1079 3241 sinum
1108 3177 1258 3240 reducen-

510 3273 575 3347 dos,
597 3287 655 3333 neo
686 3286 749 3332 non
771 3272 808 3334 ad
829 3269 1014 3333 amovendas
1046 3286 1258 3350 quascumque

510 3364 777 3428 schismaticorum
801 3363 981 3443 praesulum
1003 3363 1154 3426 versutias
1175 3365 1258 3426 vica-

511 3459 625 3520 riatum
660 3457 861 3536 apostolicum
893 3472 1038 3534 graecum
1071 3471 1126 3534 pro
1158 3470 1258 3531 regno

511 3551 651 3614 Creatiae
680 3552 795 3613 iamdiu
826 3549 1024 3627 designatum
1055 3563 1111 3626 per
1141 3564 1196 3611 uos
1227 3554 1259 3610 et

511 3645 622 3709 Sedem
638 3643 842 3722 hpostolicam
857 3644 889 3704 in
906 3643 1114 3720 episcopatum
1131 3657 1260 3718 graeco-

510 3845 624 3898 cturanr,
645 3851 725 3898 quam
746 3841 863 3888 maxima
882 3841 909 3886 111
930 3843 955 3886 10
970 3839 1102 3898 singulari
1123 3842 1258 3888 voluntate

511 3911 603 3964 simus,
622 3920 755 3966 quamque
770 3907 818 3954 tibi
840 3907 928 3954 omnia
947 3919 1129 3964 quaecumque
1147 3909 1180 3954 ad
1196 3913 1258 3954 tuae

511 3977 612 4033 gloriae
626 3988 657 4022 ac
670 3975 804 4023 felicitatis
825 3977 1019 4021 incrementum
1041 3977 1126 4022 iacere
1148 3976 1258 4033 possint,

511 4043 705 4090 studiosissime
725 4043 871 4100 cupiamus.
892 4048 926 4088 hc
941 4043 968 4088 in
983 4045 1110 4099 paternae
1125 4043 1204 4088 huius
1219 4055 1259 4089 ca·

511 4110 601 4157 nitatis
624 4112 719 4169 pignus
741 4111 913 4167 apostolicam
938 4109 1147 4156 benedictionem
1169 4111 1258 4166 regiae

512 4179 646 4224 maiestati
658 4181 718 4226 tuae
729 4178 920 4234 universaeque
929 4180 1061 4233 augustae
1071 4178 1161 4223 domui
1171 4187 1260 4224 aman·

511 4247 614 4292 tissime
627 4246 803 4303 impertimur.

551 4317 646 4360 Datum
667 4317 766 4359 Itoniae
780 4313 850 4369 apud
865 4315 889 4357 S.
909 4315 1027 4368 Petrum,
1044 4312 1094 4359 sub
1108 4315 1206 4360 catinulo
1220 4315 1259 4360 Pi-

511 4381 632 4433 scatoris,
646 4381 688 4424 die
709 4392 762 4425 1111.
778 4379 872 4437 aprilis
893 4391 1074 4436 dccccxxvii,
1089 4382 1258 4439 pontificatus

512 4449 596 4494 uestri
610 4459 681 4494 anuo
695 4459 732 4493 111.

543 4722 601 4763 Vera.
613 4722 697 4769 1111111
711 4721 820 4771 Iorento
836 4719 1036 4770 archiepiscopo
1046 4720 1244 4770 Sisaponensi,-

778 4855 846 4897 Ptt's
861 4854 939 4895 Phra
955 4853 995 4895 VI.

751 4990 912 5032 Venerabilis
925 4991 1023 5038 110101,

599 5059 713 5100 satutem
727 5060 751 5098 et
765 5059 938 5108 apostolicam
957 5057 1169 5098 hertedtcttoaeac.

552 5187 665 5232 1110111110
679 5186 748 5242 apud
762 5195 809 5231 1101
825 5185 912 5231 studio
927 5185 981 5241 egit
995 5185 1135 5231 carissima
1150 5185 1177 5230 in
1188 5185 1259 5230 chri·

512 5257 554 5300 sto
568 5254 624 5300 tilia
639 5255 730 5298 nostra
744 5252 828 5298 Maria
842 5252 967 5298 Therasia
984 5253 1143 5311 irriperatrix
1158 5252 1259 5308 regina,

512 5323 543 5367 ut
556 5322 623 5367 duos
636 5320 839 5365 institueremus
852 5319 995 5366 catholicos
1014 5320 1103 5376 graeci
1123 5320 1193 5365 ritus
1208 5320 1259 5376 epi-

512 5391 635 5445 scopatus
650 5385 746 5432 11111111
767 5385 959 5442 1110ςο1100οι
974 5387 1094 5433 croatiae
1109 5387 1207 5444 reguis,
1223 5387 1260 5432 ui·

513 5454 612 5498 mirum
633 5453 930 5509 niagno-vcradiensanr
952 5457 979 5499 et
999 5454 1172 5508 crisienaem,
1193 5465 1259 5510 quos

513 5521 560 5566 illa
575 5521 647 5566 valde
663 5517 742 5564 utiles
756 5531 804 5576 pro
814 5520 995 5566 confirmanda
1006 5520 1078 5565 illius
1091 5520 1206 5566 nationis
1217 5533 1260 5566 no-

513 5586 613 5633 biscum
634 5587 731 5631 unione
752 5587 856 5631 tuturos
871 5587 1014 5632 existimat.
1036 5589 1083 5633 Diu
1099 5588 1260 5646 1101111001·-

513 5652 613 5698 dilticili
635 5655 725 5697 tautae
746 5652 786 5697 rei
808 5653 1259 5710 001111101101101111111111,1111011111-

513 5719 607 5765 stabile
622 5717 776 5764 00111111111111
798 5719 856 5765 elue
870 5721 957 5776 gentis
977 5721 1123 5777 ingenium,
1138 5722 1259 5778 pluribus

513 5785 639 5842 exemplis
652 5785 745 5840 edocti,
759 5786 835 5832 valde
849 5797 1010 5832 vereremur.
1023 5787 1070 5832 vix
1084 5791 1165 5844 atque
1179 5799 1259 5843 aegre

514 5854 619 5899 taudem
639 5853 759 5897 animum
782 5855 903 5898 nostrum
922 5854 955 5901 ad
969 5853 1178 5911 augustissimae
1193 5855 1259 5912 regi-

514 5930 562 5966 nae
576 5920 706 5978 postulata
729 5919 924 5978 inclinavimus,
939 5921 1039 5967 inducti
1060 5922 1151 5968 allatis
1166 5925 1198 5969 ab
1213 5923 1259 5970 illa

1030 559 1096 603 ron.
1120 557 1211 602 nour.
1236 554 1276 598 na
1299 553 1328 597 r.
1352 553 1381 597 1.
1405 551 1529 597 111111.

1285 671 1288 724 l
1312 653 1497 732 catholicum
1520 669 1552 729 in
1574 668 1685 746 oppido
1707 673 1886 743 nuncupato
1911 664 2058 726 Crisiensi

1312 763 1348 824 ad
1360 761 1477 824 animas
1488 761 1671 823 eorumdem
1687 758 1945 823 christifidelium
1958 757 2059 820 orien-

1314 854 1381 916 talis
1403 855 1547 917 ecclesiae
1567 853 1644 915 ritui
1662 851 1805 926 addictas,
1821 853 1957 930 adeoque
1973 866 2060 926 grae-

1313 945 1532 1009 co-catltolioos
1564 945 1641 1023 erigi
1663 946 1870 1007 vehementer
1890 945 2058 1018 desiderat,

1312 1047 1405 1116 prout
1427 1040 1521 1116 regiis
1541 1039 1604 1102 suis
1625 1039 1723 1101 literis
1742 1037 1830 1100 nobis
1849 1035 1926 1100 datis
1947 1035 2061 1100 clarius

1312 1133 1472 1210 exposuit:

1352 1227 1371 1302 ἓ
1392 1225 1421 1288 3.
1445 1225 1506 1288 Nos
1537 1226 1572 1286 ad
1595 1226 1698 1289 dilecti
1730 1225 1785 1287 lllii
1816 1225 1955 1301 magistri
1976 1225 2059 1290 Petri
2079 1230 2174 1328 aigum
2188 1226 2318 1274 erectio-

1311 1321 1422 1382 Mariae
1454 1315 1584 1396 Nigroni
1607 1319 1640 1380 iu
1663 1327 1794 1397 utraque
1822 1319 1982 1396 signatura
2004 1336 2061 1381 no-

1311 1419 1372 1474 stra
1402 1411 1605 1475 relerendarii
1632 1417 1664 1473 et
1686 1411 1897 1488 infrascriptae
1926 1413 2060 1488 Congre-

1313 1505 1441 1582 gationis
1472 1504 1628 1568 secretarii
1661 1504 1857 1578 relationem,
1887 1512 1918 1566 et
1948 1505 2061 1568 auditis

1312 1599 1397 1677 prius
1418 1613 1513 1678 super
1543 1598 1721 1662 huiusmodi
1752 1599 1902 1678 petitione
1924 1599 2059 1675 Congre-

1312 1691 1446 1768 gationis
1468 1691 1696 1754 venerabilium
1726 1691 1858 1754 lratrum
1880 1698 2060 1754 nostrorum

1312 1784 1441 1848 Sanctae
1472 1783 1628 1846 Romanae
1662 1783 1815 1846 Ecclesiae
1848 1783 2060 1848 cardinalium

1312 1876 1404 1938 rebus
1425 1876 1687 1939 consistorialibus
1710 1877 1897 1956 praepositae
1919 1877 2058 1952 consilio,

1312 1984 1345 2029 ac
1366 1969 1471 2031 dilecti
1500 1969 1615 2046 pariter
1645 1969 1701 2032 filii
1733 1969 1833 2032 nostri
1861 1977 1893 2032 et
1922 1969 2061 2033 eiusdem

1313 2061 1401 2124 Sedis
1422 2061 1616 2141 apostolicae
1630 2061 1745 2126 Nuncii
1766 2063 1798 2124 in
1819 2063 1944 2125 civitate
1966 2063 2060 2128 Vien-

1313 2153 1403 2216 nensi
1431 2155 1653 2218 commorantis
1680 2155 1901 2218 inlormatione
1922 2165 1954 2217 et
1975 2163 2060 2232 voto,

1314 2255 1377 2308 tam
1392 2245 1531 2310 eiusdem
1546 2247 1657 2309 Mariae
1672 2248 1836 2310 'lheresiae
1850 2248 1977 2324 reginae
1992 2266 2062 2328 apo·

1311 2340 1438 2402 110110ιο
1459 2339 1611 2402 desiderio
1630 2340 1852 2416 obsecundare,
1868 2341 1998 2420 eiusque
2012 2344 2062 2405 de·

1312 2445 1406 2512 super
1425 2431 1535 2493 oblatis
1556 2432 1698 2510 precibus
1719 2448 1870 2508 annuere,
1887 2450 1920 2495 ac
1934 2449 2061 2496 omnem

1313 2524 1415 2598 graeci
1445 2523 1524 2586 ritus
1554 2523 1636 2587 uniti
1665 2525 1824 2588 nationem
1853 2529 2062 2604 quantumin

1314 2616 1445 2678 Domino
1466 2617 1589 2680 licuerit
1608 2618 1790 2696 specialibus
1812 2620 1918 2698 gratiis
1933 2633 1965 2684 et
1981 2620 2062 2681 lavo-

1312 2709 1398 2772 ribus
1420 2711 1563 2789 prosequi
1592 2711 1721 2790 eiusque
1742 2712 1866 2791 speciali
1888 2713 1969 2776 bono
1991 2731 2061 2776 con-

1312 2803 1415 2864 sulere
1436 2803 1588 2879 volentes,
1612 2811 1701 2866 motu
1724 2805 1847 2882 proprio
1869 2812 1900 2867 et
1921 2822 1961 2866 eu
1979 2816 2062 2871 certa
2106 2807 2111 2824 “

1311 2896 1438 2960 scientia
1459 2897 1597 2960 ollioium
1617 2898 1691 2961 dicti
1712 2898 1878 2962 vicariatus
1906 2900 2061 2979 apostolici

1312 2989 2062 3071 illiusquetitulumetdenominationemaposto-

1312 3083 1369 3145 lica
1392 3084 1575 3146 auctoritate
1589 3091 1741 3162 perpetuo
1755 3087 1878 3162 penitus
1893 3086 2063 3164 supprimi-

1313 3192 1382 3238 mus
1403 3184 1434 3238 et
1455 3177 1688 3254 extinguimus3
1712 3177 1827 3257 illoque
1840 3178 1883 3240 sio
1898 3195 2062 3259 suppresso

1312 3277 1343 3332 et
1365 3270 1502 3332 extincto
1523 3270 1672 3350 oppidum
1693 3271 1847 3334 Crisiense
1868 3273 2060 3352 praedictum

1312 3363 1445 3425 civitatis
1467 3365 1645 3443 episcopalis
1669 3364 1758 3428 titulo
1773 3372 1804 3426 et
1819 3364 1938 3427 honore
1952 3368 2061 3428 eadem

1312 3457 1475 3534 apostolica
1496 3459 1680 3521 auctoritate
1698 3460 1790 3522 etlam
1808 3466 1960 3539 perpetuo
1975 3463 2062 3524 deco·

1313 3565 1434 3626 ramus;
1457 3549 1638 3630 dictumque
1659 3552 1842 3614 vicariatum
1857 3553 2061 3632 apostolicum

1313 3658 1367 3722 per
1389 3659 1456 3718 nos,
1480 3651 1514 3706 ut
1535 3643 1721 3724 praelector,
1743 3660 1944 3723 suppressum
1966 3655 1996 3709 et
2011 3663 2063 3710 01-

1313 3841 1469 3897 rationibus,
1484 3854 1514 3888 ao
1528 3855 1559 3889 aa
1573 3843 1742 3900 potissimum
1756 3845 1844 3900 causat,
1860 3845 1928 3902 quod
1943 3847 2061 3891 eamdem

1314 3909 1362 3952 suti
1376 3908 1513 3964 religione,
1528 3911 1576 3955 sua
1590 3911 1752 3956 auctoritate
1766 3915 1846 3968 atque
1857 3912 1937 3968 opera
1947 3915 2063 3968 praesta·

1315 3977 1402 4021 turam
1424 3977 1532 4022 omnino
1546 3977 1751 4034 conlideremus,
1771 3990 1804 4023 ue
1819 3989 1866 4025 1101
1881 3979 1966 4025 1101111
1981 3981 2062 4026 huius

1313 4041 1417 4088 consilii
1432 4043 1567 4099 poenitere
1582 4048 1677 4100 posset.
1693 4049 1730 4090 Tu
1745 4047 1836 4100 etiarn,
1852 4057 1908 4092 1011.
1920 4048 2012 4101 110101,
2022 4061 2062 4092 ex·

1314 4109 1469 4165 peditiorem
1484 4110 1559 4156 nobis
1573 4111 1631 4156 eius
1645 4112 1845 4158 deliberationis
1861 4113 1962 4159 exitum
1979 4115 2062 4160 ellect-

1313 4176 1356 4222 sti.
1371 4179 1401 4220 ln
1415 4179 1489 4222 tuam
1504 4177 1575 4222 0111111
1589 4177 1724 4223 intuentes
1739 4177 1880 4236 pastoralis
1894 4181 1977 4226 01111111
1991 4181 2062 4227 solli·

1312 4242 1456 4288 citudinem
1472 4247 1585 4301 tuaeque
1600 4245 1669 4290 sedis
1683 4245 1762 4292 istius
1776 4245 1943 4303 dignitatem,
1953 4259 2000 4293 uos
2010 4249 2061 4305 ipsi

1313 4310 1388 4355 facile
1398 4309 1477 4356 nobis
1491 4312 1683 4368 persuasimus,
1703 4313 1757 4358 iore
1774 4317 1812 4369 ut,
1827 4315 1854 4358 te
1868 4315 2061 4372 quodammodo

1313 4381 1459 4433 praesente,
1474 4389 1505 4423 ac
1519 4389 1598 4435 super
1613 4379 1694 4425 istum
1710 4381 1810 4425 domini
1829 4392 1937 4438 gregem
1952 4381 2062 4439 vigilan·

1315 4449 1348 4498 te,
1363 4443 1431 4489 nibil
1445 4445 1505 4490 inde
1520 4447 1631 4502 accidat,
1645 4459 1676 4492 ex
1691 4459 1743 4505 quo
1758 4447 1835 4492 illum
1851 4451 1958 4495 sanctae
1971 4450 2062 4496 unioni

1313 4510 1504 4556 detrimentum
1519 4512 1657 4559 inferatur.
1673 4517 1764 4570 ltaque
1780 4513 1828 4560 has
1843 4515 1875 4560 ad
1892 4517 1917 4560 10
1932 4517 2062 4562 110101110-

1313 4588 1357 4622 ras
1371 4577 1512 4634 voluimus,
1529 4584 1557 4625 ut
1573 4581 1640 4626 hauc
1660 4586 1780 4627 nostram
1800 4582 1832 4626 de
1852 4583 1899 4627 tua
1921 4583 2062 4639 episcopali

1314 4645 1421 4699 virtute,
1435 4646 1590 4692 iamdudum
1611 4649 1686 4694 nobis
1706 4650 1852 4706 perspecta,
1872 4650 1996 4696 fiduciam
2012 4651 2060 4698 tibi

1314 4711 1534 4769 significaremus,
1549 4717 1628 4770 teque
1646 4717 1738 4762 nostrat
1757 4716 1807 4762 bac
1820 4717 2004 4763 cohortatione
2018 4718 2062 4764 ad-

1314 4779 1365 4824 huc
1379 4779 1464 4835 magis
1485 4779 1713 4826 inflammat-emus
1734 4783 1844 4828 adeam
1866 4783 2061 4842 suscipiendam

1314 4859 1405 4893 curam
1420 4858 1451 4893 ac
1465 4846 1620 4904 vigilantiae
1641 4851 1753 4906 partem,
1767 4851 1889 4906 quamvis
1904 4863 1987 4896 nevus
2001 4852 2063 4898 duo·

1314 4927 1374 4960 rum
1395 4917 1484 4971 graeci
1498 4918 1567 4962 ritus
1588 4917 1787 4973 episcopatuum
1808 4923 1896 4964 status
1916 4922 1973 4965 ate
1986 4932 2062 4977 prae·

1314 4983 1407 5028 sertim
1422 4983 1558 5039 efflagitat,
1573 4994 1603 5028 01
1619 4993 1672 5038 qua
1685 4986 1757 5029 certe
1767 4985 1883 5040 plurima
1894 4985 1952 5030 lieri
1962 4987 2062 5042 poterit

1314 5051 1422 5094 tuorum
1437 5050 1469 5094 de
1483 5049 1598 5096 Ecclesia
1612 5049 1770 5095 meritorum
1781 5051 1813 5096 ad
1823 5053 1925 5096 ceterae
1937 5055 1997 5098 tuae
2007 5051 2061 5098 lau-

1313 5115 1358 5161 dee
1371 5115 1492 5162 accessio.
1515 5119 1582 5162 Eum
1597 5117 1625 5162 in
1640 5118 1747 5163 modum
1762 5119 1837 5164 nobis
1856 5129 1961 5164 omnem
1975 5120 2061 5166 detra·

1314 5183 1369 5238 hes,
1384 5184 1460 5240 siqua
1474 5185 1564 5230 animo
1578 5184 1664 5230 adhuc
1683 5184 1812 5239 inhaeret,
1826 5186 2002 5240 anxietatem:
2018 5199 2061 5232 110

1314 5253 1437 5306 1110001ιο
1452 5250 1478 5295 111
1493 5253 1519 5296 10
1534 5251 1646 5298 eximiae
1668 5251 1838 5308 respondebis
1858 5256 1885 5298 et
1907 5253 2059 5298 benevolen-

1315 5317 1368 5362 tiae
1381 5318 1408 5361 et
1421 5317 1624 5362 existimationi:
1646 5329 1759 5375 quarunt
1782 5317 1830 5364 tibi
1844 5320 2007 5366 luculentius
2021 5332 2062 5367 ar·

1314 5387 1470 5440 gumentum
1482 5385 1545 5430 dare
1557 5395 1607 5430 nou
1618 5397 1767 5443 possumus,
1777 5397 1856 5442 quarn
1868 5388 1937 5444 quod
1946 5388 1995 5434 bac
2005 5387 2062 5446 ipsa

1314 5453 1405 5497 tantae
1419 5452 1458 5496 rei
1472 5451 1700 5498 commendatione
1722 5453 1813 5509 tuique
1836 5453 1932 5498 llduciai
1947 5455 2061 5500 coutine-

1314 5521 1366 5563 tur.
1383 5523 1416 5562 hc
1430 5518 1457 5562 iu
1471 5517 1588 5574 amplius
1608 5521 1715 5564 nostrae
1737 5518 1817 5564 huius
1832 5519 1978 5575 singularis
1992 5521 2020 5566 in
2035 5525 2061 5566 te

1313 5588 1439 5642 paternae
1453 5583 1598 5648 voluntatip
1613 5585 1709 5642 pignus
1723 5585 1894 5641 apostolicam
1905 5587 2062 5634 benedictio·

1313 5661 1372 5696 uern
1390 5650 1446 5706 tibi,
1461 5663 1517 5696 ven.
1532 5651 1623 5706 irater,
1644 5655 1757 5707 tuaeque
1773 5651 1832 5696 lidei
1853 5653 2003 5698 commissis
2018 5667 2060 5710 po-

1313 5719 1382 5776 pulis
1398 5721 1567 5775 peramanter
1582 5717 1761 5773 impertimur.

1353 5788 1447 5831 batum
1462 5789 1561 5830 Rornae
1582 5785 1651 5840 apud
1666 5787 1689 5830 S.
1706 5789 1823 5841 Petrum,
1838 5787 1887 5831 sub
1908 5787 2007 5832 annulo
2022 5788 2060 5832 Pi-

1313 5854 1424 5899 scatoris
1439 5853 1479 5898 die
1495 5864 1589 5898 xxviia.
1606 5851 1674 5896 iunii
1695 5863 1876 5908 ornaretxxrn„
1891 5853 2061 5910 pontificatus

1313 5920 1399 5966 nostri
1413 5930 1483 5966 anuo
1497 5931 1534 5965 111.

2089 518 2144 574 An.
2157 523 2189 573 11.
2220 515 2309 568 1777
