4722 6976
338 557 392 612 Au.
406 560 437 612 0.
460 560 527 612 teo't
576 561 635 622 502

556 715 734 776 huiusmodi
765 713 946 790 singillatim
978 715 1077 778 tuerat
1104 732 1300 794 expressum,

556 813 586 874 id
609 825 702 873 omne
722 815 827 894 eontra
850 815 986 870 nostram
1008 814 1040 870 et
1061 808 1153 871 buius
1175 811 1302 874 Sanciae

558 905 643 968 Sedis
654 911 793 966 mentem
809 909 839 964 et
853 902 1064 964 concessiones
1079 901 1192 965 iactum
1208 904 1302 966 luisse

557 997 791 1071 declaravimus,
814 1003 906 1074 atquo
930 994 1091 1072 apostolica
1119 997 1302 1059 auctoritate

557 1091 767 1154 delinivimus.

359 1183 538 1232 austeriores
596 1188 616 1263 g
637 1186 665 1246 lt.
683 1185 771 1247 Hisce
793 1186 934 1262 peractis,
955 1183 1152 1262 sperabamus
1173 1198 1301 1245 omnem

279 1241 298 1282 ο
325 1239 538 1294 propositaeare-

325 1303 356 1346 ga
371 1291 505 1338 castronio.
558 1284 589 1345 in
612 1290 769 1360 posterum
792 1277 966 1354 ambigendi
992 1275 1184 1338 occasionem
1209 1275 1303 1338 luisse

328 3120 391 3156 rum.

556 1377 718 1438 sublatam.
742 1371 799 1434 Sed
816 1372 945 1434 ineunte
959 1372 1016 1433 boc
1030 1387 1112 1433 anno
1127 1370 1301 1449 expositum

557 1471 645 1531 nobis
667 1466 829 1529 lrumiliter
852 1473 904 1526 tuo
927 1465 1055 1526 nomine
1083 1463 1153 1538 luit,
1177 1467 1303 1526 traerere

557 1563 654 1624 adbuc
677 1559 813 1638 piissimo
835 1564 888 1619 tuo
910 1558 942 1618 in
964 1556 1070 1618 animo
1094 1556 1303 1619 dubitationes

557 1658 595 1718 de
616 1654 669 1716 lrac
691 1649 911 1715 ecclesiasticae
926 1649 1095 1712 Castrensis
1118 1649 1302 1712 iurisdictio-

558 1749 605 1810 nis
627 1744 836 1824 ampliatione,
859 1741 1037 1819 versarique
1058 1742 1113 1804 hac
1142 1741 1180 1804 dc
1203 1759 1235 1804 re
1256 1743 1304 1804 in·

559 1843 681 1904 tertium
703 1855 829 1916 magnas
850 1839 933 1899 inter
955 1837 1110 1912 angustias
1135 1836 1301 1913 religiosis-

557 1937 666 1996 simam
690 1931 909 1994 conscientiam
940 1937 1046 2004 tuam,
1069 1946 1143 2008 quas
1164 1944 1303 2006 sperares

558 2028 623 2090 tolli
646 2025 789 2088 radicitus
811 2039 909 2102 posse,
925 2023 949 2084 si
973 2023 1142 2084 Castrensis
1164 2021 1304 2084 ecclesia-

557 2123 648 2183 sticae
669 2117 888 2181 iurisdictionis
915 2117 994 2178 ratio
1015 2131 1071 2194 per
1100 2131 1156 2178 nes
1178 2115 1212 2176 ad
1235 2131 1303 2177 eam

557 2215 690 2276 formam
712 2207 916 2288 redigeretur,
939 2209 1027 2272 cuius
1049 2211 1113 2287 ipse
1134 2209 1301 2288 specimem

557 2325 590 2370 ac
611 2305 709 2368 veluti
737 2310 934 2382 prospectum
963 2303 1051 2364 nobis
1072 2301 1193 2378 scriptis
1214 2317 1303 2364 reve-

558 2407 664 2461 renter·
684 2395 824 2460 exbiberi
848 2395 972 2470 iussisti,
988 2394 1097 2457 additis
1112 2395 1206 2457 etiam
1220 2410 1302 2456 seor·-

556 2494 616 2553 sim
639 2491 808 2555 rationibus
829 2498 860 2553 et
881 2487 1151 2563 declarationibus,
1164 2504 1303 2566 quaeeo-

460 2613 462 2618 ·
557 2601 641 2659 rum,
663 2599 740 2663 quae
761 2583 946 2662 postulabas,
965 2582 1230 2661 opportunitatem
1252 2581 1303 2644 de·

558 2685 765 2751 munstar-ent,
794 2693 849 2740 nos
877 2684 1039 2754 propterea
1064 2691 1166 2752 orans,
1193 2682 1228 2739 ut
1249 2691 1302 2754 per

559 2779 675 2833 nostras
706 2769 881 2849 apostolicas
914 2768 1015 2830 literas
1047 2767 1216 2830 exhibitam
1250 2776 1302 2830 tuo

557 2865 642 2926 iussu
664 2863 835 2926 Castrensis
861 2861 1080 2924 iurisdictionis
1101 2861 1232 2923 formam
1252 2862 1302 2922 ad-

558 2958 687 3036 probare
710 2956 845 3034 benigne
867 2956 1078 3033 dignaremur.

340 3057 540 3104 soruuoautua
598 3054 667 3130 ἐῢ.
690 3051 896 3128 Quamobrem
927 3065 1027 3128 quum
1049 3047 1126 3111 nihil
1154 3049 1242 3111 nobis
1263 3047 1304 3111 sii

559 3147 703 3225 optatius,
731 3162 824 3224 quam
852 3143 1134 3206 controversiarum
1162 3144 1304 3220 germina

558 3249 730 3320 amputare,
756 3255 926 3317 omnesque
950 3253 1144 3316 compescere
1168 3238 1304 3299 anxieta-

558 3342 616 3410 tes,
639 3351 718 3412 quae
744 3341 840 3406 tuam,
863 3332 1000 3410 piissime
1025 3349 1092 3410 rer,
1116 3339 1304 3412 tuorumque

557 3428 754 3490 subditorum
765 3425 984 3489 conscientiam
997 3429 1114 3504 agitare
1125 3437 1260 3508 possent,
1269 3427 1305 3488 li·

558 3524 646 3587 benti
663 3522 767 3585 animo
782 3521 1003 3598 postulationes
1019 3528 1072 3583 luo
1093 3522 1221 3584 nomine
1236 3538 1305 3602 por-

559 3625 655 3681 rectas
669 3617 853 3692 accepimus,
870 3622 1036 3692 rogataque
1050 3615 1165 3678 iterum
1179 3622 1304 3678 senten-

560 3713 600 3774 tia
623 3709 878 3786 congregationis
898 3708 1082 3770 dilectorum
1098 3706 1234 3769 filiorum
1250 3724 1304 3769 no·

559 3813 696 3867 strorum
721 3804 849 3866 Sanctae
872 3801 1025 3864 Romanae
1054 3800 1208 3863 Ecclesiae
1236 3801 1304 3865 Car·

559 3897 721 3971 dinalium,
734 3912 810 3974 quos
821 3895 853 3956 in
866 3911 899 3954 re
910 3895 983 3955 adeo
995 3894 1082 3970 gravi
1099 3894 1130 3954 iu
1142 3894 1304 3955 consilium

559 3995 707 4054 advocare
726 3987 921 4062 censuimus,
946 3995 1055 4048 cuncta
1076 4005 1092 4048 a
1115 3993 1145 4048 ie
1171 3987 1202 4047 in
1225 3988 1306 4049 ordi-

560 4087 717 4148 nationem
739 4081 960 4145 ecclesiasticae
992 4080 1161 4143 Castrensis
1183 4079 1306 4141 iurisdi-

558 4181 668 4243 ctionis
680 4177 832 4256 proposita
848 4176 984 4238 examini
999 4176 1197 4239 subiecimus.
1216 4176 1305 4238 Com-

559 4275 697 4352 perimus
721 4279 842 4346 autem,
866 4269 946 4348 quod
969 4287 1067 4348 quum
1088 4287 1122 4332 ea
1146 4287 1210 4332 non
1231 4271 1305 4333 adeo

559 4367 680 4443 ingenti
703 4365 867 4427 intervallo
890 4363 984 4425 abiis
1007 4363 1120 4425 finibus
1148 4363 1304 4440 recedant,

559 4475 635 4536 quos
658 4456 826 4522 Cardinalis
841 4454 974 4532 Delgado
988 4455 1189 4533 descripserat
1203 4473 1257 4518 sua
1272 4456 1304 4517 in

560 4551 775 4624 declaratione,
798 4564 891 4627 quarn
913 4563 970 4610 nos
997 4549 1170 4627 apostolicis
1191 4552 1304 4614 nostris

559 4644 722 4722 postremis
742 4643 840 4704 literis
861 4644 995 4720 quodam
1016 4643 1108 4704 modo
1128 4644 1304 4720 adprobavi-

560 4755 641 4813 mus,
670 4745 738 4799 tum
759 4736 836 4798 illud
858 4735 1072 4812 praescierunt
1092 4737 1245 4814 peculiare
1272 4755 1306 4800 ac

560 4829 828 4894 commendatione
842 4827 1070 4904 dignissimum,
1086 4832 1167 4908 quod
1184 4831 1304 4908 graplri-

559 4945 594 4990 oe
615 4943 648 4988 ac
670 4925 768 4988 veluti
790 4925 821 4986 in
847 4925 947 4987 tabula
969 4924 1125 5003 depictum
1146 4939 1306 4986 common·

558 5030 657 5086 strant
671 5023 765 5084 totius
781 5021 919 5082 eiusdem
932 5020 1102 5082 Castrensis
1124 5019 1307 5082 iurisdictio·

560 5119 607 5180 nis
629 5117 792 5190 ambitum,
815 5116 953 5191 dumque
975 5113 1015 5174 ita
1039 5113 1255 5189 ambiguitates
1274 5123 1306 5176 et

559 5209 785 5272 controversias
806 5213 952 5268 amovent
974 5205 1229 5285 praeciduntque,
1253 5208 1306 5270 bac

561 5303 692 5364 utilitate
714 5309 844 5380 pensant
868 5300 1062 5379 aliquatenus
1084 5300 1232 5378 quidquid
1255 5302 1306 5362 de-

559 5405 701 5473 cerptum
713 5395 945 5457 tlrtlinariorum
958 5395 1112 5471 potestati,
1126 5401 1240 5469 augent
1252 5395 1307 5456 Ca·

559 5488 672 5548 strensi
698 5485 912 5548 iurisdictioui.
940 5487 1023 5561 Quae
1049 5485 1175 5562 quidem
1201 5501 1238 5544 eo
1261 5484 1307 5545 lu·

561 5579 687 5640 beotius
714 5578 819 5640 animo
847 5579 1090 5653 observavimus,
1116 5595 1178 5657 quo
1209 5577 1307 5653 magis

560 5671 768 5748 comperimus
783 5672 940 5747 graviores
952 5671 1039 5734 nobis
1051 5672 1247 5749 suppeditare
1262 5687 1307 5731 ra-

560 5766 678 5840 tiones,
709 5765 747 5825 ob
768 5781 843 5842 quas
869 5765 1075 5840 desiderium,
1104 5780 1166 5844 quo
1192 5764 1308 5840 iugiter·

561 5858 739 5933 flagramus,
755 5858 982 5920 obsecundandi
999 5859 1046 5932 iis,
1059 5873 1138 5936 quae
1154 5857 1208 5919 tibi
1223 5862 1306 5932 grata

562 5960 593 6012 et
615 5959 734 6028 accepta
765 5967 832 6012 esse
853 5953 1026 6026 noscimus,
1056 5952 1187 6029 implere
1210 5951 1308 6013 tutius

1080 596 1143 642 titii.
1168 598 1258 645 PONT.
1285 600 1325 644 itti
1347 601 1375 646 Ρ.
1400 603 1430 649 F.
1454 603 1536 648 PARS
1558 603 1579 646 i.
2136 587 2191 638 An.
2207 588 2238 638 G.
2262 583 2328 635 letti

1356 729 1449 800 atque
1470 721 1597 784 alacrius
1620 721 1786 784 valeamus.
1807 721 1910 797 Quum
1931 722 2017 785 enim
2031 739 2104 786 con-

1358 815 1462 878 veniat
1483 816 1830 893 providaetpostaticae
1852 815 1938 879 Sedis
1960 817 2108 895 benigni-'

1359 908 1412 968 tati
1433 907 1552 970 facilem
1574 925 1607 970 se
1635 917 1666 971 et
1696 907 1856 972 liberalem
1885 911 2051 973 ostendere
2072 913 2104 974 in

1359 1001 1465 1077 gratiis
1493 1009 1524 1062 et
1550 1002 1706 1064 lareribus
1735 1003 1904 1078 elargiendi
1929 1004 2105 1067 christianis

1358 1093 1558 1171 principibus,
1571 1095 1624 1173 qui
1639 1113 1681 1158 ert·
1691 1097 1852 1173 praeclaris
1867 1098 2020 1160 maiorum
2036 1115 2105 1160 suo-

1360 1201 1428 1248 rum
1444 1187 1563 1250 ureuitis
1579 1195 1609 1248 et
1623 1204 1751 1250 suarum
1770 1189 1925 1252 virtutum
1940 1205 2105 1254 ornamen-

1359 1280 1408 1355 tis,
1433 1281 1546 1358 pietate
1567 1297 1640 1358 erga
1656 1282 1766 1358 Deum,
1783 1283 1949 1345 devotione
1969 1291 2000 1345 et
2020 1285 2105 1346 obse-

1359 1373 1432 1449 quio
1461 1389 1533 1449 erga
1562 1370 1704 1436 Sanctam
1730 1373 1854 1449 Sedem,
1881 1376 1913 1437 in
1938 1383 2104 1454 conspectu

1359 1465 1503 1528 omnium
1523 1467 1688 1544 splendere
1709 1474 1892 1544 noscuntur,
1916 1467 1997 1530 nibil
2017 1469 2105 1531 nobis

1359 1557 1492 1634 optatius
1513 1559 1676 1636 obtingere
1697 1565 1808 1639 potest,
1827 1576 1919 1639 quam
1942 1577 2041 1640 quum
2055 1577 2104 1624 oc·

1358 1650 1514 1714 casionem
1542 1651 1674 1716 oblatam
1705 1655 1952 1733 cernimusque
1976 1655 2105 1733 obsequi

1361 1743 1422 1804 tuis
1442 1745 1524 1805 votis
1545 1744 1714 1821 valeamus,
1731 1747 1784 1825 qui
1806 1755 1934 1810 tuorum
1950 1748 2105 1809 maiorum

1359 1837 1508 1913 exemplis
1531 1845 1645 1917 tuaque
1669 1839 1791 1916 egregia
1813 1839 1908 1901 animi
1931 1839 2034 1902 indole
2053 1855 2105 1902 ex-

1359 1929 1469 1990 citatus
1490 1929 1633 1992 omnibus
1648 1931 1731 1994 bisce
1747 1931 1886 1994 laudibus
1900 1931 2105 1995 cumulatissi-

1360 2037 1410 2086 me
1432 2023 1617 2101 praeiulges.
1661 2011 1677 2040 ⁹

1399 2117 1467 2191 56.
1490 2116 1605 2192 Quibus
1623 2109 1724 2181 ¹causis
1752 2122 1899 2198 permoti,
1927 2128 2018 2201 teque
2038 2139 2107 2200 spe-
2158 2140 2329 2204 raguseor-

1358 2209 1485 2272 cialibus
1512 2209 1670 2273 favoribus
1692 2219 1721 2274 et
1750 2213 1857 2289 gratiis
1882 2230 1937 2292 pro
1960 2224 2010 2276 tua
2032 2231 2105 2292 erga
2123 2193 2329 2302 {ffiqat'q‘ssfflflrffl

1360 2302 1438 2364 banc
1464 2311 1599 2365 nostram
1629 2305 1835 2381 Apostolicam
1863 2305 1975 2371 Sedem
2002 2310 2106 2370 obser·
2124 2305 2169 2400 {²12³
2184 2299 2329 2346 ¹¹¹¹l⁵l¹¹⁶¹³l

1359 2398 1464 2458 vaniia
1486 2398 1630 2476 prosequi
1645 2400 1797 2476 volentes,
1814 2402 1937 2481 tuisque
1951 2403 2009 2480 piis
2028 2403 2106 2464 desi·
2166 2387 2171 2399 '

1359 2489 1451 2550 deciis
1472 2505 1623 2566 annuere,
1641 2490 1837 2556 Castrensem
1860 2495 2107 2558 iurisdictionem

1359 2581 1392 2641 in
1414 2582 1474 2644 tuis
1495 2583 1601 2660 regnis
1622 2592 1654 2646 et
1674 2586 1819 2647 dominiis
1834 2603 1871 2649 eo
1886 2587 1988 2662 modo,
2011 2605 2106 2667 quem

1360 2674 1488 2740 inferius
1511 2678 1595 2740 iuria
1617 2680 1786 2757 propositas
1806 2697 1821 2742 a
1844 2687 1875 2742 te
1890 2681 2013 2758 regulas
2027 2700 2105 2746 enu-

1358 2767 1544 2846 cleabimus,
1572 2772 1763 2834 constituere
1792 2781 1823 2834 et
1852 2774 2108 2838 circumscribere

1360 2863 1565 2940 decrevimus,
1582 2871 1673 2940 prout
1685 2863 1794 2940 vigore
1808 2869 2018 2944 praesentium
2034 2885 2107 2932 con-

1359 2955 1517 3018 siituimus
1549 2965 1580 3018 ct
1601 2958 1778 3021 detiuimus.
1808 2959 1851 3022 lc
1879 2961 2017 3038 primum
2038 2964 2107 3041 qui-

1359 3046 1429 3109 dem
1458 3049 1620 3112 statuimus
1647 3065 1680 3111 ac
1709 3053 1917 3127 decernimus,
1948 3057 2030 3132 quod
2052 3055 2107 3118 Ca-

1359 3145 1473 3207 strensi
1484 3146 1703 3209 ecclesiasticae
1720 3146 1921 3210 iurisdictioni
1936 3151 2108 3226 praedictae

1360 3239 1489 3302 subiecti
1503 3240 1579 3314 sint,
1595 3246 1627 3320 et
1640 3239 1769 3303 subiecti
1785 3239 1956 3304 habeantur·
1970 3249 2034 3304 tam
2048 3242 2107 3320 illi,

1361 3331 1414 3408 qui
1436 3331 1502 3394 toro
1530 3334 1666 3408 gaudent
1695 3332 1766 3396 belli
1788 3341 1841 3396 aut
1865 3335 2003 3398 marinae
2026 3336 2108 3399 mili-

1361 3424 1430 3500 tari,
1443 3433 1495 3487 aut
1506 3426 1630 3503 politico
1651 3426 1820 3490 dummodo
1832 3428 1954 3505 integro
1969 3430 2028 3494 lroo
2041 3430 2108 3494 loro

1361 3521 1514 3598 gaudeant
1525 3526 1556 3581 et
1567 3519 1652 3582 civili
1663 3520 1780 3584 scilicet
1790 3529 1821 3584 et
1834 3522 2000 3601 criminali,
2013 3540 2106 3603 quam

1360 3630 1471 3678 eorum
1493 3614 1585 3676 otiam
1612 3615 1748 3678 familiae
1771 3623 1801 3677 et
1822 3631 1931 3678 omues
1959 3633 2108 3696 personae
2185 3619 2189 3626 '

1361 3709 1498 3786 ipsorum
1523 3708 1658 3770 servitiis
1687 3709 1836 3788 addictae,
1859 3712 2029 3774 dummodo
2050 3712 2108 3774 irae

1362 3803 1475 3880 pariter·
1503 3800 1648 3878 familiae,
1671 3810 1764 3882 atque
1789 3818 1953 3882 personae,
1977 3810 2040 3866 toto
2060 3806 2107 3866 in-

1362 3908 1512 3977 tegroque
1534 3900 1686 3974 gaudeant
1701 3900 1854 3977 praedicto
1868 3899 1947 3974 loro,
1963 3913 2107 3976 expresse

1361 3992 1564 4067 declarantes,
1586 3991 1667 4068 quod
1689 4007 1767 4068 quae
1781 3992 1907 4054 illorum
1930 3992 2063 4055 tamiliae
2077 4003 2109 4056 et

1361 4099 1509 4164 personae
1521 4085 1578 4145 boc
1588 4083 1654 4144 toro
1666 4099 1728 4145 non
1745 4086 1892 4161 gaudent,
1904 4093 1956 4148 aut
1971 4085 2107 4162 gaudent

1361 4178 1497 4256 quidem,
1513 4176 1644 4238 sednon
1666 4177 1802 4254 integro,
1818 4178 1875 4240 sub
1889 4178 2045 4240 Castreusi
2060 4195 2107 4240 eo-

1361 4271 1526 4333 elesiastica
1555 4269 1767 4332 iurisdictione
1792 4271 1871 4334 baud
1902 4272 2107 4350 eomprehen-

1361 4365 1489 4426 duntur.
1512 4362 1609 4437 Quam
1631 4361 1756 4441 quidem
1778 4364 2006 4442 praeliuiendae
2026 4365 2108 4428 eius-

1361 4456 1431 4518 dem
1453 4455 1675 4517 iurisdictionis
1690 4455 1824 4532 priorem
1847 4458 1988 4533 regulam
2009 4475 2106 4536 quum

1361 4547 1588 4624 amplectimur,
1605 4563 1660 4625 pro
1681 4553 1766 4609 certo
1788 4547 1946 4624 babemus,
1969 4565 2026 4613 nec
2045 4567 2108 4612 ma·

1361 4643 1502 4704 testatem
1523 4649 1620 4715 tuam,
1643 4653 1700 4700 nec
1722 4654 1810 4715 reges
1832 4649 1900 4703 tuos
1921 4657 2108 4706 successores

1362 4737 1427 4800 ulle
1442 4751 1591 4812 umquam
1607 4743 1746 4811 tempore
1761 4734 1976 4812 permissuros,
1993 4744 2028 4798 ut
2044 4745 2108 4800 toto

1362 4835 1392 4891 et
1415 4829 1540 4906 integro
1561 4827 1633 4889 belli
1661 4835 1713 4890 aut
1735 4827 1870 4888 marinae
1891 4827 1958 4888 toro
1979 4829 2036 4890 ulli
2058 4830 2108 4891 alii

1363 4923 1526 5000 gaudeant,
1549 4927 1669 5000 praeter
1691 4935 1754 4995 eos,
1778 4920 1832 4997 qui
1853 4937 1960 4997 prore
1981 4923 2110 4985 militari

1362 5023 1415 5077 aut
1436 5015 1558 5093 politica
1580 5013 1672 5089 regiis
1694 5013 1881 5076 exercitibus
1901 5015 1964 5077 sint
1985 5015 2107 5092 addicti,

1362 5109 1479 5187 quique
1500 5107 1613 5168 borum
1640 5106 1771 5167 familias
1796 5109 1995 5188 constituant,
2021 5127 2056 5172 ac
2077 5112 2108 5174 in

1362 5203 1476 5264 lroruur
1496 5209 1663 5263 versentur
1677 5193 1837 5263 famulatu.
1853 5202 2005 5276 Quoniam
2021 5219 2107 5281 vero,

1362 5295 1387 5356 si
1410 5309 1519 5357 omnes
1547 5303 1578 5356 et
1609 5301 1761 5371 quotquot
1790 5292 1945 5369 praedicto
1972 5295 2109 5369 gaudent

1363 5389 1429 5450 loro
1451 5387 1487 5448 ad
1509 5386 1742 5448 ecclesiasticam
1769 5385 1966 5448 Castrensem
1987 5386 2110 5450 iurisdi-

1363 5481 1498 5542 ctionem
1516 5479 1673 5556 pertinere
1688 5477 1849 5553 deberent,
1866 5493 1977 5554 graves
1991 5493 2112 5554 persae·

1363 5590 1400 5651 pe
1423 5574 1582 5634 orirentur·
1604 5571 1799 5634 uitttcuttates
1815 5573 1846 5633 in
1862 5572 2111 5635 administrandis

1363 5666 1573 5743 spiritualibus
1598 5665 1756 5744 praesidiis
1782 5664 1936 5744 aliquibus
1966 5681 2113 5742 persona·

1364 5775 1434 5820 rum
1456 5759 1611 5834 classibus,
1628 5774 1707 5837 quae
1728 5773 1824 5836 quum
1847 5759 2028 5834 peremnia
2050 5775 2111 5820 ma·

1364 5852 1479 5915 iestatis
1511 5861 1583 5914 tuae
1609 5867 1705 5928 regna
1732 5859 1763 5912 et
1789 5851 1926 5913 dominia
1957 5851 2111 5929 dispersae

1363 5947 1438 6024 sint,
1461 5962 1524 6010 nou
1547 5961 1617 6008 raro
1639 5945 1671 6007 in
1694 5945 1768 6008 locis
1789 5943 1919 6024 degunt,
1941 5947 1975 6007 in
1997 5945 2110 6024 quibus
