<?xml version="1.0" encoding="UTF-8"?>
<!DOCTYPE html PUBLIC "-//W3C//DTD XHTML 1.0 Transitional//EN"
    "http://www.w3.org/TR/xhtml1/DTD/xhtml1-transitional.dtd">
<html xmlns="http://www.w3.org/1999/xhtml" xml:lang="en" lang="en">
 <head>
  <title>
</title>
<meta http-equiv="Content-Type" content="text/html;charset=utf-8" />
  <meta name='ocr-system' content='tesseract 3.04.00' />
  <meta name='ocr-capabilities' content='ocr_page ocr_carea ocr_par ocr_line ocrx_word'/>
</head>
<body>
  <div class='ocr_page' id='page_1' title='image "./iurispontificii00martgoog_0770.png"; bbox 0 0 4856 7010; ppageno 0'>
   <div class='ocr_carea' id='block_1_1' title="bbox 960 512 1292 570">
    <p class='ocr_par' dir='ltr' id='par_1_1' title="bbox 960 512 1292 570">
     <span class='ocr_line' id='line_1_1' title="bbox 960 512 1292 570; baseline 0 0"><span class='ocrx_word' id='word_1_1' title='bbox 960 513 1058 570; x_wconf 81' lang='lat' dir='ltr'><strong>taber</strong></span> <span class='ocrx_word' id='word_1_2' title='bbox 1080 512 1292 570; x_wconf 79' lang='grc'><strong>1011101101</strong></span> 
     </span>
    </p>
   </div>
   <div class='ocr_carea' id='block_1_2' title="bbox 350 637 1102 3320">
    <p class='ocr_par' dir='ltr' id='par_1_2' title="bbox 408 637 1097 814">
     <span class='ocr_line' id='line_1_2' title="bbox 409 637 1097 721; baseline -0.004 -15"><span class='ocrx_word' id='word_1_3' title='bbox 409 637 587 706; x_wconf 88' lang='lat' dir='ltr'><strong>huiusmodi</strong></span> <span class='ocrx_word' id='word_1_4' title='bbox 601 649 816 719; x_wconf 77' lang='lat' dir='ltr'><strong>recensentur,</strong></span> <span class='ocrx_word' id='word_1_5' title='bbox 831 643 938 721; x_wconf 88' lang='lat' dir='ltr'><strong>eisque</strong></span> <span class='ocrx_word' id='word_1_6' title='bbox 954 647 1020 721; x_wconf 92' lang='lat' dir='ltr'><strong>post</strong></span> <span class='ocrx_word' id='word_1_7' title='bbox 1034 639 1097 721; x_wconf 90' lang='lat' dir='ltr'><strong>pri·</strong></span> 
     </span>
     <span class='ocr_line' id='line_1_3' title="bbox 408 733 1096 814; baseline -0.006 -14"><span class='ocrx_word' id='word_1_8' title='bbox 408 753 499 800; x_wconf 93' lang='lat' dir='ltr'><strong>mum</strong></span> <span class='ocrx_word' id='word_1_9' title='bbox 519 738 688 801; x_wconf 92' lang='lat' dir='ltr'><strong>discretum</strong></span> <span class='ocrx_word' id='word_1_10' title='bbox 709 738 793 801; x_wconf 90' lang='lat' dir='ltr'><strong>locus</strong></span> <span class='ocrx_word' id='word_1_11' title='bbox 817 736 1002 814; x_wconf 88' lang='lat' dir='ltr'><strong>assignatur.</strong></span> <span class='ocrx_word' id='word_1_12' title='bbox 1028 733 1096 797; x_wconf 86' lang='grc'><strong>143.</strong></span> 
     </span>
    </p>

    <p class='ocr_par' dir='ltr' id='par_1_3' title="bbox 350 827 1100 1268">
     <span class='ocr_line' id='line_1_4' title="bbox 350 827 1099 907; baseline -0.004 -15"><span class='ocrx_word' id='word_1_13' title='bbox 350 829 453 894; x_wconf 83' lang='lat' dir='ltr'><strong>tltltt.</strong></span> <span class='ocrx_word' id='word_1_14' title='bbox 478 832 558 895; x_wconf 92' lang='lat' dir='ltr'><strong>cum</strong></span> <span class='ocrx_word' id='word_1_15' title='bbox 580 832 685 907; x_wconf 91' lang='lat' dir='ltr'><strong>magni</strong></span> <span class='ocrx_word' id='word_1_16' title='bbox 706 831 797 893; x_wconf 84' lang='lat' dir='ltr'><strong>Ducis</strong></span> <span class='ocrx_word' id='word_1_17' title='bbox 819 829 963 892; x_wconf 79' lang='lat' dir='ltr'><strong>Etruriae</strong></span> <span class='ocrx_word' id='word_1_18' title='bbox 981 827 1099 891; x_wconf 92' lang='lat' dir='ltr'><strong>confes-</strong></span> 
     </span>
     <span class='ocr_line' id='line_1_5' title="bbox 409 920 1100 1002; baseline -0.009 -16"><span class='ocrx_word' id='word_1_19' title='bbox 409 924 489 986; x_wconf 84' lang='lat' dir='ltr'><strong>sario</strong></span> <span class='ocrx_word' id='word_1_20' title='bbox 509 924 713 1002; x_wconf 83' lang='lat' dir='ltr'><strong>conqueritur</strong></span> <span class='ocrx_word' id='word_1_21' title='bbox 734 925 771 986; x_wconf 93' lang='lat' dir='ltr'><strong>de</strong></span> <span class='ocrx_word' id='word_1_22' title='bbox 790 921 904 1001; x_wconf 88' lang='lat' dir='ltr'><strong>puella,</strong></span> <span class='ocrx_word' id='word_1_23' title='bbox 921 920 1035 982; x_wconf 90' lang='lat' dir='ltr'><strong>iudaeis</strong></span> <span class='ocrx_word' id='word_1_24' title='bbox 1049 936 1100 999; x_wconf 92' lang='lat' dir='ltr'><strong>pa·</strong></span> 
     </span>
     <span class='ocr_line' id='line_1_6' title="bbox 411 1016 1098 1095; baseline -0.009 -15"><span class='ocrx_word' id='word_1_25' title='bbox 411 1017 552 1081; x_wconf 91' lang='lat' dir='ltr'><strong>rentibus</strong></span> <span class='ocrx_word' id='word_1_26' title='bbox 566 1023 648 1093; x_wconf 88' lang='lat' dir='ltr'><strong>nata,</strong></span> <span class='ocrx_word' id='word_1_27' title='bbox 659 1017 771 1081; x_wconf 92' lang='lat' dir='ltr'><strong>deinde</strong></span> <span class='ocrx_word' id='word_1_28' title='bbox 785 1016 947 1095; x_wconf 87' lang='lat' dir='ltr'><strong>baptizata,</strong></span> <span class='ocrx_word' id='word_1_29' title='bbox 959 1021 990 1077; x_wconf 90' lang='lat' dir='ltr'><strong>et</strong></span> <span class='ocrx_word' id='word_1_30' title='bbox 1005 1030 1020 1074; x_wconf 92' lang='lat' dir='ltr'><strong>a</strong></span> <span class='ocrx_word' id='word_1_31' title='bbox 1034 1028 1098 1075; x_wconf 90' lang='lat' dir='ltr'><strong>sae-</strong></span> 
     </span>
     <span class='ocr_line' id='line_1_7' title="bbox 410 1106 1099 1188; baseline -0.006 -16"><span class='ocrx_word' id='word_1_32' title='bbox 410 1110 506 1173; x_wconf 92' lang='lat' dir='ltr'><strong>culari</strong></span> <span class='ocrx_word' id='word_1_33' title='bbox 534 1116 685 1188; x_wconf 81' lang='lat' dir='ltr'><strong>potestate</strong></span> <span class='ocrx_word' id='word_1_34' title='bbox 712 1109 889 1175; x_wconf 81' lang='lat' dir='ltr'><strong>Florentiae</strong></span> <span class='ocrx_word' id='word_1_35' title='bbox 918 1106 1099 1188; x_wconf 90' lang='lat' dir='ltr'><strong>parentibus</strong></span> 
     </span>
     <span class='ocr_line' id='line_1_8' title="bbox 409 1203 630 1268; baseline -0.009 -2"><span class='ocrx_word' id='word_1_36' title='bbox 409 1204 538 1268; x_wconf 91' lang='lat' dir='ltr'><strong>reddita.</strong></span> <span class='ocrx_word' id='word_1_37' title='bbox 565 1203 630 1266; x_wconf 81' lang='lat' dir='ltr'><strong>itt.</strong></span> 
     </span>
    </p>

    <p class='ocr_par' dir='ltr' id='par_1_4' title="bbox 351 1293 1099 1735">
     <span class='ocr_line' id='line_1_9' title="bbox 351 1293 1099 1374; baseline -0.008 -14"><span class='ocrx_word' id='word_1_38' title='bbox 351 1295 458 1361; x_wconf 87' lang='lat' dir='ltr'><strong>Llllll.</strong></span> <span class='ocrx_word' id='word_1_39' title='bbox 482 1297 630 1362; x_wconf 87' lang='lat' dir='ltr'><strong>concedit</strong></span> <span class='ocrx_word' id='word_1_40' title='bbox 658 1297 836 1361; x_wconf 91' lang='lat' dir='ltr'><strong>facultatem</strong></span> <span class='ocrx_word' id='word_1_41' title='bbox 865 1293 1099 1374; x_wconf 81' lang='lat' dir='ltr'><strong>congregationi</strong></span> 
     </span>
     <span class='ocr_line' id='line_1_10' title="bbox 411 1387 1099 1470; baseline -0.009 -16"><span class='ocrx_word' id='word_1_42' title='bbox 411 1389 544 1454; x_wconf 87' lang='lat' dir='ltr'><strong>Oratorii</strong></span> <span class='ocrx_word' id='word_1_43' title='bbox 565 1391 596 1456; x_wconf 89' lang='lat' dir='ltr'><strong>S.</strong></span> <span class='ocrx_word' id='word_1_44' title='bbox 619 1391 752 1470; x_wconf 91' lang='lat' dir='ltr'><strong>Philippi</strong></span> <span class='ocrx_word' id='word_1_45' title='bbox 774 1390 861 1454; x_wconf 91' lang='lat' dir='ltr'><strong>Nerii</strong></span> <span class='ocrx_word' id='word_1_46' title='bbox 877 1390 1008 1453; x_wconf 87' lang='lat' dir='ltr'><strong>civitatis</strong></span> <span class='ocrx_word' id='word_1_47' title='bbox 1022 1387 1099 1451; x_wconf 85' lang='lat' dir='ltr'><strong>cua-</strong></span> 
     </span>
     <span class='ocr_line' id='line_1_11' title="bbox 411 1482 1099 1563; baseline -0.006 -17"><span class='ocrx_word' id='word_1_48' title='bbox 411 1482 935 1563; x_wconf 79' lang='grc'><strong>(1111111111010101111111111100</strong></span> <span class='ocrx_word' id='word_1_49' title='bbox 949 1483 985 1544; x_wconf 88' lang='lat' dir='ltr'><strong>ad</strong></span> <span class='ocrx_word' id='word_1_50' title='bbox 1000 1496 1099 1543; x_wconf 91' lang='lat' dir='ltr'><strong>sacros</strong></span> 
     </span>
     <span class='ocr_line' id='line_1_12' title="bbox 410 1572 1099 1656; baseline -0.003 -19"><span class='ocrx_word' id='word_1_51' title='bbox 410 1576 546 1654; x_wconf 81' lang='lat' dir='ltr'><strong>ordines,</strong></span> <span class='ocrx_word' id='word_1_52' title='bbox 557 1578 651 1640; x_wconf 90' lang='lat' dir='ltr'><strong>etiam</strong></span> <span class='ocrx_word' id='word_1_53' title='bbox 663 1577 905 1656; x_wconf 78' lang='lat' dir='ltr'><strong>presbyteratus,</strong></span> <span class='ocrx_word' id='word_1_54' title='bbox 918 1575 954 1638; x_wconf 89' lang='lat' dir='ltr'><strong>ad</strong></span> <span class='ocrx_word' id='word_1_55' title='bbox 969 1572 1099 1638; x_wconf 91' lang='lat' dir='ltr'><strong>titulum</strong></span> 
     </span>
     <span class='ocr_line' id='line_1_13' title="bbox 410 1667 1064 1735; baseline -0.008 -3"><span class='ocrx_word' id='word_1_56' title='bbox 410 1669 567 1735; x_wconf 89' lang='lat' dir='ltr'><strong>missionis</strong></span> <span class='ocrx_word' id='word_1_57' title='bbox 588 1679 618 1733; x_wconf 92' lang='lat' dir='ltr'><strong>et</strong></span> <span class='ocrx_word' id='word_1_58' title='bbox 639 1687 765 1735; x_wconf 90' lang='lat' dir='ltr'><strong>mensae</strong></span> <span class='ocrx_word' id='word_1_59' title='bbox 786 1669 971 1735; x_wconf 89' lang='lat' dir='ltr'><strong>communis.</strong></span> <span class='ocrx_word' id='word_1_60' title='bbox 997 1667 1064 1729; x_wconf 79' lang='grc'><strong>145.</strong></span> 
     </span>
    </p>

    <p class='ocr_par' dir='ltr' id='par_1_5' title="bbox 351 1762 1102 2588">
     <span class='ocr_line' id='line_1_14' title="bbox 351 1762 1099 1838; baseline -0.005 -13"><span class='ocrx_word' id='word_1_61' title='bbox 351 1762 445 1829; x_wconf 86' lang='lat' dir='ltr'>LXV.</span> <span class='ocrx_word' id='word_1_62' title='bbox 468 1764 659 1828; x_wconf 89' lang='lat' dir='ltr'><strong>Patriarcbae</strong></span> <span class='ocrx_word' id='word_1_63' title='bbox 673 1763 895 1827; x_wconf 80' lang='lat' dir='ltr'><strong>Maronitarum</strong></span> <span class='ocrx_word' id='word_1_64' title='bbox 909 1762 1050 1838; x_wconf 89' lang='lat' dir='ltr'><strong>nunciat,</strong></span> <span class='ocrx_word' id='word_1_65' title='bbox 1066 1775 1099 1822; x_wconf 91' lang='lat' dir='ltr'><strong>se</strong></span> 
     </span>
     <span class='ocr_line' id='line_1_15' title="bbox 412 1852 1099 1922; baseline -0.009 -2"><span class='ocrx_word' id='word_1_66' title='bbox 412 1853 598 1922; x_wconf 89' lang='lat' dir='ltr'><strong>electionem</strong></span> <span class='ocrx_word' id='word_1_67' title='bbox 618 1858 685 1921; x_wconf 93' lang='lat' dir='ltr'><strong>eius</strong></span> <span class='ocrx_word' id='word_1_68' title='bbox 706 1858 903 1920; x_wconf 87' lang='lat' dir='ltr'><strong>confirmasse</strong></span> <span class='ocrx_word' id='word_1_69' title='bbox 921 1870 955 1916; x_wconf 92' lang='lat' dir='ltr'><strong>ac</strong></span> <span class='ocrx_word' id='word_1_70' title='bbox 968 1852 1099 1916; x_wconf 92' lang='lat' dir='ltr'><strong>Pallium</strong></span> 
     </span>
     <span class='ocr_line' id='line_1_16' title="bbox 413 1944 1101 2029; baseline -0.01 -16"><span class='ocrx_word' id='word_1_71' title='bbox 413 1951 544 2029; x_wconf 85' lang='lat' dir='ltr'><strong>misisse,</strong></span> <span class='ocrx_word' id='word_1_72' title='bbox 577 1967 650 2015; x_wconf 90' lang='lat' dir='ltr'><strong>eum</strong></span> <span class='ocrx_word' id='word_1_73' title='bbox 681 1950 793 2013; x_wconf 80' lang='lat' dir='ltr'><strong>excitat</strong></span> <span class='ocrx_word' id='word_1_74' title='bbox 813 1948 849 2012; x_wconf 93' lang='lat' dir='ltr'><strong>ad</strong></span> <span class='ocrx_word' id='word_1_75' title='bbox 880 1948 975 2010; x_wconf 90' lang='lat' dir='ltr'><strong>tidem</strong></span> <span class='ocrx_word' id='word_1_76' title='bbox 995 1944 1101 2024; x_wconf 91' lang='lat' dir='ltr'><strong>populi</strong></span> 
     </span>
     <span class='ocr_line' id='line_1_17' title="bbox 412 2038 1101 2122; baseline -0.009 -17"><span class='ocrx_word' id='word_1_77' title='bbox 412 2043 588 2120; x_wconf 82' lang='lat' dir='ltr'><strong>fovendam,</strong></span> <span class='ocrx_word' id='word_1_78' title='bbox 600 2045 664 2122; x_wconf 90' lang='lat' dir='ltr'><strong>agit</strong></span> <span class='ocrx_word' id='word_1_79' title='bbox 675 2045 769 2106; x_wconf 90' lang='lat' dir='ltr'><strong>etiam</strong></span> <span class='ocrx_word' id='word_1_80' title='bbox 783 2044 820 2105; x_wconf 90' lang='lat' dir='ltr'><strong>de</strong></span> <span class='ocrx_word' id='word_1_81' title='bbox 831 2041 966 2104; x_wconf 91' lang='lat' dir='ltr'><strong>alumnis</strong></span> <span class='ocrx_word' id='word_1_82' title='bbox 980 2041 1017 2103; x_wconf 94' lang='lat' dir='ltr'><strong>ad</strong></span> <span class='ocrx_word' id='word_1_83' title='bbox 1033 2038 1101 2102; x_wconf 85' lang='lat' dir='ltr'><strong>Col-</strong></span> 
     </span>
     <span class='ocr_line' id='line_1_18' title="bbox 414 2130 1101 2214; baseline -0.01 -16"><span class='ocrx_word' id='word_1_84' title='bbox 414 2137 530 2214; x_wconf 90' lang='lat' dir='ltr'><strong>legium</strong></span> <span class='ocrx_word' id='word_1_85' title='bbox 540 2136 763 2200; x_wconf 85' lang='lat' dir='ltr'><strong>Maronitarum</strong></span> <span class='ocrx_word' id='word_1_86' title='bbox 772 2135 863 2198; x_wconf 86' lang='lat' dir='ltr'><strong>Urbis</strong></span> <span class='ocrx_word' id='word_1_87' title='bbox 878 2131 1039 2198; x_wconf 82' lang='lat' dir='ltr'><strong>mittendis</strong></span> <span class='ocrx_word' id='word_1_88' title='bbox 1051 2130 1101 2192; x_wconf 88' lang='lat' dir='ltr'><strong>vel</strong></span> 
     </span>
     <span class='ocr_line' id='line_1_19' title="bbox 413 2224 1101 2307; baseline -0.007 -16"><span class='ocrx_word' id='word_1_89' title='bbox 413 2230 580 2294; x_wconf 90' lang='lat' dir='ltr'><strong>abeodem</strong></span> <span class='ocrx_word' id='word_1_90' title='bbox 603 2230 741 2307; x_wconf 90' lang='lat' dir='ltr'><strong>collegio</strong></span> <span class='ocrx_word' id='word_1_91' title='bbox 762 2227 943 2291; x_wconf 89' lang='lat' dir='ltr'><strong>reducibus:</strong></span> <span class='ocrx_word' id='word_1_92' title='bbox 967 2224 1101 2288; x_wconf 87' lang='lat' dir='ltr'><strong>casulam</strong></span> 
     </span>
     <span class='ocr_line' id='line_1_20' title="bbox 412 2312 1102 2401; baseline -0.01 -16"><span class='ocrx_word' id='word_1_93' title='bbox 412 2324 541 2401; x_wconf 89' lang='lat' dir='ltr'><strong>insuper</strong></span> <span class='ocrx_word' id='word_1_94' title='bbox 560 2312 589 2386; x_wconf 88' lang='grc'><strong>01</strong></span> <span class='ocrx_word' id='word_1_95' title='bbox 611 2325 705 2386; x_wconf 89' lang='lat' dir='ltr'><strong>donat</strong></span> <span class='ocrx_word' id='word_1_96' title='bbox 725 2339 759 2384; x_wconf 92' lang='lat' dir='ltr'><strong>ac</strong></span> <span class='ocrx_word' id='word_1_97' title='bbox 779 2321 956 2385; x_wconf 85' lang='lat' dir='ltr'><strong>facultatem</strong></span> <span class='ocrx_word' id='word_1_98' title='bbox 970 2318 1102 2396; x_wconf 91' lang='lat' dir='ltr'><strong>largitur</strong></span> 
     </span>
     <span class='ocr_line' id='line_1_21' title="bbox 412 2414 1101 2496; baseline -0.01 -17"><span class='ocrx_word' id='word_1_99' title='bbox 412 2417 458 2480; x_wconf 91' lang='lat' dir='ltr'><strong>bis</strong></span> <span class='ocrx_word' id='word_1_100' title='bbox 473 2417 636 2496; x_wconf 84' lang='lat' dir='ltr'><strong>quotannis</strong></span> <span class='ocrx_word' id='word_1_101' title='bbox 646 2417 760 2495; x_wconf 92' lang='lat' dir='ltr'><strong>populo</strong></span> <span class='ocrx_word' id='word_1_102' title='bbox 772 2414 1020 2478; x_wconf 87' lang='lat' dir='ltr'><strong>benedictionem</strong></span> <span class='ocrx_word' id='word_1_103' title='bbox 1031 2427 1101 2491; x_wconf 89' lang='lat' dir='ltr'><strong>apo-</strong></span> 
     </span>
     <span class='ocr_line' id='line_1_22' title="bbox 412 2508 876 2588; baseline -0.013 -16"><span class='ocrx_word' id='word_1_104' title='bbox 412 2511 554 2574; x_wconf 91' lang='lat' dir='ltr'><strong>stolicam</strong></span> <span class='ocrx_word' id='word_1_105' title='bbox 575 2508 785 2588; x_wconf 88' lang='lat' dir='ltr'><strong>impertiendi.</strong></span> <span class='ocrx_word' id='word_1_106' title='bbox 810 2508 876 2571; x_wconf 84' lang='grc'><strong>141.</strong></span> 
     </span>
    </p>

    <p class='ocr_par' dir='ltr' id='par_1_6' title="bbox 353 2600 1102 2959">
     <span class='ocr_line' id='line_1_23' title="bbox 353 2600 1102 2682; baseline -0.004 -17"><span class='ocrx_word' id='word_1_107' title='bbox 353 2603 460 2668; x_wconf 78' lang='lat' dir='ltr'><strong>txvt.</strong></span> <span class='ocrx_word' id='word_1_108' title='bbox 477 2603 634 2681; x_wconf 78' lang='lat' dir='ltr'><strong>Rescripta</strong></span> <span class='ocrx_word' id='word_1_109' title='bbox 648 2603 797 2682; x_wconf 92' lang='lat' dir='ltr'><strong>quaedam</strong></span> <span class='ocrx_word' id='word_1_110' title='bbox 811 2600 958 2681; x_wconf 85' lang='lat' dir='ltr'><strong>approbat</strong></span> <span class='ocrx_word' id='word_1_111' title='bbox 973 2615 1102 2678; x_wconf 87' lang='lat' dir='ltr'><strong>congre·</strong></span> 
     </span>
     <span class='ocr_line' id='line_1_24' title="bbox 414 2693 1101 2773; baseline -0.003 -16"><span class='ocrx_word' id='word_1_112' title='bbox 414 2695 546 2773; x_wconf 91' lang='lat' dir='ltr'><strong>gationis</strong></span> <span class='ocrx_word' id='word_1_113' title='bbox 566 2695 603 2756; x_wconf 93' lang='lat' dir='ltr'><strong>de</strong></span> <span class='ocrx_word' id='word_1_114' title='bbox 622 2694 818 2773; x_wconf 89' lang='lat' dir='ltr'><strong>Propaganda</strong></span> <span class='ocrx_word' id='word_1_115' title='bbox 832 2693 919 2772; x_wconf 85' lang='lat' dir='ltr'><strong>Pide,</strong></span> <span class='ocrx_word' id='word_1_116' title='bbox 934 2695 1101 2772; x_wconf 89' lang='lat' dir='ltr'><strong>spectantia</strong></span> 
     </span>
     <span class='ocr_line' id='line_1_25' title="bbox 413 2787 1102 2868; baseline -0.004 -17"><span class='ocrx_word' id='word_1_117' title='bbox 413 2790 450 2851; x_wconf 95' lang='lat' dir='ltr'><strong>ad</strong></span> <span class='ocrx_word' id='word_1_118' title='bbox 471 2787 665 2866; x_wconf 89' lang='lat' dir='ltr'><strong>disciplinam</strong></span> <span class='ocrx_word' id='word_1_119' title='bbox 692 2787 910 2868; x_wconf 88' lang='lat' dir='ltr'><strong>praescriptam</strong></span> <span class='ocrx_word' id='word_1_120' title='bbox 931 2789 964 2850; x_wconf 94' lang='lat' dir='ltr'><strong>in</strong></span> <span class='ocrx_word' id='word_1_121' title='bbox 984 2789 1102 2866; x_wconf 77' lang='lat' dir='ltr'><strong>syuodo</strong></span> 
     </span>
     <span class='ocr_line' id='line_1_26' title="bbox 413 2879 1099 2959; baseline -0.01 -14"><span class='ocrx_word' id='word_1_122' title='bbox 413 2881 577 2945; x_wconf 91' lang='lat' dir='ltr'><strong>Libanensi</strong></span> <span class='ocrx_word' id='word_1_123' title='bbox 598 2897 654 2959; x_wconf 93' lang='lat' dir='ltr'><strong>pro</strong></span> <span class='ocrx_word' id='word_1_124' title='bbox 675 2881 757 2944; x_wconf 92' lang='lat' dir='ltr'><strong>clero</strong></span> <span class='ocrx_word' id='word_1_125' title='bbox 779 2880 1012 2944; x_wconf 91' lang='lat' dir='ltr'><strong>Maronitarum.</strong></span> <span class='ocrx_word' id='word_1_126' title='bbox 1032 2879 1099 2943; x_wconf 86' lang='grc'><strong>149.</strong></span> 
     </span>
    </p>

    <p class='ocr_par' dir='ltr' id='par_1_7' title="bbox 354 2973 1102 3320">
     <span class='ocr_line' id='line_1_27' title="bbox 354 2973 1102 3052; baseline -0.007 -11"><span class='ocrx_word' id='word_1_127' title='bbox 354 2975 473 3040; x_wconf 83' lang='lat' dir='ltr'><strong>LXVll.</strong></span> <span class='ocrx_word' id='word_1_128' title='bbox 498 2975 642 3037; x_wconf 82' lang='lat' dir='ltr'><strong>illumnis</strong></span> <span class='ocrx_word' id='word_1_129' title='bbox 669 2974 793 3052; x_wconf 90' lang='lat' dir='ltr'><strong>collegii</strong></span> <span class='ocrx_word' id='word_1_130' title='bbox 820 2973 996 3051; x_wconf 70' lang='lat' dir='ltr'><strong>anglorum</strong></span> <span class='ocrx_word' id='word_1_131' title='bbox 1024 2974 1102 3037; x_wconf 89' lang='lat' dir='ltr'><strong>Dua-</strong></span> 
     </span>
     <span class='ocr_line' id='line_1_28' title="bbox 413 3068 1101 3146; baseline -0.003 -14"><span class='ocrx_word' id='word_1_132' title='bbox 413 3070 512 3134; x_wconf 89' lang='lat' dir='ltr'><strong>censis</strong></span> <span class='ocrx_word' id='word_1_133' title='bbox 542 3068 696 3146; x_wconf 83' lang='lat' dir='ltr'><strong>indulget,</strong></span> <span class='ocrx_word' id='word_1_134' title='bbox 719 3077 754 3130; x_wconf 94' lang='lat' dir='ltr'><strong>ut</strong></span> <span class='ocrx_word' id='word_1_135' title='bbox 782 3075 869 3130; x_wconf 85' lang='lat' dir='ltr'><strong>extra</strong></span> <span class='ocrx_word' id='word_1_136' title='bbox 899 3073 1038 3145; x_wconf 87' lang='lat' dir='ltr'><strong>tempora</strong></span> <span class='ocrx_word' id='word_1_137' title='bbox 1065 3068 1101 3130; x_wconf 95' lang='lat' dir='ltr'><strong>ad</strong></span> 
     </span>
     <span class='ocr_line' id='line_1_29' title="bbox 414 3159 1102 3242; baseline -0.003 -18"><span class='ocrx_word' id='word_1_138' title='bbox 414 3162 540 3226; x_wconf 90' lang='lat' dir='ltr'><strong>ordines</strong></span> <span class='ocrx_word' id='word_1_139' title='bbox 560 3162 737 3242; x_wconf 89' lang='lat' dir='ltr'><strong>promoveri</strong></span> <span class='ocrx_word' id='word_1_140' title='bbox 758 3159 887 3238; x_wconf 89' lang='lat' dir='ltr'><strong>possint,</strong></span> <span class='ocrx_word' id='word_1_141' title='bbox 903 3168 934 3223; x_wconf 90' lang='lat' dir='ltr'><strong>et</strong></span> <span class='ocrx_word' id='word_1_142' title='bbox 954 3161 1102 3224; x_wconf 81' lang='lat' dir='ltr'><strong>absolvia</strong></span> 
     </span>
     <span class='ocr_line' id='line_1_30' title="bbox 414 3255 654 3320; baseline -0.008 -1"><span class='ocrx_word' id='word_1_143' title='bbox 414 3256 562 3320; x_wconf 84' lang='lat' dir='ltr'><strong>censuris.</strong></span> <span class='ocrx_word' id='word_1_144' title='bbox 588 3255 654 3318; x_wconf 83' lang='lat'><strong>150.</strong></span> 
     </span>
    </p>
   </div>
   <div class='ocr_carea' id='block_1_3' title="bbox 1822 493 1880 572">
    <p class='ocr_par' dir='ltr' id='par_1_8' title="bbox 1822 493 1880 572">
     <span class='ocr_line' id='line_1_31' title="bbox 1822 493 1880 572; baseline -0.052 0"><span class='ocrx_word' id='word_1_145' title='bbox 1822 493 1880 572; x_wconf 78' lang='grc'><strong>751</strong></span> 
     </span>
    </p>
   </div>
   <div class='ocr_carea' id='block_1_4' title="bbox 1151 637 1907 3335">
    <p class='ocr_par' dir='ltr' id='par_1_9' title="bbox 1151 637 1901 982">
     <span class='ocr_line' id='line_1_32' title="bbox 1151 637 1901 720; baseline 0.005 -20"><span class='ocrx_word' id='word_1_146' title='bbox 1151 639 1282 704; x_wconf 86' lang='lat' dir='ltr'><strong>LXVlll.</strong></span> <span class='ocrx_word' id='word_1_147' title='bbox 1306 637 1453 706; x_wconf 82' lang='lat' dir='ltr'><strong>Prohibet</strong></span> <span class='ocrx_word' id='word_1_148' title='bbox 1465 639 1524 704; x_wconf 92' lang='lat' dir='ltr'><strong>sub</strong></span> <span class='ocrx_word' id='word_1_149' title='bbox 1539 657 1636 720; x_wconf 90' lang='lat' dir='ltr'><strong>poena</strong></span> <span class='ocrx_word' id='word_1_150' title='bbox 1650 642 1901 706; x_wconf 81' lang='lat' dir='ltr'><strong>excommunica·</strong></span> 
     </span>
     <span class='ocr_line' id='line_1_33' title="bbox 1213 733 1900 815; baseline 0.007 -21"><span class='ocrx_word' id='word_1_151' title='bbox 1213 733 1307 795; x_wconf 91' lang='lat' dir='ltr'><strong>tionis</strong></span> <span class='ocrx_word' id='word_1_152' title='bbox 1328 749 1369 797; x_wconf 93' lang='grc'><strong>10</strong></span> <span class='ocrx_word' id='word_1_153' title='bbox 1391 735 1509 811; x_wconf 84' lang='lat' dir='ltr'><strong>figurae</strong></span> <span class='ocrx_word' id='word_1_154' title='bbox 1531 734 1677 813; x_wconf 83' lang='lat' dir='ltr'><strong>profanae</strong></span> <span class='ocrx_word' id='word_1_155' title='bbox 1697 745 1853 815; x_wconf 91' lang='lat' dir='ltr'><strong>ponantur</strong></span> <span class='ocrx_word' id='word_1_156' title='bbox 1868 737 1900 799; x_wconf 94' lang='lat' dir='ltr'><strong>in</strong></span> 
     </span>
     <span class='ocr_line' id='line_1_34' title="bbox 1211 826 1901 906; baseline 0.007 -20"><span class='ocrx_word' id='word_1_157' title='bbox 1211 826 1356 888; x_wconf 89' lang='lat' dir='ltr'><strong>altaribus</strong></span> <span class='ocrx_word' id='word_1_158' title='bbox 1378 827 1579 906; x_wconf 81' lang='lat' dir='ltr'><strong>ecclesiarum</strong></span> <span class='ocrx_word' id='word_1_159' title='bbox 1600 828 1747 891; x_wconf 90' lang='lat' dir='ltr'><strong>dioecesis</strong></span> <span class='ocrx_word' id='word_1_160' title='bbox 1762 829 1901 892; x_wconf 87' lang='lat' dir='ltr'><strong>Pacensis</strong></span> 
     </span>
     <span class='ocr_line' id='line_1_35' title="bbox 1211 919 1465 982; baseline 0 -3"><span class='ocrx_word' id='word_1_161' title='bbox 1211 919 1245 980; x_wconf 93' lang='lat' dir='ltr'><strong>iu</strong></span> <span class='ocrx_word' id='word_1_162' title='bbox 1266 919 1370 982; x_wconf 93' lang='lat' dir='ltr'><strong>lndiis.</strong></span> <span class='ocrx_word' id='word_1_163' title='bbox 1396 920 1465 982; x_wconf 78' lang='grc'><strong>151.</strong></span> 
     </span>
    </p>

    <p class='ocr_par' dir='ltr' id='par_1_10' title="bbox 1151 1011 1904 1917">
     <span class='ocr_line' id='line_1_36' title="bbox 1151 1011 1903 1081; baseline 0.011 -8"><span class='ocrx_word' id='word_1_164' title='bbox 1151 1011 1260 1076; x_wconf 86' lang='lat' dir='ltr'><strong>Llllll.</strong></span> <span class='ocrx_word' id='word_1_165' title='bbox 1281 1013 1494 1076; x_wconf 73' lang='lat' dir='ltr'><strong>ambitionem</strong></span> <span class='ocrx_word' id='word_1_166' title='bbox 1508 1029 1657 1079; x_wconf 79' lang='lat' dir='ltr'><strong>execrans</strong></span> <span class='ocrx_word' id='word_1_167' title='bbox 1668 1015 1827 1079; x_wconf 90' lang='lat' dir='ltr'><strong>cuiusdam</strong></span> <span class='ocrx_word' id='word_1_168' title='bbox 1837 1033 1903 1081; x_wconf 89' lang='lat' dir='ltr'><strong>mo·</strong></span> 
     </span>
     <span class='ocr_line' id='line_1_37' title="bbox 1213 1105 1903 1187; baseline 0.007 -19"><span class='ocrx_word' id='word_1_169' title='bbox 1213 1105 1302 1169; x_wconf 89' lang='lat' dir='ltr'><strong>uachi</strong></span> <span class='ocrx_word' id='word_1_170' title='bbox 1325 1106 1408 1184; x_wconf 82' lang='lat' dir='ltr'><strong>Syri,</strong></span> <span class='ocrx_word' id='word_1_171' title='bbox 1430 1107 1485 1186; x_wconf 91' lang='lat' dir='ltr'><strong>qui</strong></span> <span class='ocrx_word' id='word_1_172' title='bbox 1505 1107 1542 1172; x_wconf 92' lang='lat' dir='ltr'><strong>ab</strong></span> <span class='ocrx_word' id='word_1_173' title='bbox 1563 1107 1681 1187; x_wconf 80' lang='lat' dir='ltr'><strong>aliquot</strong></span> <span class='ocrx_word' id='word_1_174' title='bbox 1709 1110 1903 1173; x_wconf 86' lang='lat' dir='ltr'><strong>Damascenis</strong></span> 
     </span>
     <span class='ocr_line' id='line_1_38' title="bbox 1211 1199 1903 1282; baseline 0.01 -21"><span class='ocrx_word' id='word_1_175' title='bbox 1211 1215 1244 1262; x_wconf 88' lang='lat' dir='ltr'><strong>se</strong></span> <span class='ocrx_word' id='word_1_176' title='bbox 1266 1199 1300 1262; x_wconf 93' lang='lat' dir='ltr'><strong>in</strong></span> <span class='ocrx_word' id='word_1_177' title='bbox 1322 1201 1594 1281; x_wconf 80' lang='lat' dir='ltr'><strong>archiepiscopum</strong></span> <span class='ocrx_word' id='word_1_178' title='bbox 1624 1201 1710 1281; x_wconf 89' lang='lat' dir='ltr'><strong>eligi,</strong></span> <span class='ocrx_word' id='word_1_179' title='bbox 1740 1212 1773 1265; x_wconf 87' lang='lat' dir='ltr'><strong>et</strong></span> <span class='ocrx_word' id='word_1_180' title='bbox 1799 1213 1903 1282; x_wconf 89' lang='lat' dir='ltr'><strong>postea</strong></span> 
     </span>
     <span class='ocr_line' id='line_1_39' title="bbox 1212 1293 1904 1378; baseline 0.007 -23"><span class='ocrx_word' id='word_1_181' title='bbox 1212 1293 1384 1378; x_wconf 89' lang='lat' dir='ltr'><strong>consecrari</strong></span> <span class='ocrx_word' id='word_1_182' title='bbox 1415 1295 1529 1358; x_wconf 90' lang='lat' dir='ltr'><strong>lecerat</strong></span> <span class='ocrx_word' id='word_1_183' title='bbox 1560 1294 1718 1358; x_wconf 90' lang='lat' dir='ltr'><strong>aduobus</strong></span> <span class='ocrx_word' id='word_1_184' title='bbox 1748 1297 1904 1376; x_wconf 84' lang='lat' dir='ltr'><strong>Episcopis</strong></span> 
     </span>
     <span class='ocr_line' id='line_1_40' title="bbox 1212 1387 1902 1467; baseline 0.01 -20"><span class='ocrx_word' id='word_1_185' title='bbox 1212 1387 1497 1464; x_wconf 85' lang='lat' dir='ltr'><strong>graeco-melchitis</strong></span> <span class='ocrx_word' id='word_1_186' title='bbox 1526 1388 1587 1451; x_wconf 93' lang='lat' dir='ltr'><strong>iam</strong></span> <span class='ocrx_word' id='word_1_187' title='bbox 1615 1391 1902 1467; x_wconf 82' lang='lat' dir='ltr'><strong>excommunicatis,</strong></span> 
     </span>
     <span class='ocr_line' id='line_1_41' title="bbox 1213 1479 1904 1562; baseline 0.01 -21"><span class='ocrx_word' id='word_1_188' title='bbox 1213 1479 1450 1561; x_wconf 76' lang='lat' dir='ltr'><strong>archiepiscopo</strong></span> <span class='ocrx_word' id='word_1_189' title='bbox 1461 1481 1740 1560; x_wconf 83' lang='lat' dir='ltr'><strong>Hierosolymitano</strong></span> <span class='ocrx_word' id='word_1_190' title='bbox 1752 1484 1904 1562; x_wconf 81' lang='lat' dir='ltr'><strong>Syrorum</strong></span> 
     </span>
     <span class='ocr_line' id='line_1_42' title="bbox 1212 1573 1902 1654; baseline 0.007 -20"><span class='ocrx_word' id='word_1_191' title='bbox 1212 1581 1306 1652; x_wconf 90' lang='lat' dir='ltr'><strong>atque</strong></span> <span class='ocrx_word' id='word_1_192' title='bbox 1326 1573 1393 1636; x_wconf 89' lang='lat' dir='ltr'><strong>eius</strong></span> <span class='ocrx_word' id='word_1_193' title='bbox 1424 1573 1506 1637; x_wconf 89' lang='lat' dir='ltr'><strong>clero</strong></span> <span class='ocrx_word' id='word_1_194' title='bbox 1528 1579 1560 1636; x_wconf 92' lang='lat' dir='ltr'><strong>et</strong></span> <span class='ocrx_word' id='word_1_195' title='bbox 1581 1574 1694 1654; x_wconf 92' lang='lat' dir='ltr'><strong>populo</strong></span> <span class='ocrx_word' id='word_1_196' title='bbox 1723 1575 1902 1653; x_wconf 90' lang='lat' dir='ltr'><strong>denunciat,</strong></span> 
     </span>
     <span class='ocr_line' id='line_1_43' title="bbox 1213 1671 1904 1745; baseline 0.009 -18"><span class='ocrx_word' id='word_1_197' title='bbox 1213 1671 1277 1727; x_wconf 92' lang='lat' dir='ltr'><strong>tam</strong></span> <span class='ocrx_word' id='word_1_198' title='bbox 1289 1673 1506 1730; x_wconf 90' lang='lat' dir='ltr'><strong>consecratum</strong></span> <span class='ocrx_word' id='word_1_199' title='bbox 1520 1683 1614 1745; x_wconf 92' lang='lat' dir='ltr'><strong>quam</strong></span> <span class='ocrx_word' id='word_1_200' title='bbox 1624 1677 1839 1732; x_wconf 89' lang='lat' dir='ltr'><strong>consecrantes</strong></span> <span class='ocrx_word' id='word_1_201' title='bbox 1850 1687 1904 1733; x_wconf 87' lang='grc'><strong>11·</strong></span> 
     </span>
     <span class='ocr_line' id='line_1_44' title="bbox 1212 1760 1903 1842; baseline 0.01 -21"><span class='ocrx_word' id='word_1_202' title='bbox 1212 1760 1457 1822; x_wconf 89' lang='lat' dir='ltr'><strong>communicatos</strong></span> <span class='ocrx_word' id='word_1_203' title='bbox 1488 1777 1569 1836; x_wconf 88' lang='lat' dir='ltr'><strong>esse,</strong></span> <span class='ocrx_word' id='word_1_204' title='bbox 1600 1761 1639 1823; x_wconf 93' lang='lat' dir='ltr'><strong>ab</strong></span> <span class='ocrx_word' id='word_1_205' title='bbox 1668 1761 1767 1842; x_wconf 91' lang='lat' dir='ltr'><strong>iisque</strong></span> <span class='ocrx_word' id='word_1_206' title='bbox 1795 1779 1903 1828; x_wconf 88' lang='lat' dir='ltr'><strong>cavere</strong></span> 
     </span>
     <span class='ocr_line' id='line_1_45' title="bbox 1213 1853 1557 1917; baseline 0.009 -3"><span class='ocrx_word' id='word_1_207' title='bbox 1213 1868 1321 1914; x_wconf 90' lang='lat' dir='ltr'><strong>omnes</strong></span> <span class='ocrx_word' id='word_1_208' title='bbox 1343 1853 1465 1916; x_wconf 90' lang='lat' dir='ltr'><strong>debere.</strong></span> <span class='ocrx_word' id='word_1_209' title='bbox 1491 1853 1557 1917; x_wconf 79' lang='grc'><strong>111.</strong></span> 
     </span>
    </p>

    <p class='ocr_par' dir='ltr' id='par_1_11' title="bbox 1154 1945 1906 2852">
     <span class='ocr_line' id='line_1_46' title="bbox 1154 1945 1903 2026; baseline 0.012 -20"><span class='ocrx_word' id='word_1_210' title='bbox 1154 1945 1247 2008; x_wconf 80' lang='lat' dir='ltr'><strong>Lxx.</strong></span> <span class='ocrx_word' id='word_1_211' title='bbox 1272 1945 1512 2023; x_wconf 74' lang='lat' dir='ltr'><strong>congregationi</strong></span> <span class='ocrx_word' id='word_1_212' title='bbox 1533 1947 1787 2026; x_wconf 77' lang='lat' dir='ltr'><strong>presbyterorum</strong></span> <span class='ocrx_word' id='word_1_213' title='bbox 1800 1967 1903 2014; x_wconf 91' lang='lat' dir='ltr'><strong>saecu-</strong></span> 
     </span>
     <span class='ocr_line' id='line_1_47' title="bbox 1215 2038 1904 2122; baseline 0.01 -20"><span class='ocrx_word' id='word_1_214' title='bbox 1215 2040 1329 2102; x_wconf 90' lang='lat' dir='ltr'><strong>larium</strong></span> <span class='ocrx_word' id='word_1_215' title='bbox 1349 2038 1481 2103; x_wconf 87' lang='lat' dir='ltr'><strong>Oratorii</strong></span> <span class='ocrx_word' id='word_1_216' title='bbox 1496 2041 1600 2104; x_wconf 90' lang='lat' dir='ltr'><strong>Sancti</strong></span> <span class='ocrx_word' id='word_1_217' title='bbox 1616 2039 1747 2122; x_wconf 88' lang='lat' dir='ltr'><strong>Philippi</strong></span> <span class='ocrx_word' id='word_1_218' title='bbox 1762 2044 1849 2108; x_wconf 90' lang='lat' dir='ltr'><strong>Nerii</strong></span> <span class='ocrx_word' id='word_1_219' title='bbox 1862 2047 1904 2109; x_wconf 85' lang='lat' dir='ltr'><strong>ci-</strong></span> 
     </span>
     <span class='ocr_line' id='line_1_48' title="bbox 1215 2134 1905 2202; baseline 0.012 -8"><span class='ocrx_word' id='word_1_220' title='bbox 1215 2134 1319 2195; x_wconf 90' lang='lat' dir='ltr'><strong>vitatis</strong></span> <span class='ocrx_word' id='word_1_221' title='bbox 1339 2134 1443 2197; x_wconf 89' lang='lat' dir='ltr'><strong>Sancti</strong></span> <span class='ocrx_word' id='word_1_222' title='bbox 1459 2134 1612 2196; x_wconf 88' lang='lat' dir='ltr'><strong>Michaelis</strong></span> <span class='ocrx_word' id='word_1_223' title='bbox 1626 2135 1809 2200; x_wconf 89' lang='lat' dir='ltr'><strong>Mechoauae</strong></span> <span class='ocrx_word' id='word_1_224' title='bbox 1823 2139 1905 2202; x_wconf 91' lang='lat' dir='ltr'><strong>dioe-</strong></span> 
     </span>
     <span class='ocr_line' id='line_1_49' title="bbox 1214 2226 1906 2310; baseline 0.01 -20"><span class='ocrx_word' id='word_1_225' title='bbox 1214 2227 1290 2290; x_wconf 89' lang='lat' dir='ltr'><strong>cesis</strong></span> <span class='ocrx_word' id='word_1_226' title='bbox 1311 2226 1585 2290; x_wconf 90' lang='lat' dir='ltr'><strong>communicantur</strong></span> <span class='ocrx_word' id='word_1_227' title='bbox 1605 2228 1769 2308; x_wconf 88' lang='lat' dir='ltr'><strong>pririlegia</strong></span> <span class='ocrx_word' id='word_1_228' title='bbox 1790 2239 1822 2294; x_wconf 88' lang='lat' dir='ltr'><strong>et</strong></span> <span class='ocrx_word' id='word_1_229' title='bbox 1837 2247 1906 2310; x_wconf 86' lang='lat' dir='ltr'><strong>gra·</strong></span> 
     </span>
     <span class='ocr_line' id='line_1_50' title="bbox 1216 2319 1904 2399; baseline 0.012 -19"><span class='ocrx_word' id='word_1_230' title='bbox 1216 2320 1275 2381; x_wconf 91' lang='lat' dir='ltr'><strong>tiae</strong></span> <span class='ocrx_word' id='word_1_231' title='bbox 1294 2319 1470 2398; x_wconf 90' lang='lat' dir='ltr'><strong>spirituales</strong></span> <span class='ocrx_word' id='word_1_232' title='bbox 1490 2320 1678 2399; x_wconf 77' lang='lat' dir='ltr'><strong>presbyteris</strong></span> <span class='ocrx_word' id='word_1_233' title='bbox 1698 2323 1904 2388; x_wconf 89' lang='lat' dir='ltr'><strong>saecularibus</strong></span> 
     </span>
     <span class='ocr_line' id='line_1_51' title="bbox 1215 2411 1905 2490; baseline 0.01 -16"><span class='ocrx_word' id='word_1_234' title='bbox 1215 2411 1355 2476; x_wconf 90' lang='lat' dir='ltr'><strong>eiusdem</strong></span> <span class='ocrx_word' id='word_1_235' title='bbox 1376 2413 1631 2490; x_wconf 89' lang='lat' dir='ltr'><strong>congregationis</strong></span> <span class='ocrx_word' id='word_1_236' title='bbox 1663 2415 1773 2478; x_wconf 89' lang='lat' dir='ltr'><strong>Beatae</strong></span> <span class='ocrx_word' id='word_1_237' title='bbox 1794 2416 1905 2482; x_wconf 92' lang='lat' dir='ltr'><strong>Mariae</strong></span> 
     </span>
     <span class='ocr_line' id='line_1_52' title="bbox 1213 2505 1904 2587; baseline 0.012 -21"><span class='ocrx_word' id='word_1_238' title='bbox 1213 2512 1244 2567; x_wconf 92' lang='lat' dir='ltr'><strong>et</strong></span> <span class='ocrx_word' id='word_1_239' title='bbox 1266 2505 1409 2582; x_wconf 85' lang='lat' dir='ltr'><strong>Gregorii</strong></span> <span class='ocrx_word' id='word_1_240' title='bbox 1430 2507 1462 2568; x_wconf 93' lang='lat' dir='ltr'><strong>in</strong></span> <span class='ocrx_word' id='word_1_241' title='bbox 1485 2507 1641 2570; x_wconf 73' lang='lat' dir='ltr'><strong>vallicella</strong></span> <span class='ocrx_word' id='word_1_242' title='bbox 1664 2507 1701 2570; x_wconf 91' lang='lat' dir='ltr'><strong>de</strong></span> <span class='ocrx_word' id='word_1_243' title='bbox 1722 2508 1815 2587; x_wconf 90' lang='lat' dir='ltr'><strong>Urbe,</strong></span> <span class='ocrx_word' id='word_1_244' title='bbox 1831 2528 1904 2576; x_wconf 91' lang='lat' dir='ltr'><strong>con·</strong></span> 
     </span>
     <span class='ocr_line' id='line_1_53' title="bbox 1216 2600 1904 2684; baseline 0.01 -22"><span class='ocrx_word' id='word_1_245' title='bbox 1216 2615 1315 2662; x_wconf 90' lang='lat' dir='ltr'><strong>cessae</strong></span> <span class='ocrx_word' id='word_1_246' title='bbox 1336 2618 1352 2663; x_wconf 91' lang='grc'><strong>1</strong></span> <span class='ocrx_word' id='word_1_247' title='bbox 1373 2600 1468 2663; x_wconf 92' lang='lat' dir='ltr'><strong>felicis</strong></span> <span class='ocrx_word' id='word_1_248' title='bbox 1497 2604 1715 2668; x_wconf 89' lang='lat' dir='ltr'><strong>recordatiouis</strong></span> <span class='ocrx_word' id='word_1_249' title='bbox 1737 2605 1830 2668; x_wconf 90' lang='lat' dir='ltr'><strong>Paulo</strong></span> <span class='ocrx_word' id='word_1_250' title='bbox 1855 2606 1904 2684; x_wconf 72' lang='lat' dir='ltr'><strong>ll,</strong></span> 
     </span>
     <span class='ocr_line' id='line_1_54' title="bbox 1215 2691 1906 2778; baseline 0.01 -24"><span class='ocrx_word' id='word_1_251' title='bbox 1215 2691 1366 2770; x_wconf 85' lang='lat' dir='ltr'><strong>Gregorio</strong></span> <span class='ocrx_word' id='word_1_252' title='bbox 1398 2694 1479 2768; x_wconf 82' lang='lat' dir='ltr'><strong>xv..</strong></span> <span class='ocrx_word' id='word_1_253' title='bbox 1510 2695 1635 2759; x_wconf 91' lang='lat' dir='ltr'><strong>Urbano</strong></span> <span class='ocrx_word' id='word_1_254' title='bbox 1666 2695 1744 2762; x_wconf 83' lang='lat' dir='ltr'><strong>Vlll.</strong></span> <span class='ocrx_word' id='word_1_255' title='bbox 1777 2698 1906 2778; x_wconf 90' lang='lat' dir='ltr'><strong>aliisque</strong></span> 
     </span>
     <span class='ocr_line' id='line_1_55' title="bbox 1214 2786 1525 2852; baseline 0.006 -4"><span class='ocrx_word' id='word_1_256' title='bbox 1214 2786 1426 2850; x_wconf 86' lang='lat' dir='ltr'><strong>Pontificibus.</strong></span> <span class='ocrx_word' id='word_1_257' title='bbox 1451 2789 1525 2852; x_wconf 91' lang='lat' dir='ltr'><strong>lbid.</strong></span> 
     </span>
    </p>

    <p class='ocr_par' dir='ltr' id='par_1_12' title="bbox 1155 2879 1907 3335">
     <span class='ocr_line' id='line_1_56' title="bbox 1155 2879 1906 2962; baseline 0.015 -21"><span class='ocrx_word' id='word_1_258' title='bbox 1155 2879 1262 2944; x_wconf 84' lang='lat' dir='ltr'><strong>Llilll.</strong></span> <span class='ocrx_word' id='word_1_259' title='bbox 1286 2881 1373 2945; x_wconf 77' lang='lat' dir='ltr'><strong>iuxta</strong></span> <span class='ocrx_word' id='word_1_260' title='bbox 1401 2882 1597 2962; x_wconf 88' lang='lat' dir='ltr'><strong>disciplinam</strong></span> <span class='ocrx_word' id='word_1_261' title='bbox 1618 2884 1771 2948; x_wconf 85' lang='lat' dir='ltr'><strong>Ecclesiae</strong></span> <span class='ocrx_word' id='word_1_262' title='bbox 1792 2904 1808 2949; x_wconf 90' lang='grc'><strong>1</strong></span> <span class='ocrx_word' id='word_1_263' title='bbox 1830 2890 1906 2952; x_wconf 92' lang='lat' dir='ltr'><strong>cun·</strong></span> 
     </span>
     <span class='ocr_line' id='line_1_57' title="bbox 1215 2976 1907 3046; baseline 0.012 -8"><span class='ocrx_word' id='word_1_264' title='bbox 1215 2976 1286 3039; x_wconf 90' lang='grc'><strong>01110</strong></span> <span class='ocrx_word' id='word_1_265' title='bbox 1317 2976 1517 3038; x_wconf 79' lang='lat' dir='ltr'><strong>lateranensi</strong></span> <span class='ocrx_word' id='word_1_266' title='bbox 1547 2976 1600 3040; x_wconf 80' lang='lat' dir='ltr'><strong>tv.</strong></span> <span class='ocrx_word' id='word_1_267' title='bbox 1632 2979 1847 3046; x_wconf 87' lang='lat' dir='ltr'><strong>confirmatam</strong></span> <span class='ocrx_word' id='word_1_268' title='bbox 1875 2991 1907 3046; x_wconf 89' lang='lat' dir='ltr'><strong>et</strong></span> 
     </span>
     <span class='ocr_line' id='line_1_58' title="bbox 1216 3069 1907 3151; baseline 0.007 -19"><span class='ocrx_word' id='word_1_269' title='bbox 1216 3077 1354 3132; x_wconf 89' lang='lat' dir='ltr'><strong>mentem</strong></span> <span class='ocrx_word' id='word_1_270' title='bbox 1370 3069 1486 3132; x_wconf 88' lang='lat' dir='ltr'><strong>Bened.</strong></span> <span class='ocrx_word' id='word_1_271' title='bbox 1501 3069 1582 3134; x_wconf 85' lang='lat' dir='ltr'><strong>lllll.</strong></span> <span class='ocrx_word' id='word_1_272' title='bbox 1596 3073 1807 3150; x_wconf 90' lang='lat' dir='ltr'><strong>episcopatum</strong></span> <span class='ocrx_word' id='word_1_273' title='bbox 1821 3089 1907 3151; x_wconf 87' lang='lat' dir='ltr'><strong>grae-</strong></span> 
     </span>
     <span class='ocr_line' id='line_1_59' title="bbox 1217 3163 1906 3244; baseline 0.006 -18"><span class='ocrx_word' id='word_1_274' title='bbox 1217 3163 1244 3226; x_wconf 93' lang='lat' dir='ltr'><strong>ci</strong></span> <span class='ocrx_word' id='word_1_275' title='bbox 1265 3163 1344 3227; x_wconf 92' lang='lat' dir='ltr'><strong>ritus</strong></span> <span class='ocrx_word' id='word_1_276' title='bbox 1366 3163 1399 3224; x_wconf 90' lang='lat' dir='ltr'><strong>in</strong></span> <span class='ocrx_word' id='word_1_277' title='bbox 1421 3163 1596 3242; x_wconf 89' lang='lat' dir='ltr'><strong>Huugariae</strong></span> <span class='ocrx_word' id='word_1_278' title='bbox 1617 3180 1715 3242; x_wconf 89' lang='lat' dir='ltr'><strong>ragno</strong></span> <span class='ocrx_word' id='word_1_279' title='bbox 1728 3167 1808 3244; x_wconf 91' lang='lat' dir='ltr'><strong>erigi</strong></span> <span class='ocrx_word' id='word_1_280' title='bbox 1828 3166 1906 3230; x_wconf 90' lang='lat' dir='ltr'><strong>baud</strong></span> 
     </span>
     <span class='ocr_line' id='line_1_60' title="bbox 1217 3255 1474 3335; baseline -0.012 -15"><span class='ocrx_word' id='word_1_281' title='bbox 1217 3256 1382 3335; x_wconf 89' lang='lat' dir='ltr'><strong>permittit.</strong></span> <span class='ocrx_word' id='word_1_282' title='bbox 1407 3255 1474 3319; x_wconf 79' lang='grc'><strong>154.</strong></span> 
     </span>
    </p>
   </div>
   <div class='ocr_carea' id='block_1_5' title="bbox 915 3488 1347 3563">
    <p class='ocr_par' dir='ltr' id='par_1_13' title="bbox 915 3488 1347 3563">
     <span class='ocr_line' id='line_1_61' title="bbox 915 3488 1347 3563; baseline 0.012 -5"><span class='ocrx_word' id='word_1_283' title='bbox 915 3488 1136 3563; x_wconf 72' lang='lat' dir='ltr'><strong>caederis</strong></span> <span class='ocrx_word' id='word_1_284' title='bbox 1160 3491 1228 3561; x_wconf 86' lang='lat' dir='ltr'><strong>PP.</strong></span> <span class='ocrx_word' id='word_1_285' title='bbox 1252 3491 1347 3563; x_wconf 82' lang='lat' dir='ltr'><strong>XIV.</strong></span> 
     </span>
    </p>
   </div>
   <div class='ocr_carea' id='block_1_6' title="bbox 355 3721 1109 5842">
    <p class='ocr_par' dir='ltr' id='par_1_14' title="bbox 356 3721 1105 4176">
     <span class='ocr_line' id='line_1_62' title="bbox 356 3721 1102 3806; baseline -0.005 -16"><span class='ocrx_word' id='word_1_286' title='bbox 356 3723 570 3790; x_wconf 78' lang='lat' dir='ltr'><strong>corsrrrurto</strong></span> <span class='ocrx_word' id='word_1_287' title='bbox 585 3721 607 3785; x_wconf 94' lang='lat' dir='ltr'><strong>l.</strong></span> <span class='ocrx_word' id='word_1_288' title='bbox 626 3721 795 3787; x_wconf 86' lang='lat' dir='ltr'><strong>coufirmat</strong></span> <span class='ocrx_word' id='word_1_289' title='bbox 809 3723 970 3787; x_wconf 88' lang='lat' dir='ltr'><strong>decretum</strong></span> <span class='ocrx_word' id='word_1_290' title='bbox 984 3723 1102 3806; x_wconf 82' lang='lat' dir='ltr'><strong>editum</strong></span> 
     </span>
     <span class='ocr_line' id='line_1_63' title="bbox 416 3817 1103 3894; baseline -0.003 -14"><span class='ocrx_word' id='word_1_291' title='bbox 416 3817 631 3880; x_wconf 90' lang='lat' dir='ltr'><strong>adelinitorio</strong></span> <span class='ocrx_word' id='word_1_292' title='bbox 661 3817 798 3894; x_wconf 89' lang='lat' dir='ltr'><strong>generali</strong></span> <span class='ocrx_word' id='word_1_293' title='bbox 827 3817 955 3880; x_wconf 91' lang='lat' dir='ltr'><strong>Minoris</strong></span> <span class='ocrx_word' id='word_1_294' title='bbox 981 3817 1103 3882; x_wconf 86' lang='lat' dir='ltr'><strong>Ordinis</strong></span> 
     </span>
     <span class='ocr_line' id='line_1_64' title="bbox 416 3909 1105 3991; baseline -0.006 -15"><span class='ocrx_word' id='word_1_295' title='bbox 416 3911 447 3976; x_wconf 91' lang='lat' dir='ltr'><strong>S.</strong></span> <span class='ocrx_word' id='word_1_296' title='bbox 471 3911 624 3974; x_wconf 82' lang='lat' dir='ltr'><strong>Francisci</strong></span> <span class='ocrx_word' id='word_1_297' title='bbox 645 3909 684 3971; x_wconf 91' lang='lat' dir='ltr'><strong>de</strong></span> <span class='ocrx_word' id='word_1_298' title='bbox 704 3909 904 3974; x_wconf 82' lang='lat' dir='ltr'><strong>observantia</strong></span> <span class='ocrx_word' id='word_1_299' title='bbox 928 3926 1022 3989; x_wconf 89' lang='lat' dir='ltr'><strong>super</strong></span> <span class='ocrx_word' id='word_1_300' title='bbox 1043 3913 1105 3991; x_wconf 93' lang='lat' dir='ltr'><strong>pri-</strong></span> 
     </span>
     <span class='ocr_line' id='line_1_65' title="bbox 414 4002 1105 4082; baseline -0.003 -16"><span class='ocrx_word' id='word_1_301' title='bbox 414 4003 537 4082; x_wconf 85' lang='lat' dir='ltr'><strong>vilegiis</strong></span> <span class='ocrx_word' id='word_1_302' title='bbox 556 4002 696 4066; x_wconf 81' lang='lat' dir='ltr'><strong>fruendis</strong></span> <span class='ocrx_word' id='word_1_303' title='bbox 716 4020 731 4064; x_wconf 89' lang='lat' dir='ltr'><strong>a</strong></span> <span class='ocrx_word' id='word_1_304' title='bbox 752 4002 950 4065; x_wconf 90' lang='lat' dir='ltr'><strong>Missionariis</strong></span> <span class='ocrx_word' id='word_1_305' title='bbox 963 4003 1105 4080; x_wconf 88' lang='lat' dir='ltr'><strong>degenti·</strong></span> 
     </span>
     <span class='ocr_line' id='line_1_66' title="bbox 415 4096 1067 4176; baseline -0.002 -16"><span class='ocrx_word' id='word_1_306' title='bbox 415 4097 527 4160; x_wconf 91' lang='lat' dir='ltr'><strong>busin</strong></span> <span class='ocrx_word' id='word_1_307' title='bbox 550 4097 688 4176; x_wconf 88' lang='lat' dir='ltr'><strong>partibus</strong></span> <span class='ocrx_word' id='word_1_308' title='bbox 709 4096 878 4159; x_wconf 91' lang='lat' dir='ltr'><strong>ludiarum.</strong></span> <span class='ocrx_word' id='word_1_309' title='bbox 902 4111 975 4175; x_wconf 80' lang='lat' dir='ltr'><strong>pap.</strong></span> <span class='ocrx_word' id='word_1_310' title='bbox 1000 4096 1067 4159; x_wconf 80' lang='grc'><strong>1117.</strong></span> 
     </span>
    </p>

    <p class='ocr_par' dir='ltr' id='par_1_15' title="bbox 355 4189 1105 4722">
     <span class='ocr_line' id='line_1_67' title="bbox 355 4189 1101 4254; baseline -0.003 0"><span class='ocrx_word' id='word_1_311' title='bbox 355 4191 392 4254; x_wconf 95' lang='lat' dir='ltr'><strong>ll.</strong></span> <span class='ocrx_word' id='word_1_312' title='bbox 409 4191 541 4254; x_wconf 91' lang='lat' dir='ltr'><strong>lnnovat</strong></span> <span class='ocrx_word' id='word_1_313' title='bbox 554 4195 585 4251; x_wconf 90' lang='lat' dir='ltr'><strong>et</strong></span> <span class='ocrx_word' id='word_1_314' title='bbox 599 4190 762 4252; x_wconf 87' lang='lat' dir='ltr'><strong>confirmat</strong></span> <span class='ocrx_word' id='word_1_315' title='bbox 777 4189 881 4252; x_wconf 86' lang='lat' dir='ltr'><strong>literas</strong></span> <span class='ocrx_word' id='word_1_316' title='bbox 896 4190 1011 4253; x_wconf 90' lang='lat' dir='ltr'><strong>Urbani</strong></span> <span class='ocrx_word' id='word_1_317' title='bbox 1023 4189 1101 4253; x_wconf 86' lang='lat' dir='ltr'><strong>lllll.</strong></span> 
     </span>
     <span class='ocr_line' id='line_1_68' title="bbox 415 4282 1104 4363; baseline 0 -17"><span class='ocrx_word' id='word_1_318' title='bbox 415 4302 431 4346; x_wconf 92' lang='lat' dir='ltr'><strong>a</strong></span> <span class='ocrx_word' id='word_1_319' title='bbox 453 4283 597 4363; x_wconf 92' lang='lat' dir='ltr'><strong>plurimis</strong></span> <span class='ocrx_word' id='word_1_320' title='bbox 617 4282 765 4345; x_wconf 82' lang='lat' dir='ltr'><strong>Romanis</strong></span> <span class='ocrx_word' id='word_1_321' title='bbox 779 4283 979 4346; x_wconf 84' lang='lat' dir='ltr'><strong>Pontificibus</strong></span> <span class='ocrx_word' id='word_1_322' title='bbox 992 4284 1104 4347; x_wconf 87' lang='lat' dir='ltr'><strong>confir·</strong></span> 
     </span>
     <span class='ocr_line' id='line_1_69' title="bbox 416 4375 1105 4454; baseline 0.001 -16"><span class='ocrx_word' id='word_1_323' title='bbox 416 4385 525 4451; x_wconf 89' lang='lat' dir='ltr'><strong>matas,</strong></span> <span class='ocrx_word' id='word_1_324' title='bbox 548 4391 603 4454; x_wconf 91' lang='lat' dir='ltr'><strong>per</strong></span> <span class='ocrx_word' id='word_1_325' title='bbox 623 4391 699 4453; x_wconf 90' lang='lat' dir='ltr'><strong>quas</strong></span> <span class='ocrx_word' id='word_1_326' title='bbox 728 4375 908 4453; x_wconf 89' lang='lat' dir='ltr'><strong>iniungitur</strong></span> <span class='ocrx_word' id='word_1_327' title='bbox 936 4376 1105 4441; x_wconf 85' lang='lat' dir='ltr'><strong>Ordinariis</strong></span> 
     </span>
     <span class='ocr_line' id='line_1_70' title="bbox 416 4468 1105 4547; baseline 0.001 -15"><span class='ocrx_word' id='word_1_328' title='bbox 416 4478 447 4532; x_wconf 92' lang='lat' dir='ltr'><strong>et</strong></span> <span class='ocrx_word' id='word_1_329' title='bbox 468 4468 665 4547; x_wconf 87' lang='lat' dir='ltr'><strong>generalibus</strong></span> <span class='ocrx_word' id='word_1_330' title='bbox 686 4469 845 4547; x_wconf 92' lang='lat' dir='ltr'><strong>ordinum,</strong></span> <span class='ocrx_word' id='word_1_331' title='bbox 862 4477 897 4532; x_wconf 92' lang='lat' dir='ltr'><strong>ut</strong></span> <span class='ocrx_word' id='word_1_332' title='bbox 911 4471 1105 4533; x_wconf 87' lang='lat' dir='ltr'><strong>necessitates</strong></span> 
     </span>
     <span class='ocr_line' id='line_1_71' title="bbox 416 4561 1105 4644; baseline 0.003 -18"><span class='ocrx_word' id='word_1_333' title='bbox 416 4571 517 4627; x_wconf 90' lang='lat' dir='ltr'><strong>terrae</strong></span> <span class='ocrx_word' id='word_1_334' title='bbox 546 4567 668 4626; x_wconf 90' lang='lat' dir='ltr'><strong>sanctae</strong></span> <span class='ocrx_word' id='word_1_335' title='bbox 690 4561 735 4624; x_wconf 91' lang='lat' dir='ltr'><strong>bis</strong></span> <span class='ocrx_word' id='word_1_336' title='bbox 758 4563 790 4624; x_wconf 92' lang='grc'><strong>11</strong></span> <span class='ocrx_word' id='word_1_337' title='bbox 811 4579 893 4626; x_wconf 89' lang='grc'><strong>1110</strong></span> <span class='ocrx_word' id='word_1_338' title='bbox 924 4566 1053 4644; x_wconf 91' lang='lat' dir='ltr'><strong>proponi</strong></span> <span class='ocrx_word' id='word_1_339' title='bbox 1074 4574 1105 4627; x_wconf 93' lang='lat' dir='ltr'><strong>et</strong></span> 
     </span>
     <span class='ocr_line' id='line_1_72' title="bbox 417 4653 867 4722; baseline -0.018 0"><span class='ocrx_word' id='word_1_340' title='bbox 417 4653 630 4722; x_wconf 90' lang='lat' dir='ltr'><strong>commendari</strong></span> <span class='ocrx_word' id='word_1_341' title='bbox 651 4663 772 4717; x_wconf 89' lang='lat' dir='ltr'><strong>curent.</strong></span> <span class='ocrx_word' id='word_1_342' title='bbox 799 4655 867 4717; x_wconf 81' lang='lat' dir='ltr'><strong>toa.</strong></span> 
     </span>
    </p>

    <p class='ocr_par' dir='ltr' id='par_1_16' title="bbox 356 4747 1106 5013">
     <span class='ocr_line' id='line_1_73' title="bbox 356 4747 1106 4829; baseline 0 -14"><span class='ocrx_word' id='word_1_343' title='bbox 356 4750 407 4816; x_wconf 93' lang='lat' dir='ltr'><strong>Ill.</strong></span> <span class='ocrx_word' id='word_1_344' title='bbox 431 4749 581 4815; x_wconf 90' lang='lat' dir='ltr'><strong>concedit</strong></span> <span class='ocrx_word' id='word_1_345' title='bbox 603 4748 671 4811; x_wconf 89' lang='lat' dir='ltr'><strong>Soc.</strong></span> <span class='ocrx_word' id='word_1_346' title='bbox 695 4747 775 4822; x_wconf 90' lang='lat' dir='ltr'><strong>lesu,</strong></span> <span class='ocrx_word' id='word_1_347' title='bbox 791 4757 826 4810; x_wconf 92' lang='lat' dir='ltr'><strong>ut</strong></span> <span class='ocrx_word' id='word_1_348' title='bbox 847 4766 919 4811; x_wconf 93' lang='lat' dir='ltr'><strong>suos</strong></span> <span class='ocrx_word' id='word_1_349' title='bbox 936 4750 1106 4829; x_wconf 82' lang='lat' dir='ltr'><strong>Religiosos</strong></span> 
     </span>
     <span class='ocr_line' id='line_1_74' title="bbox 419 4841 1106 4923; baseline 0.001 -17"><span class='ocrx_word' id='word_1_350' title='bbox 419 4845 545 4906; x_wconf 89' lang='lat' dir='ltr'><strong>mittere</strong></span> <span class='ocrx_word' id='word_1_351' title='bbox 558 4842 657 4904; x_wconf 85' lang='lat' dir='ltr'><strong>valeat</strong></span> <span class='ocrx_word' id='word_1_352' title='bbox 672 4841 708 4902; x_wconf 91' lang='lat' dir='ltr'><strong>ad</strong></span> <span class='ocrx_word' id='word_1_353' title='bbox 724 4841 903 4905; x_wconf 91' lang='lat' dir='ltr'><strong>catholicam</strong></span> <span class='ocrx_word' id='word_1_354' title='bbox 919 4845 1106 4923; x_wconf 79' lang='grc'><strong>111110111-</strong></span> 
     </span>
     <span class='ocr_line' id='line_1_75' title="bbox 416 4934 1103 5013; baseline -0.004 -13"><span class='ocrx_word' id='word_1_355' title='bbox 416 4937 577 5000; x_wconf 88' lang='lat' dir='ltr'><strong>dicandam</strong></span> <span class='ocrx_word' id='word_1_356' title='bbox 598 4936 631 4997; x_wconf 94' lang='lat' dir='ltr'><strong>in</strong></span> <span class='ocrx_word' id='word_1_357' title='bbox 653 4934 789 5013; x_wconf 90' lang='lat' dir='ltr'><strong>partibus</strong></span> <span class='ocrx_word' id='word_1_358' title='bbox 818 4935 1006 4999; x_wconf 87' lang='lat' dir='ltr'><strong>infidelium.</strong></span> <span class='ocrx_word' id='word_1_359' title='bbox 1030 4938 1103 5002; x_wconf 87' lang='lat' dir='ltr'><strong>lbid.</strong></span> 
     </span>
    </p>

    <p class='ocr_par' dir='ltr' id='par_1_17' title="bbox 357 5029 1109 5842">
     <span class='ocr_line' id='line_1_76' title="bbox 357 5029 1107 5106; baseline -0.005 -10"><span class='ocrx_word' id='word_1_360' title='bbox 357 5030 407 5096; x_wconf 86' lang='lat' dir='ltr'><strong>tv.</strong></span> <span class='ocrx_word' id='word_1_361' title='bbox 427 5029 553 5092; x_wconf 84' lang='lat' dir='ltr'><strong>Praevia</strong></span> <span class='ocrx_word' id='word_1_362' title='bbox 566 5029 745 5090; x_wconf 91' lang='lat' dir='ltr'><strong>avocatione</strong></span> <span class='ocrx_word' id='word_1_363' title='bbox 759 5045 878 5106; x_wconf 88' lang='lat' dir='ltr'><strong>causae,</strong></span> <span class='ocrx_word' id='word_1_364' title='bbox 889 5031 1107 5094; x_wconf 88' lang='lat' dir='ltr'><strong>commissariis</strong></span> 
     </span>
     <span class='ocr_line' id='line_1_77' title="bbox 417 5119 1106 5202; baseline 0.003 -16"><span class='ocrx_word' id='word_1_365' title='bbox 417 5119 613 5202; x_wconf 87' lang='lat' dir='ltr'><strong>generalibus</strong></span> <span class='ocrx_word' id='word_1_366' title='bbox 634 5119 793 5184; x_wconf 89' lang='lat' dir='ltr'><strong>ludiarum</strong></span> <span class='ocrx_word' id='word_1_367' title='bbox 814 5121 937 5196; x_wconf 81' lang='lat' dir='ltr'><strong>Ordinis</strong></span> <span class='ocrx_word' id='word_1_368' title='bbox 958 5123 990 5188; x_wconf 91' lang='lat' dir='ltr'><strong>S.</strong></span> <span class='ocrx_word' id='word_1_369' title='bbox 1012 5125 1106 5188; x_wconf 84' lang='lat' dir='ltr'><strong>Fran-</strong></span> 
     </span>
     <span class='ocr_line' id='line_1_78' title="bbox 416 5212 1106 5281; baseline -0.004 0"><span class='ocrx_word' id='word_1_370' title='bbox 416 5216 487 5281; x_wconf 91' lang='lat' dir='ltr'><strong>cisci</strong></span> <span class='ocrx_word' id='word_1_371' title='bbox 508 5214 546 5277; x_wconf 89' lang='lat' dir='ltr'><strong>da</strong></span> <span class='ocrx_word' id='word_1_372' title='bbox 567 5212 766 5277; x_wconf 80' lang='lat' dir='ltr'><strong>observantia</strong></span> <span class='ocrx_word' id='word_1_373' title='bbox 787 5214 819 5276; x_wconf 92' lang='lat' dir='ltr'><strong>in</strong></span> <span class='ocrx_word' id='word_1_374' title='bbox 846 5221 1005 5280; x_wconf 85' lang='lat' dir='ltr'><strong>conuentu</strong></span> <span class='ocrx_word' id='word_1_375' title='bbox 1025 5217 1106 5280; x_wconf 91' lang='lat' dir='ltr'><strong>eius-</strong></span> 
     </span>
     <span class='ocr_line' id='line_1_79' title="bbox 417 5305 1106 5386; baseline 0.003 -14"><span class='ocrx_word' id='word_1_376' title='bbox 417 5309 489 5372; x_wconf 90' lang='lat' dir='ltr'><strong>dem</strong></span> <span class='ocrx_word' id='word_1_377' title='bbox 511 5307 543 5372; x_wconf 85' lang='lat' dir='ltr'><strong>S.</strong></span> <span class='ocrx_word' id='word_1_378' title='bbox 566 5305 721 5369; x_wconf 81' lang='lat' dir='ltr'><strong>Francisci</strong></span> <span class='ocrx_word' id='word_1_379' title='bbox 750 5309 853 5386; x_wconf 92' lang='lat' dir='ltr'><strong>oppidi</strong></span> <span class='ocrx_word' id='word_1_380' title='bbox 882 5310 996 5373; x_wconf 88' lang='lat' dir='ltr'><strong>Matriti</strong></span> <span class='ocrx_word' id='word_1_381' title='bbox 1018 5310 1106 5374; x_wconf 81' lang='lat' dir='ltr'><strong>Pole-</strong></span> 
     </span>
     <span class='ocr_line' id='line_1_80' title="bbox 416 5399 1107 5480; baseline 0.004 -15"><span class='ocrx_word' id='word_1_382' title='bbox 416 5410 506 5465; x_wconf 91' lang='lat' dir='ltr'><strong>tanae</strong></span> <span class='ocrx_word' id='word_1_383' title='bbox 525 5399 672 5463; x_wconf 85' lang='lat' dir='ltr'><strong>dioecesis</strong></span> <span class='ocrx_word' id='word_1_384' title='bbox 686 5415 743 5478; x_wconf 91' lang='lat' dir='ltr'><strong>pro</strong></span> <span class='ocrx_word' id='word_1_385' title='bbox 758 5406 898 5480; x_wconf 90' lang='lat' dir='ltr'><strong>tempore</strong></span> <span class='ocrx_word' id='word_1_386' title='bbox 912 5419 1107 5468; x_wconf 87' lang='lat' dir='ltr'><strong>commoran·</strong></span> 
     </span>
     <span class='ocr_line' id='line_1_81' title="bbox 419 5492 1107 5571; baseline 0.01 -13"><span class='ocrx_word' id='word_1_387' title='bbox 419 5497 501 5560; x_wconf 92' lang='lat' dir='ltr'><strong>tibus</strong></span> <span class='ocrx_word' id='word_1_388' title='bbox 518 5492 661 5571; x_wconf 86' lang='lat' dir='ltr'><strong>indulget</strong></span> <span class='ocrx_word' id='word_1_389' title='bbox 675 5495 906 5558; x_wconf 90' lang='lat' dir='ltr'><strong>communicare</strong></span> <span class='ocrx_word' id='word_1_390' title='bbox 918 5513 990 5559; x_wconf 92' lang='lat' dir='ltr'><strong>suos</strong></span> <span class='ocrx_word' id='word_1_391' title='bbox 1004 5498 1107 5564; x_wconf 94' lang='lat' dir='ltr'><strong>subdi·</strong></span> 
     </span>
     <span class='ocr_line' id='line_1_82' title="bbox 417 5585 1107 5670; baseline 0.003 -17"><span class='ocrx_word' id='word_1_392' title='bbox 417 5599 465 5653; x_wconf 88' lang='lat' dir='ltr'><strong>tos</strong></span> <span class='ocrx_word' id='word_1_393' title='bbox 479 5587 555 5650; x_wconf 85' lang='lat' dir='ltr'><strong>feria</strong></span> <span class='ocrx_word' id='word_1_394' title='bbox 569 5585 605 5650; x_wconf 84' lang='lat' dir='ltr'><strong>tl.</strong></span> <span class='ocrx_word' id='word_1_395' title='bbox 623 5587 655 5648; x_wconf 91' lang='lat' dir='ltr'><strong>in</strong></span> <span class='ocrx_word' id='word_1_396' title='bbox 672 5588 773 5651; x_wconf 92' lang='lat' dir='ltr'><strong>coena</strong></span> <span class='ocrx_word' id='word_1_397' title='bbox 787 5587 912 5652; x_wconf 86' lang='lat' dir='ltr'><strong>Domini</strong></span> <span class='ocrx_word' id='word_1_398' title='bbox 927 5589 960 5652; x_wconf 92' lang='grc'><strong>11</strong></span> <span class='ocrx_word' id='word_1_399' title='bbox 974 5592 1107 5670; x_wconf 91' lang='lat' dir='ltr'><strong>cappella</strong></span> 
     </span>
     <span class='ocr_line' id='line_1_83' title="bbox 418 5683 1109 5766; baseline 0.001 -19"><span class='ocrx_word' id='word_1_400' title='bbox 418 5685 537 5766; x_wconf 87' lang='lat' dir='ltr'><strong>privata</strong></span> <span class='ocrx_word' id='word_1_401' title='bbox 568 5683 642 5746; x_wconf 87' lang='lat' dir='ltr'><strong>dicti</strong></span> <span class='ocrx_word' id='word_1_402' title='bbox 671 5691 855 5760; x_wconf 91' lang='lat' dir='ltr'><strong>conventus,</strong></span> <span class='ocrx_word' id='word_1_403' title='bbox 879 5699 957 5762; x_wconf 90' lang='lat' dir='ltr'><strong>quae</strong></span> <span class='ocrx_word' id='word_1_404' title='bbox 988 5685 1109 5763; x_wconf 92' lang='lat' dir='ltr'><strong>publica</strong></span> 
     </span>
     <span class='ocr_line' id='line_1_84' title="bbox 418 5773 693 5842; baseline -0.015 0"><span class='ocrx_word' id='word_1_405' title='bbox 418 5777 599 5842; x_wconf 88' lang='lat' dir='ltr'><strong>declaratur.</strong></span> <span class='ocrx_word' id='word_1_406' title='bbox 625 5773 693 5840; x_wconf 81' lang='lat' dir='ltr'><strong>toa.</strong></span> 
     </span>
    </p>
   </div>
   <div class='ocr_carea' id='block_1_7' title="bbox 360 5849 1109 5954">
    <p class='ocr_par' dir='ltr' id='par_1_18' title="bbox 360 5849 1109 5954">
     <span class='ocr_line' id='line_1_85' title="bbox 360 5849 1109 5954; baseline -0.008 -10"><span class='ocrx_word' id='word_1_407' title='bbox 360 5867 604 5954; x_wconf 69' lang='grc'><strong>11001011,</strong></span> <span class='ocrx_word' id='word_1_408' title='bbox 637 5869 749 5954; x_wconf 86' lang='lat' dir='ltr'><strong>gratias</strong></span> <span class='ocrx_word' id='word_1_409' title='bbox 780 5849 963 5941; x_wconf 78' lang='grc'><strong>0111110111</strong></span> <span class='ocrx_word' id='word_1_410' title='bbox 991 5871 1064 5940; x_wconf 88' lang='lat' dir='ltr'><strong>alias</strong></span> <span class='ocrx_word' id='word_1_411' title='bbox 1092 5887 1109 5938; x_wconf 90' lang='lat' dir='ltr'><strong>a</strong></span> 
     </span>
    </p>
   </div>
   <div class='ocr_carea' id='block_1_8' title="bbox 1159 3726 1911 4456">
    <p class='ocr_par' dir='ltr' id='par_1_19' title="bbox 1216 3726 1908 3990">
     <span class='ocr_line' id='line_1_86' title="bbox 1216 3726 1908 3808; baseline 0.01 -22"><span class='ocrx_word' id='word_1_412' title='bbox 1216 3726 1347 3788; x_wconf 88' lang='lat' dir='ltr'><strong>summis</strong></span> <span class='ocrx_word' id='word_1_413' title='bbox 1361 3726 1562 3794; x_wconf 87' lang='lat' dir='ltr'><strong>Pontificibus</strong></span> <span class='ocrx_word' id='word_1_414' title='bbox 1576 3727 1683 3792; x_wconf 87' lang='lat' dir='ltr'><strong>Ordiui</strong></span> <span class='ocrx_word' id='word_1_415' title='bbox 1698 3727 1730 3794; x_wconf 91' lang='lat' dir='ltr'><strong>S.</strong></span> <span class='ocrx_word' id='word_1_416' title='bbox 1743 3728 1829 3793; x_wconf 89' lang='lat' dir='ltr'><strong>Pauli</strong></span> <span class='ocrx_word' id='word_1_417' title='bbox 1844 3727 1908 3808; x_wconf 93' lang='lat' dir='ltr'><strong>pri-</strong></span> 
     </span>
     <span class='ocr_line' id='line_1_87' title="bbox 1216 3817 1908 3902; baseline 0.007 -21"><span class='ocrx_word' id='word_1_418' title='bbox 1216 3817 1260 3881; x_wconf 92' lang='lat' dir='ltr'><strong>mi</strong></span> <span class='ocrx_word' id='word_1_419' title='bbox 1282 3818 1438 3883; x_wconf 85' lang='lat' dir='ltr'><strong>cremitae</strong></span> <span class='ocrx_word' id='word_1_420' title='bbox 1459 3836 1612 3898; x_wconf 88' lang='lat' dir='ltr'><strong>concessa,</strong></span> <span class='ocrx_word' id='word_1_421' title='bbox 1628 3830 1779 3902; x_wconf 89' lang='lat' dir='ltr'><strong>perpetuo</strong></span> <span class='ocrx_word' id='word_1_422' title='bbox 1794 3825 1908 3888; x_wconf 89' lang='lat' dir='ltr'><strong>contir-</strong></span> 
     </span>
     <span class='ocr_line' id='line_1_88' title="bbox 1220 3913 1606 3990; baseline 0 -16"><span class='ocrx_word' id='word_1_423' title='bbox 1220 3917 1283 3974; x_wconf 89' lang='lat' dir='ltr'><strong>mat</strong></span> <span class='ocrx_word' id='word_1_424' title='bbox 1304 3919 1336 3973; x_wconf 89' lang='lat' dir='ltr'><strong>et</strong></span> <span class='ocrx_word' id='word_1_425' title='bbox 1357 3913 1514 3990; x_wconf 90' lang='lat' dir='ltr'><strong>approbat.</strong></span> <span class='ocrx_word' id='word_1_426' title='bbox 1540 3914 1606 3977; x_wconf 88' lang='grc'><strong>161.</strong></span> 
     </span>
    </p>

    <p class='ocr_par' dir='ltr' id='par_1_20' title="bbox 1159 4001 1911 4456">
     <span class='ocr_line' id='line_1_89' title="bbox 1159 4001 1906 4074; baseline 0.008 -9"><span class='ocrx_word' id='word_1_427' title='bbox 1159 4001 1310 4074; x_wconf 80' lang='grc'><strong>111.,[1111</strong></span> <span class='ocrx_word' id='word_1_428' title='bbox 1330 4005 1469 4070; x_wconf 85' lang='lat' dir='ltr'><strong>officium</strong></span> <span class='ocrx_word' id='word_1_429' title='bbox 1497 4007 1698 4070; x_wconf 92' lang='lat' dir='ltr'><strong>commissarii</strong></span> <span class='ocrx_word' id='word_1_430' title='bbox 1721 4008 1906 4074; x_wconf 90' lang='lat' dir='ltr'><strong>missionum</strong></span> 
     </span>
     <span class='ocr_line' id='line_1_90' title="bbox 1219 4097 1908 4176; baseline 0.012 -16"><span class='ocrx_word' id='word_1_431' title='bbox 1219 4097 1422 4174; x_wconf 88' lang='lat' dir='ltr'><strong>collegiorum</strong></span> <span class='ocrx_word' id='word_1_432' title='bbox 1444 4102 1480 4163; x_wconf 91' lang='lat' dir='ltr'><strong>de</strong></span> <span class='ocrx_word' id='word_1_433' title='bbox 1500 4101 1668 4176; x_wconf 80' lang='lat' dir='ltr'><strong>Quereraro</strong></span> <span class='ocrx_word' id='word_1_434' title='bbox 1689 4104 1908 4168; x_wconf 83' lang='grc'><strong>0111110111·</strong></span> 
     </span>
     <span class='ocr_line' id='line_1_91' title="bbox 1219 4189 1909 4270; baseline 0.01 -18"><span class='ocrx_word' id='word_1_435' title='bbox 1219 4207 1267 4253; x_wconf 90' lang='lat' dir='ltr'><strong>cas</strong></span> <span class='ocrx_word' id='word_1_436' title='bbox 1287 4207 1360 4254; x_wconf 93' lang='lat' dir='ltr'><strong>cum</strong></span> <span class='ocrx_word' id='word_1_437' title='bbox 1380 4189 1571 4270; x_wconf 76' lang='lat' dir='ltr'><strong>praefectura</strong></span> <span class='ocrx_word' id='word_1_438' title='bbox 1593 4197 1775 4259; x_wconf 89' lang='lat' dir='ltr'><strong>earumdem</strong></span> <span class='ocrx_word' id='word_1_439' title='bbox 1789 4198 1909 4261; x_wconf 91' lang='lat' dir='ltr'><strong>missio-</strong></span> 
     </span>
     <span class='ocr_line' id='line_1_92' title="bbox 1219 4286 1911 4369; baseline 0.01 -23"><span class='ocrx_word' id='word_1_440' title='bbox 1219 4299 1315 4361; x_wconf 74' lang='lat' dir='ltr'><strong>num,</strong></span> <span class='ocrx_word' id='word_1_441' title='bbox 1338 4293 1369 4347; x_wconf 93' lang='lat' dir='ltr'><strong>et</strong></span> <span class='ocrx_word' id='word_1_442' title='bbox 1389 4286 1530 4348; x_wconf 89' lang='lat' dir='ltr'><strong>concedit</strong></span> <span class='ocrx_word' id='word_1_443' title='bbox 1544 4287 1761 4351; x_wconf 90' lang='lat' dir='ltr'><strong>alternativam</strong></span> <span class='ocrx_word' id='word_1_444' title='bbox 1776 4305 1832 4369; x_wconf 92' lang='lat' dir='ltr'><strong>pro</strong></span> <span class='ocrx_word' id='word_1_445' title='bbox 1847 4290 1911 4352; x_wconf 91' lang='lat' dir='ltr'><strong>ele·</strong></span> 
     </span>
     <span class='ocr_line' id='line_1_93' title="bbox 1219 4377 1909 4456; baseline 0.009 -17"><span class='ocrx_word' id='word_1_446' title='bbox 1219 4378 1322 4439; x_wconf 88' lang='lat' dir='ltr'><strong>ctione</strong></span> <span class='ocrx_word' id='word_1_447' title='bbox 1352 4377 1496 4456; x_wconf 91' lang='lat' dir='ltr'><strong>praefecti</strong></span> <span class='ocrx_word' id='word_1_448' title='bbox 1524 4395 1580 4440; x_wconf 89' lang='lat' dir='ltr'><strong>seu</strong></span> <span class='ocrx_word' id='word_1_449' title='bbox 1607 4382 1809 4443; x_wconf 89' lang='lat' dir='ltr'><strong>commissarii</strong></span> <span class='ocrx_word' id='word_1_450' title='bbox 1837 4397 1909 4445; x_wconf 90' lang='lat' dir='ltr'><strong>cum</strong></span> 
     </span>
    </p>
   </div>
   <div class='ocr_carea' id='block_1_9' title="bbox 1219 4468 1959 4627">
    <p class='ocr_par' dir='ltr' id='par_1_21' title="bbox 1219 4468 1959 4627">
     <span class='ocr_line' id='line_1_94' title="bbox 1219 4468 1959 4552; baseline 0.009 -22"><span class='ocrx_word' id='word_1_451' title='bbox 1219 4468 1287 4531; x_wconf 92' lang='lat' dir='ltr'><strong>aliis</strong></span> <span class='ocrx_word' id='word_1_452' title='bbox 1308 4470 1445 4547; x_wconf 90' lang='lat' dir='ltr'><strong>collegiis</strong></span> <span class='ocrx_word' id='word_1_453' title='bbox 1476 4473 1662 4552; x_wconf 91' lang='lat' dir='ltr'><strong>nuncupatis</strong></span> <span class='ocrx_word' id='word_1_454' title='bbox 1683 4475 1721 4537; x_wconf 92' lang='lat' dir='ltr'><strong>de</strong></span> <span class='ocrx_word' id='word_1_455' title='bbox 1740 4475 1910 4538; x_wconf 82' lang='lat' dir='ltr'><strong>cuatimala</strong></span> <span class='ocrx_word' id='word_1_456' title='bbox 1955 4474 1959 4480; x_wconf 86' lang='lat'>&#39;</span> 
     </span>
     <span class='ocr_line' id='line_1_95' title="bbox 1220 4562 1526 4627; baseline 0.003 -3"><span class='ocrx_word' id='word_1_457' title='bbox 1220 4571 1251 4624; x_wconf 91' lang='lat' dir='ltr'><strong>et</strong></span> <span class='ocrx_word' id='word_1_458' title='bbox 1272 4562 1435 4626; x_wconf 87' lang='lat' dir='ltr'><strong>Mexicani.</strong></span> <span class='ocrx_word' id='word_1_459' title='bbox 1460 4564 1526 4627; x_wconf 79' lang='grc'><strong>161.</strong></span> 
     </span>
    </p>
   </div>
   <div class='ocr_carea' id='block_1_10' title="bbox 1161 4653 1930 5940">
    <p class='ocr_par' dir='ltr' id='par_1_22' title="bbox 1161 4653 1910 4922">
     <span class='ocr_line' id='line_1_96' title="bbox 1161 4653 1910 4733; baseline 0.005 -14"><span class='ocrx_word' id='word_1_460' title='bbox 1161 4654 1225 4719; x_wconf 83' lang='lat' dir='ltr'><strong>Vll.</strong></span> <span class='ocrx_word' id='word_1_461' title='bbox 1249 4653 1405 4733; x_wconf 85' lang='lat' dir='ltr'><strong>Episcopis</strong></span> <span class='ocrx_word' id='word_1_462' title='bbox 1422 4654 1642 4722; x_wconf 81' lang='lat' dir='ltr'><strong>Maronitarum</strong></span> <span class='ocrx_word' id='word_1_463' title='bbox 1659 4659 1837 4724; x_wconf 88' lang='lat' dir='ltr'><strong>facultatem</strong></span> <span class='ocrx_word' id='word_1_464' title='bbox 1852 4660 1910 4723; x_wconf 92' lang='lat' dir='ltr'><strong>lar·</strong></span> 
     </span>
     <span class='ocr_line' id='line_1_97' title="bbox 1220 4749 1910 4832; baseline 0.009 -22"><span class='ocrx_word' id='word_1_465' title='bbox 1220 4750 1305 4826; x_wconf 91' lang='lat' dir='ltr'><strong>gitur</strong></span> <span class='ocrx_word' id='word_1_466' title='bbox 1326 4749 1371 4811; x_wconf 92' lang='lat' dir='ltr'><strong>bis</strong></span> <span class='ocrx_word' id='word_1_467' title='bbox 1394 4749 1506 4828; x_wconf 91' lang='lat' dir='ltr'><strong>populo</strong></span> <span class='ocrx_word' id='word_1_468' title='bbox 1527 4753 1693 4830; x_wconf 91' lang='lat' dir='ltr'><strong>quotannis</strong></span> <span class='ocrx_word' id='word_1_469' title='bbox 1710 4754 1910 4832; x_wconf 89' lang='lat' dir='ltr'><strong>impertiendi</strong></span> 
     </span>
     <span class='ocr_line' id='line_1_98' title="bbox 1222 4841 1793 4922; baseline 0.007 -18"><span class='ocrx_word' id='word_1_470' title='bbox 1222 4841 1471 4904; x_wconf 90' lang='lat' dir='ltr'><strong>benedictionem</strong></span> <span class='ocrx_word' id='word_1_471' title='bbox 1492 4846 1699 4922; x_wconf 90' lang='lat' dir='ltr'><strong>apostolicam.</strong></span> <span class='ocrx_word' id='word_1_472' title='bbox 1726 4846 1793 4910; x_wconf 84' lang='grc'><strong>163.</strong></span> 
     </span>
    </p>

    <p class='ocr_par' dir='ltr' id='par_1_23' title="bbox 1161 4933 1930 5940">
     <span class='ocr_line' id='line_1_99' title="bbox 1161 4933 1909 5018; baseline 0.011 -22"><span class='ocrx_word' id='word_1_473' title='bbox 1161 4933 1238 4998; x_wconf 87' lang='lat' dir='ltr'><strong>lllll.</strong></span> <span class='ocrx_word' id='word_1_474' title='bbox 1262 4935 1344 4997; x_wconf 84' lang='lat' dir='ltr'><strong>Duos</strong></span> <span class='ocrx_word' id='word_1_475' title='bbox 1358 4935 1542 5014; x_wconf 87' lang='lat' dir='ltr'><strong>sacerdotes,</strong></span> <span class='ocrx_word' id='word_1_476' title='bbox 1557 4955 1634 5017; x_wconf 93' lang='lat' dir='ltr'><strong>quos</strong></span> <span class='ocrx_word' id='word_1_477' title='bbox 1648 4955 1665 5000; x_wconf 92' lang='grc'><strong>0</strong></span> <span class='ocrx_word' id='word_1_478' title='bbox 1679 4939 1819 5018; x_wconf 91' lang='lat' dir='ltr'><strong>collegio</strong></span> <span class='ocrx_word' id='word_1_479' title='bbox 1833 4937 1909 5004; x_wconf 88' lang='lat' dir='ltr'><strong>Nea·</strong></span> 
     </span>
     <span class='ocr_line' id='line_1_100' title="bbox 1220 5028 1909 5108; baseline 0.009 -18"><span class='ocrx_word' id='word_1_480' title='bbox 1220 5029 1356 5108; x_wconf 91' lang='lat' dir='ltr'><strong>politano</strong></span> <span class='ocrx_word' id='word_1_481' title='bbox 1378 5028 1409 5091; x_wconf 90' lang='lat' dir='ltr'><strong>S.</strong></span> <span class='ocrx_word' id='word_1_482' title='bbox 1433 5031 1579 5093; x_wconf 84' lang='lat' dir='ltr'><strong>Familiae</strong></span> <span class='ocrx_word' id='word_1_483' title='bbox 1600 5031 1745 5096; x_wconf 91' lang='lat' dir='ltr'><strong>Manilam</strong></span> <span class='ocrx_word' id='word_1_484' title='bbox 1760 5034 1858 5097; x_wconf 91' lang='lat' dir='ltr'><strong>mittit</strong></span> <span class='ocrx_word' id='word_1_485' title='bbox 1872 5035 1909 5096; x_wconf 93' lang='lat' dir='ltr'><strong>ad</strong></span> 
     </span>
     <span class='ocr_line' id='line_1_101' title="bbox 1221 5120 1930 5189; baseline 0.006 -7"><span class='ocrx_word' id='word_1_486' title='bbox 1221 5120 1453 5185; x_wconf 89' lang='lat' dir='ltr'><strong>instituendum</strong></span> <span class='ocrx_word' id='word_1_487' title='bbox 1465 5122 1506 5184; x_wconf 92' lang='lat' dir='ltr'><strong>ibi</strong></span> <span class='ocrx_word' id='word_1_488' title='bbox 1518 5138 1637 5186; x_wconf 90' lang='lat' dir='ltr'><strong>novum</strong></span> <span class='ocrx_word' id='word_1_489' title='bbox 1650 5126 1830 5188; x_wconf 85' lang='lat' dir='ltr'><strong>sinensium</strong></span> <span class='ocrx_word' id='word_1_490' title='bbox 1842 5126 1911 5189; x_wconf 90' lang='lat' dir='ltr'><strong>col·</strong></span> <span class='ocrx_word' id='word_1_491' title='bbox 1924 5176 1930 5186; x_wconf 93' lang='lat'><strong>.</strong></span> 
     </span>
     <span class='ocr_line' id='line_1_102' title="bbox 1222 5215 1912 5295; baseline 0.003 -18"><span class='ocrx_word' id='word_1_492' title='bbox 1222 5215 1341 5293; x_wconf 90' lang='lat' dir='ltr'><strong>legium</strong></span> <span class='ocrx_word' id='word_1_493' title='bbox 1362 5233 1378 5276; x_wconf 96' lang='lat' dir='ltr'><strong>a</strong></span> <span class='ocrx_word' id='word_1_494' title='bbox 1398 5231 1481 5277; x_wconf 90' lang='lat' dir='ltr'><strong>sacra</strong></span> <span class='ocrx_word' id='word_1_495' title='bbox 1497 5216 1745 5292; x_wconf 84' lang='lat' dir='ltr'><strong>congregatione</strong></span> <span class='ocrx_word' id='word_1_496' title='bbox 1757 5219 1912 5295; x_wconf 82' lang='lat' dir='ltr'><strong>excogita·</strong></span> 
     </span>
     <span class='ocr_line' id='line_1_103' title="bbox 1222 5307 1914 5386; baseline 0.003 -15"><span class='ocrx_word' id='word_1_497' title='bbox 1222 5316 1302 5385; x_wconf 92' lang='lat' dir='ltr'><strong>tum,</strong></span> <span class='ocrx_word' id='word_1_498' title='bbox 1331 5307 1569 5386; x_wconf 72' lang='lat' dir='ltr'><strong>archiepiscopo</strong></span> <span class='ocrx_word' id='word_1_499' title='bbox 1596 5307 1727 5372; x_wconf 89' lang='lat' dir='ltr'><strong>Manilae</strong></span> <span class='ocrx_word' id='word_1_500' title='bbox 1754 5325 1914 5374; x_wconf 88' lang='lat' dir='ltr'><strong>commen·</strong></span> 
     </span>
     <span class='ocr_line' id='line_1_104' title="bbox 1222 5400 1913 5482; baseline 0.001 -18"><span class='ocrx_word' id='word_1_501' title='bbox 1222 5401 1284 5478; x_wconf 93' lang='lat' dir='ltr'><strong>dat,</strong></span> <span class='ocrx_word' id='word_1_502' title='bbox 1306 5415 1443 5479; x_wconf 88' lang='lat' dir='ltr'><strong>eumque</strong></span> <span class='ocrx_word' id='word_1_503' title='bbox 1464 5400 1577 5462; x_wconf 76' lang='lat' dir='ltr'><strong>excitat</strong></span> <span class='ocrx_word' id='word_1_504' title='bbox 1599 5407 1633 5464; x_wconf 91' lang='lat' dir='ltr'><strong>ut</strong></span> <span class='ocrx_word' id='word_1_505' title='bbox 1654 5411 1685 5466; x_wconf 91' lang='lat' dir='ltr'><strong>et</strong></span> <span class='ocrx_word' id='word_1_506' title='bbox 1706 5419 1799 5482; x_wconf 91' lang='lat' dir='ltr'><strong>opem</strong></span> <span class='ocrx_word' id='word_1_507' title='bbox 1813 5419 1913 5466; x_wconf 85' lang='lat' dir='ltr'><strong>novae</strong></span> 
     </span>
     <span class='ocr_line' id='line_1_105' title="bbox 1220 5493 1912 5570; baseline 0 -12"><span class='ocrx_word' id='word_1_508' title='bbox 1220 5495 1414 5559; x_wconf 88' lang='lat' dir='ltr'><strong>institutioni</strong></span> <span class='ocrx_word' id='word_1_509' title='bbox 1435 5493 1511 5570; x_wconf 88' lang='lat' dir='ltr'><strong>ferat</strong></span> <span class='ocrx_word' id='word_1_510' title='bbox 1533 5503 1565 5556; x_wconf 93' lang='lat' dir='ltr'><strong>et</strong></span> <span class='ocrx_word' id='word_1_511' title='bbox 1585 5495 1679 5558; x_wconf 93' lang='lat' dir='ltr'><strong>simul</strong></span> <span class='ocrx_word' id='word_1_512' title='bbox 1701 5502 1788 5560; x_wconf 91' lang='lat' dir='ltr'><strong>curet</strong></span> <span class='ocrx_word' id='word_1_513' title='bbox 1810 5503 1845 5559; x_wconf 93' lang='lat' dir='ltr'><strong>ut</strong></span> <span class='ocrx_word' id='word_1_514' title='bbox 1866 5512 1912 5558; x_wconf 91' lang='lat' dir='ltr'><strong>sa·</strong></span> 
     </span>
     <span class='ocr_line' id='line_1_106' title="bbox 1221 5587 1913 5669; baseline 0.001 -17"><span class='ocrx_word' id='word_1_515' title='bbox 1221 5603 1290 5653; x_wconf 90' lang='lat' dir='ltr'><strong>crae</strong></span> <span class='ocrx_word' id='word_1_516' title='bbox 1306 5587 1547 5665; x_wconf 82' lang='lat' dir='ltr'><strong>congregationi</strong></span> <span class='ocrx_word' id='word_1_517' title='bbox 1568 5587 1714 5652; x_wconf 90' lang='lat' dir='ltr'><strong>reddatur</strong></span> <span class='ocrx_word' id='word_1_518' title='bbox 1728 5589 1841 5667; x_wconf 88' lang='lat' dir='ltr'><strong>ingens</strong></span> <span class='ocrx_word' id='word_1_519' title='bbox 1861 5604 1913 5669; x_wconf 93' lang='lat' dir='ltr'><strong>pe·</strong></span> 
     </span>
     <span class='ocr_line' id='line_1_107' title="bbox 1222 5680 1913 5748; baseline 0.001 -4"><span class='ocrx_word' id='word_1_520' title='bbox 1222 5683 1331 5746; x_wconf 88' lang='lat' dir='ltr'><strong>cuniae</strong></span> <span class='ocrx_word' id='word_1_521' title='bbox 1351 5697 1472 5745; x_wconf 91' lang='lat' dir='ltr'><strong>summa</strong></span> <span class='ocrx_word' id='word_1_522' title='bbox 1493 5680 1539 5743; x_wconf 92' lang='lat' dir='ltr'><strong>illi</strong></span> <span class='ocrx_word' id='word_1_523' title='bbox 1560 5699 1577 5744; x_wconf 94' lang='lat' dir='ltr'><strong>a</strong></span> <span class='ocrx_word' id='word_1_524' title='bbox 1599 5681 1688 5747; x_wconf 93' lang='lat' dir='ltr'><strong>card.</strong></span> <span class='ocrx_word' id='word_1_525' title='bbox 1705 5684 1743 5748; x_wconf 90' lang='lat' dir='ltr'><strong>de</strong></span> <span class='ocrx_word' id='word_1_526' title='bbox 1762 5684 1913 5747; x_wconf 82' lang='grc'><strong>10111101</strong></span> 
     </span>
     <span class='ocr_line' id='line_1_108' title="bbox 1222 5772 1913 5854; baseline -0.001 -16"><span class='ocrx_word' id='word_1_527' title='bbox 1222 5774 1299 5838; x_wconf 93' lang='lat' dir='ltr'><strong>olim</strong></span> <span class='ocrx_word' id='word_1_528' title='bbox 1329 5773 1442 5853; x_wconf 87' lang='lat' dir='ltr'><strong>legata,</strong></span> <span class='ocrx_word' id='word_1_529' title='bbox 1464 5773 1496 5837; x_wconf 90' lang='lat' dir='ltr'><strong>in</strong></span> <span class='ocrx_word' id='word_1_530' title='bbox 1516 5772 1628 5838; x_wconf 88' lang='lat' dir='ltr'><strong>eodem</strong></span> <span class='ocrx_word' id='word_1_531' title='bbox 1658 5773 1796 5854; x_wconf 91' lang='lat' dir='ltr'><strong>collegio</strong></span> <span class='ocrx_word' id='word_1_532' title='bbox 1825 5775 1913 5839; x_wconf 91' lang='lat' dir='ltr'><strong>iusti·</strong></span> 
     </span>
     <span class='ocr_line' id='line_1_109' title="bbox 1224 5865 1639 5940; baseline 0.014 -6"><span class='ocrx_word' id='word_1_533' title='bbox 1224 5865 1342 5934; x_wconf 86' lang='lat' dir='ltr'><strong>tuendo</strong></span> <span class='ocrx_word' id='word_1_534' title='bbox 1363 5867 1544 5934; x_wconf 84' lang='lat' dir='ltr'><strong>adhibenda.</strong></span> <span class='ocrx_word' id='word_1_535' title='bbox 1569 5868 1639 5940; x_wconf 82' lang='lat' dir='ltr'><strong>tut.</strong></span> 
     </span>
    </p>
   </div>
   <div class='ocr_carea' id='block_1_11' title="bbox 0 0 2442 7010">
    <p class='ocr_par' dir='ltr' id='par_1_24' title="bbox 0 0 2442 7010">
     <span class='ocr_line' id='line_1_110' title="bbox 0 0 2442 7010; baseline 0 0"><span class='ocrx_word' id='word_1_536' title='bbox 0 0 2442 7010; x_wconf 95' lang='lat' dir='ltr'><strong> </strong></span> 
     </span>
    </p>
   </div>
  </div>
 </body>
</html>
