4722 6976
67 1891 184 1956 electionis
193 1899 252 1934 con·

61 1953 158 1998 lrmauo.

921 543 992 595 PIUS
1013 545 1062 592 1³1¹.
1085 540 1142 592 Vll.

194 743 196 746 .
259 677 305 741 bis
327 673 477 740 Ecclesias
497 672 593 738 aciem
614 684 736 738 nostrae
751 668 1002 734 considerationis

260 769 469 844 extendimus,
485 778 516 832 et
535 784 591 848 pre
612 783 719 830 earum
739 773 819 828 statu
839 761 1004 826 salubriter

260 862 423 940 dirigendo
437 864 552 925 nedum
565 860 721 940 apostolici
733 859 844 922 laveris
855 855 1005 918 auxilium

261 956 453 1032 adhibemus
468 957 519 1018 sed
535 957 573 1018 de
595 954 653 1017 illis
668 953 850 1032 propensius
872 951 1005 1026 cogitare

262 1067 318 1112 nos
339 1049 498 1125 convenit,
514 1055 666 1128 quatenus
686 1045 818 1126 propriis
839 1059 942 1106 carere
957 1059 1006 1120 pa-

262 1143 396 1205 storibus
407 1143 580 1216 intuemur,
593 1149 627 1204 ut
646 1141 689 1202 eis
700 1141 784 1203 iuxta
799 1154 850 1200 cor
864 1145 1006 1200 nostrum

263 1242 399 1312 pastores
420 1235 593 1297 efficiantur
614 1233 734 1308 idonei,
757 1230 811 1312 qui
831 1229 1008 1293 commissos

264 1329 322 1392 sibi
351 1329 479 1408 populos
506 1344 561 1407 per
584 1343 672 1390 suam
703 1325 1009 1404 circumspectionem

266 1423 424 1502 providam
452 1430 483 1484 et
505 1421 731 1499 providentiam
758 1421 1009 1495 circumspectam

266 1513 431 1578 salubriter
459 1515 593 1591 dirigant
614 1511 645 1576 et
672 1513 853 1589 informent,
875 1531 909 1574 ac
933 1513 1012 1574 bona

268 1609 467 1672 ecclesiarum
488 1609 622 1688 ipsarum
637 1624 700 1670 non
721 1608 823 1670 selum
839 1607 1013 1684 gubernent

268 1703 399 1777 utiliter,
421 1701 587 1764 sedetiam
610 1700 801 1764 multimodis
823 1699 952 1761 ellerant
968 1699 1013 1760 in-

268 1797 445 1860 crementis.

309 1890 378 1968 §l
403 1887 482 1952 Sane
503 1891 710 1970 patriarchalis
737 1890 881 1954 ecclesiae
909 1891 1015 1952 llntlo

271 1985 361 2046 chen.
378 1983 511 2047 nationis
529 1983 883 2059 Graeco-Melcbitarum,
899 1984 949 2047 cui
964 1983 1012 2044 bo.

272 2094 333 2140 me.
346 2077 492 2141 Macarius
504 2077 581 2140 Taill
592 2079 721 2141 ultimus
736 2077 819 2140 illius
833 2078 1015 2151 Patriacum,

273 2173 348 2234 dum
363 2171 496 2246 viveret,
512 2172 719 2250 praesidebat;
742 2186 797 2249 per
810 2171 930 2233 obitum
945 2171 1017 2234 dicti

273 2264 395 2327 Macarii
424 2264 626 2338 Patriarclrae,
653 2265 705 2343 qui
735 2275 821 2328 extra
848 2268 1016 2330 Romanam

277 2359 403 2422 Curiam
425 2357 564 2420 debitum
591 2365 717 2420 naturae
738 2358 898 2438 persolvit,
920 2366 1019 2435 pasto-

275 2452 319 2515 ris
340 2451 449 2514 solatio
476 2451 633 2526 destituta,
656 2465 711 2513 nos
736 2452 894 2515 vacatione
915 2451 1020 2515 buius·

277 2545 361 2608 modi
372 2545 432 2607 lide
447 2543 547 2620 dignis
559 2545 704 2607 relatibus
718 2545 886 2618 intellecta,
902 2547 938 2608 ad
952 2559 1021 2622 pro-

278 2640 427 2701 visionem
441 2639 580 2702 eiusdem
591 2640 800 2717 patriarchalis
810 2639 953 2704 ecclesiae
964 2639 1022 2702 ltn-

278 2734 413 2796 tiocben.
436 2733 570 2796 celerem
589 2742 620 2795 et
640 2733 830 2809 reticemus
847 2733 1023 2810 illalongae

280 2828 446 2889 vacationis
466 2835 637 2906 exponatur
657 2827 872 2902 incommodis,
888 2826 1024 2906 paternis

279 2928 311 2982 et
332 2919 471 2982 sollicitis
492 2923 574 2982 curis
600 2922 798 2984 intendentes
819 2929 887 2998 post
911 2919 1025 2984 delibe-

281 3015 447 3089 rationem,
464 3030 555 3092 quam
578 3017 615 3078 de
636 3015 840 3092 praeficiendo
861 3013 961 3078 eidem
976 3032 1025 3094 pa-

282 3103 436 3168 triarchali
466 3105 610 3168 ecclesiae
639 3121 802 3185 personam
834 3107 962 3182 utilem,
993 3125 1027 3170 ac

283 3201 377 3262 etiam
395 3199 583 3262 lructuosam
597 3216 671 3262 cum
685 3201 913 3265 venerabilibus
927 3202 1028 3265 iratri-

283 3295 340 3356 bus
362 3295 476 3356 nostris
491 3293 521 3356 S.
532 3294 567 3356 ll.
580 3294 614 3356 E.
633 3294 845 3358 cardinalibus
866 3295 1029 3360 habuimus

285 3388 476 3466 diligentem.
500 3387 631 3450 ltemum
654 3389 690 3450 ad
711 3396 743 3450 te
765 3389 979 3468 presbyterum
991 3389 1030 3451 ll·

285 3485 408 3564 ioppen.
433 3497 527 3563 quem
542 3483 732 3546 venerabiles
747 3483 839 3546 etiam
853 3482 961 3546 iratres
977 3500 1031 3547 no-

287 3723 373 3768 Matar
396 3721 551 3768 Patriarcha
573 3720 886 3776 Graeco—Melchitarurn‚
909 3720 955 3777 qui
977 3720 1031 3766 ianr

287 3790 348 3834 inde
368 3789 401 3835 ab
421 3799 491 3834 anno
511 3799 662 3836 unccxcvn.
677 3788 764 3834 haeret
782 3789 925 3846 apostolica
945 3790 1032 3834 aucto·

288 3858 369 3912 ritate
390 3857 572 3914 conurmatus,
586 3867 712 3912 sacroque
732 3855 877 3912 insignitus
897 3855 984 3913 pallio,
996 3853 1033 3900 in-

290 3927 331 3971 ter
345 3925 422 3971 breve
436 3925 519 3970 trium
534 3935 665 3970 antrorum
679 3923 850 3970 intervallum
864 3929 979 3981 quatuor
988 3927 1033 3969 Pu·

290 3991 422 4038 triarchas
442 3991 508 4035 vidit
528 3989 579 4036 sibi
598 3989 709 4036 invicem
728 3991 905 4047 succedentes,
920 4001 1032 4048 quorum

290 4063 379 4106 tamen
394 4069 471 4105 nenio
485 4061 532 4104 aut
545 4058 718 4104 confirmatus
730 4057 829 4105 anobis
838 4058 897 4113 fuit,
907 4061 955 4104 aut
965 4059 1033 4104 sacri

292 4127 367 4184 pallii
382 4127 482 4172 honore
496 4128 643 4173 decoratus.

331 4193 381 4244 Qui
390 4193 418 4238 in
426 4195 510 4238 Matar
519 4192 689 4238 patriarchae
698 4194 785 4239 locum
796 4192 955 4248 succederet,
963 4191 1034 4237 haud

291 4261 330 4305 ita
344 4260 429 4306 multo
442 4262 502 4316 post
515 4259 557 4306 die
571 4271 626 4306 xxx.
641 4261 770 4306 februarii
782 4271 824 4306 an.
840 4271 972 4306 nncccxrr.
985 4259 1036 4303 ele·

291 4330 350 4372 ctus
364 4329 404 4373 est
418 4339 474 4372 ven.
489 4325 572 4372 frater
586 4327 706 4383 ignatius
721 4329 825 4373 Sarruff
835 4328 925 4384 Beryti
935 4327 1036 4384 episco-

292 4405 349 4453 pus,
363 4406 441 4452 quem
455 4394 497 4439 die
512 4405 587 4440 xvnr.
602 4394 753 4441 novembris
773 4395 890 4441 eiusdem
908 4394 971 4440 anni
986 4393 1036 4440 vio-

293 4464 366 4508 lenta
380 4471 451 4508 mors
470 4463 567 4519 rapuit.
583 4462 620 4506 Ad
634 4463 692 4508 eius
713 4463 868 4509 electionem
882 4462 1038 4508 conflrman-

294 4531 362 4585 dam,
377 4531 497 4588 simplex,
511 4541 559 4587 pro
572 4529 683 4576 illorum
702 4533 851 4588 temporum
871 4531 983 4585 ratione,
997 4530 1037 4575 de·

294 4599 405 4652 crolum,
415 4597 472 4642 sine
482 4597 572 4654 pallio,
581 4597 692 4644 missum
703 4603 751 4654 est,
761 4599 829 4654 quod
838 4597 903 4644 illuc
912 4600 971 4656 post
980 4597 1037 4642 eius

295 4665 396 4710 obitum
411 4664 542 4722 perlatum
557 4667 605 4710 est.

335 4735 431 4777 Morem
446 4736 505 4788 post
519 4741 623 4777 menses
636 4731 670 4777 ab
684 4732 765 4778 huius
779 4733 902 4788 interitu,
916 4732 958 4777 die
972 4731 1040 4776 scili·

296 4802 338 4846 cet
357 4809 412 4845 xxv.
433 4810 494 4856 aug.
515 4799 578 4845 anni
599 4811 752 4856 uocccxnn,
773 4801 806 4846 ad
826 4801 1038 4857 patriarchatum

297 4867 414 4913 eiusdem
429 4866 503 4912 urbis
524 4866 624 4911 electus
638 4870 678 4912 est
693 4868 786 4925 agapii
807 4867 930 4924 superius
945 4877 1041 4912 merno-

297 4935 351 4982 rati
370 4935 454 4981 frater
467 4933 629 4979 Athanasius
650 4936 743 4980 Matar.
766 4935 811 4980 Mic
832 4935 913 4981 etiam
928 4933 969 4980 die
983 4945 1039 4980 xxx.

297 5003 446 5050 novembris
466 5004 524 5050 eius
542 5003 607 5050 anni
620 5002 735 5048 nondum
750 5012 765 5048 a
780 5001 854 5048 nobis
868 5001 1041 5047 confirmatus

298 5074 468 5128 praematura
483 5076 568 5116 morte
582 5069 710 5115 occubuit.

337 5138 399 5184 Inde
419 5137 461 5183 die
482 5149 507 5183 x.
529 5136 674 5182 decembris
695 5137 758 5181 anni
779 5147 921 5182 nncccxrn.
942 5135 1042 5181 electus

298 5205 349 5252 lixit
362 5205 437 5250 illius
451 5203 582 5249 Ecclesiae
595 5203 751 5248 Patriarcha
764 5203 895 5248 Macarius
904 5202 986 5257 Tavll,
996 5201 1042 5259 qui

299 5273 340 5318 die
354 5283 397 5318 xv.
413 5271 560 5318 decembris
573 5271 637 5316 anni
651 5281 781 5316 uocccxv.
798 5271 868 5316 diem
879 5269 945 5316 obiit
955 5279 1043 5327 supra

300 5351 380 5386 mum.
396 5341 428 5384 tot
443 5349 603 5396 quamquam
623 5337 759 5384 electionis
778 5338 852 5383 illius
866 5339 926 5383 acta
939 5338 1043 5395 perlata

300 5407 352 5452 huc
365 5405 486 5462 ruissent,
506 5409 595 5452 umen
616 5405 715 5460 variae,
730 5415 797 5461 quae
812 5405 869 5450 illic
887 5406 972 5458 erant,
987 5415 1044 5449 con-

301 5474 455 5529 troversiae,
470 5483 624 5530 suspensam
639 5473 697 5520 elus
711 5471 940 5532 confirmationem
954 5475 1044 5517 tenue·

300 5545 373 5588 runt.
394 5545 446 5588 lloc
467 5541 548 5586 etiam
570 5541 724 5586 patriarcha
741 5553 755 5585 e
771 5539 837 5584 vivis
858 5539 972 5596 sublato,
986 5539 1044 5596 upi-

301 5609 372 5666 scopi
386 5607 501 5654 nationis
515 5606 822 5662 Graeco-Melchitarunr,
832 5607 878 5662 qui
887 5607 920 5651 ad
930 5608 1045 5662 quatuor·

302 5681 407 5723 tantum
426 5678 591 5731 supererant,
605 5685 665 5720 eum
679 5677 738 5731 post
759 5677 859 5730 septem
874 5673 1044 5718 [cremenses

270 5766 273 5772 ,
302 5745 345 5790 die
358 5755 453 5790 xxvrrr.
474 5742 542 5788 iunii
562 5742 625 5788 anni
646 5741 832 5788 nascentia
852 5741 1043 5787 monasterium

304 5816 327 5857 S.
343 5811 450 5857 Antonii
464 5810 654 5866 convenissent,
668 5809 802 5856 communi
820 5820 957 5864 consensu,
972 5819 1045 5854 cano·

304 5879 370 5924 nicis
384 5879 497 5924 servatis
517 5877 629 5934 legibus,
649 5887 745 5923 novum
767 5875 949 5923 patriarcham
963 5877 1046 5932 elege-

304 5948 368 5993 runt
381 5946 567 6006 presbyterum
582 5947 697 6002 Moysem
711 5945 831 5990 cbattan.
847 5947 885 5989 Ex
898 5944 989 5990 allatis
1002 5953 1048 5990 au·

1058 665 1115 729 stri
1136 665 1277 744 Episcopi
1297 670 1329 727 et
1349 662 1453 727 dilecti
1468 662 1524 726 srlii
1539 661 1648 727 clerus
1663 657 1802 723 eiusdem

1059 758 1192 820 nationis
1213 756 1559 820 Graeco-Melchitamm
1581 757 1615 818 ad
1639 756 1802 836 praelatam

1060 856 1294 936 patriarchalem
1312 854 1471 920 ecclesiam
1492 852 1669 930 elegerunt,
1683 868 1736 914 seu
1753 869 1803 931 po·

1060 950 1226 1023 stularunt,
1248 949 1445 1013 consideratis
1466 950 1628 1026 grandium
1650 947 1805 1010 virtutum
1833 1005 1835 1008 .

1063 1042 1193 1117 meritis,
1204 1043 1316 1121 quibus
1331 1059 1493 1122 personam
1509 1048 1594 1104 tuam
1609 1042 1733 1104 illarum
1747 1043 1805 1103 lar·

1064 1137 1145 1214 gitor
1165 1137 1333 1198 altissimus
1355 1135 1568 1213 multipliciter
1585 1136 1759 1212 insignivit,
1775 1141 1806 1196 et

1064 1229 1272 1304 attendentes,
1293 1233 1373 1310 quod
1398 1238 1442 1305 tu,
1459 1229 1511 1308 qui
1534 1231 1570 1292 de
1591 1228 1739 1306 legitimis
1753 1229 1807 1290 ho-

1065 1325 1221 1403 nestisque
1247 1315 1424 1403 parentibus
1452 1324 1629 1386 incivitate
1656 1323 1804 1401 dleppen.

1065 1428 1169 1481 ortum
1190 1418 1317 1494 duxisti,
1339 1419 1371 1480 in
1392 1419 1584 1497 sexagesimo
1607 1419 1717 1498 quinto
1738 1426 1809 1482 tuae
1855 1471 1858 1478 ,

1066 1513 1171 1574 aetatis
1193 1528 1274 1574 anno
1301 1513 1499 1587 constitutus,
1528 1511 1642 1575 iamdiu
1667 1511 1811 1590 praesby-

1068 1614 1126 1682 ter,
1149 1623 1182 1668 ac
1202 1607 1373 1669 incivitate
1395 1615 1425 1669 et
1447 1607 1575 1668 dioecesi
1591 1607 1738 1685 hleppen.
1756 1623 1811 1686 per

1068 1699 1172 1777 plnres
1193 1716 1290 1764 annos
1312 1699 1418 1762 vicarii
1433 1695 1589 1778 apostolici
1611 1717 1725 1766 munus
1747 1702 1807 1763 obi·

1069 1797 1151 1872 visti,
1167 1798 1278 1860 dictam
1300 1795 1531 1874 patriarchalem
1554 1796 1713 1858 ecclesiam
1724 1796 1811 1871 scies,

1069 1891 1153 1952 voles
1168 1897 1198 1952 et
1213 1890 1337 1968 poteris,
1355 1899 1477 1953 anctore
1492 1890 1635 1966 Domino,
1650 1889 1813 1952 salubriter

1070 1982 1814 2061 regereetlellcitergubernaredireximusocu-

1070 2081 1116 2141 los
1138 2087 1260 2141 nostrae
1282 2079 1405 2162 mentis.
1423 2079 1619 2142 intendentes
1640 2078 1737 2154 igitur
1752 2087 1815 2140 tam

1072 2174 1168 2236 dictae
1202 2172 1395 2251 patriarchali
1431 2172 1589 2248 ecclesiae,
1625 2188 1717 2252 quarn
1749 2173 1815 2234 eius

1073 2269 1160 2346 gregi
1181 2266 1336 2329 dominico
1357 2265 1521 2328 salubriter
1535 2266 1711 2345 providere,
1724 2273 1817 2346 teque

1073 2379 1089 2422 a
1110 2359 1270 2439 quibusvis
1292 2359 1818 2439 excommunicationis,suspensio·

1074 2455 1122 2516 nis
1143 2461 1174 2516 et
1189 2453 1356 2528 interdicti,
1371 2453 1500 2531 aliisque
1521 2454 1729 2517 ecclesiasticis
1748 2472 1818 2517 sen-

1076 2549 1195 2622 tentiis,
1211 2546 1351 2610 censuris
1365 2552 1395 2607 et
1410 2548 1515 2625 poenis
1530 2565 1546 2610 a
1562 2548 1629 2610 iure
1643 2547 1692 2610 vel
1707 2549 1745 2610 ab
1765 2549 1818 2610 ho-

1075 2641 1162 2703 mine
1183 2652 1289 2720 quavts
1316 2640 1474 2702 occasione
1503 2640 1553 2702 vel
1581 2657 1669 2704 causa
1694 2642 1762 2704 latis
1783 2645 1820 2706 ad
1912 2697 1916 2703 .

1077 2738 1134 2800 hoc
1155 2741 1189 2800 ut
1210 2733 1370 2797 dumtaxat
1384 2734 1518 2812 provisio
1534 2752 1567 2798 ac
1588 2736 1751 2815 praelectio
1766 2753 1820 2816 per

1079 2847 1145 2906 nos,
1161 2837 1197 2892 ut
1217 2827 1307 2904 inira,
1323 2829 1488 2904 iaciendas,
1509 2839 1746 2911 praesentesque
1767 2847 1821 2894 no-

1078 2935 1160 2986 strae
1189 2921 1311 2983 litterae
1341 2938 1433 2984 suurn
1463 2922 1633 2986 sortiantur
1660 2924 1821 3000 ellectum,

1081 3019 1190 3078 harum
1210 3016 1290 3078 serie
1311 3014 1503 3078 absolventes
1517 3026 1548 3079 et
1563 3017 1737 3081 absolutum
1758 3017 1824 3081 lore

1079 3113 1252 3182 censentes,
1267 3105 1426 3185 ipsamque
1446 3107 1631 3171 electionem
1652 3125 1707 3171 scu
1723 3116 1824 3188 postu·

1080 3200 1228 3264 latlonem
1250 3200 1424 3264 huiusmodi
1439 3200 1476 3262 ds
1491 3201 1622 3265 fratrum
1644 3204 1825 3266 eorumdem

1081 3295 1209 3358 consilio
1230 3295 1392 3376 apostolica
1414 3297 1594 3360 auctoritate
1615 3297 1825 3374 admittentes,

1083 3390 1231 3469 illamque
1244 3369 1445 3468 approbanda
1466 3395 1497 3451 et
1515 3391 1746 3466 confirmantes,
1762 3406 1826 3453 om·

1085 3499 1202 3563 nosque
1223 3491 1254 3545 et
1273 3483 1423 3560 singulos,
1445 3483 1472 3545 sl
1492 3484 1546 3563 qul
1559 3483 1690 3562 desuper
1711 3485 1744 3546 in
1766 3483 1827 3546 ele-

1084 3723 1138 3766 tem
1153 3718 1317 3765 documentis
1338 3723 1505 3777 perspectum
1527 3717 1664 3775 habemus,
1685 3719 1762 3765 illum
1778 3717 1828 3764 exi-

1086 3787 1147 3833 miis
1161 3787 1308 3833 virtutibus
1328 3790 1473 3844 praestare,
1488 3797 1593 3832 summa
1612 3798 1715 3845 quoque
1730 3799 1787 3832 esse
1800 3787 1828 3832 in

1086 3859 1207 3902 Sanctam
1230 3857 1322 3903 sedem
1341 3855 1510 3903 observantia
1528 3859 1554 3902 et
1575 3856 1638 3904 lide:
1659 3867 1741 3914 quare
1759 3855 1829 3901 vica·

1086 3923 1143 3970 rius
1166 3925 1331 3981 apostolicus
1353 3924 1502 3970 dioeceseos
1525 3923 1829 3972 Graeco-Melchltarum

1086 3991 1233 4048 Hierapolis
1247 3993 1334 4038 luerat
1348 3991 1511 4037 constitutus
1526 4003 1586 4037 oum
1604 3993 1690 4038 adbuc
1704 3991 1830 4050 penderet

1086 4069 1174 4114 causa,
1195 4070 1262 4116 quae
1282 4059 1438 4116 agitabatur
1458 4059 1530 4104 inter
1551 4059 1665 4106 electum
1687 4058 1830 4104 Maximum

1088 4127 1209 4182 Manlum,
1222 4130 1303 4184 atque
1317 4126 1392 4172 illatn
1408 4127 1494 4172 sedem
1509 4125 1769 4184 archiepiscopalem.

1129 4197 1201 4240 Nunc
1214 4205 1274 4239 curn
1285 4193 1349 4252 ipse,
1359 4205 1415 4240 ven.
1427 4194 1530 4250 tratres,
1541 4197 1642 4250 Moyses
1654 4194 1767 4239 Chattau
1777 4192 1830 4239 iam

1089 4262 1142 4308 rite
1155 4262 1198 4308 die
1212 4273 1248 4307 xr.
1264 4261 1324 4307 iulii
1344 4263 1407 4308 anni
1422 4273 1563 4308 mnoccxvr.
1578 4261 1728 4307 declaratus
1746 4271 1833 4306 conse-

1089 4333 1231 4388 cratusque
1255 4329 1410 4376 patriarcha
1432 4328 1730 4376 Graeco-Melcbltarum
1751 4328 1832 4374 fuerit

1089 4399 1225 4453 assumpto
1241 4396 1345 4442 nomine
1360 4397 1466 4454 ignatii,
1481 4399 1508 4442 et
1522 4401 1577 4442 tana
1589 4397 1645 4454 ipse
1656 4407 1702 4454 per
1711 4405 1833 4453 procura·

1090 4469 1175 4508 torem
1197 4475 1275 4508 suurn
1298 4463 1422 4509 dilectum
1445 4463 1531 4509 dliunr
1552 4464 1692 4510 arsenium
1707 4461 1834 4510 cardachi

1090 4533 1212 4578 abbatem
1231 4532 1420 4586 monachorum
1442 4531 1643 4586 Maronitarum,
1661 4543 1740 4590 quam
1762 4543 1834 4589 prae-

1091 4598 1139 4645 tati
1153 4602 1268 4656 quatuor
1282 4598 1401 4656 Episcopi
1412 4599 1528 4645 nationis
1537 4599 1834 4645 Graeco-Melchitarum

1091 4669 1183 4724 petent
1204 4677 1220 4711 a
1239 4665 1327 4721 nobis,
1349 4670 1380 4711 ut
1400 4665 1544 4724 apostolica
1563 4670 1655 4712 nostra
1674 4667 1835 4712 auctoritate

1091 4733 1237 4790 praelatam
1252 4733 1408 4778 electionem
1426 4733 1622 4789 confirmemus,
1636 4743 1749 4790 eumque
1766 4734 1835 4778 sacri

1092 4801 1191 4845 honore
1205 4801 1280 4858 pallii
1294 4801 1430 4856 donemus,
1448 4811 1494 4848 nos
1507 4801 1599 4848 audito
1620 4801 1836 4858 congregationis

1093 4872 1200 4913 nostrae
1214 4868 1245 4912 de
1260 4869 1430 4925 propaganda
1443 4868 1505 4913 Mide
1514 4868 1624 4914 consilio
1635 4869 1737 4914 delatae
1747 4869 1780 4914 ad
1790 4881 1837 4914 nos

1093 4933 1266 4992 postulationi
1287 4935 1399 4991 benigne
1420 4935 1563 4981 annuimus
1584 4947 1622 4985 ac.
1638 4945 1690 4982 non
1711 4935 1769 4981 sine
1783 4936 1838 4992 plu-

1093 5001 1163 5048 rlma
1176 5002 1260 5047 animi
1278 5002 1363 5048 nostri
1384 5003 1558 5058 iucunditate,
1573 5001 1643 5048 hunc
1664 5002 1838 5048 Graeco-Mel-

1093 5069 1181 5115 chltae
1196 5069 1325 5116 Ecclesiae
1339 5069 1532 5116 annunciamus
1545 5070 1618 5116 vobis
1632 5072 1765 5116 eventurn.

1202 5204 1267 5255 Quid
1282 5205 1355 5251 robis
1370 5205 1493 5250 videturt

1136 5339 1301 5388 auctoritate
1322 5339 1509 5396 omnipotentis
1529 5337 1586 5394 Del,
1607 5341 1762 5386 sanctorum
1779 5345 1841 5396 Apo·

1097 5408 1225 5452 stolorum
1247 5407 1319 5452 Petri
1339 5411 1367 5452 et
1387 5406 1472 5461 Pauli,
1490 5417 1520 5453 ac
1536 5406 1636 5461 nostra,
1652 5405 1840 5452 confirmamus

1097 5477 1124 5519 et
1144 5474 1321 5531 approbamus
1341 5473 1496 5520 electionem
1518 5485 1564 5518 seu
1585 5472 1789 5530 postulationem
1813 5473 1841 5517 in

1098 5541 1396 5586 Graeco-Melchitarum
1411 5540 1593 5586 patriarcham
1604 5540 1796 5586 antiochenum
1808 5540 1842 5584 ri·

1098 5611 1124 5652 te
1146 5607 1242 5653 tactam
1266 5608 1297 5652 de
1320 5618 1431 5664 persona
1454 5606 1583 5664 praedicti
1601 5609 1702 5664 Moyses
1720 5608 1841 5660 Chattan,

1098 5675 1281 5731 praeficientes
1296 5685 1356 5721 eum
1367 5673 1394 5719 in
1404 5673 1586 5720 Patriarcbam
1597 5677 1622 5720 et
1633 5677 1768 5720 Pastorem
1779 5685 1842 5719 suae

1099 5741 1223 5796 nationis,
1237 5752 1285 5798 pro
1298 5751 1351 5798 qua
1369 5741 1469 5786 electus
1487 5743 1536 5796 est,
1554 5743 1633 5799 prout
1651 5741 1678 5785 ln
1697 5740 1802 5786 decreto
1816 5747 1842 5786 et

1100 5807 1224 5856 schedula
1237 5809 1416 5855 consistoriali
1430 5807 1595 5866 exprimitur.

1140 5879 1168 5921 ln
1179 5874 1284 5921 nomine
1293 5877 1380 5922 Patris
1391 5879 1423 5932 rit,
1434 5879 1460 5922 et
1470 5875 1530 5921 silit
1542 5879 1574 5933 ris,
1584 5877 1611 5922 et
1623 5876 1737 5933 Spiritus
1749 5881 1772 5930 ab
1783 5879 1844 5924 Seu·

1099 5944 1248 5990 etiamen.

1721 512 1780 582 tide
1830 511 1929 574 nne.
1950 509 2019 570 rara
