4750 6980
920 584 991 630 etus
1013 585 1061 630 1³1³.
1086 582 1128 631 Vl.
1718 569 1777 636 399
1827 574 1880 626 Att.
1894 573 1925 626 G.
1946 573 2015 626 1794

256 705 330 768 circa
353 701 492 780 modum,
516 720 577 783 quo
599 704 739 769 Christus
767 710 813 765 est
835 703 867 765 in
889 701 997 765 eucba-

257 798 348 874 ristia,
372 813 388 858 a
411 798 521 877 quibus
543 800 689 880 parochos
717 797 844 862 docendi
867 813 998 860 munere

257 891 420 967 iungentes
442 891 598 954 abstinere
628 892 787 966 hortatur,
810 891 928 954 duobus
950 889 997 950 bis

258 991 376 1048 tantum
398 985 578 1065 propositis:
606 985 631 1047 l.
656 985 815 1049 Christum
837 991 904 1062 post
926 999 998 1046 con-

258 1078 456 1141 secrationem
488 1093 573 1154 vere,
596 1077 733 1154 realiter,
756 1076 998 1141 substantialiter

258 1187 319 1234 esse
332 1171 390 1232 sub
403 1171 578 1250 speciebus:
603 1172 631 1234 Ξ.
657 1173 743 1235 Tunc
764 1186 890 1235 omnem
912 1170 998 1248 panis

258 1274 286 1327 et
307 1263 372 1324 vini
392 1265 596 1328 substantiam
617 1281 735 1328 cessare
748 1265 821 1326 solis
836 1279 998 1344 remapen-

259 1361 336 1424 tibus
347 1359 520 1437 speciebus,
532 1374 657 1438 prorsus
673 1359 789 1422 omittit
800 1357 896 1420 ullam
911 1373 997 1420 men-

257 1455 372 1517 tionem
385 1452 485 1516 tacere
501 1451 835 1516 transubstantiationis
851 1467 906 1513 seu
927 1466 999 1513 con·

257 1547 407 1611 versionis
418 1547 513 1608 totius
527 1545 712 1608 substantiae
728 1546 814 1624 panis
829 1545 861 1607 in
876 1561 997 1624 corpus,

257 1648 286 1702 et
306 1640 402 1702 totius
429 1639 616 1702 substantiae
644 1637 711 1700 vini
740 1639 772 1702 in
800 1638 997 1714 sanguinem,

257 1748 348 1814 quam
378 1734 466 1796 velut
487 1733 652 1796 articulum
678 1733 749 1796 tidei
777 1733 997 1798 'tridentinum

257 1827 430 1891 Concilium
452 1826 606 1901 delinivit,
622 1833 653 1889 et
666 1841 744 1906 quae
762 1827 794 1889 in
816 1826 948 1889 solemni
964 1827 999 1888 li·

257 1919 303 1983 dei
324 1917 513 1998 professione
534 1919 731 1996 continetur;

293 2013 451 2088 Quatenus
468 2027 522 2091 per
540 2012 748 2075 inconsultam
764 2013 937 2076 istiusmodi
948 2029 998 2075 su-

257 2107 480 2186 spiciosamqne
500 2105 700 2168 omissionem
716 2119 742 2168 n‘
760 2108 824 2169 titia
846 2107 999 2170 subtrahi·

258 2210 308 2264 tur
329 2207 397 2262 tum
411 2199 534 2262 articuli
550 2200 585 2262 ad
601 2198 694 2261 tidem
718 2215 736 2278 p
775 2199 915 2278 tinentis,
932 2208 997 2264 tum

257 2293 348 2356 otiam
370 2292 455 2355 vocis
476 2292 513 2354 ab
534 2292 668 2354 Ecclesia
689 2301 884 2356 consecratae
906 2294 941 2356 ad
964 2294 1000 2356 il-

258 2388 314 2450 lius
334 2385 484 2448 tuendam
513 2385 734 2465 professionem
763 2386 909 2450 adversus
929 2386 1000 2449 bae-

259 2497 349 2554 rcses,
371 2479 535 2558 tenditque
563 2479 638 2542 adeo
660 2481 695 2542 ad
718 2481 784 2541 eius
806 2480 997 2543 oblivionem

258 2572 473 2650 inducendam,
496 2574 582 2654 quasi
603 2580 748 2650 ageretur
763 2573 800 2636 de
820 2573 1000 2652 quaestione

259 2687 343 2735 mere
363 2670 560 2734 scholastica:

260 2858 454 2928 Perniciosa,
471 2856 624 2938 deroqans
639 2827 834 2934 eapositioai
849 2856 1000 2919 veritatis

298 2952 473 3018 cattattcac
488 2952 575 3014 circa
591 2950 702 3032 dapma
720 2947 1000 3014 transubstantia-

299 3048 408 3119 tiom's,
432 3048 543 3127 saccos
565 3041 746 3107 haereticis.

282 3353 337 3398 EE
359 3346 594 3398 arcttcnutotttt
609 3345 753 3393 raderus
770 3345 957 3422 SXGlllElGss.

298 3486 341 3548 De
362 3482 452 3546 caeli.
476 3483 495 3559 5
517 3486 550 3543 8.

582 3615 679 3680 XXX.

94 3817 242 3874 tuaequae
297 3806 385 3884 §aa
409 3805 552 3868 Doctrina
579 3802 699 3882 synodi,
726 3820 785 3882 qua
813 3805 887 3866 dum
909 3806 1002 3883 proti·

90 3871 177 3923 yiraliane
194 3871 241 3918 lm·

90 3929 117 3970 trs
128 3925 227 3972 ecdicii.

261 3911 342 3968 tetur
364 3898 489 3962 credere
509 3895 664 3974 sacrificii
680 3895 870 3960 oblationem
892 3905 1002 3960 eaten-

259 3999 329 4061 dere
343 4011 374 4055 se
389 3992 431 4056 ad
453 4006 569 4062 omnes,
592 3990 642 4051 ita
665 3997 771 4051 tamen
792 3995 831 4052 at
847 3989 882 4051 in
903 3989 1003 4053 littar-

259 4091 312 4171 pia
339 4087 410 4168 fieri
439 4083 541 4163 possit
569 4082 716 4160 specialis
747 4086 1001 4148 commemoratio

257 4183 438 4260 aliquoram
461 4183 527 4239 tam
548 4177 705 4245 vicorum,
719 4191 814 4254 qaam
836 4176 1001 4258 defanata-

259 4292 348 4348 ram‚
380 4270 539 4352 precando
571 4270 674 4356 deam¹
701 4270 914 4346 peculiariter
944 4286 1001 4348 pro

260 4370 354 4448 apsis,-
374 4367 446 4430 dein
469 4363 617 4428 continuo
638 4363 778 4426 subiicit:
803 4364 873 4426 Noa
896 4369 1002 4426 tamea

258 4462 339 4545 qood
360 4459 527 4522 credamus
543 4457 578 4519 in
593 4455 733 4521 arbitria
747 4474 813 4518 esse
826 4457 1002 4520 sacerdotis

258 4555 421 4635 applicare
443 4554 575 4632 fractas
596 4549 752 4627 sacrificii
770 4550 823 4612 ceti
839 4549 930 4622 cate,-
944 4550 1002 4612 im·

258 4667 307 4712 mo
327 4651 517 4713 damnamus
547 4643 632 4706 berec
659 4661 799 4706 errarem
827 4646 915 4708 celat
937 4663 1003 4710 ma-

257 4759 391 4824 ynapere
413 4738 619 4820 offendentem
643 4738 718 4800 iura
747 4739 817 4810 Dei,
840 4740 895 4817 qai
915 4739 1002 4802 solas

259 4835 431 4900 distribuit
452 4834 583 4914 [ructas
605 4831 761 4911 sacrificii
789 4834 843 4894 cui
865 4833 948 4906 volt,
971 4839 1002 4895 ct

258 4929 432 4992 secandam
462 4940 657 4994 mensorem,
682 4941 762 5003 qaae
790 4925 850 5004 ipsi
878 4925 1001 5002 placat.-

258 5023 393 5087 undeet
414 5025 641 5097 consequenter
668 5017 799 5080 traducit
827 5016 914 5080 velut
939 5019 1001 5099 fal·

258 5133 325 5180 sam
338 5114 516 5194 opinionem
530 5111 687 5174 invectam
700 5112 734 5172 in
745 5111 911 5190 papalum,
921 5115 1002 5191 qaod

260 5209 322 5282 illi,
344 5209 399 5287 qai
426 5208 650 5283 eleemosynam
672 5203 927 5268 subministraret
952 5223 1002 5268 sa·

259 5301 379 5365 cerdati
390 5297 448 5364 salt
460 5298 651 5370 conditione,
663 5297 744 5376 qaod
756 5295 887 5362 celebrat
903 5315 1002 5362 ortam

259 5395 400 5466 missam,
423 5392 588 5472 specialem
614 5393 763 5471 fractam
785 5407 824 5453 ea
846 5408 880 5454 ea
902 5391 1003 5468 perci-

260 5490 371 5566 piant,-

299 5583 347 5647 Sic
359 5581 527 5654 intellecta,
539 5587 573 5641 ut
588 5585 709 5657 praeter
721 5579 908 5657 peculiarem
921 5595 1003 5642 com·

261 5677 516 5768 memorationem
551 5685 582 5737 ct
603 5674 775 5736 orationem
789 5674 927 5752 specialis
941 5674 1002 5752 ipsa

261 5773 371 5836 oblatio
392 5788 448 5833 seu
469 5769 630 5850 applicatio
652 5768 804 5843 sacrificii,
826 5783 902 5846 quae
925 5766 960 5829 lit
986 5783 1002 5828 a

261 5865 424 5939 sacerdote,
447 5879 510 5926 non
533 5863 630 5939 magis
652 5861 758 5940 prosit,
776 5861 904 5923 caeteris
925 5861 1003 5938 pari·

262 5959 328 6034 bus,
346 5959 418 6032 illis,
434 5974 490 6037 pro
505 5957 617 6036 quibus
632 5955 812 6035 applicatur,
829 5970 921 6032 quam
937 5955 1003 6016 aliis

1052 703 1242 782 quibusque3
1264 705 1350 784 quasi
1381 705 1487 768 nullus
1506 707 1643 783 specialis
1674 709 1795 771 tructus

1052 799 1230 874 proveniret
1252 814 1290 860 ex
1317 797 1440 878 speciali
1467 799 1681 878 applicatione,
1704 817 1796 880 quam

1053 906 1108 970 pro
1129 889 1342 954 determinatis
1364 892 1500 973 personis
1522 902 1573 956 aut
1594 911 1796 973 personarum

1053 983 1214 1046 ordinibus
1243 983 1410 1048 taciendam
1439 987 1635 1051 commendat
1656 1005 1689 1052 ac
1710 1005 1796 1068 prae-

1053 1077 1128 1155 cipit
1157 1077 1301 1154 Ecclesia,
1329 1079 1487 1157 speciatim
1508 1097 1523 1142 a
1548 1081 1720 1159 pastoribus
1741 1098 1796 1160 pro

1053 1169 1117 1230 suis
1138 1169 1264 1232 oribus:
1289 1174 1370 1250 quod
1392 1172 1479 1234 velut
1495 1189 1532 1235 ex
1547 1173 1655 1236 divino
1677 1190 1797 1252 praeae-

1054 1272 1106 1342 pto
1127 1263 1315 1327 descendens
1336 1282 1352 1326 a
1372 1281 1455 1328 sacra
1478 1265 1658 1330 'tridentina
1679 1270 1796 1347 synodo

1055 1356 1168 1418 diserte
1189 1359 1241 1418 est'
1256 1373 1453 1437 expressum:

1247 1544 1375 1608 Sess.23
1396 1562 1461 1626 cap.
1478 1547 1495 1608 l
1516 1548 1554 1612 de
1575 1547 1701 1610 relorm.

1247 1639 1362 1701 Benad.
1383 1638 1463 1702 Xlll.
1483 1640 1606 1703 constit.
1628 1640 1707 1704 dart
1721 1656 1797 1704 scm·

1273 1747 1328 1812 per
1350 1731 1473 1796 oblatas
1494 1735 1513 1808 ἓ
1534 1737 1569 1796 2.
1663 1825 1666 1834 Ι

1057 1920 1164 1992 Falsa,
1196 1921 1384 1993 temeraria,
1416 1922 1614 1999 peruiciosa,
1639 1923 1798 1988 Ecclesiae

1095 2014 1271 2085 iaiariosa,
1302 2014 1457 2077 inducens
1479 2015 1515 2077 ira
1543 2031 1682 2078 errorem
1714 2019 1798 2080 alias

1096 2105 1286 2170 damnatam
1307 2106 1343 2168 io
1370 2103 1512 2185 Wicleffo.

1374 2259 1481 2275 m

1135 2410 1175 2456 ott
1197 2407 1407 2455 codvttttmotrt
1426 2407 1543 2455 ORDINE
1565 2410 1597 2456 ΙΝ
1617 2410 1718 2456 CULTU

1340 2503 1512 2549 senvnttbo.

1097 2637 1141 2699 De
1161 2634 1249 2698 amab.
1273 2634 1292 2710 δ
1313 2637 1346 2698 5.

1368 2767 1478 2832 XXXI.

1095 2959 1114 3035 ἓ
1136 2958 1184 3020 tt.
1202 2956 1370 3035 Propositio
1383 2955 1493 3034 synodi
1508 2959 1674 3021 enuntians
1686 2975 1798 3023 conve·
1839 2974 1911 3021 artae
1927 2973 1959 3020 aa
1972 2983 2030 3020 con-

1057 3053 1146 3115 niens
1162 3065 1227 3114 esse
1238 3066 1293 3130 pro
1309 3050 1488 3113 divinorum
1502 3049 1675 3114 officiorum
1689 3053 1799 3117 ordine
1817 3027 2029 3129 ἴὲῗξῇῗῖἧῐβζᾞ

1057 3155 1087 3209 et
1108 3146 1233 3223 antiqua
1254 3142 1490 3219 consuetudine,
1508 3143 1588 3206 utin
1610 3161 1800 3226 unoquoque
1817 3135 1857 3182 ⁶⁰·

1057 3237 1173 3318 templo
1204 3253 1304 3300 unum
1328 3243 1451 3299 tantum
1471 3237 1511 3299 sit
1539 3237 1652 3314 altare,
1679 3239 1799 3319 sibique

1056 3333 1130 3396 adeo
1152 3330 1272 3411 placere
1293 3344 1413 3392 morem
1435 3328 1524 3393 illum
1542 3331 1718 3408 restituere,

1063 3518 1256 3587 Temeraria,
1268 3516 1470 3595 perantiquo,
1482 3518 1548 3594 plo,
1558 3518 1672 3581 maltis
1684 3517 1801 3584 allairac

1096 3608 1234 3675 saeculis
1257 3610 1292 3671 ira
1314 3607 1457 3673 Ecclesia
1477 3612 1668 3689 praesertim
1694 3611 1801 3676 latina

1096 3704 1231 3785 aiqcnti,
1254 3708 1288 3766 et
1306 3699 1437 3781 probata
1459 3703 1541 3766 mori
1563 3703 1737 3768 interiora.
1759 3727 1762 3734 ·

1097 3973 1175 4042 lota.

1365 4080 1490 4146 XXXll.

1098 4273 1175 4335 ltem
1197 4269 1395 4348 praescriptio
1417 4275 1537 4345 vetans,
1558 4285 1597 4330 ne
1614 4286 1708 4348 super
1729 4271 1801 4332 alta-

1058 4367 1103 4427 ria
1130 4379 1285 4426 sacrarum
1314 4361 1517 4441 reliquiarum
1545 4363 1650 4426 thecae
1672 4364 1802 4426 lloresve

1059 4465 1263 4539 apponantur,

1096 4646 1289 4716 Temeraria,
1319 4645 1371 4723 pio
1392 4660 1429 4706 aa
1455 4641 1588 4721 probato
1611 4644 1769 4708 Ecclesiae

1290 4755 1370 4800 mart
1393 4753 1567 4800 intortosa.

1100 5021 1178 5086 lota.
1202 5023 1221 5098 ἓ
1243 5025 1276 5084 6.

1360 5205 1497 5271 ΧΧΧΙΙΙ.

1099 5399 1269 5477 Propositio
1293 5397 1401 5473 synodi
1422 5413 1481 5474 qua
1510 5413 1622 5474 cupere
1642 5413 1675 5458 se
1702 5406 1803 5460 osten·

1059 5493 1114 5568 dit,
1129 5501 1162 5554 ut
1177 5507 1284 5554 causae
1300 5490 1495 5564 tollerentur,
1508 5503 1563 5566 per
1574 5506 1648 5568 quas
1663 5506 1701 5550 ex
1716 5497 1803 5567 parte

1061 5587 1183 5648 inducta
1206 5593 1251 5646 est
1273 5583 1387 5645 oblivio
1407 5582 1632 5662 principiorum
1658 5584 1694 5644 ad
1716 5583 1803 5644 litur-

1060 5681 1127 5758 giae
1142 5675 1513 5755 aritinemospectantium,
1527 5675 1700 5738 recocaada
1712 5674 1804 5738 illam

1059 5773 1101 5835 ad
1122 5773 1275 5834 maiorem
1297 5769 1425 5831 rituam
1454 5767 1708 5846 simplicitatem,
1735 5786 1803 5833 cam

1059 5865 1190 5944 culpari
1213 5865 1327 5943 lirtpcta
1348 5861 1544 5941 conponenda,
1569 5877 1598 5922 et
1621 5862 1706 5923 elata
1732 5879 1803 5924 eoae

1060 5958 1266 6037 proferrem,-
1897 5955 1902 5964 '
