4808 6988
96 2854 269 2902 Prooemium.

96 5749 183 5812 ,natio
198 5755 298 5794 conces·

85 5813 169 5848 sronrs.

963 569 1035 620 PIUS
1057 566 1106 618 ΡΙ).
1130 567 1186 618 Vll.

297 688 339 752 tri
360 695 392 752 et
413 689 497 752 Pauli
520 691 737 770 Apostolorum
763 692 842 767 eius,
865 706 897 752 se
921 688 1044 752 noverit

298 783 507 846 incursurum.

339 879 451 941 Datum
472 879 586 941 Rornae
600 879 679 957 apud
695 879 725 942 S.
744 879 869 942 Mariam
884 877 1045 954 Maiorem,

298 986 381 1034 anno
403 973 622 1034 incarnationis
637 973 813 1034 Dominicae
825 987 1045 1046 nnccoxxvn.,

298 1066 409 1140 quinto
430 1080 526 1126 nonas
542 1065 621 1140 iulii,
637 1065 833 1142 ponttltcatus
850 1064 949 1126 nostri
964 1079 1046 1125 anno

299 1157 574 1236 vigesimoquarto.

617 1627 735 1691 ctttttt.

304 1816 478 1895 Confirmat
495 1818 654 1879 decretura
677 1817 708 1880 S.
721 1815 757 1878 tt.
779 1813 812 1875 C.
836 1831 933 1892 anper
948 1812 1048 1875 decta-

342 1909 471 1970 ratione
491 1908 736 1988 privilegiorum
753 1909 839 1969 circu
855 1923 950 1968 usum
971 1905 1049 1968 insi-

341 2003 456 2082 pnium
484 2003 731 2082 pontificat-iura,
755 1999 871 2080 pacibus
897 2017 937 2062 ecc
959 1998 1049 2062 Sedis

342 2094 543 2174 Apostolicue
566 2095 694 2158 indtclto
710 2093 885 2156 nonnullae
907 2093 1050 2173 dignitu-

342 2199 387 2253 tes
409 2191 561 2270 pandent.

512 2373 601 2443 etus
623 2371 841 2441 EPiSGOPUS

492 2551 601 2604 servus
623 2552 777 2605 servorun
800 2535 863 2614 bei,

423 2657 461 2724 ed
483 2662 654 2741 perpetuen
677 2658 720 2725 rei
750 2657 929 2725 memorien.

345 2849 363 2923 ἓ
387 2850 414 2910 l.
438 2849 531 2910 Decet
552 2847 705 2909 Romanos
726 2847 890 2910 Pontifices
917 2862 973 2925 pro
995 2846 1050 2907 inr-

306 2959 399 3020 pensa
421 2942 559 3019 ipsorum
582 2942 614 3000 in
636 2940 780 3002 ecclesiae
801 2940 919 3002 bonum
940 2938 1051 3001 sollici·

306 3037 416 3098 tudine
437 3035 648 3112 maximopere
663 3033 823 3108 adniti,'ut
838 3048 915 3112 quae
930 3047 986 3110 per
1001 3049 1052 3094 eos

305 3127 477 3191 identidem
499 3127 714 3189 decernuntur
735 3126 907 3202 privilegia,
928 3125 1053 3202 praesti·

308 3223 382 3285 tutis
403 3219 523 3296 legibus
545 3219 682 3297 apprime
704 3220 934 3294 contineantur,
952 3236 993 3280 ne
1007 3219 1052 3280 vi·

305 3316 348 3378 tio
370 3314 509 3388 illorum,
531 3311 644 3392 quihus
658 3327 692 3374 ea
707 3312 805 3373 delata
825 3318 910 3387 sunt,
932 3323 1052 3375 rectum

308 3411 379 3472 inde
400 3408 543 3470 ordinem
565 3405 751 3484 perturbari,
768 3405 963 3484 aliorumque
987 3407 1053 3468 iura

307 3503 384 3565 laedi
406 3501 579 3576 contingat.
610 3499 746 3578 Sapienti
773 3500 903 3578 proinde
924 3500 1052 3563 consilio

308 3591 591 3676 praedecessoribus
605 3592 719 3653 nostris
734 3592 836 3654 visum
852 3601 910 3668 est,
922 3608 956 3655 re
967 3594 1053 3672 prius

307 3707 364 3768 per
384 3689 666 3765 Congregatronem
681 3683 780 3747 Sacris
790 3685 911 3748 llitihns
925 3701 1052 3765 praepo-

307 3784 397 3844 sitam
419 3781 565 3851 discussa,
581 3786 756 3857 opportune
771 3779 949 3856 praefinire,
966 3780 1053 3858 quid-

308 3891 380 3938 nam
395 3875 473 3936 iuris
486 3873 634 3934 inducant
652 3871 763 3933 mitrae
779 3887 812 3934 ac
827 3872 1053 3950 pontificalium

309 3987 383 4032 usus
404 3968 523 4048 aliaque
544 3967 573 4027 id
594 3981 692 4042 genus
706 3965 852 4042 insignia,
868 3967 981 4044 quihus
995 3969 1055 4047 pla·

310 4065 373 4128 cuit
395 4060 585 4140 hpostolicae
607 4061 677 4123 Sedi
699 4060 820 4122 abbates
841 4061 1055 4143 praelatosque
1077 4065 1078 4070 ’

311 4154 478 4219 nonnullos
500 4153 648 4231 Episcopo
670 4151 832 4214 interiores
853 4163 883 4216 et
905 4158 1054 4233 quaedam

310 4249 528 4312 canonicorum
555 4246 682 4323 collegia
710 4245 883 4310 honestare.
914 4248 957 4310 lta
981 4266 1055 4312 sane

310 4343 363 4404 iel.
392 4341 511 4403 record.
544 4337 717 4401 Alexander
744 4339 807 4402 vn.
841 4341 1055 4419 praedecessor

311 4443 428 4509 noster,
445 4432 548 4494 hahita
571 4448 675 4494 coram
696 4449 729 4495 se
744 4432 908 4496 Sacrorum
924 4434 1054 4497 Rituum

312 4524 1055 4605 congregationedievigeslmaseptimaseptem·

312 4621 374 4684 bris
388 4635 469 4682 anno
484 4618 651 4680 millesimo
665 4619 889 4681 sexcentesimo
904 4622 1057 4701 quinqua-

313 4715 429 4792 gesimo
451 4729 546 4786 nono,
562 4711 722 4774 decretum
735 4713 878 4787 sancivit,
894 4729 955 4792 quo
973 4714 1056 4792 leges

311 4809 480 4870 traduntur
508 4807 545 4867 de
571 4822 631 4866 usu
657 4805 882 4883 pontificalium
915 4808 1057 4884 praelatis

313 4902 462 4980 Episcopo
484 4898 683 4962 interioribus
706 4900 837 4977 trihuto;
860 4901 999 4979 itemque
1013 4901 1057 4962 le·

312 4995 377 5056 licis
400 4994 515 5072 pariter
536 4992 756 5056 recordationis
777 4993 960 5056 Benedictus
975 4993 1055 5057 XIV.

315 5087 584 5161 constitutionem,
601 5102 680 5164 quae
700 5086 810 5163 incipit
826 5087 862 5149 ln
878 5086 994 5148 throno
1009 5086 1060 5149 in-

314 5181 440 5251 stitiae,
464 5179 575 5241 editam
599 5180 691 5241 tertio
712 5167 859 5242 kalendas
881 5180 981 5241 martii
1004 5197 1058 5242 an·

315 5290 356 5338 no
377 5275 545 5337 millesimo
567 5274 846 5352 septingentesimo
865 5267 1059 5354 quinquage-

315 5367 392 5429 sinro
409 5369 557 5441 secundo,
574 5369 609 5429 ad
627 5366 747 5429 decreta
764 5366 968 5444 adprobanda,
981 5383 1058 5445 quae

314 5461 421 5523 eadem
443 5461 643 5537 congregatio
671 5459 854 5536 vulgaverat
875 5460 912 5522 de
933 5460 1061 5538 privile-

316 5554 367 5630 gio
388 5553 626 5634 pontificalium,
642 5569 703 5633 quo
719 5552 925 5616 Urbinatense
945 5553 1059 5631 capitu·

315 5647 382 5709 lum
404 5649 485 5710 haud
505 5648 547 5709 ita
568 5646 688 5726 pridem
709 5652 836 5709 auctum
858 5645 969 5707 luerat.

355 5744 375 5818 ἓ
396 5740 425 5802 2.
450 5740 529 5802 ilaec
549 5755 625 5802 vero
643 5739 762 5819 aliaque
776 5740 810 5801 in
828 5755 896 5801 eam
911 5755 978 5800 rem
993 5738 1060 5800 data

315 5835 437 5899 decreta
466 5850 505 5895 ex
525 5835 590 5911 ipso
612 5840 788 5912 temporum
816 5831 902 5910 lapsu
922 5831 1060 5910 quando·

313 5943 377 6012 que
397 5927 490 5990 etiam
511 5941 552 5988 ex
576 5925 759 5989 eorumdem
786 5923 984 6003 ignoratione
1006 5939 1061 5986 sua

1101 688 1262 753 interdurn
1283 691 1468 754 executione
1489 706 1604 767 carere,
1627 689 1788 769 multaque
1810 687 1847 752 ab

1102 785 1238 863 ipsorum
1254 785 1642 864 praescriptionibusplane
1652 783 1764 846 absona
1778 799 1846 862 per·

1101 879 1276 942 crebescere
1297 879 1464 942 dolendum
1480 887 1537 953 est,
1553 877 1665 957 quibus
1686 878 1719 941 in
1741 879 1787 940 rei
1802 893 1847 940 sa·
1884 943 1887 948 ,

1102 989 1171 1035 crae
1180 973 1349 1051 perniciem
1360 973 1501 1036 converti
1514 973 1759 1050 conspiciuntur,
1769 986 1847 1051 quae

1103 1068 1139 1128 ah
1153 1067 1343 1144 Apostollcae
1362 1064 1449 1127 Sedis
1467 1065 1662 1143 indulgentia
1677 1065 1711 1126 ad
1728 1064 1847 1128 cultum
1950 1129 1952 1132 ,

1102 1161 1348 1242 religionemque
1361 1161 1395 1222 in
1409 1174 1567 1222 sacrorum
1589 1159 1768 1220 tractatione
1782 1155 1847 1235 ipso
1900 1163 1904 1172 ·

1104 1256 1197 1319 etiam
1219 1263 1386 1318 ornatuum
1414 1253 1579 1329 splendore
1604 1250 1775 1313 liberaliter
1795 1247 1847 1310 ob

1105 1367 1233 1414 venere.
1254 1348 1385 1412 Crebrae
1400 1347 1513 1409 idcirco
1531 1354 1562 1408 et
1578 1361 1687 1422 graves
1703 1344 1848 1424 querelae

1105 1445 1240 1524 perlatae
1261 1444 1297 1506 ad
1317 1458 1374 1504 nos
1395 1449 1480 1516 sunt,
1497 1447 1578 1502 utet
1600 1438 1776 1518 episcopalis
1798 1453 1847 1499 or·

1104 1539 1186 1602 dinis
1216 1537 1367 1600 maiestati
1394 1535 1591 1599 consulamus
1617 1534 1763 1596 adversus
1784 1548 1847 1606 eos,

1104 1636 1157 1715 qni
1179 1650 1216 1697 ex
1233 1632 1465 1704 communione,
1482 1644 1575 1709 quam
1589 1627 1772 1701 obtrudunt,
1789 1627 1849 1704 pri·

1104 1728 1292 1804 vilegiorum
1314 1731 1424 1788 cuncta
1447 1739 1539 1801 pene,
1563 1722 1675 1801 quibus
1696 1722 1849 1798 episcopa·

1106 1823 1143 1886 lis
1164 1820 1296 1897 dignitas
1317 1817 1515 1896 splendescit,
1538 1816 1597 1878 sibi
1627 1815 1781 1876 adtributa
1803 1831 1851 1876 ar-

1104 1915 1272 1988 bitrantur,
1295 1921 1326 1974 et
1348 1919 1518 1973 accuratam
1545 1925 1700 1971 sacrorum
1730 1909 1850 1970 rituum

1106 2007 1332 2072 observantiam
1345 2004 1551 2078 vindicemus,
1563 2017 1639 2079 quos
1655 2000 1764 2063 talium
1779 2015 1850 2062 con·

1104 2103 1279 2166 cessionum
1301 2104 1463 2178 praetextu
1484 2097 1613 2175 impune
1635 2094 1787 2173 perfringi
1802 2091 1851 2154 ad·

1106 2210 1284 2256 monemur.

1146 2289 1164 2363 ἓ
1185 2288 1214 2348 3.
1239 2284 1284 2347 Ne
1305 2285 1409 2362 itaque
1430 2270 1504 2344 usus
1532 2281 1707 2344 huiusmodi
1737 2279 1850 2344 inordi-
1896 2292 2083 2338 1111111111-

1107 2391 1196 2445 natus
1216 2377 1455 2457 privilegiorum
1477 2377 1682 2438 diuturnitate
1704 2375 1851 2452 temporis
1869 2348 2083 2456 fflgffitcffil

1870 2459 1954 2499 tuum.

1106 2473 1349 2545 convalesceret,
1377 2487 1543 2534 occurrere
1564 2477 1649 2532 tanto
1675 2471 1749 2533 huic
1770 2470 1851 2532 malo

1107 2567 1312 2644 decrevimus,
1336 2565 1365 2626 id
1390 2565 1572 2627 adhibentes
1600 2565 1747 2641 remedii,
1770 2567 1851 2644 quod

1107 2660 1369 2741 expostulationes
1395 2658 1476 2731 illae,
1504 2674 1637 2736 quarum
1665 2659 1851 2736 aequitatem

1107 2756 1202 2834 probe
1224 2769 1422 2827 noveramus,
1438 2751 1658 2828 elllagltabant:
1682 2767 1785 2830 neque
1805 2767 1853 2813 re-

1107 2850 1292 2912 mittendam
1313 2847 1460 2910 duximus
1482 2844 1685 2920 occasionem,
1707 2862 1799 2924 qnam
1815 2862 1854 2908 ex

1106 2943 1206 3006 dubiis
1237 2956 1337 3019 nuper
1365 2939 1527 3019 propositis
1550 2938 1668 3000 clausu
1695 2939 1853 3017 pontillca·

1107 3036 1186 3096 lium
1209 3035 1240 3095 in
1269 3032 1503 3110 metropolitana
1533 3031 1660 3094 Rarensi
1685 3033 1767 3093 nacti
1788 3047 1853 3094 era·

1107 3145 1188 3204 mus,
1211 3130 1247 3189 ad
1269 3127 1466 3204 praestitutas
1481 3123 1520 3187 de
1535 3141 1571 3186 eo
1594 3125 1715 3200 regulas
1736 3125 1852 3189 iterum

1107 3222 1327 3298 iniungendas.
1343 3220 1454 3295 Quare,
1468 3233 1540 3281 cum
1555 3218 1709 3280 rationem
1724 3219 1769 3280 rei
1786 3221 1855 3282 uni-

1110 3329 1227 3376 versam
1249 3319 1438 3376 memoratae
1460 3311 1591 3374 Rituum
1613 3313 1854 3390 congregationi

1107 3406 1359 3488 perpendendam
1374 3403 1678 3480 demandaverimus
1694 3407 1852 3470 decretum

1108 3504 1144 3565 ah
1165 3500 1271 3564 eadem
1294 3499 1448 3578 prolatum
1470 3505 1516 3560 est
1538 3499 1588 3561 die
1610 3515 1713 3562 xxvn.
1731 3501 1855 3577 augusti

1107 3597 1180 3660 anni
1202 3595 1344 3672 proxime
1371 3591 1541 3670 praeteriti,
1565 3595 1646 3672 quod
1669 3593 1719 3656 hic
1747 3595 1854 3657 alliun-

1108 3691 1222 3767 gimus,
1245 3686 1391 3749 videlicet
1412 3685 1492 3746 «Ex
1519 3685 1729 3749 Romanorum
1751 3688 1853 3750 Ponti·

1108 3785 1202 3845 licum
1225 3778 1420 3856 indulgentia
1441 3788 1524 3840 certa
1545 3779 1693 3856 quaedam
1721 3781 1853 3844 illustria

1108 3875 1234 3939 honoris
1256 3872 1389 3950 insignia
1411 3871 1548 3948 collegiis
1568 3873 1788 3936 canonicorum
1805 3875 1854 3938 vel

1109 3988 1124 4031 a
1146 3967 1251 4047 priscis
1273 3964 1466 4044 temporibus
1491 3966 1625 4027 adtribui
1650 3981 1853 4041 consuevere,

1109 4063 1218 4143 quibus
1240 4066 1271 4122 et
1292 4057 1409 4120 ordinis
1424 4056 1565 4120 maiestas
1582 4061 1854 4124 commendaretur

1109 4156 1219 4232 magia,
1241 4161 1273 4216 et
1294 4155 1356 4228 ipsa
1377 4166 1534 4213 sacrorum
1557 4154 1732 4229 procuratio
1752 4154 1856 4233 splen·

1108 4247 1218 4312 didiori
1241 4252 1386 4324 apparatu
1408 4242 1444 4305 ad
1465 4245 1652 4324 populorum
1680 4247 1800 4309 animos
1822 4248 1854 4308 in

1110 4342 1233 4407 divinae
1254 4339 1300 4401 rei
1321 4338 1557 4400 venerationem
1581 4340 1752 4417 impensius
1772 4357 1850 4402 com·

1110 4435 1261 4516 parandos
1282 4431 1456 4507 ellulgeret.
1480 4434 1534 4492 hst
1546 4447 1626 4494 cum
1642 4449 1676 4494 ea
1692 4434 1733 4494 sit
1747 4449 1855 4496 rerum

1109 4531 1318 4593 humanarum
1339 4525 1488 4598 conditio,
1505 4530 1632 4602 atquae
1652 4527 1858 4606 providentis·

1110 4627 1187 4687 sime
1202 4623 1370 4686 constituta
1385 4621 1523 4699 primum
1544 4619 1644 4695 luere,
1659 4637 1755 4698 pravo
1769 4623 1857 4684 deln-

1110 4735 1180 4796 ceps
1201 4733 1260 4777 usu
1282 4721 1375 4792 atque
1396 4731 1412 4774 a
1436 4713 1675 4776 concedentium
1695 4713 1858 4778 voluntate

1112 4811 1202 4888 plane
1230 4809 1346 4871 absono
1373 4805 1543 4868 inleliciter
1571 4815 1800 4884 pervertantur,
1827 4808 1857 4869 id

1111 4911 1142 4966 et
1157 4905 1194 4968 de
1209 4898 1437 4965 canonicalibus
1455 4899 1627 4977 privilegiis
1638 4899 1857 4980 utplurimum

1111 4997 1420 5072 contingere,graves
1431 4993 1567 5071 undique
1579 4992 1774 5056 invalescunt
1783 5009 1857 5072 que-

1112 5090 1195 5153 relae
1218 5087 1382 5150 hominum
1403 5093 1435 5146 et
1456 5085 1637 5148 auctoritate
1658 5095 1690 5148 et
1713 5087 1858 5164 sapientia

1113 5181 1348 5264 praestantium.
1372 5176 1494 5240 Nedum
1519 5178 1603 5241 enim
1626 5179 1736 5242 modus
1757 5180 1859 5256 ponti-

1114 5275 1182 5338 licio
1203 5273 1370 5353 diplomate
1391 5272 1591 5349 praestitutus
1612 5271 1771 5336 interdum
1794 5271 1859 5332 vio-

1113 5367 1169 5429 lari
1190 5363 1390 5443 conspicitur,
1417 5363 1470 5426 sed
1493 5363 1521 5425 id
1542 5364 1652 5427 crebro
1680 5363 1805 5426 honoris
1826 5381 1860 5427 ac

1113 5457 1270 5537 privilegii
1291 5458 1453 5536 usurpari,
1475 5456 1561 5519 nulla
1582 5457 1684 5518 hahita
1708 5457 1859 5532 locorum,

1114 5557 1240 5615 actuum
1261 5564 1527 5629 personarumque
1550 5549 1682 5624 ratione,
1705 5550 1784 5628 quod
1807 5550 1860 5611 vix

1113 5644 1303 5724 primoribus
1324 5660 1363 5705 ex
1391 5643 1592 5707 ecclesiastica
1618 5643 1789 5707 hierarchia
1810 5643 1861 5706 da·

1114 5745 1183 5798 turn
1204 5735 1397 5813 dignoscitur
1411 5751 1440 5796 a.
1906 5795 1915 5806 ,

1154 5830 1285 5892 «Tanto
1307 5830 1379 5893 huic
1400 5828 1481 5893 malo
1495 5829 1698 5894 convellenda
1720 5830 1800 5892 haud
1815 5845 1862 5891 se·

1114 5921 1177 5985 mel
1198 5921 1386 5986 adlaboravit
1399 5922 1627 5986 sacrallituum
1642 5922 1859 6006 Congregatin,

1730 570 1735 578 ·
1766 548 1827 618 637
1876 543 1930 606 hx.
1946 539 1976 606 a.
1997 542 2066 604 lead
