4750 6980
298 529 353 584 Au.
367 530 398 584 0.
420 531 488 583 1803

288 2711 502 2827 starltjtfflsmifrmqffi}

288 2814 336 2860 bus
368 2815 502 2915 Egoisfflplt

288 2877 503 2978 ffiscsffllspensa·

289 2973 351 3020 tlon.
367 2985 443 3030 super
457 2975 503 3022 ml·

538 529 597 591 [1118

1043 544 1106 586 lllll.
1134 543 1223 586 buxu.
1249 543 1288 586 DE
1311 543 1338 586 P·
1364 544 1392 588 F·
1419 545 1501 587 tatis
1524 545 1543 587 l.

2110 527 2170 578 An.
2199 523 2236 576 G.
2259 521 2332 574 1803

518 661 1053 740 ramEpiswpi'H⁰i⁰⁵m⁰di⁰¹¹im
1070 660 1266 723 matsi¹¹¹⁰¹¹i³
1361 661 1430 734 5²·
1453 661 1569 736 Quibus
1591 660 1624 722 in
1647 661 1884 738 cogitationibus
1904 661 1981 724 dum
2009 661 2075 724 dies
2128 668 2218 718 uauo
2242 667 2332 712 ueter-

1324 761 1504 832 ¹¹⁰0¹0ssll¹¹et
1521 761 1674 832 duantum
1696 755 1729 816 in
1751 755 1838 818 nobis
1860 763 1918 831 est,
1938 756 2006 818 sine
2028 757 2074 818 in·
2093 723 2332 826 21⁰0¹ffiffi³¹¹¹²9m

516 755 601 817 inter
622 771 717 817 unam
739 757 1067 834 partemhaereticam
1088 763 1118 816 et
1139 754 1267 815 alteram

517 848 709 922 catholicam,
732 865 805 910 cum
828 849 962 912 Ecclesia
976 863 1098 926 semper
1119 850 1267 910 detestata

517 941 623 1015 luerit,
637 951 669 1003 et
688 941 893 1004 severissimis
915 943 1036 1018 legibus
1056 940 1264 1013 interdixerit,

518 1050 554 1095 eo
586 1034 637 1096 vel
668 1036 804 1096 maxime
832 1035 913 1114 quod
946 1035 1132 1112 plerumque
1161 1033 1266 1096 subest

519 1143 613 1203 grave
627 1127 802 1204 periculum
815 1128 1012 1206 pervertendi
1026 1133 1057 1189 et
1069 1127 1267 1189 abstrahendi

518 1238 534 1282 a
562 1222 621 1282 irde
652 1220 798 1284 catholica
829 1223 1005 1298 coniugem,
1033 1226 1063 1281 et
1092 1235 1203 1297 anceps
1232 1235 1265 1280 ac

519 1313 608 1375 dubia
623 1313 662 1374 sit
678 1315 817 1376 educatio
832 1315 926 1394 prolis
949 1315 1111 1390 utriusque
1125 1329 1216 1376 sexus
1232 1313 1265 1374 iu

519 1406 671 1482 religione
701 1407 863 1482 catholica,
891 1407 1056 1470 christiana
1083 1406 1210 1468 caritate
1238 1414 1269 1466 et

518 1501 668 1562 suavitate
683 1507 837 1576 quantum
853 1502 919 1562 deri
937 1501 1059 1578 poterit,
1072 1505 1214 1561 avertant
1229 1498 1268 1560 ll-

518 1591 634 1669 piscopi
656 1608 691 1685 aq
710 1592 852 1654 reiiciant
873 1593 942 1654 talia
957 1591 1112 1668 coniugia.
1135 1590 1219 1665 Quod
1241 1589 1267 1650 si

518 1684 693 1762 periculum
715 1685 924 1761 perversionis
945 1686 1086 1760 coniugis
1107 1697 1269 1746 removea-

520 1784 583 1850 tur,
606 1784 636 1837 et
659 1777 752 1855 prolis
773 1780 911 1840 educatio
934 1780 965 1840 in
996 1785 1063 1840 tuto
1085 1779 1135 1851 sit,
1159 1777 1197 1837 iis
1217 1775 1267 1836 ad-

520 1869 624 1931 hibitis
639 1871 877 1946 conditionibus,
894 1889 968 1950 quas
984 1871 1168 1932 Benedictus
1183 1867 1265 1933 Xll'.

519 1963 552 2024 in
573 1965 846 2040 supramemoratis
867 1963 979 2026 litteris
1000 1965 1035 2025 ad
1051 1963 1219 2024 Primatem
1235 1968 1265 2022 et

519 2054 665 2117 Poloniae
684 2056 846 2133 Episcopus
860 2055 1026 2132 diligenter
1041 2072 1168 2118 servare
1182 2071 1268 2133 prae-

519 2148 652 2225 scripsit,
683 2156 790 2224 tuque,
818 2165 887 2209 ven.
910 2147 1015 2223 irater,
1045 2155 1098 2210 aut
1127 2149 1266 2226 Episcopi

520 2242 566 2302 tui
587 2240 771 2316 suliraganei
794 2258 809 2301 a
831 2242 919 2310 nobis
940 2241 1089 2318 petierint
1110 2242 1213 2320 aliquo
1234 2242 1267 2302 in

520 2349 602 2407 casu,
622 2338 654 2394 et
676 2349 714 2394 ex
736 2333 955 2409 urgentissima
977 2351 1064 2396 causa
1086 2335 1266 2413 dispensari,

519 2440 584 2486 non
600 2426 808 2488 recusabimus
823 2429 933 2488 vestris
949 2428 1090 2504 precibus
1111 2429 1265 2502 assentiri,

519 2517 544 2578 si
568 2517 596 2578 id
620 2519 780 2594 religionis
803 2519 919 2582 bonum
942 2530 973 2582 et
994 2521 1169 2582 aniruarum
1184 2521 1265 2582 salus

520 2611 674 2687 postulare
695 2612 848 2674 videatur.

559 2705 578 2779 5
599 2702 628 2764 8.
652 2705 730 2766 llaec
752 2707 787 2766 ad
809 2713 840 2766 te
863 2706 985 2783 plenius
999 2705 1159 2768 scribenda
1181 2715 1268 2784 puta·

520 2797 635 2873 vimus,
666 2798 853 2887 venerabilis
882 2800 989 2875 irater,
1020 2816 1084 2862 nou
1109 2801 1211 2862 solum
1234 2810 1269 2862 ut

520 2891 680 2969 postulatis
708 2894 770 2954 tuis
795 2893 966 2956 laceremus
986 2895 1069 2969 sutis,
1098 2897 1266 2956 sedetiam

521 2993 555 3047 ut
576 2986 609 3047 in
632 2985 669 3046 iis
695 2987 937 3064 quaestionibus,
961 3005 1035 3066 quus
1059 2989 1138 3050 circa
1161 2988 1267 3050 matri-

521 3081 624 3141 monia
645 3080 842 3156 proposuisti,
865 3091 981 3142 certam
1004 3081 1131 3142 haberes
1153 3082 1190 3143 ab
1212 3083 1266 3144 hac

520 3171 692 3248 Apostolica
714 3170 792 3234 Sede
814 3172 967 3248 regulam,
984 3176 1116 3250 quamsi
1133 3175 1265 3250 tenebis,

519 3263 608 3326 lacile
630 3281 663 3326 ac
685 3271 753 3327 tuto
774 3280 825 3326 eas
839 3267 960 3327 solvere
980 3283 1013 3328 uc
1031 3267 1178 3328 dirimere
1200 3275 1266 3346 pot-

520 3357 592 3419 eris.
608 3358 651 3419 hc
667 3358 734 3432 tibi,
757 3358 941 3421 venerabilis
962 3360 1066 3434 irater,
1089 3360 1264 3438 ovibusque

520 3451 582 3513 tuis
606 3450 804 3529 apostolicam
827 3451 1075 3514 benedictionem
1096 3454 1267 3515 amantissi-

520 3558 571 3604 me
592 3542 803 3620 impertimur.

561 3635 671 3696 Datum
686 3635 719 3696 in
735 3636 812 3696 hrce
825 3634 1001 3712 Gandulphi
1021 3635 1173 3700 Albanen.
1184 3639 1267 3701 dioe-

519 3729 674 3790 cesis'sub
701 3728 819 3789 annulo
840 3728 999 3806 Piscatoris
1021 3731 1070 3792 die
1090 3747 1159 3792 vrtr.
1183 3741 1267 3794 octo-

520 3819 583 3882 bris
605 3835 777 3894 nocedim,
802 3822 998 3897 pontificatus
1012 3823 1110 3884 nostri
1126 3839 1208 3886 anno
1222 3842 1266 3886 tv.

869 4101 920 4164 Xl.

522 4286 705 4364 Supprimit
735 4287 976 4350 commissarios
1008 4291 1267 4369 cottprcpctt'ortic

562 4379 593 4440 S.
617 4378 748 4442 locucio
770 4378 898 4440 Dc-Dco
920 4381 956 4442 itt
978 4383 1176 4445 Americcuis
1196 4400 1268 4462 pro·

559 4473 678 4533 vinciis
701 4473 875 4550 llt'apuut'oc
906 4473 1214 4546 ditionisubtcctis,
1238 4483 1269 4538 ct

559 4563 780 4628 Prouicciulcs
810 4565 844 4626 ic
875 4582 985 4627 corum
1016 4567 1120 4628 locum
1149 4569 1267 4633 sudata·-

495 4689 497 4694 v
561 4661 639 4731 tuit.

316 5137 483 5185 Prooemium.

767 4827 854 4896 ettts
877 4830 938 4897 ΡΡ.
962 4830 1021 4900 illl.

642 4950 679 5018 ed
703 4955 873 5034 perpetuum
896 4954 940 5020 rei
962 4955 1146 5024 memoriam.

559 5128 578 5202 5
595 5127 621 5187 1.
632 5125 824 5189 inscrutabili
837 5129 961 5191 divinae
971 5131 1185 5207 providentiae
1196 5149 1269 5195 con-

518 5219 588 5281 silio
609 5221 645 5282 ad
667 5219 835 5296 regendam
857 5222 971 5285 Christi
997 5223 1175 5300 Ecclesiam,
1199 5225 1270 5286 licet

521 5313 734 5390 immerentes,
750 5314 922 5390 constituti,
939 5325 1117 5378 nostrarum
1133 5318 1268 5394 partium

521 5405 726 5482 intelligimus
755 5422 822 5468 esse
852 5423 939 5470 curas
967 5423 1075 5469 omnes
1100 5416 1131 5469 et
1157 5408 1269 5471 sollici·

521 5499 643 5561 tudines
672 5508 792 5562 nostras
815 5514 853 5560 eo
877 5509 1072 5572 convertere,
1100 5501 1183 5563 unde
1204 5517 1268 5563 nou

522 5592 611 5654 modo
632 5592 723 5668 mala,
745 5593 771 5654 si
792 5601 950 5672 quaeunt,
967 5610 984 5654 a
1001 5593 1153 5668 fidelibus,
1170 5610 1268 5672 quan-

521 5691 589 5744 tum
611 5683 678 5744 deri
700 5693 812 5762 potest,
828 5694 992 5748 arceantur
1006 5694 1036 5747 et
1051 5694 1268 5763 amoveantur,

520 5787 630 5836 verum
652 5776 758 5858 etiam,
789 5793 866 5855 quae
887 5793 999 5840 eorum
1028 5779 1110 5841 bono
1131 5779 1271 5842 utilitati-

520 5884 582 5945 que
601 5875 688 5944 sunt,
711 5869 743 5931 in
766 5885 817 5932 eos
838 5871 1004 5950 provenire
1024 5874 1153 5950 possint.

1325 845 1518 907 termissione
1533 860 1707 920 versamur,
1720 847 1839 922 accidit,
1854 854 1888 909 ut
1899 849 2075 910 carissimus

1323 939 1355 998 in
1378 936 1499 1001 Christo
1523 938 1604 999 tilius
1633 946 1739 1000 noster
1768 941 1896 1004 Carolus
1918 941 2074 1020 llispania-

1324 1046 1394 1092 rum
1409 1046 1465 1091 rex
1479 1031 1647 1094 catholicus
1664 1049 1718 1110 pro
1730 1034 1872 1109 llagranti
1883 1035 1998 1110 studio,
2012 1052 2074 1112 quo

1323 1122 1525 1186 inutilitates
1550 1140 1659 1186 omnes
1687 1132 1719 1188 et
1746 1129 1908 1192 commoda
1930 1127 2075 1190 incensus

1323 1225 1369 1278 est
1390 1217 1556 1280 hominum
1579 1218 1682 1294 regiae
1702 1236 1777 1280 suae
1797 1219 1907 1282 ditioni
1922 1221 2074 1283 subiecto·

1323 1326 1406 1383 rum,
1428 1317 1521 1389 atque
1545 1311 1707 1388 inprimis
1735 1327 1857 1388 eorum,
1883 1315 1935 1391 qui
1959 1313 2074 1375 morbis

1322 1409 1413 1478 atque
1435 1403 1669 1466 infirmitatibus
1691 1405 1795 1467 aliiicti
1818 1415 1849 1468 et
1870 1408 1986 1481 vexati,
2003 1423 2073 1484 pro·

1322 1501 1391 1572 pter
1412 1512 1519 1558 rerum
1542 1497 1686 1559 omnium
1708 1499 1844 1575 inopiam
1859 1501 1894 1562 ad
1912 1500 2074 1577 hospitalia

1323 1588 1493 1666 confugere
1513 1597 1606 1668 atque
1628 1591 1660 1653 in
1678 1590 1714 1652 iis
1729 1591 1874 1654 levamen
1886 1593 2074 1656 subsidium-

1322 1697 1383 1757 que
1404 1682 1467 1743 suis
1489 1683 1721 1745 necessitatibus
1743 1699 1894 1761 quaerere
1916 1701 1948 1746 ac
1969 1694 2074 1762 postu·

1323 1773 1387 1835 lare
1407 1782 1574 1851 coguntur,
1597 1777 1791 1852 cognoverit,
1808 1777 1968 1854 hospitalia
1983 1793 2074 1856 quae-

1323 1869 1393 1930 dum
1415 1883 1454 1929 ex
1475 1885 1585 1930 corum
1615 1884 1760 1944 numero,
1783 1887 1920 1949 quorum
1948 1888 2021 1933 cura
2042 1877 2073 1932 et

1322 1959 1547 2022 administratio
1568 1963 1804 2038 congregationi
1825 1963 1958 2026 fratrum
1979 1965 2010 2029 S.
2028 1966 2072 2028 lo·

1322 2055 1412 2116 annis
1438 2054 1481 2115 De
1502 2056 1564 2116 Deo
1595 2065 1848 2132 nuncupatorum
1878 2059 1992 2120 credita
2014 2065 2071 2132 est,

1323 2151 1354 2205 et
1376 2146 1509 2224 quaein
1533 2149 1723 2209 Americanis
1750 2149 1846 2226 ipsius
1868 2151 1950 2226 regis
1971 2151 2074 2213 catho-

1324 2237 1373 2300 lici
1395 2239 1563 2300 ditionibus
1584 2248 1658 2301 sunt
1680 2242 1861 2316 constituta,
1881 2259 1919 2304 eo
1938 2244 1973 2304 in
1993 2251 2073 2306 statu

1322 2346 1356 2392 ac
1376 2330 1554 2392 conditione
1583 2333 1709 2407 versari,
1733 2344 1768 2396 ut
1795 2336 1895 2412 aptior
1918 2337 1949 2397 in
1972 2335 2009 2395 iis
2029 2345 2073 2398 at·

1321 2439 1383 2501 que
1397 2424 1504 2485 utilior
1518 2441 1626 2488 earum
1643 2443 1750 2488 rerum
1765 2429 1990 2490 administratio
2001 2443 2074 2490 con·

1322 2518 1408 2580 stitui
1430 2535 1555 2582 necesse
1576 2521 1730 2598 sit-quae
1751 2521 1785 2582 ad
1817 2522 1963 2585 levandos
1986 2524 2072 2586 intir-

1324 2626 1389 2673 mos
1410 2613 1578 2676 destinatae
1599 2621 1685 2688 sont,
1709 2615 1800 2694 idque
1815 2625 1877 2677 tum
1892 2617 1971 2678 circa
1987 2633 2071 2694 prae-

1321 2703 1382 2779 dia,
1397 2721 1532 2782 quorum
1549 2707 1788 2784 possessionibus
1803 2710 1985 2788 iampridem
2001 2725 2073 2786 gau·

1322 2799 1408 2872 dent,
1430 2815 1524 2877 quam
1550 2800 1628 2862 circa
1656 2800 1879 2880 eleemosynas,
1901 2819 1979 2881 quae
2000 2821 2016 2864 a
2039 2803 2074 2864 fi-

1322 2891 1438 2953 delium
1470 2894 1584 2969 pietate
1612 2911 1645 2955 ac
1667 2894 1814 2956 citat-itate
1846 2895 2070 2972 conteruntur,

1321 2986 1566 3063 cognoveritque
1583 2993 1752 3063 praeterea,
1768 2986 1847 3050 hanc
1867 2989 1992 3066 aptioris
2014 2992 2073 3051 uti-

1324 3076 1469 3154 liorisque
1497 3079 1771 3140 administrationis
1797 3082 2012 3144 necessitatem
2034 3099 2072 3144 ex

1322 3186 1358 3230 eo
1374 3171 1509 3232 maxime
1520 3172 1682 3248 proticisci,
1694 3174 1774 3249 quod
1788 3173 1882 3234 nimis
1897 3176 1984 3252 pauci
1999 3184 2072 3237 sunt

1324 3263 1491 3340 praedictae
1507 3264 1756 3341 congregationis
1770 3263 1801 3327 S.
1818 3268 1938 3328 loannis
1953 3269 1996 3328 tta
2011 3270 2072 3330 lieo

1322 3358 1535 3431 commissarii,
1558 3365 1588 3418 et
1610 3358 1743 3434 impares
1763 3361 1894 3421 omuino
1915 3369 1989 3423 sunt
2003 3377 2073 3439 pro·

1321 3449 1485 3529 spiciendis
1508 3452 1786 3530 praevidendisque
1809 3454 1900 3514 rebus
1915 3455 2071 3530 omnibus,

1323 3559 1402 3620 quae
1422 3551 1495 3604 sunt
1519 3560 1628 3605 eorum
1658 3547 1797 3607 muneris
1818 3563 1852 3609 ac
1873 3545 2070 3624 necessariae,

1321 3637 1504 3712 praesertim
1528 3637 1560 3697 in
1584 3645 1665 3696 tauta
1686 3646 1717 3699 et
1740 3648 1802 3698 tam
1824 3639 1928 3702 dissita
1950 3642 2073 3704 illarum

1323 3728 1490 3804 regionum
1512 3727 1661 3790 catholico
1677 3731 1744 3805 regi
1757 3733 1950 3796 subditarum
1965 3735 2074 3812 ampli-

1326 3821 1443 3897 tudine,
1461 3823 1512 3895 ita,
1531 3829 1564 3882 ut
1582 3822 1629 3882 his
1644 3823 1715 3898 ipsis
1731 3825 1768 3885 de
1783 3826 1879 3886 causis
1894 3828 1988 3888 etiam
2001 3843 2073 3890 con-

1321 3915 1429 3976 cilium
1451 3915 1641 3992 provinciale
1662 3917 1857 3980 llexicanum
1875 3919 1924 3982 tv.
1940 3919 2075 3982 celebra·

1326 4015 1393 4068 tum
1409 4024 1491 4068 anno
1507 4023 1695 4084 ccccxxxx,
1712 4011 1760 4072 cui
1776 4014 1961 4076 venerabilis
1976 4014 2073 4076 irater

1324 4111 1429 4162 noster
1449 4102 1619 4164 Cardinalis
1641 4104 1684 4164 lle
1705 4103 1883 4167 Lorenzanu
1914 4123 2072 4184 nuncupa·
2108 4143 2112 4151 ·

1325 4201 1385 4267 tus,
1408 4201 1485 4255 tunc
1505 4195 1759 4273 Archiepiscopus
1780 4195 1968 4278 Muxicaous,
1990 4215 2074 4278 prae·

1325 4284 1403 4362 luit,
1426 4285 1652 4348 existimaverit
1672 4305 1705 4352 ac
1726 4291 1934 4370 proposuerit,
1958 4295 2074 4356 incom-

1324 4379 1433 4454 modis,
1456 4396 1534 4458 quae
1555 4381 1593 4441 ob
1614 4379 1717 4442 allatas
1738 4400 1841 4444 causas
1864 4385 1896 4445 in
1916 4386 2074 4462 hospitalia

1324 4472 1559 4549 proveniebant,
1583 4475 1765 4535 auctoritate
1783 4475 1868 4538 Sedis
1883 4478 2074 4555 apostolicae

1323 4563 1551 4625 consulendum
1565 4579 1641 4625 esse.
1654 4565 1769 4626 llarum
1785 4567 1882 4642 igitur
1895 4572 2073 4646 cognitione

1323 4665 1484 4733 permotus
1514 4673 1571 4717 rex
1601 4657 1779 4733 catholicus,
1800 4675 1857 4737 pro
1884 4677 1930 4736 ea,
1959 4679 2019 4741 qua
2041 4666 2073 4726 in

1324 4748 1462 4811 subditos
1482 4767 1565 4825 suos,
1588 4752 1770 4827 praesertim
1792 4769 1951 4832 pauperes,
1972 4756 2073 4820 lervet

1324 4842 1484 4918 charitate,
1508 4843 1671 4905 humiliter
1692 4845 1782 4906 nobis
1801 4847 1966 4924 supplicari
1988 4851 2071 4927 lecit,

1327 4941 1360 4995 ut
1382 4933 1470 4996 malis
1499 4934 1675 4997 huiusmodi
1697 4935 1871 4998 remedium
1899 4939 2009 5002 atlerre
2029 4950 2074 5004 at-

1324 5043 1384 5105 que
1405 5027 1589 5091 auctoritate
1610 5037 1714 5090 nostra
1735 5030 1897 5106 apostolica
1911 5034 2075 5108 providere

1325 5120 1540 5196 dignaremur,
1561 5129 1593 5181 et
1614 5137 1676 5200 quo
1697 5137 1745 5182 res
1766 5123 1930 5184 succedere
1956 5125 2075 5190 iacilius

1326 5213 1542 5290 maturiusque
1571 5223 1684 5290 posset,
1717 5215 1782 5291 ipse
1813 5215 1957 5292 quasdam
1989 5220 2075 5280 nobis

1326 5305 1457 5382 proponi
1483 5305 1571 5368 iussit
1600 5307 1745 5380 rationes,
1769 5307 1881 5384 quibus
1905 5309 2005 5387 aptior
2026 5311 2076 5374 illa

1324 5408 1356 5460 et
1378 5398 1486 5460 utilior
1507 5399 1733 5477 praedictorum
1755 5399 1955 5476 hospitalium
1977 5403 2009 5464 in
2029 5421 2076 5464 re-

1327 5491 1382 5554 bus
1404 5493 1625 5569 temporalibus
1653 5491 1880 5554 administratio
1906 5504 2007 5571 posset
2030 5497 2076 5558 in·

1326 5584 1425 5660 stitui,
1448 5581 1541 5663 prout
1563 5585 1653 5646 latius
1675 5586 1707 5645 in
1727 5585 1869 5661 precibus
1886 5587 2014 5650 nomine
2028 5605 2076 5650 ca-

1328 5679 1433 5741 tholici
1455 5679 1537 5754 regis
1558 5678 1595 5738 ab
1616 5678 1752 5739 eiusdem
1774 5677 1919 5742 ministro
1938 5679 2076 5760 plenipo-

1328 5773 1472 5835 tentiario
1493 5775 1526 5834 in
1548 5771 1604 5834 bac
1624 5770 1703 5832 alma
1725 5772 1802 5833 urbe
1824 5781 1927 5836 nostra
1942 5771 2076 5852 degente

1325 5867 1514 5930 continetur.
