4754 6966
59 583 109 630 An.
124 580 157 630 C.
184 582 248 631 1771

89 1561 257 1621 Pneeeptum

48 1613 157 1658 sisaran
168 1613 258 1659 lateres

46 1667 201 1724 apossolus.

66 2307 180 2352 transuta
198 2317 256 2370 qna

48 2361 157 2406 amnibus
174 2359 256 2406 aliter

56 2415 169 2460 udicandi
191 2413 256 2458 adi-

48 2473 116 2514 untur
126 2470 253 2525 potestas.

58 2967 188 3038 peroptat
199 2975 254 3012 om·

51 3021 255 3171 [ffffdldtit

936 595 1077 640 caeneus
1099 595 1162 638 xvv.
1746 568 1803 630 {75
1853 562 1906 614 An.
1921 561 1951 611 c.
1973 557 2040 610 1771

1074 709 1176 784 cessis,
1192 707 1363 786 approbatis
1384 715 1415 770 et
1438 703 1602 768 innovatis.
1625 701 1740 779 Quibus
1755 717 1821 762 ont·

1076 801 1166 863 nibus
1182 809 1212 863 et
1233 800 1365 877 siugulis
1388 801 1513 862 illorum
1537 805 1659 860 tenores
1680 811 1823 874 praeseu-

1077 895 1158 956 tibus
1180 911 1234 973 pro
1263 893 1354 972 plene
1377 901 1408 956 et
1436 891 1629 956 sullicienter
1656 887 1820 966 expressis,

277 715 466 786 paupertate,
489 711 636 788 praedicti
658 709 747 772 electi
769 727 814 784 ac,
832 717 866 772 ut
888 708 1020 788 praeler-

278 809 339 874 tur,
362 803 501 878 deputati
523 802 701 866 iudicabunt
717 803 891 866 inbomino
913 818 1022 880 oppor-

278 894 427 970 teniores,
437 901 660 972 pertranseant.
677 895 738 957 Nos
753 896 837 958 enim
854 895 925 975 ipsis
942 895 1022 974 prio-

277 985 362 1048 ribus
390 988 628 1064 provincialibus
657 1005 711 1051 seu
734 988 850 1063 eiectis,
873 1006 907 1052 ac
927 989 1022 1067 depu-
1075 1004 1108 1050 ae
1129 989 1166 1050 de
1187 988 1283 1049 verbo
1304 988 1339 1048 ad
1361 987 1494 1050 verbum
1516 985 1639 1046 insertis
1660 982 1820 1054 habentes,

278 1081 346 1142 tatis
367 1080 544 1145 huiusmodi
567 1082 744 1146 facultatem
760 1083 866 1145 eadem
882 1083 961 1144 bona
977 1083 1023 1144 iu·
1077 1081 1137 1142 illis
1164 1081 1237 1142 alias
1259 1081 1290 1142 ln
1318 1097 1374 1142 suo
1403 1079 1513 1143 robore
1542 1074 1762 1157 permansuris,
1786 1075 1820 1135 ad

277 1181 326 1234 xta
349 1174 512 1251 praemissa
534 1192 597 1238 una
619 1193 691 1240 cum
707 1178 771 1238 suis
793 1175 941 1240 oneribus
956 1175 1022 1236 aliis
1061 1174 1316 1252 ,praemissorum
1344 1174 1507 1247 ellectum,
1530 1174 1586 1234 hac
1610 1169 1682 1230 vive
1703 1167 1822 1230 duruta·

276 1267 482 1330 conventibus
503 1271 665 1347 praedictis
680 1269 856 1348 assignandi
878 1277 908 1330 et
929 1269 1024 1348 appii·
1078 1275 1139 1341 xat,
1155 1267 1329 1346 specialiter
1342 1275 1374 1329 et
1389 1281 1531 1345 expresse
1545 1265 1740 1342 derogamus,
1757 1275 1821 1322 cae·

276 1360 363 1420 candi
394 1361 456 1440 pari
483 1363 665 1425 anctoritate
694 1373 725 1426 et
748 1373 854 1426 tenore
883 1362 1023 1424 coneodi·
1077 1361 1214 1440 terisque
1235 1361 1397 1424 contrariis
1418 1359 1675 1439 quibuscumque.

278 1467 347 1514 anus
367 1462 399 1514 et
420 1454 630 1532 impertimur.
1116 1455 1134 1529 ἓ
1158 1454 1186 1515 7.
1218 1454 1371 1516 Volumus
1402 1465 1524 1528 autem,
1553 1459 1585 1514 ut
1612 1449 1821 1531 praesentium
1854 1449 2054 1500 aruasuuunaa

1841 1505 2016 1562 transumpta

317 1545 336 1620 5
356 1546 385 1606 i.
409 1548 614 1611 Decernentes
634 1551 712 1629 ipsas
729 1555 904 1629 praesentes
921 1547 1023 1608 literas

275 1655 400 1718 semper
422 1641 536 1717 firmas,
553 1643 667 1706 validas
687 1651 719 1705 et
740 1645 874 1706 efficaces
888 1641 1023 1704 existere

277 1751 310 1796 ac
331 1733 408 1808 iore,
430 1751 564 1814 suosque
586 1736 740 1815 plenarios
762 1745 793 1799 et
819 1737 958 1814 integros
980 1733 1022 1794 ei-

277 1827 376 1888 lectus
396 1828 499 1888 sortiri
522 1837 553 1891 et
574 1829 728 1904 obtinere,
745 1848 778 1892 ac
794 1830 865 1904 illis,
889 1831 924 1891 ad
946 1843 1023 1906 quos

275 1926 403 1998 spectat,
415 1931 447 1983 et
458 1937 514 1998 pro
529 1928 669 2002 tempore
684 1925 942 2002 quandocumque
956 1937 1022 2000 spe-

276 2013 382 2086 ctabit,
406 2015 438 2075 iu
460 2015 604 2076 omnibus
625 2023 656 2077 et
679 2017 858 2094 peremnia
881 2015 1022 2094 plenissi-

277 2121 326 2166 me
349 2107 520 2184 sutlragari,
544 2126 578 2170 ac
602 2109 639 2170 ab
660 2111 704 2172 eis
732 2109 902 2188 respective
924 2109 1022 2170 invio·

278 2197 411 2261 labiliter
432 2201 601 2263 observari.

316 2292 385 2367 §b
411 2293 520 2372 Sicque
543 2296 573 2356 in
597 2295 769 2373 praemissis
781 2313 835 2374 per
858 2313 1021 2376 quoscum-

276 2401 338 2462 que
360 2386 475 2449 iudices
498 2389 666 2452 ordinarios
687 2395 718 2450 et
740 2390 905 2467 delegatos,
929 2391 1021 2452 etiam

276 2495 438 2540 causarum
460 2482 563 2559 palatii
585 2482 739 2560 apostotici
763 2484 928 2558 auditores,
945 2485 1022 2546 iudi·

275 2575 336 2634 cari
359 2580 392 2636 et
412 2575 535 2636 definiri
557 2575 680 2645 debere,
703 2593 736 2638 ac
758 2577 883 2638 irritum
904 2585 935 2638 et
957 2578 1021 2638 ina-

276 2682 328 2741 ne,
350 2667 375 2727 si
396 2683 483 2730 secus
509 2685 602 2748 super
623 2670 671 2730 his
692 2689 707 2730 a
729 2687 887 2749 quoquam
914 2673 1022 2750 quavis

274 2761 458 2824 auctoritate
484 2763 620 2825 scienter
647 2764 698 2825 vei
721 2765 902 2840 ignoranter
924 2767 1021 2828 conti·

276 2855 357 2930 gerit
379 2857 534 2918 attentari.

315 2949 336 3022 ἓ
356 2949 385 3010 6.
410 2948 480 3010 Nou
495 2950 688 3013 obstantibus
703 2952 976 3014 constitutionibus
992 2961 1022 3014 et

275 3043 521 3106 ordinationibus
542 3045 725 3132 apostolicis,
744 3062 800 3108 uec
822 3062 884 3108 non
907 3046 1022 3108 ordinis

276 3145 306 3199 et
329 3139 733 3200 conventuumhuiusmodi
756 3139 850 3201 etiam
865 3140 1021 3200 iuramen-

276 3238 319 3304 to,
342 3231 578 3293 confirmatione
593 3231 768 3311 apostolica,
786 3231 834 3292 vel
847 3233 955 3311 quavis
970 3232 1021 3294 tir-

276 3325 383 3385 mitate
404 3325 460 3385 alia
481 3325 632 3386 roboratis
654 3327 774 3387 statutis
804 3335 835 3388 et
855 3332 1020 3387 cousuetu-

274 3418 416 3494 dinibns3
439 3418 611 3497 privilegiis
633 3435 767 3497 quoque,
782 3418 911 3482 indultis
933 3425 963 3479 et
986 3419 1021 3480 li-

276 3513 350 3573 teris
379 3511 553 3591 apostolicis
580 3513 792 3592 superioribus
820 3522 850 3574 et
879 3514 1021 3591 personis

274 3607 334 3667 sub
354 3606 603 3684 quibuscumque
626 3606 785 3667 tenoribus
807 3615 837 3668 et
860 3605 966 3666 tormis
989 3623 1021 3668 ac

275 3713 345 3758 cum
375 3699 534 3776 quibusvis
562 3699 655 3760 etiarn
685 3700 948 3775 derogatoriaruur
971 3699 1022 3760 de-

276 3792 450 3868 rogatoriis,
472 3792 600 3870 aliisque
623 3792 856 3868 efficacioribus,
878 3793 1020 3856 efficacis·

275 3884 374 3958 simis,
396 3901 429 3947 ac
451 3885 582 3947 insolitis
597 3885 752 3960 clausulis,
767 3885 1020 3965 irritantibu'sque

275 3985 307 4037 et
328 3976 394 4037 aliis
422 3978 552 4039 decretis
575 3980 605 4038 iu
633 3993 749 4054 genere
775 3977 824 4040 vel
846 3979 878 4039 iu
906 3981 1018 4057 specie,

276 4085 309 4130 ac
329 4068 395 4130 aliis
421 4071 452 4134 in
473 4071 664 4132 contrarium
694 4071 927 4149 quomodolibet
949 4091 1022 4135 con-

315 4283 344 4336 (Ι)
360 4285 396 4327 Ex
410 4294 464 4340 reg.
480 4284 555 4340 epist.
578 4285 646 4330 hauc
659 4297 701 4332 an.
716 4297 751 4340 x..
767 4298 823 4343 pag.
839 4289 887 4342 225,
907 4287 1018 4334 desvuni·

276 4361 333 4395 mus
347 4350 455 4396 literam
470 4361 531 4407 qna,
546 4353 674 4398 anteriori
689 4364 766 4408 anno,

314 4559 453 4598 interimere
472 4559 531 4607 apsa
546 4559 672 4599 indicauit
685 4561 781 4600 anuloni
790 4561 932 4602 cotbottcoa
943 4563 1019 4602 tiroc-

1077 1546 1237 1608 literarum
1261 1548 1475 1626 transumptis,
1505 1563 1559 1608 seu
1581 1544 1732 1624 exemplis
1758 1561 1823 1606 ma-

1079 1655 1121 1728 nn
1142 1639 1270 1702 alicuius
1298 1641 1410 1702 notarii
1440 1639 1552 1719 publici
1577 1637 1768 1717 subscriptis,
1792 1644 1823 1698 et

1075 1732 1178 1810 sigillo
1206 1750 1355 1812 personae
1382 1733 1414 1796 iu
1443 1732 1645 1795 ecclesiastica
1673 1731 1822 1807 ‹lignitate

1076 1828 1262 1890 constitutae
1289 1827 1436 1902 munitis,
1466 1828 1573 1889 eadem
1601 1842 1727 1903 prorsus
1749 1825 1823 1886 fides

1078 1922 1109 1982 in
1131 1921 1244 1984 iudicio
1265 1929 1296 1982 et
1318 1927 1404 1982 extra
1427 1919 1502 1982 illud
1525 1919 1718 1993 adhibeatur,
1744 1933 1823 1996 quae

1078 2014 1185 2076 iisdem
1206 2014 1419 2092 praesentibus
1447 2012 1661 2086 adhiberetur,
1685 2009 1710 2072 si
1736 2009 1822 2070 exhi-

1077 2107 1157 2169 bitae
1178 2107 1281 2168 iorent
1302 2107 1351 2168 vel
1367 2113 1517 2169 ostensae.

1117 2200 1225 2264 Datum
1249 2201 1363 2262 Romae
1384 2201 1462 2280 apud
1480 2201 1510 2263 S.
1528 2199 1652 2262 Mariam
1675 2198 1823 2259 Maiorem

1076 2295 1134 2356 sub
1155 2295 1272 2356 annulo
1300 2293 1460 2355 Piscatoris
1482 2294 1530 2355 die
1552 2311 1608 2355 vu.
1638 2292 1823 2372 septembris

1078 2403 1267 2463 uocccxxr,
1291 2388 1486 2466 pontificatus
1508 2389 1606 2448 nostri
1627 2403 1709 2448 anuo
1731 2401 1780 2448 ιιι.

1413 2671 1480 2736 XV.

1079 2858 1186 2936 Eripit
1209 2859 1424 2937 episcopatum
1443 2861 1717 2930 Maubocsioasom
1733 2876 1822 2940 proe-

1117 2953 1146 3013 αι’
1162 2954 1249 3014 rt'tns
1266 2956 1299 3014 iu
1316 2953 1507 3033 Honportm·
1519 2957 1588 3016 etas
1604 2956 1822 3016 ostensionem

1116 3053 1145 3107 ct
1167 3047 1268 3110 dotem
1291 3049 1452 3125 desinunt·
1473 3047 1670 3125 presbyteros
1692 3049 1738 3110 aet
1761 3065 1822 3108 mo-

1117 3139 1235 3220 nachos
1263 3141 1422 3202 constitui
1449 3142 1608 3212 ιὶαιαναὶι,
1640 3143 1696 3221 qni
1726 3142 1823 3221 officio

1119 3235 1370 3306 bastonico-aaa,
1403 3237 1432 3298 si
1461 3237 1581 3307 desivit,
1613 3239 1824 3317 subpraetor,-

1118 3327 1169 3386 ics
1182 3329 1370 3390 nominandi
1384 3319 1575 3408 Episcopum
1588 3327 1725 3408 napibus
1734 3329 1824 3390 Hon-

1115 3420 1228 3496 purt'oa
1249 3423 1411 3494 correctior
1441 3425 1658 3502 episcopatum
1686 3422 1821 3486 subiicit

1118 3511 1186 3574 iuri
1208 3513 1444 3592 Metropottttco
1474 3516 1712 3597 archiepiscopi
1738 3515 1824 3579 Stri-

1116 3608 1289 3694 paup'ensis,
1306 3611 1360 3671 cati
1382 3611 1480 3672 ettam
1502 3611 1697 3687 peculiarem
1721 3611 1822 3688 iuspe-

1116 3701 1233 3762 ctionis
1264 3719 1377 3765 corant
1409 3705 1601 3776 commitam
1633 3703 1824 3782 Episcopum

1118 3795 1245 3857 taudem
1269 3795 1357 3859 iubet
1384 3799 1559 3875 quotannis
1586 3799 1731 3859 eartittero
1752 3813 1824 3874 pro·

1117 3889 1282 3969 sessionem
1312 3890 1386 3970 fidei
1408 3891 1448 3952 ud
1472 3891 1502 3954 S.
1536 3891 1821 3971 Conprepota'ottem

1115 3999 1171 4060 por
1192 3982 1357 4046 Nanctum
1379 3983 1598 4061 apostaticum
1619 3983 1822 4046 Viennensem

1118 4077 1401 4140 tritosrrtt'ttcuduut
1422 4077 1480 4158 (l).

1044 4302 1047 4377 Ι
1072 4291 1114 4334 die
1129 4302 1152 4336 x.
1168 4293 1284 4337 octobris
1304 4294 1337 4338 ad
1353 4297 1378 4338 te
1393 4294 1471 4350 datis,
1486 4293 1637 4349 attulimus,
1654 4297 1742 4339 tamen
1758 4294 1821 4350 quid

1044 4388 1047 4424 ¹
1073 4358 1130 4414 ipsa
1148 4363 1282 4415 postremo
1302 4373 1412 4407 sensura
1434 4373 1480 4419 pro
1502 4363 1549 4407 tua
1571 4362 1702 4418 sapientia
1716 4373 1747 4406 ac
1763 4361 1822 4406 reli·

1072 4425 1149 4480 piene
1164 4439 1243 4482 esses,
1258 4429 1428 4486 cupidissime
1446 4429 1492 4476 uos
1507 4434 1691 4487 aspectatores
1707 4441 1764 4474 esse
1779 4429 1822 4474 iis·

277 4489 389 4538 motiano
397 4489 554 4540 Hesperiae
565 4491 682 4532 declarat
693 4495 854 4542 pericnlum.
866 4495 937 4543 paveo
944 4503 1019 4534 sectas
1071 4493 1129 4537 dem
1144 4495 1245 4540 litteris
1260 4496 1467 4542 declarabavnus.
1484 4501 1547 4541 tium
1559 4497 1649 4552 itaque
1661 4495 1759 4542 isthinc
1768 4507 1821 4540 cer-

1072 4561 1154 4605 tiores
1165 4573 1234 4607 uuuc
1246 4563 1306 4608 tacti
1317 4575 1410 4609 sarnus
1421 4565 1452 4608 de
1464 4575 1513 4610 non
1525 4564 1680 4609 intermisso
1691 4563 1820 4609 eiusmodi

313 4631 414 4670 σονιιαι,
432 4626 557 4666 anianum
572 4627 743 4676 noncupatum
758 4637 862 4668 tractavere
877 4631 912 4671 αα
927 4631 1020 4670 constt—
1044 4620 1047 4657 ¹
1073 4628 1161 4673 studio
1176 4633 1230 4682 tuo,
1245 4631 1313 4686 quod
1328 4641 1344 4676 a
1359 4635 1384 4675 te
1400 4631 1510 4676 retineri
1525 4631 1582 4676 sivae
1593 4629 1707 4676 niaximat
1718 4632 1821 4676 ratione

315 4691 444 4732 tuendum
460 4691 621 4741 apocopum
635 4693 865 4736 biatrtbctcetensem
880 4698 968 4742 ,ov-cat
985 4697 1020 4734 rt-

314 4761 364 4799 itta.
372 4759 440 4800 litate
455 4760 544 4800 tamen
556 4759 759 4809 metropolitano
770 4761 948 4810 strtponbaast
962 4764 1019 4802 sno

315 4827 431 4870 liniendo.
449 4827 486 4866 bts
503 4829 649 4876 praecantata
671 4835 761 4868 coram
777 4837 806 4868 eo
828 4831 1019 4878 parvam-ratonem

315 4895 373 4943 noer
384 4895 554 4936 erratttenclorn
565 4904 592 4934 se
600 4897 812 4944 praecepturum
822 4897 975 4940 aerumans.
988 4898 1019 4938 ob
1044 4940 1047 4961 t

1073 4705 1124 4739 uon
1139 4697 1237 4752 potuita
1257 4709 1336 4753 quatu
1358 4699 1463 4754 quidem
1479 4699 1511 4743 ab
1527 4697 1677 4742 imminenti
1699 4707 1821 4743 reruma

1074 4767 1099 4807 te
1114 4768 1249 4820 perspecto
1259 4765 1384 4820 periculo,
1396 4768 1422 4810 et
1434 4765 1467 4810 ab
1478 4765 1533 4822 ipsa
1545 4765 1650 4810 unionis
1661 4769 1820 4812 (traecorum

1072 4840 1132 4874 cnm
1147 4831 1277 4876 catholini
1296 4835 1415 4878 Rornana
1437 4833 1552 4877 blcclesia
1567 4833 1721 4878 retinendae
1736 4845 1821 4879 neces-

1073 4897 1153 4942 sitate
1168 4899 1251 4952 repeti
1268 4900 1406 4956 praecipue
1421 4911 1450 4946 ac
1465 4900 1557 4944 deduci
1573 4901 1717 4951 iutuemur,
1728 4902 1820 4946 statim

314 4955 394 5010 eopse
405 4963 470 5010 petit
482 4963 696 5010 propositionem
707 4971 841 5012 personae
854 4965 995 5013 ettnemtoe.
1044 4979 1047 5021 p
1074 4975 1177 5010 omnem
1199 4965 1392 5011 dubitationem
1414 4967 1573 5023 abrumpere
1594 4969 1694 5024 tibique
1713 4969 1821 5025 obsequi

1045 5036 1047 5075 t
1073 5031 1244 5076 decrevimus.
1261 5025 1329 5077 Vicit
1345 5033 1427 5088 igitur
1441 5034 1468 5078 in
1480 5035 1553 5079 uobis
1564 5035 1709 5091 sapientiae
1721 5041 1782 5081 tuae
1792 5048 1822 5082 ac

279 5095 434 5136 coronatae
455 5097 484 5138 ov
500 5097 603 5137 curvae
625 5098 695 5147 patae
716 5100 824 5140 azoara-ae
841 5099 944 5140 ιιανιαε
962 5100 1021 5141 rue·
1045 5086 1047 5161 ξ

1074 5097 1211 5153 religionis
1232 5099 1407 5144 existimatio:
1423 5103 1503 5156 atque
1518 5101 1555 5145 ita
1572 5101 1635 5145 vicit
1650 5105 1680 5146 ut
1695 5105 1822 5157 praeteri-

315 5163 398 5202 restoe
411 5163 570 5212 nanpartoc
588 5165 697 5212 νεαιααα
718 5167 885 5214 apostoncae,
904 5176 949 5208 nee
966 5177 1020 5209 nou
1045 5168 1048 5235 ι
1074 5167 1116 5209 tae
1130 5165 1235 5220 quidem
1252 5171 1312 5212 tuae
1333 5168 1521 5223 experientiae,
1536 5168 1659 5224 optimae,
1675 5173 1704 5214 ut
1720 5170 1821 5224 scribis,

315 5229 454 5270 Bobemaae
467 5231 576 5278 mutuae
591 5231 691 5271 titustav
702 5232 731 5271 tn
743 5231 930 5274 Rornanorum
942 5236 1020 5285 canpe·
1045 5238 1047 5257 ¹
1075 5241 1164 5274 rerum
1187 5232 1339 5288 inagistraa
1361 5232 1521 5286 iuuitavnur;
1541 5236 1585 5279 sed
1601 5235 1770 5291 potissimum
1787 5241 1822 5282 ta-

314 5297 439 5338 rotrtoem
452 5298 546 5338 electae
561 5298 665 5342 ctoriae.

484 5432 629 5474 CLEMENS
649 5433 728 5474 Para
745 5433 806 5476 xiv.

395 5567 545 5610 cordesiana
558 5569 588 5608 tu
605 5567 707 5609 curtato
722 5571 779 5620 utta
794 5572 895 5614 rtostro.

364 5635 517 5675 salutemet
531 5636 703 5684 apostottcam
719 5635 930 5678 bevaerttcttoraem.

314 5767 369 5812 Etsi
384 5766 411 5811 in
426 5766 612 5822 gravissimam
631 5767 850 5812 deliberationem
867 5768 968 5812 inducti
982 5779 1019 5812 es-

1074 5310 1134 5344 men
1149 5311 1277 5355 pouavnus
1292 5313 1363 5356 spem
1379 5301 1405 5344 iu
1421 5301 1561 5356 vigilantia
1575 5313 1606 5347 ac
1616 5303 1822 5350 sollicitudines

1075 5371 1099 5410 te
1114 5367 1207 5412 exinde
1220 5368 1253 5413 ad
1269 5369 1373 5413 trationis
1394 5369 1586 5414 lucrementum
1601 5370 1765 5415 conterenda.

1113 5436 1159 5482 52.
1176 5435 1248 5484 Quod
1263 5435 1351 5491 itaque
1367 5447 1381 5480 a
1397 5437 1471 5480 uobis
1494 5440 1632 5493 tantopere
1654 5437 1768 5494 danitas,
1783 5450 1823 5485 ca·

1075 5501 1180 5546 rissima
1196 5502 1222 5546 in
1238 5502 1342 5547 Christo
1358 5503 1413 5548 tilia
1435 5507 1533 5558 nostra,
1549 5505 1649 5548 edicere
1664 5506 1751 5561 parati
1766 5506 1819 5550 iam

1074 5579 1175 5622 sumus,
1190 5568 1217 5612 iu
1232 5579 1290 5612 eam
1307 5569 1406 5613 scilicet
1423 5579 1469 5614 nos
1485 5570 1586 5614 venisse
1601 5571 1761 5616 sententiam
1773 5571 1821 5616 tibi

1074 5634 1255 5690 significamus
1277 5635 1432 5691 graecanico
1454 5637 1564 5692 populo,
1584 5637 1627 5692 qni
1649 5637 1774 5682 dioecesis
1793 5643 1822 5682 rt-

1073 5701 1185 5757 griensis
1201 5703 1265 5747 tlues
1281 5703 1373 5748 incolit
1387 5713 1417 5748 ac
1433 5703 1531 5749 latiuae
1547 5703 1678 5750 Ecclesiae
1692 5717 1739 5761 per
1751 5705 1821 5750 rruio

1075 5779 1134 5813 nem
1147 5771 1188 5813 est
1196 5769 1325 5823 addictus,
1336 5770 1424 5824 praeci
1435 5769 1503 5814 ritus
1515 5771 1670 5826 Episcopum
1681 5770 1821 5827 largiendi.

275 5833 670 5890 semuspostulatoapostolicae
682 5834 1020 5880 rraaiestatistuaedebtun·
1045 5838 1048 5893 1
1075 5835 1163 5880 Eidem
1180 5839 1267 5881 tamen
1284 5835 1350 5880 hauc
1367 5836 1532 5892 imponemus
1547 5837 1640 5892 legem,
1657 5841 1686 5882 ut
1702 5837 1821 5896 ltpiscopi

275 5901 404 5945 kecsiensi
423 5900 557 5945 Vicariatu
573 5899 599 5944 in
615 5901 794 5956 episcopatum
814 5900 952 5956 erigendo,
968 5911 1020 5947 ma·
1046 5900 1048 5924 ¹
1074 5901 1264 5956 strigoniensis
1279 5903 1474 5959 metropolitani
1490 5905 1531 5948 sui
1546 5904 1701 5950 auctoritati
1717 5905 1822 5961 iurique

274 5979 389 6024 gnaeque
404 5967 543 6013 dubitandi
557 5979 651 6012 causas
666 5967 832 6022 haberemus,
843 5979 908 6024 quas
918 5968 1018 6014 titteris
1045 5931 1048 6007 l

1074 5968 1208 6013 subiectus
1223 5969 1270 6023 sit;
1286 5971 1312 6015 et
1325 5969 1358 6014 ad
1373 5973 1461 6014 cetera
1475 5970 1508 6014 ab
1518 5981 1548 6015 eo
1559 5972 1717 6027 praestanda
1729 5971 1820 6026 officia,
