4776 6974
359 587 459 653 alno.
481 595 554 650 rma
598 591 656 664 374

578 738 714 801 sentium
738 737 899 800 literarum
915 737 1128 816 transumptis,
1149 737 1244 800 etiarn
1266 736 1324 798 im·

571 835 701 915 pressis,
718 849 813 895 manu
835 833 962 895 alicuius
984 832 1094 894 notarii
1117 831 1230 910 publici
1252 832 1324 893 sub-

576 929 708 1008 scriptis,
726 937 756 990 et
777 927 879 1003 sigillo
902 941 1048 1004 personae
1063 925 1095 986 iu
1111 925 1262 1001 dignitate
1277 941 1323 986 ec·

576 1022 728 1084 clesiatica
745 1021 932 1083 constitutae
949 1019 1092 1093 munitis,
1112 1019 1218 1081 eadem
1237 1034 1323 1096 pror·

576 1133 628 1178 sus
652 1117 725 1178 tides
747 1111 937 1188 adhibeatur,
964 1127 1043 1190 quae
1064 1112 1230 1174 haberetur
1250 1111 1322 1190 ipsis

576 1201 801 1288 praesentibus
817 1207 841 1268 si
858 1205 959 1268 lorent
975 1205 1129 1268 exhibitae
1150 1204 1199 1267 vel
1220 1211 1324 1267 osten-

576 1319 637 1364 sae.

617 1397 725 1459 Datum
755 1395 887 1468 Romae,
919 1395 996 1471 apud
1027 1394 1058 1456 S.
1082 1393 1208 1456 blaciam
1230 1393 1322 1456 llaio-

577 1505 656 1564 rem,
682 1489 739 1551 sub
760 1487 876 1550 annulo
900 1487 1071 1561 Piscator-is,
1096 1489 1144 1550 die
1170 1503 1246 1549 xxx.
1271 1503 1322 1551 au·

577 1587 657 1663 gusti
674 1597 880 1654 mcccxxvii,
897 1580 1091 1658 pontificatus
1107 1583 1205 1642 nostri
1217 1599 1266 1644 an.
1278 1598 1320 1643 vv.

635 1679 751 1741 Locum
764 1677 786 1754 †
800 1674 908 1751 Sigillo

545 1774 548 1780 ·
966 1754 997 1816 P.
1017 1754 1105 1818 (lard.
1129 1755 1283 1819 Oliverius

344 1880 558 1944 exscriptorem·
617 1872 635 1946 g
656 1871 685 1930 2.
709 1867 915 1944 Quamobrem
936 1874 1124 1943 exponentes
1139 1866 1264 1944 praelati
1280 1866 1324 1928 vi·

345 1933 558 2034 flffiffflffiss'.
576 1979 650 2041 gere
670 1962 907 2040 apostolicorum
930 1959 1123 2022 indultorum
1147 1960 1321 2022 huiusmodi

344 2045 558 2152 ffim’ffifflj
576 2059 757 2120 iamdudum
781 2062 855 2117 sunt
882 2055 914 2116 in
943 2056 1063 2132 pacifica
1092 2056 1177 2134 quasi
1207 2071 1324 2132 posses-

344 2149 558 2250 gffggffia‘tbgggg
576 2153 661 2213 sione
685 2151 779 2211 libere
801 2149 964 2210 exercendi
986 2163 1095 2210 omnes
1121 2148 1250 2209 omnino
1278 2165 1322 2208 sa·

343 2213 497 2313 possessio(l
574 2263 640 2307 cras
655 2245 832 2306 functiones
847 2243 929 2303 iuxta
950 2243 1070 2320 propria
1086 2247 1195 2302 statuta
1210 2241 1242 2302 in
1258 2257 1324 2302 ora-

576 2339 651 2401 toria
682 2353 736 2398 seu
768 2335 916 2414 cannellas
945 2335 1050 2396 abeis
1081 2334 1162 2395 intra
1192 2333 1321 2410 hospitia

573 2449 627 2494 seu
650 2436 823 2493 conventus
837 2427 968 2489 fratrum
982 2427 1129 2491 ordinum
1145 2427 1322 2490 huiusmodi

572 2527 753 2598 aedillcatas,
776 2523 853 2602 quin
875 2523 997 2600 parochi
1020 2537 1076 2600 pro
1098 2529 1237 2600 tempore
1258 2524 1321 2584 exi-

572 2629 699 2693 stentes,
717 2618 765 2680 vel
786 2617 918 2696 episcopi
942 2615 1094 2679 Fluminis
1109 2617 1254 2692 lanuarli,
1270 2634 1320 2679 eos

573 2718 656 2778 hisce
679 2716 811 2792 desuper
829 2726 977 2789 umquam
993 2711 1157 2772 molestare
1178 2719 1231 2774 aut
1251 2727 1319 2790 per-

572 2810 698 2871 turbare
719 2805 993 2886 praesumpserint.
1010 2805 1089 2867 Cum
1109 2811 1225 2882 autem,
1241 2806 1321 2869 sieut

573 2904 679 2966 eadem
702 2900 852 2981 expositio
877 2900 1095 2975 subiungebat,
1119 2899 1189 2962 licet
1218 2902 1320 2963 novis·

571 2997 657 3059 simis
680 2995 870 3073 temporibus
886 2991 987 3072 aliqua
1002 2993 1085 3054 hisce
1099 2993 1231 3072 desuper
1252 3003 1319 3057 orta

572 3092 611 3153 sit
627 3089 789 3163 dubitatio,
812 3087 868 3166 ipsi
891 3085 1096 3149 nihilominus
1111 3087 1142 3149 in
1156 3104 1211 3149 sua
1232 3090 1318 3167 quasi

571 3184 763 3265 possessione
783 3180 989 3260 exemptionis
1014 3181 1192 3244 huiusmodi
1220 3183 1319 3248 adhuc

572 3283 785 3362 permaneant,
797 3275 830 3337 ad
844 3276 1079 3338 antevertendas
1091 3281 1196 3337 tamen
1210 3293 1318 3340 omnes

571 3375 817 3456 perturbationes
839 3387 872 3433 ac
892 3369 1042 3446 scandala,
1064 3387 1143 3448 quae
1165 3374 1196 3432 in
1218 3379 1318 3451 poste-

571 3487 642 3534 rurn
665 3470 766 3530 lorsan
788 3463 909 3528 moveri
929 3471 1062 3542 possent,
1078 3471 1170 3542 atque
1192 3465 1319 3546 insuper

570 3565 778 3644 praeinsertae
790 3559 1008 3623 Benedictinae
1022 3559 1201 3636 apostolicae
1212 3560 1318 3622 literae

570 3655 1317 3730 firmiussuhsistantetserventurexactius,me·

570 3751 680 3815 morati
697 3755 886 3828 exponentes
901 3762 963 3809 non
980 3747 1082 3808 solum
1098 3745 1217 3810 easdem
1233 3764 1319 3827 prae-

569 3847 699 3908 insertas
715 3845 818 3906 literas
832 3858 903 3904 cum
925 3841 957 3902 in
979 3840 1125 3902 omnibus
1139 3841 1172 3902 in
1187 3841 1231 3902 eis
1246 3857 1317 3904 con-

568 3939 674 4015 tentis,
696 3939 748 4000 sed
770 3937 862 3998 etiam
890 3934 994 3998 omnia
1017 3939 1046 3996 et
1071 3933 1194 4011 singula
1223 3937 1316 4014 privi-

569 4033 648 4110 legia
669 4038 700 4094 et
722 4032 832 4109 gratias
853 4029 1039 4108 spirituales,
1063 4028 1271 4106 indulgentias
1286 4037 1317 4093 et

568 4127 766 4190 remissiones
797 4131 991 4205 peccatorum
1023 4122 1095 4186 alias
1125 4140 1140 4183 a
1171 4122 1317 4187 liomanis

568 4222 768 4314 Pontificibus
789 4219 1072 4299 praedecessoribus
1100 4220 1214 4280 nostris
1241 4235 1316 4297 quo·

568 4315 736 4378 modollbet
761 4313 905 4376 tertiarils
930 4313 1094 4392 utriusque
1120 4328 1211 4375 sexus
1237 4314 1318 4375 ordi·

569 4425 647 4473 num
662 4409 794 4471 lratrum
809 4406 906 4469 sancti
921 4405 1075 4468 Francisci
1090 4412 1121 4468 et
1136 4407 1241 4471 beatae
1257 4410 1316 4472 llla-

568 4505 631 4567 riae
647 4501 778 4580 virginis
799 4503 836 4564 de
857 4499 961 4562 Monte
984 4501 1124 4564 Carmelo
1146 4505 1317 4582 respective

568 4614 709 4662 concessa
739 4611 794 4675 per
823 4610 879 4656 nos
909 4593 1088 4656 confirmari
1118 4611 1317 4677 summopere

567 4692 759 4757 desiderent:
783 4689 877 4753 Nobis
897 4694 1057 4768 propterea
1072 4689 1232 4754 humiliter
1246 4710 1317 4773 sup·

548 4865 553 4876 .
567 4785 673 4868 plicari
688 4785 840 4858 iecerunt,
857 4781 938 4845 utin
958 4783 1130 4860 praemissis
1152 4786 1316 4862 providere

567 4887 598 4942 et
620 4887 655 4941 ut
676 4877 756 4941 intra
778 4875 941 4953 indulgere
966 4878 1003 4940 de
1031 4877 1224 4955 benignitate
1246 4895 1316 4958 apo-

566 4973 670 5036 stolica
693 4971 904 5048 dignaremur.

355 5081 549 5140 rapotonem
606 5069 625 5142 g
646 5067 676 5128 3.
700 5063 762 5126 Nos
784 5063 879 5139 igitur
899 5063 978 5142 ipsos
992 5072 1182 5143 exponentes
1203 5067 1314 5144 specia-

335 5133 424 5179 ’Μ’
567 5163 646 5225 libus
668 5158 774 5237 gratiis
788 5163 818 5219 et
833 5157 988 5220 lavorlbus
1002 5159 1147 5237 prosequi
1163 5158 1312 5236 volentes,

566 5262 597 5320 et
618 5273 633 5316 a
655 5251 815 5333 quibusvis
830 5251 1158 5314 excommunicationis
1173 5261 1204 5314 et
1219 5253 1314 5316 inter·

566 5349 650 5424 dicti,
677 5347 805 5424 aliisque
826 5344 1038 5408 ecclesiasticis
1066 5346 1216 5421 censuris,
1244 5363 1315 5410 sen·

566 5443 672 5505 tentiis
692 5449 723 5504 et
742 5439 849 5518 poenis
870 5437 979 5516 quovis
1000 5439 1145 5502 modoet
1168 5455 1315 5517 quacum·

565 5552 626 5617 que
648 5536 686 5598 de
706 5551 794 5599 causa
817 5534 893 5608 latis,
915 5533 940 5594 si
963 5549 1038 5612 quas
1065 5531 1145 5594 lorte
1173 5533 1313 5596 incurre-

564 5632 638 5706 rint,
661 5631 755 5692 huius
776 5635 899 5691 tantum
924 5625 970 5688 rei
997 5626 1093 5704 gratia
1116 5626 1312 5690 absolventes

563 5730 595 5786 et
606 5723 760 5786 absolutos
774 5721 839 5783 lore
853 5727 1027 5795 censentes,
1040 5719 1312 5800 supplicationibus

563 5817 743 5880 huiusmodi
769 5815 923 5889 inclinati,
953 5813 1156 5892 praeinsertas
1182 5812 1311 5877 Benedi-

564 5911 660 5973 ctinas
676 5909 778 5972 literas
793 5925 826 5970 ac
841 5909 944 5970 omnia
955 5914 986 5969 et
996 5908 1118 5986 singula
1133 5907 1166 5970 iu
1181 5909 1224 5970 eis
1239 5925 1313 5971 eon·

564 6011 660 6082 tenta,
678 6017 813 6066 necnon
835 6018 1050 6083 quaecumque
1063 6001 1120 6064 alia
1135 6002 1309 6084 privilegia,

1097 607 1160 662 lblt.
1186 612 1278 664 PON'l'.
1301 614 1341 662 ult
1363 617 1391 662 P·
1416 609 1444 664 R·
1471 617 1552 664 rans
1574 611 1595 664 l.

1940 9 2366 149 Ἥ

2152 587 2209 651 An.
2223 597 2252 653 0.
2272 601 2332 656 trax

1375 754 1410 800 ac
1431 738 1541 814 gratias
1569 737 1755 816 spirituales,
1786 730 1996 816 indulgentias
2024 747 2054 800 et
2076 754 2123 800 re·

1378 832 1539 894 missiones
1561 840 1756 910 peccatorum
1778 832 1862 905 alias,
1882 840 1917 893 ut
1939 831 2122 908 praefertur,

1376 917 1550 988 allom'anis
1561 926 1760 988 Pontificibus
1776 926 2058 1004 praedecessoribus
2069 942 2123 988 no-

1375 1020 1447 1081 stris
1470 1019 1614 1083 tertiariis
1636 1021 1800 1100 utriusque
1823 1021 1941 1082 ordinis
1963 1021 2123 1100 praedicti,

1376 1129 1453 1190 quae
1484 1119 1586 1175 tamen
1608 1129 1692 1175 nunc
1719 1113 1873 1188 obtinent,
1895 1127 2049 1187 concessa,
2071 1130 2125 1175 au·

1376 1205 1516 1269 ctoritate
1530 1206 1692 1286 apostolica
1707 1215 1814 1268 tenore
1829 1206 2041 1285 praesentium
2052 1222 2125 1270 con-

1378 1301 1537 1363 hrmamus
1558 1307 1589 1362 et
1610 1300 1826 1380 approbamus,
1849 1299 1974 1379 illisque
1994 1299 2124 1362 inviola-

1375 1393 1445 1455 bilis
1459 1393 1640 1472 apostolicae
1662 1393 1816 1455 firmitatis
1838 1393 1934 1474 robur
1948 1391 2119 1456 adiicimus.

1416 1488 1484 1562 §ia
1510 1488 1715 1549 Decernentes
1739 1487 1792 1547 has
1814 1493 1990 1565 praesentes
2018 1487 2123 1548 literas
2162 1502 2338 1556 clausuram.

1376 1599 1498 1662 semper
1520 1584 1634 1658 sirmas,
1652 1583 1766 1645 validas
1781 1587 1812 1644 et
1832 1582 1967 1646 ellicaces
1989 1583 2122 1644 existere
2141 1555 2338 1660 {ffirsssspffifiss'

1376 1693 1409 1737 ac
1426 1675 1501 1750 lore,
1517 1692 1651 1755 suosque
1666 1675 1820 1755 plenarios
1842 1683 1871 1736 et
1892 1677 2031 1753 integros
2049 1677 2123 1738 elle·

1376 1778 1442 1832 ctus
1457 1771 1561 1831 sortiri
1577 1779 1607 1832 et
1619 1771 1772 1845 obtinere,
1785 1788 1818 1832 ac
1829 1770 1927 1845 dicth,
1940 1773 2123 1849 exponenti·

1377 1864 1433 1925 bus
1448 1866 1483 1928 ad
1499 1881 1575 1943 quos
1590 1872 1705 1943 spectat
1720 1873 1750 1926 et
1766 1881 1820 1942 pro
1832 1871 1972 1942 ternpore
1987 1869 2122 1944 quande·

1376 1973 1511 2036 cumque
1525 1958 1683 2037 spectabit,
1697 1958 1728 2019 in
1744 1957 1888 2021 omnibus
1903 1967 1934 2020 et
1949 1975 2005 2038 per
2020 1963 2121 2023 cannia

1377 2053 1558 2131 plenissime
1578 2053 1762 2129 suflragari,
1785 2053 1890 2131 sicque
1917 2055 1949 2115 in
1977 2058 2123 2133 praemis·

1376 2147 1416 2208 sis
1437 2163 1492 2226 per
1514 2161 1726 2226 quoscumque
1755 2147 1870 2209 iudices
1898 2149 2068 2212 ordinarios
2091 2159 2122 2213 et

1376 2239 1546 2316 delegatos,
1576 2239 1669 2302 etlam
1699 2255 1861 2302 causarum
1890 2241 1993 2319 palatii
2025 2246 2122 2306 nostrl

1376 2333 1533 2412 apostolici
1565 2333 1719 2394 auditores
1747 2349 1780 2394 ac
1807 2333 1938 2396 Sanctae
1966 2335 2122 2399 Romanae

1376 2427 1527 2488 Ecclesiae
1540 2426 1717 2489 cardinales
1728 2426 1822 2488 etiam
1837 2427 1874 2489 de
1889 2426 1984 2490 latere
1993 2428 2122 2505 Legatos

1375 2527 1406 2581 et
1421 2520 1550 2583 Sanctae
1571 2519 1658 2582 Sedis
1673 2519 1818 2595 Nuntios,
1835 2519 1952 2582 sublata
1967 2522 2012 2584 eis
2026 2529 2057 2585 et
2071 2539 2122 2584 eo-

1375 2631 1446 2676 rum
1467 2614 1595 2678 cuilibet
1615 2614 1722 2694 quavis
1751 2612 1840 2675 aliter
1863 2614 2014 2678 iudicandi
2029 2624 2059 2678 et
2074 2619 2122 2680 in·

1375 2709 1564 2787 terpretandi
1585 2708 1727 2771 lacultate
1741 2713 1771 2770 et
1785 2710 1977 2786 auctoritate,
1994 2711 2120 2773 iudicari

1374 2811 1404 2864 et
1422 2802 1546 2864 deliniri
1568 2803 1691 2877 debere,
1713 2819 1747 2864 ac
1768 2803 1894 2866 irritum
1916 2812 1947 2866 et
1969 2803 2071 2882 inane,
2093 2807 2120 2867 si

1372 2913 1458 2960 secus
1480 2913 1573 2976 super
1594 2897 1641 2959 his
1663 2912 1678 2956 a
1700 2913 1867 2976 quoquam,
1889 2897 1997 2976 quavis
2017 2905 2121 2961 aucto-

1374 2991 1475 3068 ritate,
1504 2992 1638 3054 scienter
1666 2991 1716 3053 vel
1745 2991 1926 3068 ignoranter
1953 2993 2119 3071 contigerit

1373 3085 1530 3147 attentari.
1602 3113 1604 3120 a

1413 3183 1475 3260 §5-
1492 3183 1562 3246 Non
1585 3182 1777 3245 obstantibus
1798 3183 2074 3246 constitutionibus
2088 3191 2119 3246 ct
2147 3205 2334 3266 usrpgauoeoc-

1373 3278 1619 3340 ordinationibus
1640 3278 1824 3355 apostolicis,
1848 3295 1906 3342 nec
1927 3297 1990 3344 non
2016 3283 2119 3344 tertia·
2138 3261 2280 3305 amarorum.

1374 3371 1493 3437 riorum
1505 3373 1733 3455 praedictorum
1743 3375 1835 3438 etiam
1847 3376 2034 3455 iuramento,
2047 3395 2119 3442 cen·

1373 3469 1550 3531 firmatione
1568 3467 1742 3547 apostolica,
1769 3468 1819 3530 vel
1839 3470 1947 3548 quavis
1973 3473 2121 3538 firmitate

1371 3566 1429 3627 alia
1451 3561 1601 3624 roboratis
1624 3562 1747 3624 statutis
1774 3569 1804 3623 et
1827 3565 2118 3643 consuetudinibus,

1371 3658 1562 3735 caeterisque
1589 3657 1752 3719 contrariis
1780 3658 2038 3738 quibuscumque.
2059 3661 2120 3724 vo·

1371 3753 1476 3814 luruus
1507 3762 1628 3825 autem,
1656 3757 1690 3812 ut
1716 3753 1925 3829 praesentium
1958 3753 2120 3818 literarum

1371 3853 1513 3908 transurn
1537 3844 1587 3920 tis,
1603 3844 1698 3906 etiam
1720 3845 1877 3924 impressis
1899 3854 1930 3909 et
1950 3864 2047 3911 manu
2065 3849 2121 3911 ali-

1370 3939 1458 4001 cuius
1479 3861 1591 4001 noiant
1617 3938 1731 4016 publici
1754 3940 1945 4020 subscriptis,
1967 3959 2002 4005 ac
2016 3944 2120 4021 sigillo

1371 4048 1520 4112 personae
1543 4032 1577 4094 in
1606 4031 1807 4096 ecclesiastica
1836 4035 1985 4112 dignitate
2005 4038 2119 4102 consti-

1370 4134 1456 4188 tutae
1482 4126 1630 4201 munitis,
1660 4127 1767 4189 eadem
1796 4143 1920 4206 prorsus
1941 4131 2017 4194 fides
2035 4131 2120 4194 adhi-

1371 4221 1492 4296 beatur,
1507 4236 1586 4298 quae
1607 4220 1776 4284 haberetur
1797 4221 1869 4298 ipsis
1890 4227 2117 4302 praesentibus

1369 4314 1394 4375 si
1416 4314 1519 4377 locent
1537 4313 1693 4376 exhibitae
1715 4314 1765 4376 vel
1791 4321 1942 4378 ostensae.

1410 4408 1524 4469 Datum
1545 4408 1661 4470 llomae
1682 4409 1761 4486 apud
1783 4407 1814 4471 S.
1839 4409 1967 4472 Petrum
1987 4412 2045 4474 sub
2066 4427 2120 4474 an·

1370 4502 1446 4564 nulo
1461 4501 1621 4564 Piscatoris
1643 4501 1692 4564 die
1715 4515 1747 4562 x.
1770 4501 1919 4564 iebruarii
1934 4520 2117 4581 rancorem,

1371 4596 1566 4676 pontificatus
1588 4595 1685 4657 nostri
1707 4611 1789 4656 anno
1811 4609 1889 4658 xvrx.

1728 4881 1761 4945 C.

1371 5068 1480 5148 Erigit
1503 5066 1537 5128 io
1559 5067 1688 5148 collegio
1716 5085 1772 5132 seo
1793 5069 1968 5133 seminario
1989 5069 2025 5134 de
2054 5069 2116 5132 Pu-

1408 5161 1511 5224 chucc
1530 5161 1655 5224 ardicis
1671 5163 1835 5227 Minorem
1851 5163 1881 5225 S.
1899 5164 2066 5226 l'roacisci
2081 5163 2117 5226 io

1408 5254 1510 5318 indiis
1523 5255 1779 5317 commissarium
1790 5261 1823 5317 at
1832 5257 2030 5335 preelectum
2041 5258 2117 5320 mic-

1406 5349 1533 5410 aiotmm
1556 5363 1628 5410 cum
1649 5348 1804 5426 plurimis
1825 5349 1978 5413 induitis.

1622 5517 1708 5588 Pllls
1732 5517 1792 5587 ΡΡ.
1817 5519 1863 5592 vt.
2358 5523 2359 5542 ¹

1506 5640 1543 5756 ad
1565 5641 1695 5710 laturam
1722 5643 1765 5709 rel
1791 5642 1971 5712 memorien.

1406 5819 1475 5894 §l
1499 5818 1661 5882 Pastoralls
1682 5819 1775 5882 officii
1802 5819 1971 5882 humilitati
1993 5829 2115 5884 nostrae
2161 5839 2313 5887 ammarum.
2357 5839 2358 5924 p

1365 5913 1516 5977 divinitus
1537 5913 1669 5976 iniuncti
1693 5913 1870 6018 sollicitudo
1886 5929 1941 6018 nos
1955 5915 2114 5991 admonet,
2357 5927 2358 6019 l

1366 6016 1402 6071 ut
1423 6007 1509 6070 omni
1539 6024 1613 6074 cura
1639 6013 1669 6069 et
1696 6008 1798 6071 studio
1819 6006 1855 6068 ad
1877 6022 1911 6070 ea
1931 6007 2046 6087 iugiter
2067 6009 2116 6074 in·
