4750 6980
353 525 406 578 An.
420 527 450 579 d.
473 527 541 580 1803

593 535 651 600 tlt
1095 553 1160 596 ron·
1185 552 1275 596 nour.
1300 551 1341 596 on
1363 551 1393 596 n.
1417 553 1445 598 r.
1471 555 1552 600 rans
1575 555 1595 600 r.

570 674 710 740 catholici
738 674 820 750 regis
848 672 935 734 nobis
965 671 1204 746 significaverit,
1235 672 1316 748 quod

571 785 669 849 usque
690 769 727 829 ab
746 783 829 828 anuo
857 765 980 827 Domini
1010 763 1176 824 millesimo
1202 764 1317 840 septin-

569 863 742 942 gentesimo
772 859 982 935 nonagesimo,
1013 856 1114 918 eidem
1142 857 1209 933 regi
1238 857 1317 918 noti-

569 959 643 1020 tiam
666 955 822 1034 pervenit,
845 951 956 1014 eximia
980 951 1093 1029 pietate
1106 959 1137 1010 et
1154 950 1257 1011 labore
1272 951 1316 1012 di·

569 1051 640 1114 lecti
662 1049 756 1112 etiam
779 1048 833 1109 otii
855 1044 1012 1124 Raphaelis
1035 1042 1162 1106 hndreo
1185 1044 1317 1120 yGuer-

544 1159 638 1206 .rero
667 1141 852 1220 presbyteri,
876 1140 908 1200 in
932 1153 1028 1214 regno
1049 1138 1086 1198 de
1116 1136 1204 1199 Chilo
1234 1152 1316 1198 nun·

567 1242 688 1314 cupato,
710 1242 837 1296 centum
854 1233 1013 1294 leucarum
1030 1230 1195 1292 intervallo
1210 1247 1226 1290 a
1241 1230 1314 1291 villa

568 1334 745 1406 nuncupata
769 1323 805 1387 dc
827 1325 974 1406 Gopiupd,
994 1321 1110 1402 aliquos
1129 1323 1314 1384 habitatores

568 1422 683 1500 absque
704 1418 769 1481 ullo
783 1417 948 1480 catholicae
965 1415 1124 1492 religionis
1140 1416 1267 1492 auxilio,
1283 1427 1315 1480 et

537 1561 539 1570 r
567 1515 679 1578 deinde
700 1513 735 1574 ad
752 1512 924 1586 incognitas
940 1510 1081 1586 regiones
1097 1517 1202 1586 aperto
1216 1510 1313 1586 aditu,

349 2809 436 2872 'natio
449 2819 547 2858 conces·

335 2871 421 2908 sronrs.

567 1608 600 1668 in
622 1607 723 1668 medio
745 1605 858 1666 deserti
874 1603 906 1665 di
923 1601 1079 1666 Atocnmo
1096 1605 1264 1679 nuncupati
1282 1603 1313 1665 in

566 1701 633 1763 loco
648 1701 763 1778 pariter
779 1707 957 1776 nuncupato
968 1696 1017 1758 dcl
1030 1696 1149 1773 Poposo
1163 1697 1312 1758 maiorem

566 1796 775 1857 habitatorum
805 1807 973 1854 numerum
1004 1791 1177 1868 respective
1203 1791 1313 1852 iuven-

566 1897 634 1950 tum
658 1887 761 1960 luisse,
784 1901 860 1964 quos
880 1885 961 1945 hiem
978 1883 1110 1960 Raphael
1125 1883 1313 1944 orthodoxae

567 1981 637 2044 fidei
666 1979 834 2057 praeceptis
861 1976 1032 2050 erudiebat,
1056 1976 1095 2036 ita
1119 1982 1152 2036 ut
1174 1992 1314 2038 necessa·

565 2075 648 2136 rium
669 2072 736 2135 iore
767 2076 941 2149 putaretur,
971 2070 1105 2147 aliquam
1134 2068 1313 2130 ecclesiasti-

565 2183 632 2230 cam
654 2180 816 2243 personam
834 2164 1007 2239 designare,
1024 2162 1071 2223 cui
1086 2161 1261 2222 animarum
1278 2161 1314 2222 iis

567 2261 600 2323 in
627 2261 701 2322 locis
731 2259 913 2334 degentium
944 2275 1017 2319 cura
1049 2257 1311 2335 committeretur,

566 2371 622 2434 pro
643 2371 678 2416 eo
699 2355 780 2432 quod
803 2358 921 2413 attenta
935 2358 1197 2428 quatuorcentum
1213 2351 1314 2413 leuca-

565 2464 637 2510 rum
659 2447 801 2508 distantia
824 2462 839 2504 a
862 2446 1021 2523 praecipua
1042 2444 1166 2505 civitate
1185 2444 1313 2521 praeiati

565 2541 667 2616 regni,
690 2539 778 2600 nullo
799 2537 857 2599 alio
879 2531 970 2598 modo
984 2537 1143 2613 spirituale
1158 2536 1310 2598 auxilium

564 2633 725 2695 animabus
750 2630 926 2693 huiusmodi
947 2630 1174 2692 subministrari
1196 2629 1315 2707 potuis·

564 2737 611 2791 set
624 2751 632 2804 3

604 2825 623 2900 ἓ
644 2823 673 2884 3.
698 2821 839 2898 Cumque
866 2818 949 2880 idem
972 2817 1097 2881 Carolus
1119 2833 1173 2879 rex
1196 2819 1311 2896 optime

564 2915 727 2992 agnoverit
748 2912 829 2992 qood
852 2911 955 2990 populi
976 2912 1086 2974 istide
1101 2919 1252 2990 potestate
1268 2921 1310 2973 te·
1336 2898 1339 3051 Ι

565 3010 732 3072 mebrorum
754 3007 863 3084 erepti,
880 3013 911 3066 et
925 3004 959 3065 ad
976 3003 1106 3082 gratiam
1121 3005 1311 3067 coruscantis
1336 3054 1339 3073 .

563 3102 693 3164 luminis
720 3099 901 3178 sempiterni
930 3097 1082 3175 perducti,
1105 3113 1123 3158 e
1143 3097 1311 3158 remetissi·
1336 3086 1338 3139 ἴ

564 3197 623 3257 mis
645 3194 706 3256 illis
727 3194 800 3256 locis
822 3193 857 3254 ad
879 3190 1241 3269 respectivoshntistites
1261 3207 1310 3252 eo·
1336 3182 1338 3203 '

564 3304 636 3350 rum
666 3303 770 3366 preces
799 3285 859 3346 nisi
890 3284 1012 3360 maguis
1042 3283 1256 3358 incommodis,
1279 3294 1310 3346 et

563 3383 738 3443 animarum
760 3394 882 3458 quoque
904 3376 1060 3455 periculis,
1076 3391 1238 3438 recurrere
1256 3379 1311 3438 rni-
1335 3340 1338 3455 Ι

563 3476 647 3537 nime
678 3473 861 3552 potuissent,
885 3471 953 3532 ideo
976 3471 1060 3532 iuxta
1085 3479 1195 3531 votum
1216 3473 1309 3532 etiam

563 3568 748 3632 venerabilis
778 3566 880 3627 iratris
911 3564 1051 3642 Episcopi
1082 3563 1184 3627 Sancti
1212 3565 1309 3626 iacobi

530 3695 535 3713 ·
562 3664 599 3726 de
610 3661 710 3736 Chilo,
723 3659 759 3720 ad
773 3660 861 3723 cuius
875 3657 1039 3720 dioecesim
1056 3658 1153 3718 maior
1169 3657 1308 3719 locorum

331 4457 418 4503 sionis.

563 3754 822 3830 huiusmodipars
834 3752 1017 3830 pertineret,
1027 3751 1311 3828 spiritualiearum·
1335 3738 1338 3821 Ῐ

561 3849 632 3926 dem
654 3847 804 3927 profectui
826 3853 1039 3922 opportunum
1060 3845 1220 3907 videretur
1241 3861 1310 3923 per·

560 3957 670 4004 sonam
696 3938 929 4002 ecclesiasticam
960 3939 997 4000 ad
1024 3938 1208 3999 erudiendos
1235 3938 1318 4000 toles‘

561 4035 690 4114 populos
711 4035 889 4110 deputatam
910 4030 1073 4109 episcopali
1096 4031 1246 4105 dignitate
1262 4031 1309 4092 in-

561 4127 682 4203 signiri,
706 4135 741 4188 ut
761 4126 937 4185 animarum
960 4122 1146 4200 populorum
1167 4139 1241 4184 suae
1258 4140 1308 4184 ou-

562 4237 614 4282 rae
635 4218 874 4282 commissorum
895 4229 1034 4290 congruo
1059 4214 1206 4290 regimini
1228 4215 1309 4276 vale·

563 4319 609 4374 ret
631 4311 809 4374 consulere:

350 4405 432 4450 aanor
445 4413 544 4451 concas
601 4409 620 4483 5
642 4405 671 4466 l.
688 4404 749 4467 Nos
765 4407 867 4481 itaque
879 4400 1020 4480 pastorali
1035 4401 1244 4464 sollicitudine
1255 4419 1309 4464 vo·
1336 4458 1338 4473 ,

1374 685 1448 746 pore
1463 673 1651 736 existentem
1666 676 1883 753 hispaniarum
1899 695 2006 756 regern
2022 683 2124 744 catho-

1375 761 1481 837 licum,
1504 766 1597 828 etiarn
1620 784 1676 846 pro
1691 769 1746 830 hac
1762 770 1859 848 prima
1875 773 1955 847 vice,
1972 775 2124 852 deputan-

1373 857 1441 931 dus,
1463 874 1518 935 per
1540 876 1596 920 nos
1616 878 1649 924 ac
1674 862 1850 926 Romanurn
1880 865 2061 930 Pontificem
2084 871 2121 932 ad

1372 951 1576 1030 episcopalem
1591 955 1752 1016 ecclesiam
1769 957 1926 1020 titularem
1943 977 2124 1037 promovea-

1373 1053 1440 1122 tur,
1464 1047 1516 1124 qui
1543 1047 1706 1124 praecipue
1730 1047 1760 1110 in
1783 1052 1921 1126 portibus
1942 1060 1973 1114 et
1996 1053 2123 1116 ecclesia

1371 1137 1402 1202 S.
1427 1137 1541 1201 Nicolai
1563 1149 1594 1201 et
1616 1141 1649 1202 B.
1675 1140 1812 1218 Virginis
1835 1143 1884 1205 dol
1904 1146 2026 1222 Poposo
2048 1147 2122 1208 resi·

1370 1233 1450 1304 deal,
1474 1231 1619 1310 illiusque
1640 1235 1744 1312 populi
1768 1245 1827 1297 tarn
1851 1238 2012 1300 christiani
2028 1256 2121 1316 quam

1370 1324 1511 1400 gentilis,
1531 1341 1588 1386 uec
1609 1343 1672 1388 non
1695 1328 1892 1405 oppidorum,
1914 1339 2070 1394 terrarum
2090 1340 2122 1395 et

1371 1416 1508 1478 locorum
1531 1418 1563 1479 in
1585 1419 1769 1482 eorumdem
1792 1424 2022 1486 territoriorum
2040 1426 2123 1487 limi-

1370 1510 1461 1585 tibus,
1486 1511 1628 1572 terminis
1649 1521 1681 1575 et
1703 1513 1776 1575 locis
1796 1517 1936 1592 praelatis
1951 1519 2121 1581 consisten-

1370 1604 1461 1678 tium,
1484 1606 1655 1683 respective
1676 1608 1869 1685 spiritualem
1885 1629 1990 1673 curam
2007 1613 2121 1676 habere

1368 1705 1400 1758 et
1420 1697 1496 1759 inibi
1518 1701 1704 1774 praedicare,
1727 1719 1760 1762 ac
1781 1703 1875 1764 etiam
1892 1719 1948 1782 per
1963 1705 2036 1766 alias
2051 1723 2120 1784 per·

1368 1807 1458 1852 sonas
1489 1791 1705 1855 ecclesiasticas
1726 1795 1763 1855 ab
1784 1811 1820 1856 eo
1842 1795 2002 1874 deputatas
2034 1817 2121 1877 prae·

1367 1883 1462 1946 dicari
1493 1884 1605 1959 iacere,
1636 1886 1832 1965 gentilesque
1863 1891 1990 1967 praeiati
2020 1901 2056 1956 ut
2083 1894 2120 1954 ad

1368 1978 1555 2039 orthodoxae
1578 1978 1648 2040 fidei
1670 1979 1790 2041 cultum
1812 1991 2039 2047 convertantur
2056 1995 2121 2050 stu·

1368 2072 1452 2145 dere,
1475 2079 1507 2131 et
1535 2087 1701 2133 conversos
1725 2073 1755 2133 iu
1785 2074 1891 2136 eadem
1926 2078 1985 2140 lide
2006 2081 2120 2142 contir-

1368 2180 1464 2240 mare‚
1487 2173 1579 2243 atque
1600 2165 1741 2242 baptismi
1758 2168 1886 2242 gratiam
1903 2187 1937 2231 ac
1951 2173 2116 2234 conflrma-

1369 2259 1472 2331 tionis,
1496 2274 1553 2319 nec
1574 2273 1636 2319 non
1659 2274 1817 2320 sacrorum
1831 2277 1957 2340 quoque
1970 2265 2118 2328 ordinum

1366 2358 1555 2412 sacramenta
1577 2351 1621 2411 eis
1644 2343 1837 2428 impendere,
1857 2361 1887 2415 et
1910 2365 1971 2416 tam
1994 2357 2054 2420 illis
2076 2361 2121 2422 sic

1366 2445 1534 2519 conversis,
1550 2459 1643 2520 quam
1665 2445 1809 2506 omnibus
1830 2447 1896 2507 aliis
1919 2449 2060 2512 lidelibus
2083 2454 2117 2516 in

1368 2537 1531 2600 territoriis
1551 2536 1739 2609 huiusmodi,
1757 2554 1930 2617 eorumque
1946 2545 2118 2620 respective

1366 2631 1494 2710 oppidis,
1512 2631 1615 2704 terris,
1631 2629 1725 2705 villis,
1744 2631 1814 2692 locis
1836 2649 1869 2693 ac
1892 2634 2043 2699 limitibus
2059 2654 2115 2715 pro

1366 2733 1506 2800 tempore
1521 2722 1715 2798 degentibus,
1730 2732 1761 2784 et
1776 2726 1811 2786 ad
1827 2741 1861 2785 ea
1875 2726 2114 2806 declinantibus,

1365 2818 1468 2878 omnia
1489 2817 1660 2893 spiritualia
1691 2833 1820 2878 munera
1853 2827 2011 2897 tamquam
2035 2822 2118 2886 loco·

1365 2927 1436 2971 rum
1457 2909 1636 2971 huiusmodi
1659 2911 1797 2986 specialis
1819 2911 1978 2988 delegatus
1993 2915 2117 2976 ordina-

1365 3003 1439 3078 rius,
1469 3004 1599 3066 nomine
1630 3020 1663 3065 ac
1691 3004 1756 3064 vice
1787 3008 2036 3082 supradictorum
2058 3011 2115 3070 ilr-

1364 3097 1548 3175 chiepiscopi
1569 3103 1601 3157 et
1624 3096 1857 3175 Episcoporum,
1880 3099 1974 3161 etiam
2001 3101 2116 3180 absque

1363 3191 1425 3253 ulla
1447 3206 1586 3267 expressa
1602 3192 1786 3252 eorumdem
1802 3191 1937 3265 licentia,
1959 3193 2115 3256 ministra-

1365 3301 1409 3358 re,
1433 3291 1463 3346 et
1485 3282 1695 3344 administrari
1725 3299 1849 3362 quoque
1872 3285 1971 3347 iacere
1993 3293 2024 3347 et
2045 3302 2116 3365 pro·

1363 3391 1473 3437 curare
1494 3376 1589 3452 possit
1610 3379 1641 3436 et
1662 3373 1771 3436 valeat.

1403 3469 1422 3542 5
1443 3467 1471 3528 5.
1491 3471 1533 3528 Ac
1547 3469 1682 3545 denique
1697 3467 1798 3544 ipsum
1817 3481 1971 3549 tamquam
1990 3472 2114 3536 rlrchie-
2199 3484 2332 3530 iurisdictio

1364 3563 1477 3640 pisoopi
1499 3568 1531 3622 et
1555 3561 1777 3638 Episcoporum
1799 3565 2029 3640 praedictorum
2052 3567 2115 3628 sui·
2132 3547 2250 3636 lidii*
2276 3549 2333 3583 ΠΜ

1364 3655 1547 3730 lraganenm
1569 3665 1599 3715 et
1621 3655 1773 3715 vicarium
1795 3657 1969 3732 specialiter
1989 3675 2006 3718 a
2035 3658 2115 3721 Sede

1365 3748 1536 3825 apostolica
1556 3749 1739 3824 deputatum
1761 3764 1833 3810 cum
1855 3750 1956 3826 plena,
1974 3751 2068 3813 libera
2083 3761 2114 3814 et

1364 3843 1542 3902 omnimoda
1562 3841 1714 3917 spirituali
1736 3851 1767 3902 et
1788 3842 1990 3905 ecclesiastica
2012 3861 2045 3906 ac
2066 3861 2115 3906 or-

1363 3935 1481 3996 dinaria
1509 3934 1722 3996 iurisdictione
1742 3933 1775 3996 in
1798 3935 1864 3996 loro
1893 3943 1956 3998 tam
1973 3939 2116 4000 interiori

1364 4042 1458 4103 quam
1480 4026 1640 4100 exteriori,
1662 4028 1830 4105 omniaque
1850 4038 1881 4090 et
1902 4029 2026 4107 singula
2044 4031 2113 4109 alia,

1364 4137 1442 4198 quae
1463 4121 1718 4196 hr·cbiepiscopus
1740 4130 1771 4182 et
1800 4121 1942 4199 Episcopi
1969 4123 2116 4187 antedicti

1364 4215 1399 4275 iis
1422 4216 1453 4276 in
1479 4215 1552 4276 locis
1573 4231 1606 4275 ac
1629 4216 1793 4276 territoriis
1815 4216 1957 4292 praelatis
1988 4218 2114 4294 habere,

1364 4324 1473 4385 gerere
1495 4315 1526 4368 et
1547 4324 1693 4369 exercere
1724 4308 1884 4384 deberent,
1917 4312 2063 4373 similiter
2084 4317 2117 4371 et

1364 4401 1584 4478 parilormiter,
1608 4400 1755 4478 nullaque
1775 4417 1901 4478 prorsus
1926 4403 2113 4478 differentia,

2154 551 2204 605 An.
2216 555 2248 605 G.
2269 555 2334 610 1803

562 4500 601 4564 tis
621 4501 760 4562 eiusdem
782 4497 883 4560 Caroli
905 4497 986 4572 regis
1008 4496 1150 4574 superius
1165 4498 1310 4574 expositis
1336 4484 1339 4601 Ι
1364 4501 1456 4572 prout
1488 4495 1586 4557 divini
1617 4495 1720 4556 cultus
1742 4505 1921 4572 ,augmento
1949 4506 1980 4558 et
2008 4496 2115 4574 populi

562 4593 743 4672 propensius
758 4597 940 4661 annuentes,
957 4605 990 4650 ac
1007 4589 1037 4648 iu
1054 4589 1228 4664 praemissis
1244 4607 1308 4652 om·
1363 4589 1540 4650 animarum
1561 4589 1652 4650 saluti
1675 4589 1821 4664 expedire
1849 4591 2044 4666 cognoverit,
2068 4606 2115 4651 re-

562 4685 653 4747 nibus
675 4682 838 4761 providere
860 4682 1013 4757 volentes,
1036 4691 1123 4742 motu
1139 4683 1262 4759 proprio
1279 4689 1309 4744 et
1363 4682 1500 4757 spective
1521 4696 1641 4756 gerere,
1658 4680 1758 4742 lacere
1773 4687 1803 4741 et
1819 4684 1947 4760 exequi;
1964 4683 2116 4761 assignata

561 4796 599 4842 ex
621 4785 703 4841 certa
729 4777 857 4838 scientia
885 4781 1065 4852 maturaque
1088 4773 1309 4836 deliberatione
1366 4781 1469 4836 tamen
1491 4790 1545 4851 per
1573 4775 1691 4836 dictum
1723 4775 1869 4836 Carnium
1896 4775 2113 4854 Hispaniarum

562 4873 689 4946 nostris,
713 4872 812 4948 deque
834 4867 1015 4946 apostolicae
1035 4866 1191 4944 potestatis
1211 4867 1308 4946 pleni·
1337 4891 1338 4900 ¹
1365 4884 1471 4944 regem
1492 4885 1595 4930 annua
1614 4885 1735 4930 summa
1755 4883 1794 4928 ex
1817 4871 1934 4931 aerario
1952 4873 2038 4948 regio
2052 4873 2115 4934 sol-

562 4965 680 5038 tudine,
698 4966 732 5026 ad
754 4961 978 5040 omnipotentis
993 4961 1046 5022 liei
1063 4960 1183 5022 laudern
1200 4970 1230 5022 et
1246 4962 1311 5038 glo
1363 4961 1508 5039 lraganeo
1539 4969 1569 5022 et
1600 4963 1714 5023 vicario
1745 4963 1924 5026 huiusmodi
1953 4979 2009 5041 pro
2038 4975 2116 5027 tem·

562 5059 652 5134 riarn,
683 5074 716 5119 ac
747 5055 818 5118 fidei
847 5054 1012 5118 catholicae
1044 5055 1307 5132 propagationem,

562 5152 767 5230 praecipimus
787 5158 878 5227 atque
898 5149 1074 5221 statuimus,
1099 5153 1133 5208 ut
1155 5148 1220 5208 loca
1243 5148 1307 5223 illa,

561 5261 640 5324 quae
662 5245 788 5305 divisim
810 5244 845 5303 od
867 5243 1020 5304 dioeceses
1046 5244 1083 5302 de
1112 5240 1192 5302 Plata
1214 5241 1309 5317 vulgo

562 5339 705 5414 Charoas,
728 5337 833 5400 Sancti
856 5335 952 5398 iacobi
973 5337 1010 5397 de
1032 5335 1132 5410 Chile,
1156 5335 1307 5396 Tarouma-

562 5628 719 5694 maneant,
735 5618 834 5696 iisque
850 5617 881 5678 in
898 5617 970 5677 locis
985 5631 1067 5677 unus
1082 5615 1243 5692 presbyter
1257 5613 1307 5674 vel

561 5711 725 5772 saecularis
746 5712 797 5773 vel
816 5709 952 5771 cuiusvis
973 5707 1089 5770 ordinis
1110 5707 1261 5784 regularis
1274 5709 1307 5769 in

563 5804 716 5880 theologia
737 5819 792 5867 seu
814 5804 944 5866 decretis
961 5803 1138 5880 graduatus,
1155 5801 1262 5863 habilis
1277 5811 1308 5862 et

563 5896 703 5977 idoneus,
726 5913 781 5976 per
804 5897 907 5976 ipsum
928 5898 1072 5961 carolum
1095 5905 1126 5962 et
1149 5913 1206 5976 pro
1232 5903 1308 5960 tem-

1364 5071 1438 5132 pore
1459 5056 1604 5118 existenti
1626 5071 1681 5132 pro
1703 5047 1840 5132 congrua
1863 5056 1958 5133 ipsius
1972 5059 2115 5120 substen-

1365 5149 1479 5210 tatione
1500 5149 1713 5224 persolvenda,
1733 5150 1771 5210 de
1784 5149 1967 5225 apostolicae
1982 5158 2113 5228 potesta-

1364 5242 1402 5301 tis
1423 5240 1620 5318 plenitudine
1640 5242 1840 5303 declaramus.

1403 5335 1471 5408 §b
1497 5335 1680 5397 Huiusmodi
1708 5344 1812 5396 autern
1840 5337 2036 5413 sullragaueo
2057 5356 2112 5401 seu
2138 5388 2140 5392 .
2168 5355 2284 5400 uonrrum
2301 5349 2325 5396 au

563 5447 648 5508 nam,
677 5441 707 5493 et
734 5433 771 5494 de
793 5432 947 5509 Arequipa
976 5431 1148 5507 respective
1174 5429 1308 5505 pertine·
1335 5474 1337 5487 .
1362 5429 1476 5490 vicario
1498 5427 1703 5504 praecipimus
1718 5437 1749 5488 et
1766 5428 1958 5504 mandamus,
1976 5437 2010 5492 ul
2026 5433 2113 5494 omni
2132 5405 2328 5512 ffifiiffnieu‘ffaff

562 5532 645 5600 rent,
669 5541 706 5586 ex
728 5541 812 5587 nunc
835 5533 865 5585 et
879 5525 910 5583 in
928 5533 1086 5601 posterum
1101 5522 1245 5584 distincta
1260 5537 1307 5583 re·
1335 5490 1337 5627 Ι
1362 5521 1523 5597 diligentia
1545 5525 1667 5582 studeat
1695 5520 1822 5582 idoneos
1851 5539 1883 5584 ac
1905 5524 2015 5600 dignos
2043 5540 2111 5602 pre·
2132 5514 2283 5570 rragansum.

1361 5615 1502 5690 sbyteros
1523 5629 1681 5688 assumere
1703 5614 1734 5675 in
1757 5615 1943 5676 exercitium
1964 5633 2056 5678 curae
2077 5617 2113 5678 il·

1364 5705 1462 5768 larurn
1485 5708 1673 5783 animarum,
1699 5717 1795 5784 utque
1817 5707 1880 5770 loca
1905 5709 1936 5770 in
1955 5711 2113 5772 territorio

1361 5802 1419 5864 sibi
1439 5802 1604 5878 assignato,
1628 5811 1720 5878 prout
1743 5803 1809 5864 heri
1831 5805 1956 5880 poterit,
1974 5805 2112 5881 visitare,
2138 5823 2141 5832 ·

1362 5897 1394 5957 in
1416 5911 1511 5974 quem
1544 5895 1640 5956 linem
1674 5895 1807 5957 liberum
1839 5898 1969 5960 omniuo
2001 5899 2030 5959 ei
2052 5899 2112 5960 erit
