4750 6980
918 561 989 622 erus
1011 561 1060 622 rh.
1084 561 1126 622 tr.

248 690 376 771 aliisque
396 686 607 756 ecclesiasticis
622 689 771 769 censuris,
787 693 949 758 sententiis
965 701 995 755 et

249 787 355 866 poenis
370 788 481 866 quovis
496 789 586 851 modo
601 795 632 851 et
647 805 842 868 quacumque
857 789 894 852 de
909 805 995 851 causa

249 881 326 957 latis,
352 881 379 942 si
403 899 477 960 quas
502 882 582 944 torte
608 882 786 956 incurrerit,
812 883 905 945 huius
929 890 996 944 tan-

248 983 315 1036 tum
340 974 386 1036 rei
415 975 510 1050 gratia
538 975 732 1038 absolventes
760 983 791 1037 et
820 975 993 1038 absolutum
1021 1012 1023 1038 .

248 1067 312 1128 lore
332 1077 506 1143 censentes,
528 1068 802 1147 supplicationibus
816 1069 882 1131 eius
897 1068 996 1130 nomi·

249 1178 288 1224 ne
310 1162 397 1223 nobis
419 1163 580 1224 humiliter
601 1163 749 1242 porrectis
772 1161 920 1238 inclinati,
937 1161 994 1223 ira-

248 1255 444 1318 ternitatibns
465 1275 498 1318 ao
517 1256 754 1319 discretionibus
768 1256 879 1318 vostris
895 1272 995 1334 respe-

248 1351 327 1412 ctive
348 1365 404 1426 per
424 1359 601 1427 praesentes
622 1350 846 1412 committimus
861 1365 894 1410 ac
909 1363 994 1411 man·

248 1445 366 1519 damus,
383 1451 599 1522 anquatenus
622 1444 707 1505 vobis
731 1451 851 1506 constet
872 1445 910 1506 de
931 1444 994 1506 evi-

248 1539 333 1601 denti
354 1537 494 1600 locorum
516 1538 638 1617 piorum
659 1538 752 1599 etiam
777 1537 994 1600 ecclesiastico·

248 1648 331 1707 rum,
348 1631 495 1707 utilitate,
511 1645 567 1706 pro
583 1645 616 1691 ea
633 1638 755 1693 tantum
777 1629 994 1708 partotondo-

247 1741 319 1788 rum
338 1741 372 1786 ao
393 1724 548 1787 bonorum
571 1723 758 1798 huiusmodi,
774 1739 907 1801 quorum
923 1725 995 1788 alie-

248 1819 331 1882 natio
359 1835 391 1880 ao
419 1817 574 1879 distractio
603 1817 663 1878 erit
692 1816 788 1890 utilis,
810 1817 922 1896 quibus
944 1819 994 1881 de·

247 1930 339 1992 super
358 1911 602 1990 uniuscuiusque
618 1917 758 1973 vestrum
772 1911 994 1974 conscientiam

248 2007 384 2068 districte
415 2021 592 2080 oneramus,
616 2021 649 2066 ao
677 2005 846 2068 dummodo
877 2005 995 2066 tructus

248 2099 343 2163 trium
365 2101 398 2163 in
419 2101 541 2177 singula
569 2107 700 2162 centena
728 2100 831 2178 pretii,
853 2101 934 2179 quod
957 2115 995 2160 ex

247 2194 408 2271 publicatis
429 2211 462 2255 ac
483 2194 617 2256 venditis
646 2193 734 2256 bonis
761 2193 901 2256 habitum
923 2192 994 2265 erit,

247 2295 278 2349 et
299 2286 336 2348 ab
356 2287 475 2349 aerario
498 2287 583 2364 regio
604 2286 800 2365 persolvendi
820 2287 894 2348 adeo
913 2293 997 2348 certe
1035 2327 1036 2330 ,

247 2380 489 2454 constituantur,
513 2388 548 2442 ut
570 2379 657 2442 nullo
679 2395 827 2458 umquam
844 2395 914 2441 casu
929 2377 995 2441 tru-

247 2484 313 2536 ctus
332 2472 512 2536 huiusmodi
538 2473 681 2546 delicere,
704 2479 757 2535 aut
780 2472 904 2535 illorum
927 2489 996 2550 per·

247 2567 346 2645 ceptio
368 2565 511 2642 intercipi
532 2565 638 2642 possit,
654 2565 874 2628 alienationem
887 2583 921 2628 ac
937 2565 996 2628 dis·

249 2661 429 2722 tractionem
459 2658 626 2722 lundorum
655 2675 689 2720 ac
709 2659 863 2720 bonorum
891 2661 996 2723 huius-

248 2753 330 2816 modi
360 2754 442 2814 intra
470 2751 715 2832 uniuscuiusque
743 2761 885 2815 vestrum
913 2754 994 2816 dioe-

247 2861 350 2908 cesum
383 2845 497 2908 limites
527 2845 765 2908 consistentium
796 2847 908 2926 absque
931 2847 996 2910 ullo

246 2939 468 3018 suspensionis,
499 2940 654 3002 interdicti
683 2939 876 3018 aliarumque
900 2940 995 3003 eccle·

246 3033 439 3095 siasticarum
461 3048 633 3110 poenarum
654 3033 795 3108 incursu,
818 3041 937 3096 servata
954 3041 996 3095 ta-

247 3126 368 3188 meniu
384 3125 614 3189 venditionibus
631 3144 664 3190 ac
686 3126 922 3189 alienationibus
937 3127 995 3188 hu-

247 3219 379 3282 iusmodi
402 3221 660 3282 constitutionum
682 3219 918 3298 apostolicarum
933 3219 996 3283 lor-

247 3328 306 3389 ma,
330 3329 369 3375 ex
390 3312 513 3391 speciali
535 3314 614 3376 dono
636 3315 751 3390 gratiae
773 3323 943 3392 nunquam
959 3313 993 3375 in

247 3405 424 3484 exemplum
448 3405 660 3481 traducendae,
682 3407 864 3470 auctoritate
890 3413 994 3468 nostra

247 3499 408 3576 apostolica
431 3515 485 3576 pro
504 3508 608 3561 vestro
623 3499 749 3562 arbitrio
764 3507 794 3561 et
809 3499 994 3564 conscientia

248 3591 442 3668 permittatis.

58 3685 230 3786 „ffiwjlflffglgffi
286 3685 305 3759 ἓ
326 3685 355 3746 l.
373 3685 581 3748 Decernentes
596 3688 717 3750 easdem
733 3696 910 3766 praesentes
926 3688 994 3750 lite·

58 3797 94 3838 rm
108 3793 202 3840 irritans
247 3793 294 3839 ras
315 3793 438 3856 semper
459 3779 577 3855 ssrmas,
593 3779 706 3842 validas
727 3789 758 3842 et
779 3780 914 3844 efficaces
928 3783 992 3844 exi·

247 3879 327 3934 stere
345 3879 376 3934 et
390 3873 467 3948 lore,
483 3889 617 3951 suosque
632 3873 785 3952 plenarios
803 3881 833 3937 et
855 3877 993 3955 integros

247 3967 373 4030 ellectus
394 3967 499 4028 sortiri
514 3976 544 4030 et
560 3967 714 4044 obtinere,
729 3985 763 4031 ac
784 3968 844 4031 illis
865 3969 901 4031 ad
916 3989 993 4050 quos

246 4067 361 4138 spectat
377 4069 408 4123 et
422 4077 478 4138 pro
496 4069 637 4139 tempore
652 4065 912 4143 quandocumque
925 4083 993 4144 spe-

246 4153 351 4229 ctabit,
367 4154 400 4238 in
421 4154 567 4216 omnibus
581 4161 612 4216 et
626 4171 682 4234 per
696 4157 799 4219 omnia
815 4158 993 4235 plenissime

247 4247 418 4324 suflragari,
440 4249 546 4326 sicque
574 4249 608 4310 in
635 4251 809 4328 praemissis
828 4268 884 4331 per
905 4270 994 4331 quos-

246 4355 381 4418 cumque
410 4339 526 4404 iudices
556 4342 728 4406 ordinarios
759 4353 790 4408 et
821 4345 992 4424 delegatos,

247 4433 339 4494 etiam
360 4450 522 4496 causarum
538 4435 641 4514 palatii
657 4437 754 4499 nostri
769 4439 926 4516 apostolici
941 4458 994 4502 au·

247 4527 373 4599 ditores,
389 4534 419 4590 et
442 4527 571 4590 Sanctae
585 4529 740 4592 Romanae
755 4531 907 4594 Ecclesiae
921 4533 994 4596 Car·

247 4620 376 4696 dinales,
393 4622 485 4684 etiam
500 4623 538 4684 de
552 4621 649 4685 latere
663 4624 803 4700 Legatos,
819 4633 850 4686 et
866 4627 994 4690 Sanctae

248 4711 334 4776 Sedis
355 4713 505 4790 Nuntios,
527 4716 645 4778 sublata
666 4717 709 4778 eis
729 4725 759 4780 et
781 4733 891 4781 eorum
906 4719 993 4782 cuili-

249 4805 298 4866 bet
312 4803 419 4883 quavis
434 4805 524 4867 aliter
540 4806 693 4870 iudicandi
716 4816 747 4871 et
769 4809 992 4888 interpretandi

1721 557 1778 622 453
1829 559 1883 616 Aa.
1897 560 1928 616 (t.
1949 558 2018 614 lton

1050 692 1193 764 laenitate
1214 701 1244 756 et
1266 694 1461 770 auctoritate,
1485 691 1611 759 iudicari
1626 703 1657 758 et
1672 691 1798 758 definiri

1048 787 1172 864 debere,
1188 805 1221 851 ac
1243 788 1368 850 irritum
1388 796 1420 849 et
1443 789 1546 864 inane,
1562 788 1587 849 si
1602 803 1689 868 secus
1703 803 1797 865 super

1049 881 1133 943 laisa
1154 897 1311 960 quoquam
1333 881 1440 960 quavis
1462 881 1644 943 auctoritate
1663 881 1800 943 scienter
1858 947 1878 964 Ι,

1050 975 1099 1037 vel
1122 977 1304 1052 ignoranter
1325 974 1491 1051 contigerit
1512 974 1669 1036 attentari.

1089 1069 1108 1144 ἓ
1123 1069 1152 1129 5.
1167 1066 1235 1130 Non
1248 1066 1441 1128 obstantibus
1453 1079 1725 1145 quorumcumque
1736 1065 1798 1144 pio
1832 1083 2033 1146 nagoganocon-

1050 1176 1119 1223 rum
1154 1167 1336 1223 testatorum
1371 1159 1567 1237 aliorumque
1597 1159 1799 1222 fundatorum
1819 1141 1964 1182 annorum.

1049 1252 1310 1332 dispositionibus,
1326 1253 1420 1314 etiam
1442 1252 1560 1314 ultimis
1575 1251 1798 1326 voluntatibus,

1050 1347 1161 1424 quibus
1182 1361 1237 1424 per
1265 1355 1442 1423 praesentes
1464 1345 1497 1405 in
1523 1360 1557 1406 ea
1584 1351 1706 1406 tantum
1730 1359 1800 1421 par·

1051 1447 1092 1514 te,
1114 1455 1192 1517 quae
1214 1439 1285 1500 huic
1305 1437 1427 1500 indulto
1448 1437 1638 1512 adversator,
1655 1451 1800 1514 expresse

1049 1532 1245 1610 derogamus,
1268 1530 1441 1611 apostolicis
1462 1547 1495 1592 ac
1518 1529 1800 1592 inuniversalibus

1050 1624 1099 1686 vel
1120 1623 1361 1701 provincialibus
1382 1639 1416 1688 ac
1436 1621 1632 1700 synodalibus
1659 1619 1798 1683 conciliis

1050 1718 1139 1780 editis
1168 1716 1363 1794 generalibus
1395 1715 1446 1778 vel
1476 1713 1659 1794 specialibus
1687 1713 1799 1776 consti·

1052 1812 1222 1874 tutionihus
1251 1818 1283 1872 et
1304 1808 1563 1882 ordinationibus,
1587 1822 1643 1870 nec
1665 1822 1727 1868 non
1749 1821 1799 1867 eo·
1905 1875 1911 1880 ,

1051 1906 1192 1968 rumdem
1208 1905 1348 1966 locorum
1362 1903 1486 1980 piorum
1502 1902 1593 1964 etiam
1610 1901 1798 1976 iuramento,

1048 1999 1285 2061 confirmatione
1308 1996 1482 2075 apostolica,
1502 1994 1552 2056 vel
1573 1993 1680 2074 quavis
1702 1992 1799 2054 firmi-

1051 2101 1112 2155 tate
1136 2092 1193 2154 alia
1223 2090 1370 2153 roboratis
1395 2089 1517 2176 statutis
1546 2096 1577 2150 et
1603 2086 1801 2150 consuetudi-

1050 2187 1160 2262 nibus3
1177 2184 1348 2263 privilegiis
1363 2199 1499 2262 quoque,
1513 2180 1641 2243 indultis
1655 2185 1686 2240 et
1703 2178 1800 2242 literis

1050 2279 1221 2358 apostolicis
1251 2277 1463 2354 superioribus
1495 2284 1526 2338 et
1559 2273 1712 2354 personis,
1741 2271 1799 2332 sub

1050 2373 1298 2451 quibuscumque
1314 2369 1469 2432 tenoribus
1491 2376 1522 2429 et
1543 2367 1663 2442 lor-mis,
1679 2381 1712 2427 ao
1727 2380 1799 2426 oum

1049 2465 1209 2544 quibusvis
1230 2464 1325 2526 etiam
1351 2463 1616 2540 derogatoriarum
1640 2463 1801 2535 derogato·

1049 2560 1114 2634 riis,
1130 2558 1259 2637 aliisque
1274 2557 1506 2629 ellioacioribus,
1524 2551 1751 2626 efficacissimis,
1766 2567 1800 2611 ac

1050 2652 1181 2714 insolitis
1210 2651 1364 2725 clausulis,
1392 2648 1650 2724 irritantibusque
1674 2651 1705 2706 et
1732 2643 1800 2705 aliis

1049 2745 1181 2808 decretis
1209 2745 1241 2807 in
1267 2759 1382 2820 genere
1407 2743 1456 2804 vel
1481 2739 1706 2819 inspeciem
1733 2736 1799 2797 aliis

1051 2840 1081 2901 in
1103 2839 1294 2902 contrarium
1311 2836 1551 2917 praemissorum
1567 2830 1799 2912 quomodolibet

1049 2940 1211 3013 concessis,
1241 2935 1412 3015 approbatis
1433 2941 1464 2994 et
1484 2930 1649 2994 innovatis.
1682 2929 1799 3004 Quibus

1049 3033 1194 3098 omnihus
1215 3039 1247 3094 et
1267 3029 1400 3106 singulis
1421 3027 1548 3088 illorum
1572 3033 1695 3087 tenores
1712 3038 1798 3101 pree·

1049 3129 1188 3192 sentibus
1210 3143 1264 3205 pro
1279 3125 1371 3205 plene
1384 3133 1416 3187 et
1430 3125 1621 3188 sufficienter
1629 3125 1797 3203 expressis,

1048 3241 1082 3286 ac
1102 3223 1140 3285 de
1162 3222 1256 3284 verbo
1278 3222 1313 3283 ad
1336 3220 1468 3282 verbum
1490 3219 1615 3282 insertis
1636 3219 1796 3293 habentes,

1049 3319 1111 3380 illis
1139 3317 1211 3378 alias
1232 3315 1266 3377 in
1287 3329 1344 3376 suo
1373 3313 1483 3376 robore
1510 3311 1732 3392 permansuris,
1762 3310 1797 3372 ad

1049 3411 1288 3492 praemissorum
1303 3407 1460 3482 ellectum,
1475 3408 1530 3468 hac
1544 3408 1611 3470 vioe
1625 3403 1796 3478 dumtaxat,

1048 3505 1223 3586 specialiter
1241 3511 1272 3564 et
1286 3517 1431 3579 expresse
1445 3499 1641 3578 derogamus,
1656 3497 1798 3562 caeteris·

1048 3615 1109 3679 que
1130 3596 1293 3660 contrariis
1314 3594 1571 3674 quibuscumque.

1088 3693 1106 3766 ἓ
1127 3692 1157 3754 6.
1181 3689 1333 3753 Volumus
1355 3694 1471 3762 autem,
1486 3696 1522 3750 ut
1539 3687 1747 3767 praesentium
1763 3687 1799 3748 li·
1825 3702 2031 3768 rraasnaoqnaa

1048 3794 1185 3848 terarum
1214 3784 1416 3860 transumptis
1447 3799 1500 3844 seu
1531 3781 1683 3860 exemplis
1704 3781 1797 3843 etiam
1817 3760 1993 3815 ²¹⁸⁰⁵¹¹¹¹¹¹³²¹³·

1048 3878 1215 3959 impressis,
1239 3885 1269 3939 et
1291 3891 1387 3938 manu
1405 3873 1533 3938 alicuius
1549 3873 1661 3936 notarii
1683 3873 1799 3953 publici

1047 3971 1238 4050 subscriptis,
1261 3985 1295 4032 ac
1310 3968 1413 4046 sigillo
1435 3973 1582 4046 personae
1603 3967 1636 4029 in
1658 3966 1799 4029 ecclesia·

1047 4066 1120 4129 stica
1141 4064 1294 4140 dignitate
1314 4063 1500 4125 constitutae
1526 4061 1668 4136 munitis,
1692 4062 1799 4124 eadem

1048 4175 1173 4238 prorsus
1195 4157 1271 4219 tides
1299 4155 1490 4231 adhibeatur,
1516 4171 1596 4234 quae
1620 4155 1693 4234 ipsis
1713 4170 1799 4233 prae-

1048 4252 1188 4314 sentibus
1201 4249 1410 4323 adhiberetur,
1422 4249 1447 4310 si
1463 4247 1567 4311 lorent
1579 4248 1734 4310 exhibitae
1749 4247 1800 4310 vel

1048 4351 1198 4407 ostensae.

1090 4439 1201 4500 [latum
1222 4438 1259 4500 de
1286 4436 1408 4514 speciali
1442 4437 1585 4498 mandato
1615 4441 1721 4497 nostro
1741 4434 1800 4498 sub

1049 4531 1167 4593 annulo
1188 4530 1344 4609 piscatoris
1367 4529 1554 4591 diedecima
1584 4529 1674 4592 tertia
1703 4543 1798 4604 ango·

1048 4624 1087 4686 sti
1108 4622 1276 4685 millesimo
1296 4622 1575 4700 septingentesimo
1596 4620 1800 4698 nonagesimo
1828 4685 1829 4688 ,

1049 4733 1145 4792 nono,
1177 4715 1373 4794 pontificatus
1405 4715 1503 4778 nostri
1533 4730 1616 4778 anno
1647 4713 1800 4790 vigesimo

1049 4811 1171 4889 quinto.
