4776 6974
316 499 370 556 An.
385 503 415 556 d.
438 503 506 559 1784
555 507 615 570 292

535 742 623 805 facile
644 747 744 820 petest
764 739 927 801 recordari.
952 737 1030 800 Cum
1049 738 1188 798 eamdem
1211 743 1285 797 tunc

535 836 589 898 ille
610 851 683 897 eum
705 835 737 897 in
753 833 881 895 modum
897 831 1119 907 immutaverit,
1137 837 1171 893 ut
1193 830 1283 890 aliam

535 929 626 1008 plane
636 927 835 1000 sententiam,
848 942 941 1005 quam
955 941 1033 1004 quae
1048 924 1080 986 in
1095 923 1284 1001 autographo

536 1023 648 1101 scripto
662 1027 738 1096 erat,
755 1020 958 1098 exprimeret,
974 1020 1032 1079 beo
1047 1025 1133 1095 pacto
1148 1016 1204 1077 sibi
1221 1016 1284 1094 ipse

536 1115 741 1195 praecluserat
763 1113 882 1176 aditum
903 1112 937 1174 ad
961 1119 1081 1173 nostrae
1097 1109 1283 1172 clementiae

535 1205 747 1287 percipiendos
761 1205 891 1280 lructus,
907 1205 944 1267 ab
957 1206 1057 1284 iisque
1072 1219 1105 1265 se
1120 1203 1216 1278 magis
1230 1217 1285 1279 per

536 1317 650 1364 noram
684 1302 762 1362 banc
797 1299 1024 1360 inobedientiae
1057 1299 1283 1360 contumaciam

535 1402 646 1475 sponte
667 1400 852 1454 removerat.
871 1393 932 1454 llec
948 1392 1030 1453 illius
1044 1391 1121 1454 lacto
1136 1400 1284 1470 paternus

537 1491 569 1552 in
591 1489 678 1551 uobis
699 1486 844 1548 imminui
865 1503 928 1549 nen
945 1485 1044 1564 potuit
1059 1501 1131 1562 erga
1153 1485 1285 1548 llaroni-

538 1592 639 1645 tarum
662 1581 821 1644 nationem
841 1595 939 1654 amer,
962 1594 1054 1656 quam
1079 1586 1109 1640 et
1130 1578 1285 1656 praeclare

536 1676 575 1737 de
595 1672 742 1737 catholica
764 1672 823 1733 bde
846 1672 988 1734 meritam
1012 1679 1042 1734 et
1065 1672 1136 1734 buic
1157 1675 1284 1749 aposte-

538 1769 611 1830 licae
642 1766 713 1830 Sodi
744 1765 914 1826 arctissimo
950 1766 1124 1827 devotionis
1159 1765 1284 1827 vinculo

537 1862 733 1925 coniunctam
768 1859 1017 1935 agnoscebamus.
1054 1860 1169 1921 ldcirce
1203 1875 1284 1921 anne

536 1956 679 2036 proxime
699 1952 865 2031 praeterito
886 1952 1028 2014 misimus
1044 1953 1144 2014 isthuc
1157 1953 1284 2030 Aposto-

538 2053 631 2114 licum
663 2052 846 2129 Delegatum
880 2054 1022 2111 nostrum
1051 2063 1124 2108 ven.
1156 2047 1284 2109 fratrom

537 2147 722 2226 Episcopum
737 2147 924 2218 nonensem,
938 2150 972 2210 ut
987 2141 1144 2219 pontificio
1157 2141 1285 2202 nemine

536 2240 741 2303 Patriarclram
763 2239 851 2302 illum
880 2237 955 2298 adeo
975 2242 1153 2314 suspectum
1181 2236 1217 2296 ad
1239 2251 1284 2294 sa·

536 2335 622 2397 niora
644 2333 770 2396 consilia
792 2332 909 2394 referre
930 2337 1106 2403 conaretur,
1124 2337 1216 2405 atquo
1238 2329 1285 2388 in·

536 2430 649 2490 ducere
669 2429 706 2490 ad
725 2442 804 2504 pure
824 2423 1070 2502 simpliciterque
1091 2421 1284 2483 subscriben-

536 2523 611 2584 dum
638 2521 666 2582 oi
694 2518 919 2582 retractationis
950 2516 1119 2590 formulae,
1149 2513 1283 2592 qualisa

535 2615 640 2676 nostrai
662 2615 699 2676 de
720 2612 915 2690 Propagandi
939 2609 1014 2674 Fide
1037 2607 1284 2684 congregatione

535 2708 699 2786 prodierat,
722 2721 825 2783 neque
846 2721 909 2766 non
931 2704 968 2764 ad
988 2701 1089 2763 debita
1104 2699 1284 2779 praestanda

535 2801 707 2880 apostolicis
723 2799 853 2862 decretis
867 2798 933 2859 sine
949 2796 1010 2858 ulla
1028 2795 1283 2871 tergiversatione

534 2895 679 2974 obsequia
699 2895 888 2958 hortaretur.

575 2991 643 3065 §2-
667 2989 714 3052 En
736 2988 793 3049 bec
813 2988 915 3050 studio
936 2986 1078 3064 curisque
1104 2984 1219 3046 nostris
1242 2983 1283 3044 ia·

534 3084 592 3147 cilo
613 3100 628 3143 a
650 3081 737 3144 vobis
752 3080 896 3142 omnibus
911 3078 1079 3141 existimari
1096 3086 1206 3156 potest,
1223 3095 1281 3156 qua

534 3179 659 3239 allectus
681 3173 873 3238 iucunditate
902 3177 1008 3233 noster
1029 3171 1153 3233 animus
1175 3171 1281 3246 luerit,

533 3287 605 3332 cum
622 3268 824 3330 nunciaretur
839 3265 936 3338 nobb,
952 3271 1118 3343 antequam
1133 3263 1211 3325 istuc
1226 3264 1282 3324 De-

447 3435 449 3440 ,
535 3363 653 3441 legatus
673 3370 779 3424 noster
800 3360 989 3438 pervenerit,
1011 3357 1216 3419 Patriarcbam
1239 3357 1283 3416 le-

534 3459 665 3536 sepbum
687 3457 725 3518 de
746 3452 909 3531 Steplranis
923 3452 977 3512 sual
998 3451 1059 3512 iam
1081 3459 1191 3528 sponte
1211 3451 1282 3512 sub·

533 3550 688 3629 scripsisse
702 3563 805 3609 coram
820 3547 938 3609 duobus
949 3545 1150 3606 missienariis
1165 3545 1210 3606 illi
1226 3545 1281 3622 ipsi

533 3642 758 3706 retractationis
768 3639 919 3702 formulae
934 3655 949 3698 a
965 3638 1133 3699 memorata
1146 3639 1281 3713 Congre-

533 3737 657 3814 gatione
678 3733 860 3812 propositae,
877 3731 1078 3810 eiusdemque
1096 3733 1156 3793 duo
1175 3729 1211 3790 ad
1227 3747 1282 3791 nos

534 3830 739 3892 transmisisse
759 3826 900 3903 exempla
915 3825 1038 3903 proprio
1054 3824 1155 3901 sigillo
1177 3824 1282 3886 muni-

533 3932 573 3998 ta,
597 3923 720 4001 quibus,
743 3937 804 3999 que
818 3920 922 3980 animo
937 3918 972 3979 ad
988 3919 1102 3979 mentis
1116 3917 1280 3979 sanitatem

532 4015 671 4090 redierit,
695 4029 834 4093 quaeque
855 4028 908 4073 sua
930 4017 1011 4072 esset
1034 4025 1107 4087 erga
1130 4009 1282 4088 Apostoli·

533 4126 599 4170 cam
621 4109 733 4170 Sedcm
754 4105 927 4167 obedientia
949 4121 982 4166 ac
1003 4103 1138 4178 dovotio,
1165 4103 1281 4181 perspi-

536 650 591 712 dae
605 646 703 709 bortis
717 643 862 708 mandato
876 650 982 707 nostro
994 642 1162 705 exhibitam
1178 641 1283 717 inisse,

533 4218 590 4263 cuc
609 4201 788 4262 testabatur.
806 4199 916 4262 Statim
931 4213 984 4259 cor
999 4201 1142 4258 nostrum
1158 4211 1281 4257 manus-

533 4311 594 4372 que
612 4295 644 4355 in
659 4293 779 4355 caelum
794 4291 986 4364 sustulimus,
1003 4305 1202 4366 summasque
1217 4288 1280 4365 egi·

533 4403 602 4448 mus
624 4385 832 4464 omnipotenti
853 4385 915 4445 Deo
936 4383 1059 4460 gratias,
1075 4383 1130 4460 qui
1151 4381 1281 4444 Patriar·

533 4481 607 4541 chae
627 4481 768 4542 animum
789 4495 843 4557 per
866 4493 953 4540 seam
980 4475 1224 4538 misericordiam
1245 4477 1279 4537 ad
1308 4504 1310 4615 p

533 4559 1281 4648 verampraeteritorumeristumpoenitentiam
1308 4622 1310 4679 4

533 4665 733 4740 converterit,
756 4665 884 4743 eiusque
898 4681 961 4738 cor,
977 4662 1117 4740 pristinis
1133 4662 1279 4725 Endianis
1307 4684 1310 4801 Α

533 4761 647 4823 evulsis
668 4759 878 4838 opinionibus,
902 4759 937 4820 ad
954 4755 1142 4819 docilitatem
1155 4773 1188 4818 ac
1210 4756 1280 4818 obe-

532 4856 682 4918 dientiam
702 4854 756 4915 sua
777 4851 898 4915 caelesti
921 4851 1018 4928 gratib
1033 4857 1161 4928 repente
1184 4855 1281 4910 trans-

533 4951 651 5012 tulerit.
672 4948 777 5026 ltaque
792 4963 854 5008 non
872 4946 1040 5025 potuimus,
1056 4959 1151 5004 tenu.
1170 4942 1280 5005 iratres

532 5062 565 5106 ac
580 5043 684 5106 dilecti
699 5042 766 5116 dlii,
782 5041 922 5102 retinere
936 5039 1015 5099 intra
1032 5053 1087 5099 nos
1104 5043 1204 5098 tantos
1220 5037 1279 5097 lae·

533 5136 618 5199 titiae
640 5141 764 5197 nostrae
783 5148 903 5206 sensus,
932 5132 1009 5210 quin
1032 5130 1193 5192 vobiscum
1214 5145 1279 5190 eos·

532 5232 603 5292 dem
624 5245 680 5308 per
701 5229 754 5288 bas
770 5227 872 5289 literas
887 5234 1006 5288 nostras
1019 5223 1125 5286 statim
1139 5238 1279 5285 commu·
1306 5208 1308 5349 p

531 5324 716 5396 nicaremus,
728 5336 853 5398 unaque
864 5320 1011 5382 certiores
1024 5333 1076 5380 vos
1089 5331 1196 5378 omnes
1213 5315 1280 5377 red-

531 5415 672 5478 deremus
702 5424 764 5478 tam
791 5413 954 5493 praeclaris
974 5431 990 5474 a
1012 5409 1183 5474 Patriarcba
1211 5382 1308 5510 per-J

530 5515 613 5570 actae
634 5508 776 5585 actionis,
804 5516 838 5571 ut
860 5507 1051 5585 quicumque
1073 5511 1161 5567 antea
1183 5519 1222 5564 ex
1243 5502 1278 5564 il·
1306 5511 1308 5555 l

530 5602 589 5664 lius
610 5602 782 5664 inconsulti
802 5602 913 5678 agendi
942 5601 1062 5662 ratione
1084 5599 1115 5660 in
1137 5596 1278 5660 oderisio·
1305 5560 1307 5689 Ξ

531 5713 606 5758 nem
627 5695 761 5773 aliquam
782 5701 812 5758 et
834 5695 1011 5758 scandalum
1032 5694 1188 5766 inciderit,
1212 5709 1280 5771 pos·
1305 5692 1307 5705 '

530 5791 576 5851 sit
593 5807 677 5853 nunc
698 5789 836 5852 eiusdem
859 5797 922 5851 tam
935 5789 1052 5851 ammio
1073 5787 1215 5866 exemplo
1230 5802 1278 5848 ae-

530 5881 657 5960 dificari,
680 5883 771 5962 eique
786 5883 921 5947 debitam
935 5899 1008 5946 cum
1022 5883 1140 5945 honore
1155 5879 1278 5943 laudem

1061 521 1127 566 lull.
1151 521 1242 565 bour.
1266 520 1306 564 DE
1328 519 1357 564 P.
1382 520 1410 565 F.
1434 521 1517 566 bans
1538 522 1560 566 1.

1341 641 1497 718 tribuere,
1520 657 1585 704 non
1608 643 1712 707 minus
1734 643 1773 706 ob
1793 645 1948 708 humilem
1972 647 2020 709 sui
2041 662 2090 708 er-

1340 735 1418 798 roris
1439 736 1688 815 confessionem,
1721 757 1814 820 quam
1843 742 1998 818 obeam,
2027 759 2089 821 quo

1341 844 1425 893 nunc
1446 831 1671 909 inflammatur,
1700 833 1759 894 zeli
1780 834 1926 913 spiritum
1948 837 1984 898 ad
2006 851 2092 914 prae·

1340 923 1432 986 terita
1452 926 1613 988 commissa
1633 927 1763 988 omnine
1780 926 1963 1004 corrigenda
1984 929 2089 1008 plane-

1341 1033 1402 1095 que
1432 1015 1559 1080 delenda
1592 1019 1667 1080 neri
1693 1020 1742 1081 sui
1770 1020 1990 1084 accuratissimi
2016 1038 2089 1100 erga

1341 1108 1546 1188 Apostolieam
1568 1111 1680 1174 Sedem
1701 1113 1851 1193 obsequii,
1866 1114 1961 1178 studii
1982 1132 2016 1176 ac
2038 1117 2090 1178 dc·

1340 1202 1476 1264 votieuis
1493 1205 1688 1268 testimoniis.

1381 1304 1399 1378 ἓ
1421 1304 1448 1364 3.
1475 1302 1529 1364 Est
1549 1310 1654 1364 autem
1677 1313 1864 1370 memoratae
1885 1307 2089 1371 aPatriarclra

1342 1398 1469 1460 emissae
1484 1401 1710 1463 retractationis
1726 1407 1815 1463 tenor
1829 1407 1863 1464 ut
1876 1402 2031 1480 sequitur:

1381 1492 1414 1556 Ie
1434 1495 1635 1556 settescritto
1658 1495 1845 1558 illremieete
1868 1494 1956 1558 delle
1977 1497 2089 1558 dictiue

1341 1589 1459 1667 grecie
1475 1606 1490 1649 ι
1506 1590 1642 1662 detrecto
1658 1591 1712 1652 dui
1728 1589 1848 1651 decreti
1863 1589 1946 1652 delle
1963 1590 1995 1653 S.
2013 1589 2088 1652 Sede

1343 1682 1523 1758 apostolico
1546 1680 1700 1752 Remeoe,
1723 1683 1834 1744 madre
1855 1700 1870 1743 ι
1892 1692 2033 1745 ιιιιιιιιι
2055 1685 2089 1746 di

1343 1778 1430 1835 tetta
1445 1775 1471 1835 lc
1489 1773 1607 1844 deicae,
1625 1775 1667 1836 de
1683 1777 1736 1837 cei
1751 1777 1781 1837 si
1796 1775 1933 1855 diffunde
1950 1778 1985 1838 io
2001 1782 2088 1838 tulto

1342 1864 1367 1926 il
1388 1867 1500 1928 rrteede
1522 1867 1554 1928 lo
1582 1869 1651 1930 lece
1673 1868 1756 1930 delle
1785 1869 1901 1940 ccr‘itd,
1927 1869 2089 1930 r·t'ceeesce

1342 1975 1356 2018 ι
1378 1962 1518 2039 ceresesse
1540 1961 1551 2021 i
1574 1961 1649 2022 miei
1672 1960 1798 2037 passati
1818 1963 1923 2022 errori
1945 1960 2007 2023 ele
2023 1961 2090 2024 mie

1341 2053 1427 2132 [else
1458 2055 1612 2118 credereze
1642 2063 1790 2132 prestete
1812 2057 1875 2119 elle
1905 2057 2089 2120 illesioee'c

1342 2148 1426 2227 [else
1447 2149 1575 2211 sentite
1597 2149 1630 2210 di
1653 2148 1767 2222 Eredie,
1791 2167 1807 2210 e
1828 2152 1880 2213 sie
1902 2154 1996 2213 Aurae
2012 2155 2090 2230 Ape-

1341 2243 1397 2310 mi,
1420 2258 1552 2305 ιιιιιιιιιιιι
1583 2242 1632 2304 dcl
1652 2251 1833 2305 otertestero
1854 2245 1888 2306 di
1910 2245 2089 2306 Bechercbc

1341 2334 1392 2394 ecl
1426 2334 1622 2407 Cltcsreeee,
1654 2345 1779 2414 pretese
1811 2338 1996 2418 feodetriec
2027 2339 2088 2399 del-

1342 2427 1362 2486 l'
1375 2429 1509 2490 lstitete
1531 2428 1580 2490 dcl
1604 2429 1698 2492 SSriee
1724 2432 1809 2492 Cuer
1825 2431 1857 2492 dt
1876 2432 1975 2504 Gestl;
1990 2449 2005 2492 ι
2020 2449 2089 2508 per-

1341 2520 1387 2580 ct'd
1410 2521 1566 2583 edocendo
1586 2523 1622 2584 ed
1651 2524 1839 2586 accettando
1868 2524 1892 2586 il
1914 2527 2017 2601 prime
2038 2527 2090 2587 dc-

1341 2621 1425 2675 crete
1457 2615 1541 2678 delle
1571 2615 1601 2678 S.
1628 2617 1887 2696 Ceoprepezieee
1915 2617 1947 2678 di
1970 2618 2088 2696 Prepe-

1340 2709 1446 2786 qoede
1479 2709 1526 2770 del
1559 2709 1591 2770 dt
1613 2712 1660 2770 25
1692 2709 1939 2790 piepree1779,
1964 2713 2089 2788 censer-

1340 2807 1426 2861 etete
1447 2801 1483 2862 ed
1514 2807 1688 2878 eppreeete
1717 2801 1770 2862 del
1794 2802 1849 2864 SS.
1875 2808 1984 2864 eostre
2008 2805 2088 2866 Pee-

1341 2897 1426 2975 tefice
1453 2894 1541 2971 Pope
1563 2894 1622 2956 Pie
1647 2896 1707 2964 Vl..
1731 2895 1877 2959 dicbiere
1897 2915 1912 2958 ι
1933 2905 2086 2975 protecto,

1339 3005 1437 3049 essere
1467 2996 1558 3051 stete
1586 2990 1617 3052 lu
1640 2989 1728 3051 detta
1761 2989 1867 3050 dettee
1899 2992 2088 3071 malatesta·

1340 3089 1444 3144 roceto
1464 3101 1479 3144 ι
1507 3083 1784 3144 meedizieseoerote
1814 3084 1924 3157 illaesa,
1948 3103 1963 3145 ι
1985 3085 2011 3146 lc
2032 3103 2089 3148 sec

1339 3175 1619 3255 ioeetupiuezieob
1634 3175 1827 3238 ricelesieei
1841 3195 1856 3237 ι
1872 3184 2005 3240 eerttule
2019 3195 2088 3256 pre·

1338 3270 1430 3348 [esic.
1455 3287 1470 3329 ι
1493 3275 1579 3331 tutte
1602 3268 1628 3328 lc
1648 3287 1705 3331 ιιι
1726 3286 1828 3331 ιιιιιιι
1849 3287 1865 3330 ι
1885 3273 2087 3334 serem-derc-

1339 3363 1387 3423 ι·ιί
1409 3363 1552 3440 opinioei
1576 3362 1611 3424 ιἰι
1631 3363 1767 3424 materie
1792 3381 1898 3442 seqre,
1921 3381 1936 3424 ι
1957 3364 2088 3441 special·

1338 3463 1440 3517 reertte
1463 3455 1483 3515 l'
1495 3457 1614 3517 eteiette
1636 3457 1683 3517 dcl
1705 3457 1738 3518 di
1762 3458 1803 3519 lei
1819 3473 1910 3534 corpe
1926 3458 1962 3519 ed
1976 3459 2086 3520 errieee

1339 3549 1385 3610 cel
1401 3564 1493 3625 corpo
1508 3549 1544 3610 ed
1559 3551 1670 3612 urciano
1686 3549 1734 3611 del
1748 3555 1858 3611 oestro
1871 3549 1992 3628 Sippar
2005 3552 2087 3613 Gesd

1341 3643 1457 3713 erecto,
1475 3659 1574 3702 ιιιιιι
1588 3647 1673 3705 stete
1688 3642 1779 3722 sulse,
1796 3644 1885 3720 fiete,
1904 3645 2084 3713 temerarie,

1338 3749 1474 3804 erronee,
1499 3751 1513 3792 c
1535 3733 1589 3794 elta
1609 3751 1711 3797 saeue
1734 3751 1789 3812 per
1811 3735 1840 3795 lo
1861 3752 1950 3796 merae
1974 3737 2007 3796 di
2023 3752 2086 3795 ere-

1337 3826 1406 3896 sie,·
1429 3825 1506 3886 eade
1528 3825 1555 3887 le
1577 3827 1706 3896 detesto,
1731 3827 1759 3888 le
1782 3828 1940 3898 calteetioe,
1964 3846 1978 3889 ι
1999 3829 2026 3889 le
2041 3829 2085 3890 ri·

1338 3922 1441 3997 petto.-
1471 3933 1555 3978 ceree
1582 3919 1694 3980 altresi
1726 3923 1866 4001 cerefesse
1888 3938 1903 3981 ι
1925 3921 2082 3993 dicecere,

1338 4027 1435 4072 essere
1466 4016 1556 4072 stete
1587 4029 1654 4073 ιιιιιι
1675 4029 1762 4075 mere
1790 4015 1948 4076 cetreeoie
1970 4016 2086 4092 eritple-

1338 4108 1440 4164 melate
1468 4103 1636 4166 iuventute
1664 4105 1981 4168 dclt't'etrodezieee
2002 4108 2085 4170 eclle

1338 4197 1475 4258 teuzieoe
1505 4196 1670 4260 Marroeitc
1692 4215 1707 4258 ι
1728 4199 1779 4260 ael
1809 4201 1995 4277 sopradette
2023 4217 2085 4263 mo-

1338 4293 1466 4350 nestere
1489 4289 1522 4350 de'
1544 4288 1720 4351 Bechercbc
1735 4290 1819 4354 delle
1834 4293 1980 4356 deuecta
2001 4302 2086 4358 cette

1339 4381 1497 4446 de¹Liberi
1514 4383 1689 4455 Mercatori,
1705 4402 1720 4444 e
1734 4387 1841 4462 percid
1858 4388 1997 4448 rte-etto
2013 4387 2086 4467 egei

1339 4475 1403 4536 etio
1424 4480 1557 4553 possete
1573 4477 1727 4539 credeban
1743 4495 1762 4538 e
1777 4481 1805 4538 sl
1821 4482 1908 4558 fratte
1925 4480 2083 4551 illaesione,

1338 4567 1491 4630 celerante
1511 4569 1547 4630 cd
1568 4568 1715 4646 conplete,
1739 4588 1754 4630 ι
1777 4571 1933 4634 ricbieme
1949 4591 1963 4633 ι
1980 4591 2085 4634 rcoece

1338 4663 1412 4740 epoti
1427 4663 1490 4722 mie
1506 4668 1589 4733 etto,
1606 4679 1664 4724 coe
1679 4665 1733 4724 cei
1749 4663 1787 4724 be
1802 4667 1963 4741 specciete
1978 4683 1993 4726 ι
2006 4664 2085 4743 praeb-

1338 4753 1453 4817 eliceto
1474 4755 1577 4816 simili
1598 4772 1676 4827 cese,
1699 4773 1714 4816 ι
1734 4757 1957 4833 specielmeretc
1972 4758 2003 4820 lu
2018 4760 2084 4821 mic

1339 4849 1504 4910 Ereeiclice
1525 4855 1659 4927 arquato
1681 4848 1706 4909 il
1722 4850 1755 4911 di
1774 4852 1818 4910 17
1833 4851 1960 4931 Meppie
1977 4853 2083 4925 1777,

1336 4959 1351 5001 ι
1374 4941 1448 5021 epoti
1469 4941 1554 5004 ettro
1586 4947 1667 5011 etto,
1692 4959 1748 5002 ιιι
1771 4944 1825 5004 ιιιιΙ
1847 4942 1941 5007 (ebbio
1971 4952 2085 5023 peleto

1337 5035 1536 5099 eccredttcrr
1558 5052 1572 5094 ι
1594 5035 1655 5096 der
1683 5036 1751 5113 [cde
1771 5055 1790 5099 e
1811 5039 1840 5098 ιὶ
1862 5040 1945 5117 felte
1967 5037 2086 5102 abomi-

1336 5130 1481 5192 recalent.

1377 5221 1531 5286 Dictatore
1551 5227 1732 5304 parimente
1755 5245 1769 5288 ι
1789 5235 1930 5304 protecte
1948 5227 1981 5290 di
1997 5243 2085 5290 ecee·

1336 5333 1422 5389 rore,
1455 5324 1625 5392 accoluere,
1651 5337 1743 5398 oper
1770 5328 1889 5400 quaele
1919 5322 2013 5399 petrei
2043 5323 2085 5384 de

1336 5426 1383 5471 me
1405 5411 1585 5489 dipeedarc,
1610 5414 1643 5475 di
1675 5415 1817 5494 esequire
1845 5416 1892 5494 pli
1924 5415 2003 5477 altri
2024 5417 2085 5478 dee

1335 5504 1454 5566 decreti
1484 5507 1627 5569 catceati
1657 5505 1743 5569 delle
1766 5507 1797 5569 S.
1825 5508 2085 5588 Conprepeaieec

1335 5597 1368 5658 di
1391 5596 1604 5678 Prepepeede
1626 5605 1710 5662 sette
1733 5602 1762 5662 le
1783 5608 1882 5662 stesso
1904 5602 2017 5680 pieree
2038 5604 2084 5665 25

1334 5692 1455 5772 pioque
1481 5694 1548 5755 177
1553 5695 1586 5764 9,
1609 5710 1625 5753 ι
1645 5695 1842 5772 conformati
1863 5695 2083 5773 paratusne

1336 5784 1481 5858 Seretitt'e,
1504 5786 1551 5846 cel
1572 5786 1675 5863 prime
1698 5787 1847 5864 dc'qeeli
1869 5790 1884 5848 ι’
1905 5793 1991 5851 stete
2013 5790 2086 5869 pie-

1334 5885 1489 5941 sterecote
1520 5893 1682 5957 suppresse
1710 5879 1746 5941 cd
1772 5877 1892 5942 ebelite
1916 5881 1939 5942 a'l
1960 5887 2084 5960 pretese

2121 511 2220 564 Amo.
2245 511 2321 564 1784
