4754 6966
900 611 1043 664 33333333
1065 611 1134 666 xnt.

249 753 366 800 merum
398 737 512 814 viginti
543 738 745 801 alumnorum
776 753 830 814 per
863 735 990 798 Benedi-

248 841 328 894 ctnm
351 835 616 910 praedecessorem
637 843 667 894 et
681 848 737 910 per
751 847 806 894 nos
821 831 992 907 respective

247 934 406 1000 statutum,
430 927 481 987 atii
503 933 572 988 octo
598 942 661 988 non
685 941 723 986 ex
751 926 808 986 atta
830 942 923 1003 qnam
946 924 992 987 St-

248 1021 335 1082 33333
367 1019 509 1096 3333333,
543 1021 622 1080 33333
654 1019 749 1096 ipsius
778 1018 906 1093 Collegit
928 1017 992 1079 atu·

248 1129 395 1175 mnarum
426 1129 576 1175 numerus
609 1128 705 1192 usque
731 1111 766 1172 ad
788 1111 901 1188 viginti
923 1121 992 1172 octo

249 1213 408 1282 augeatur,
424 1207 457 1269 ln
473 1205 502 1267 id
526 1206 701 1282 Collegium
721 1205 780 1266 sub
802 1204 928 1281 regulis,
949 1204 993 1264 di-

248 1300 383 1362 rectione
404 1308 434 1361 et
456 1300 610 1377 gubernio
630 1299 785 1361 dictorum
801 1297 993 1376 presbytero-

249 1409 317 1454 rum
327 1393 501 1470 praedictae
516 1392 786 1468 congregationis,
799 1397 918 1452 servata
934 1388 993 1450 lor·

250 1503 294 1548 ma
315 1487 498 1548 earumdem
529 1486 712 1562 regularum
741 1492 772 1546 et
799 1483 994 1546 constitutio·

250 1596 324 1642 num
352 1580 390 1642 ab
418 1579 591 1657 Apostolioa
624 1579 713 1653 Sede,
743 1585 778 1639 ut
808 1576 994 1654 praefertur,

249 1675 513 1748 confirmatarum,
537 1673 643 1750 recipi,
660 1672 699 1732 ati
719 1681 749 1733 et
764 1671 943 1744 sustentari,
961 1686 994 1731 ac

250 1769 281 1829 in
303 1785 340 1828 eo
368 1769 505 1840 educari,
530 1767 641 1828 instrui
667 1773 697 1826 et
718 1765 835 1826 erudiri
864 1764 995 1824 debeant

249 1879 302 1942 per
325 1863 487 1938 integrum
502 1869 532 1923 et
548 1867 733 1924 consuetum
749 1868 881 1936 tempus,
898 1875 931 1918 ac
946 1857 996 1916 iis·

249 1957 319 2018 dem
342 1973 469 2035 prorsus
490 1957 581 2017 modo
603 1962 632 2015 et
657 1953 754 2015 lorma
774 1953 866 2013 ettam
882 1965 944 2028 quo
959 1951 994 2010 ad

249 2058 391 2127 sumptus
413 2050 446 2110 in
466 2049 630 2110 itineribus
644 2045 822 2109 subeundos
837 2053 867 2106 et
883 2044 995 2104 lacien-

249 2143 314 2216 ttos,
330 2142 444 2220 quibus
459 2142 508 2203 atii
530 2141 681 2219 primaevi
700 2140 773 2201 ttioti
789 2137 916 2214 Collegit
932 2136 997 2198 atn-

250 2237 317 2296 mni
340 2236 372 2296 in
394 2251 430 2297 eo
454 2239 694 2314 permanserunt
716 2241 747 2294 et
762 2239 948 2311 permanent
964 2248 997 2291 ac

249 2329 333 2391 ducti
346 2339 376 2390 et
388 2329 507 2390 reducti
522 2328 668 2404 luerunt3
683 2343 717 2388 ac
727 2334 889 2403 propterea
904 2324 997 2385 etiam

250 2419 998 2501 expressesancimosquoddiotimodernletpro

251 2526 393 2596 tempore
413 2517 584 2578 existentes
599 2516 694 2594 ipsius
710 2514 838 2590 Collegit
860 2512 1000 2591 superio-

250 2631 301 2676 res
323 2610 547 2690 etpresbyteri
573 2609 675 2671 eidem
698 2605 940 2684 congregationi
962 2606 998 2667 de

251 2707 448 2784 Propaganda
473 2705 559 2780 Eide,
582 2721 596 2764 a
619 2719 678 2782 qua
699 2701 876 2778 Collegium
897 2700 999 2778 ipsum

252 2801 300 2862 uti
321 2798 496 2878 praefertur
526 2797 693 2874 dependet,
716 2811 780 2857 non
806 2803 910 2856 tamen
936 2793 1000 2856 cui·

251 2909 347 2972 quam
382 2892 472 2954 alteri
505 2905 653 2969 personae
683 2891 722 2953 de
756 2889 1000 2965 adimplemento

251 2988 492 3066 praemissorum
513 2992 544 3046 et
561 2983 599 3045 de
613 2983 801 3061 receptione,
818 2983 1000 3046 educatione

251 3099 286 3144 ac
318 3079 458 3159 proiectu
493 3080 606 3140 borum
637 3083 706 3140 octo
737 3077 1000 3155 quemadmodum

251 3174 387 3236 aliorum
419 3174 619 3235 alumnorum
647 3188 680 3232 ac
708 3170 779 3232 alias
802 3171 833 3230 in
856 3169 1001 3231 omnibus

251 3277 285 3328 et
307 3283 363 3345 per
383 3267 487 3328 omnia
508 3265 661 3326 rationem
676 3264 805 3326 reddere
822 3271 998 3324 teneantur.

253 3361 464 3425 Decernantes
486 3358 669 3436 pensionem
690 3372 745 3435 per
764 3365 938 3433 praesentes
955 3373 1001 3417 re·

250 3461 409 3517 servatam
431 3451 616 3528 praedictam
644 3449 738 3512 etiam
764 3448 799 3510 ad
824 3449 999 3512 ltonasterii

251 3544 464 3609 secundodicti
492 3543 620 3618 abbatis,
653 3559 709 3604 sen
735 3543 1000 3618 commendatarii,

253 3640 308 3702 vel
327 3638 585 3700 administratoris
608 3653 663 3714 pro
679 3646 819 3716 tempore
840 3637 1002 3698 existentis

254 3734 435 3796 instantiam
452 3740 482 3793 33
497 3731 576 3810 ipsas
597 3739 786 3808 praesentes,
803 3731 897 3792 etiam
913 3745 1002 3791 exeo

253 3828 339 3906 quod
360 3826 433 3888 dicti
448 3825 561 3887 Nicolai
577 3825 702 3888 llaverii
719 3826 753 3886 ad
766 3825 930 3902 praemissa
947 3824 1002 3885 mi-

254 3921 342 3982 nime
355 3919 475 3982 accedat
489 3933 642 3992 33333333,
655 3917 943 3994 monasteriumque
957 3933 1004 3977 se-

254 4013 480 4075 cundodictum
491 4009 598 4072 abbate
609 4016 640 4071 et
652 4009 812 4071 delensore
823 4014 935 4084 eareat,
948 4025 1004 4071 seu

254 4122 298 4168 ex
319 4105 428 4184 quovis
449 4105 507 4165 atio
528 4109 701 4181 praetextu,
719 4102 809 4165 titulo
831 4102 881 4164 vel
902 4103 1004 4164 colore

255 4201 297 4262 de
324 4197 545 4276 subreptionis,
570 4195 760 4276 obreptionis
790 4212 822 4256 ac
851 4194 1004 4256 nullitatis

255 4291 335 4354 vitio
350 4306 404 4351 seu
417 4289 600 4351 intentionis
616 4295 737 4350 nostrae
752 4286 874 4349 deiectu
890 4287 1003 4362 notari,

256 4383 449 4465 impugnari,
466 4382 627 4444 invalidari
644 4381 743 4444 autin
759 4381 1003 4443 controversiam

256 4479 380 4552 deduci,
405 4476 454 4538 vel
475 4477 622 4538 adversus
644 4475 709 4536 illas
724 4475 944 4553 quodcumque
957 4475 1005 4537 iu-

256 4573 313 4646 ris,
336 4569 463 4647 gratiae,
486 4567 536 4630 vel
558 4566 628 4628 lacti
650 4567 824 4628 remedium
845 4566 1005 4646 impetrari

258 4677 421 4742 nunquam
443 4676 542 4739 posse,
556 4661 609 4722 sed
632 4676 680 4722 eas
701 4676 823 4738 semper
846 4659 959 4723 validas
974 4667 1005 4721 et

258 4759 396 4820 efficaces
417 4756 551 4816 existere
570 4769 705 4832 suosque
730 4753 883 4831 plenarios
907 4763 942 4828 et,
959 4755 1006 4817 in-

258 4869 364 4934 tegros
388 4854 516 4917 ellectus
535 4850 638 4914 sortiri
661 4860 692 4913 et
713 4852 867 4924 obtinere,
890 4852 1005 4915 eidem-

259 4969 322 5032 que
344 4950 481 5028 Collegio
502 4948 663 5024 suflragari
685 4947 798 5009 debere
824 4950 952 5026 perinde
973 4965 1006 5010 ac

259 5048 284 5108 sl
305 5047 413 5124 pensio
445 5042 621 5105 buiusmodi
644 5044 681 5104 de
707 5042 781 5104 dicti
808 5043 925 5105 Nicotai
947 5045 1005 5107 Xa-

259 5141 340 5201 vertt
363 5137 503 5216 Episcopi
525 5145 556 5198 et
577 5151 789 5198 successorum
804 5152 933 5198 suorum
955 5153 1006 5198 ex-

260 5249 365 5313 presso
393 5247 547 5293 consensu
574 5237 729 5292 reservata
752 5229 870 5291 luisset.
895 5230 1007 5308 Sisque

261 5334 292 5387 et
314 5341 378 5387 333
400 5325 473 5385 31333
495 5341 548 5402 per
563 5339 776 5402 quoscumque
795 5325 910 5387 iudices
926 5324 1007 5385 ordi·

261 5421 363 5482 uarios
385 5429 415 5481 et
436 5419 592 5496 delegatos
609 5419 716 5497 <quavis
732 5421 914 5481 auctoritate
935 5420 1007 5482 iun-

262 5521 382 5591 gentes,
404 5511 497 5574 etiam
528 5529 690 5574 caussarum
720 5512 824 5589 palatii
849 5513 1006 5591 apostolici

261 5609 415 5670 auditores
430 5624 463 5668 ao
478 5606 614 5668 eiusdem
639 5606 767 5670 Sanctae
782 5606 937 5668 Romanae
953 5607 1007 5670 Ec-

261 5702 369 5763 clesiae
392 5701 579 5776 dominatos,
597 5702 691 5762 etiam
707 5701 745 5763 de
768 5701 860 5763 tatere
876 5701 1007 5778 Legatos

262 5793 475 5871 Vise-legatos
492 5792 640 5873 Sedisque
654 5794 846 5874 spostolicae
862 5795 1005 5871 Nuntios,

262 5891 378 5952 sublata
400 5889 444 5952 eis
465 5899 620 5952 eteorum
642 5889 768 5951 cuilibet
790 5891 897 5968 quavis
919 5891 1008 5952 aliter

263 5983 417 6046 iudicandi
428 5991 459 6044 et
473 5983 700 6061 interpretandi
711 5981 853 6046 facultate
865 5992 895 6045 et
906 5992 1008 6046 aucto-

1047 737 1148 814 ritate,
1162 739 1289 802 iudicari
1307 749 1337 804 et
1352 741 1475 806 deliniri
1488 742 1612 824 debere,
1625 748 1794 810 decernen-

1047 831 1085 892 do
1109 832 1231 894 irritum
1255 851 1379 912 quoque
1400 845 1431 897 et
1454 839 1584 901 inanest
1600 858 1793 920 secussuper

1048 925 1095 986 bis
1113 944 1127 985 a
1143 943 1310 1006 quoquam,
1327 931 1434 1007 quavis
1449 934 1642 1010 auctoritate,
1658 936 1794 998 scienter

1049 1021 1097 1082 vet
1113 1021 1295 1096 ignoranter
1310 1023 1476 1099 contigerit
1490 1029 1646 1088 attentari.
1664 1019 1706 1091 rto
1721 1031 1794 1092 dicti

1050 1112 1164 1175 Nicotai
1193 1115 1318 1176 llaverii
1347 1115 1487 1195 Episcopi
1513 1135 1715 1198 successores,
1738 1141 1793 1186 seu

1048 1208 1312 1270 administratores
1333 1224 1388 1286 pro
1404 1217 1545 1288 tempore
1565 1215 1735 1278 existentes
1749 1235 1794 1278 se-

1048 1300 1223 1364 cundodicti
1246 1302 1433 1378 blonastcrii,
1449 1307 1483 1366 ad
1500 1307 1652 1383 integram
1668 1311 1795 1373 solutio-

1050 1412 1122 1456 nem
1153 1395 1308 1472 pensionis
1331 1411 1385 1472 per
1414 1408 1589 1475 praesentes
1620 1414 1795 1466 reservatae

1049 1489 1148 1550 eidem
1162 1488 1300 1564 Collegio
1321 1488 1491 1551 taciendam
1515 1492 1597 1554 iuxta
1616 1481 1797 1559 reservatio·

1051 1584 1108 1655 nis,
1132 1583 1365 1644 constitutionis
1389 1593 1420 1644 et
1443 1585 1658 1662 assignationis
1681 1593 1797 1670 praeia-

1051 1679 1149 1736 tarum
1176 1682 1327 1750 tenorem,
1355 1676 1420 1738 tore
1442 1679 1606 1742 etticaciter
1627 1684 1794 1762 obligatos3

1051 1786 1083 1829 ac
1105 1767 1259 1842 volentes,
1276 1776 1306 1830 et
1327 1768 1432 1832 eadem
1455 1775 1638 1837 anctoritate
1660 1787 1796 1840 statuen-

1052 1867 1109 1935 tes,
1133 1862 1213 1939 qood
1241 1862 1293 1923 itte
1314 1879 1352 1923 ex
1372 1867 1598 1930 successoribus
1626 1887 1679 1932 sen
1702 1872 1798 1934 attini-

1052 1953 1269 2014 nistratortbus
1292 1957 1452 2033 praedictis
1475 1961 1527 2036 qui
1550 1962 1582 2022 in
1605 1963 1693 2024 dictis
1716 1964 1797 2027 lesti-

1052 2046 1198 2108 vitatibus
1220 2046 1270 2107 vet
1292 2047 1400 2110 saltem
1423 2050 1501 2111 intra
1525 2055 1653 2130 triginta
1675 2058 1739 2118 dies
1763 2058 1797 2119 tt-

1054 2140 1154 2202 larum
1175 2139 1314 2216 singulas
1336 2142 1513 2206 immediate
1536 2155 1701 2226 sequentes
1723 2168 1797 2230 pen-

1053 2233 1173 2294 sionem
1195 2249 1250 2311 per
1272 2242 1447 2310 praesentes
1470 2247 1658 2302 reservatam
1681 2247 1797 2322 praedi·

1053 2332 1133 2386 ctam
1149 2343 1204 2404 per
1220 2327 1390 2404 quemlibet
1413 2345 1520 2392 eorum
1544 2333 1645 2395 eidem
1663 2336 1799 2414 Collegio

1056 2427 1129 2480 tunc
1150 2420 1283 2481 debitam
1301 2436 1365 2482 non
1381 2423 1564 2498 persolverit
1585 2418 1657 2489 cum
1674 2429 1798 2506 ellectu,

1055 2510 1144 2588 lapsis
1166 2511 1288 2586 diebus,
1313 2511 1430 2574 eisdem
1460 2518 1651 2593 praesulibus
1673 2521 1799 2599 quidem

1056 2604 1214 2679 ingressus
1236 2604 1389 2666 Ecclesiae
1405 2606 1587 2670 interdictus
1609 2613 1730 2688 existat,
1751 2617 1801 2677 ad-

1056 2697 1280 2759 ministratores
1297 2714 1371 2760 vero
1386 2701 1533 2775 praedicti
1549 2707 1737 2768 sententiam
1749 2724 1800 2769 ex·

1054 2791 1345 2854 communicationis
1357 2793 1529 2870 incurrant,
1544 2803 1574 2858 et
1589 2799 1686 2860 donec
1701 2799 1801 2864 eidem

1047 2883 1192 2960 Ι(1333333
1213 2885 1251 2946 de
1266 2887 1415 2963 pensione
1431 2903 1485 2966 per
1507 2900 1682 2968 praesentes
1703 2909 1802 2956 reser-

1055 2984 1124 3037 vata
1147 2979 1300 3055 praedicta
1324 2987 1397 3042 tunc
1420 2981 1519 3044 debita
1542 2985 1665 3062 integre
1686 2987 1801 3050 satista-

1055 3075 1141 3131 ctum
1163 3070 1214 3132 vet
1235 3071 1307 3132 alias
1328 3089 1422 3152 super
1436 3075 1492 3137 boc
1514 3078 1715 3142 amicabiliter
1729 3098 1802 3144 oon-

1056 3162 1216 3225 cordatum
1248 3163 1361 3242 luerit,
1391 3177 1610 3248 praeterquam
1635 3173 1667 3234 33
1695 3177 1802 3237 mortis

1056 3257 1187 3318 articulo
1218 3261 1417 3337 constitutus,
1443 3263 1627 3327 interdictus
1657 3268 1804 3330 videlicet

1057 3351 1215 3415 interdicti
1246 3353 1486 3432 relaxationem,
1518 3361 1803 3424 excommunicatus

1058 3462 1132 3507 vero
1153 3445 1301 3525 praedicti
1326 3447 1364 3508 ab
1385 3449 1562 3512 huiusmodi
1590 3455 1803 3517 excommuni-

1057 3539 1186 3600 cationis
1206 3541 1362 3602 sententia
1387 3541 1587 3606 absolutionis
1615 3547 1803 3611 beneficium

1058 3639 1192 3710 nequeat
1213 3633 1365 3696 obtinere.
1391 3634 1423 3697 Si
1444 3651 1520 3698 vero
1535 3654 1590 3716 per
1611 3655 1665 3700 sex
1681 3657 1804 3704 menses

1058 3725 1153 3786 dictos
1183 3725 1309 3802 triginta
1331 3726 1395 3788 dies
1417 3727 1596 3792 immediate
1623 3742 1802 3810 sequentes,

1059 3818 1242 3880 interdictas
1264 3819 1408 3883 videlicet
1429 3823 1486 3884 sub
1509 3825 1685 3888 bulusmodi
1707 3827 1804 3888 intor-

1059 3911 1138 3972 dicto
1166 3915 1390 3991 permanserit,
1415 3920 1701 3982 excommunicatus
1729 3936 1804 3981 vero

1059 4007 1204 4083 praedicti
1215 4009 1399 4069 sententiam
1412 4012 1739 4075 excommunicationis
1750 4013 1806 4076 bu-

1061 4099 1193 4160 iusmodi
1209 4101 1325 4176 animo,
1338 4105 1419 4181 quod
1435 4105 1523 4180 absit,
1537 4105 1742 4168 substinuerit
1756 4107 1805 4169 33-

1059 4191 1180 4267 333333,
1201 4209 1240 4254 ex
1262 4201 1336 4258 tunc
1358 4195 1481 4259 effluxis
1502 4199 1672 4274 mensibus,
1689 4200 1803 4263 eisdem

1060 4287 1214 4362 regimine
1236 4295 1266 4349 et
1281 4289 1550 4352 administratione
1571 4303 1721 4371 perpetuo
1744 4295 1804 4372 pri-

1060 4382 1123 4440 vati
1154 4381 1300 4442 exsistant
1331 4398 1367 4442 eo
1400 4383 1476 4461 ipso.
1508 4384 1655 4458 Quocirca
1684 4385 1805 4449 dilectis

1060 4472 1153 4532 etiam
1176 4473 1248 4534 litiis
1271 4474 1427 4536 modernis
1448 4493 1608 4539 causarum
1625 4478 1805 4546 333333313-

1060 4581 1164 4627 merae
1185 4568 1375 4646 Apostollcae
1398 4571 1536 4646 generali
1559 4573 1692 4635 auditori
1708 4584 1738 4637 et
1753 4592 1804 4638 ve-

1061 4658 1717 4740 nerabiliumquoquelratrumnostrorum
1729 4667 1806 4730 Nea·
1856 4655 1858 4662 ’

1060 4751 1189 4830 politani
1201 4759 1231 4814 et
1243 4753 1805 4839 SalernitanibrobteptsooporumVi·

1060 4845 1149 4908 cartis
1172 4847 1203 4907 in
1225 4847 1436 4925 spiritualibus
1458 4843 1666 4927 generalibus,
1683 4869 1806 4916 eorum-

1061 4953 1122 5017 que
1144 4939 1176 5000 in
1192 4941 1376 5003 muneribus
1391 4942 1566 5007 huiusmodi
1581 4948 1806 5010 successoribus

1063 5040 1149 5094 motu
1170 5033 1265 5094 simili
1286 5050 1343 5112 per
1363 5035 1525 5114 apostolica
1549 5041 1661 5116 scripta
1682 5043 1805 5103 manda-

1062 5140 1142 5200 mus,
1166 5135 1320 5203 qnatenus
1342 5129 1397 5206 ipsi
1420 5129 1470 5190 vel
1492 5133 1563 5206 duo,
1578 5142 1630 5193 aut
1653 5149 1735 5195 unus
1756 5151 1807 5196 eo-

1061 5236 1134 5282 rum
1158 5236 1212 5297 per
1232 5237 1263 5280 33
1286 5220 1336 5282 333
1364 5222 1476 5298 alium,
1504 5241 1559 5287 seu
1580 5225 1672 5301 alios,
1696 5227 1807 5293 iaciant

1061 5315 1246 5377 auctoritate
1264 5324 1368 5377 nostra
1390 5321 1573 5396 pensionem
1596 5339 1648 5400 per
1665 5341 1806 5402 praesen-

1064 5413 1108 5470 tes
1129 5417 1320 5471 reservatam
1341 5412 1526 5487 praedictam
1548 5416 1649 5477 eidem
1668 5417 1807 5495 Collegio

1062 5505 1147 5565 iuxta
1169 5504 1399 5580 reservationis,
1427 5509 1659 5572 constitutionis
1679 5519 1712 5572 et
1737 5515 1807 5574 assi-

1063 5604 1217 5680 gnationis
1232 5602 1438 5680 praelatarum
1454 5613 1484 5666 et
1499 5605 1616 5668 decreti
1638 5609 1736 5669 nostri
1751 5611 1807 5671 ltn-

1064 5700 1195 5762 insmodi
1217 5699 1442 5760 continentiam
1463 5707 1495 5760 et
1522 5707 1662 5761 tenorem
1685 5701 1807 5780 integre
1880 5749 1883 5756 .

1063 5792 1207 5870 persolvi,
1225 5803 1255 5854 et
1270 5793 1477 5857 nibilominus
1498 5797 1667 5874 quemlibet
1682 5815 1719 5859 ex
1735 5798 1808 5862 dieti

1063 5884 1179 5947 Nicolai
1203 5887 1325 5949 ltaverit
1346 5888 1497 5967 Episcopi,
1513 5893 1739 5955 successoribus
1753 5910 1808 5956 seu

1063 5981 1364 6045 administratoribus
1382 5983 1556 6062 praedictis,
1571 6002 1665 6065 quam
1680 5987 1809 6052 interdi-

1717 599 1772 670 109
1824 608 1877 659 xn.
1892 609 1922 659 3.
1944 603 2014 659 trel
