4750 6980
83 543 122 593 13.
135 545 162 595 G.
183 546 255 599 1801

948 559 1024 634 ¹PIUS
1045 559 1094 604 ΡΡ.
1118 557 1173 604 vll.

75 691 272 792 ffigffioeon-
329 684 348 758 ἓ
368 681 397 744 3.
422 680 491 744 Non
513 682 703 745 obstantibus
728 680 899 759 apostolicis
920 680 1031 743 consti·

290 773 462 837 tutionibus
487 781 518 836 et
548 775 811 848 ordinationibus,
842 773 1032 852 caeterisque

288 866 453 944 contrariis
474 867 732 946 quibuscumque.

329 960 443 1022 ilatum
472 960 587 1022 Romae
615 961 694 1038 apud
725 959 754 1024 S.
786 959 913 1022 Mariam
942 959 1032 1022 11313-

288 1069 354 1115 rem
390 1053 448 1115 sub
477 1053 593 1115 annulo
618 1053 778 1114 Piscatoris
805 1052 854 1114 die
883 1069 917 1114 11.
955 1051 1031 1115 iunii

288 1161 435 1222 naccon,
459 1146 657 1226 pontificatus
676 1146 775 1208 nostri
796 1162 878 1209 anno
900 1163 933 1208 n.

541 1305 779 1318 w

635 1428 683 1492 ill.

288 1613 490 1678 lactantibus
515 1617 679 1698 [ratribus
710 1616 842 1680 Ordinis
870 1615 1031 1677 Minornm

329 1707 361 1770 S.
384 1707 555 1770 Francisci
570 1710 752 1788 provinciae
769 1709 798 1771 S.
815 1708 902 1771 t’idel
924 1708 960 1769 dc
975 1709 1031 1770 Bo-

330 1807 405 1879 pota
427 1802 463 1862 in
484 1803 641 1875 riccerico,
661 1803 827 1882 corifirmnt
851 1801 1031 1862 electionem

326 1901 514 1958 sanctornm
535 1887 666 1960 loannis
688 1897 853 1974 Baptistae
867 1893 1031 1973 atloscpbi

328 1987 362 2047 in
383 1993 538 2066 patronos
561 1989 665 2053 dictae
685 1989 880 2068 provinciae.

535 2157 621 2227 etus
644 2159 703 2228 ΡΡ.
726 2159 782 2227 illl.

425 2281 888 2351 mmmmmwm

77 2463 203 2561 ,fflffil‘ffi
218 2475 269 2522 pre
326 2461 345 2534 ἓ
371 2459 397 2521 1.
423 2460 514 2536 Cum,
529 2461 609 2524 sicut
623 2462 726 2525 dilecti
741 2461 797 2522 diii
811 2462 986 2540 superiores
1001 2468 1031 2522 et

288 2553 396 2616 iratres
417 2555 539 2618 Ordinis
568 2555 723 2619 Minorum
748 2553 851 2618 Sancti
879 2554 1028 2618 Francisci

287 2648 323 2708 de
344 2646 539 2710 observantia
560 2649 730 2726 nuncupati
758 2647 934 2727 provinciae
957 2649 1031 2711 San·

287 2747 351 2802 ctae
374 2739 460 2804 Fidei
482 2743 519 2804 de
547 2743 659 2818 iiogota
682 2743 714 2805 in
738 2743 873 2806 America
900 2744 1029 2819 Hispana

287 2833 375 2896 uobis
396 2851 497 2914 nuper
517 2837 629 2914 exponi
650 2835 802 2911 iecerunt,
826 2837 882 2916 ipsi
904 2853 960 2914 pro
981 2853 1029 2912 eo,

287 2943 380 3005 quem
401 2943 472 3004 erga
495 2928 621 2992 Sanctus
642 2931 788 2991 loannem
810 2929 977 3007 Baptistam
999 2942 1030 2992 et

288 3021 394 3097 loseph
426 3021 534 3082 Beatae
566 3022 677 3084 blaciae
709 3021 846 3101 Virginis
880 3041 1028 3102 sponsum

288 3113 511 3192 praescierunt,
523 3115 681 3178 devotioni
695 3117 833 3192 sallectu,
849 3119 1029 3182 eorumdem

287 3215 462 3272 sanctorum
484 3208 605 3271 cultum
620 3217 651 3271 et
667 3211 900 3273 venerationem
918 3214 949 3274 in
965 3213 1029 3274 dies

287 3303 391 3378 augeri
413 3309 444 3364 et
464 3303 611 3365 declarari
625 3320 824 3382 summopere
839 3306 1028 3382 desiderent,

286 3397 470 3474 euntemque
481 3405 601 3460 sanatos
613 3398 643 3460 in
656 3407 844 3476 protectores
859 3416 930 3461 suos
945 3400 1030 3479 prin-

286 3489 395 3566 cipaies
409 3491 574 3568 elegerint3
591 3492 679 3554 nobis
694 3499 853 3572 propterea
867 3494 1028 3558 humiliter

286 3583 449 3662 supplicari
460 3583 611 3664 iecerunt,
627 3593 662 3649 ut
672 3587 729 3648 sibi
742 3587 773 3649 in
789 3587 962 3666 praemissis
977 3603 1030 3667 op

286 3683 418 3754 portuno
433 3678 607 3756 providere,
623 3696 657 3741 ac
672 3688 706 3742 ut
727 3679 805 3742 inira
827 3682 864 3743 de
887 3682 1029 3760 benigni-

286 3778 346 3833 tate
367 3773 529 3850 apostoiica
550 3773 712 3850 indulgere
734 3776 944 3851 dignaremur.

29 3868 33 3897 l
86 3879 270 3976 s&grissia-coacu-
324 3865 393 3940 52.
417 3865 478 3927 Nos
497 3867 593 3943 igitur
622 3869 718 3930 dictos
742 3875 933 3946 exponentes
960 3888 1066 3950 spe.

286 3957 412 4021 cialibus
427 3960 533 4035 gratiis
547 3969 578 4022 et
593 3960 747 4024 lavoribus
762 3963 904 4040 prosequi
921 3964 1028 4026 volen-

288 4056 527 4126 insalsarum
553 4054 725 4131 singulares
750 4071 895 4134 personas
915 4074 931 4118 3
959 4057 1027 4136 qui-

286 4145 390 4208 busvis
409 4150 748 4222 excommunicationis,
771 4153 982 4230 suspensionis
997 4163 1027 4217 et

287 4239 454 4316 interdicti,
484 4241 610 4320 aliisque
642 4243 849 4308 ecciesiasticis
876 4247 1025 4324 censuris,

287 4335 448 4397 sententiis
468 4344 500 4398 et
520 4337 628 4413 poenis
656 4338 767 4416 quovis
790 4341 880 4402 modo
903 4351 933 4402 et
955 4357 1028 4418 qua·

287 4441 420 4504 cumque
434 4426 471 4490 de
492 4445 579 4492 causa
600 4429 679 4506 latis,
695 4433 720 4493 si
741 4449 816 4511 quas
831 4432 908 4496 lorte
924 4434 1027 4496 incur-

281 4519 397 4594 rerint,
417 4521 510 4582 huius
526 4529 647 4585 tautum
662 4523 708 4586 rei
723 4526 819 4601 gratia
834 4527 1028 4590 absolventes

286 4620 316 4673 et
326 4611 481 4676 absolutos
492 4614 557 4676 iore
569 4625 742 4694 censentes,
755 4619 1028 4699 supplicationibus

287 4721 395 4768 eorum
427 4708 555 4771 nomine
585 4709 672 4772 nobis
694 4712 856 4774 humiliter
880 4716 1028 4792 porrectis

287 4797 438 4876 inclinati,
450 4801 553 4864 audito
568 4803 661 4864 etiam
676 4803 786 4866 diiecto
802 4805 865 4867 silio
879 4807 1027 4884 magistro

287 4891 363 4954 lulio
385 4894 428 4955 De
449 4894 602 4976 Carpineo
627 4913 784 4960 sacrorum
814 4899 934 4964 rituum
956 4917 1028 4963 can·

287 4987 474 5063 gregationis
504 4992 687 5066 secretario,
717 4991 903 5056 electionem
924 4994 1027 5058 Sancti

287 5079 407 5141 ioannis
428 5079 579 5158 Baptistae
601 5091 631 5144 et
653 5084 756 5148 Sancti
783 5086 903 5164 losepbi
923 5088 956 5148 in
978 5105 1028 5167 pa-

287 5179 391 5235 tronos
404 5175 589 5252 principales
603 5176 741 5240 eiusdem
752 5181 929 5256 provinciae
943 5183 1029 5244 aira·

287 5266 385 5328 tribus
406 5269 479 5330 dicti
502 5269 617 5332 ordinis
633 5271 691 5332 rite
706 5271 827 5347 tactam,
845 5275 1028 5338 auctoritate

201 5423 203 5430 ,
286 5361 459 5438 apostolica,
490 5368 598 5425 tenore
626 5365 836 5442 praesentium
866 5369 1029 5432 confirma·

286 5468 355 5518 mus
383 5465 415 5519 et
439 5461 659 5539 approbamus,
694 5463 815 5542 illisque
844 5465 1028 5528 inviolabilis

285 5567 318 5613 ac
344 5562 510 5632 perpetuae
537 5557 718 5634 apostolicae
749 5559 901 5622 tirmitatis
932 5562 1028 5625 robur

285 5646 458 5721 adibimus,
480 5665 514 5711 ac
534 5650 619 5713 lestis
645 5652 826 5714 eorumdem
850 5662 1027 5719 sanctorum

285 5742 511 5820 praerogativas
521 5760 629 5810 omnes
639 5744 723 5808 lestis
734 5752 1028 5827 patronorumprin·

286 5834 430 5912 cipaiium
460 5848 673 5918 competentes
697 5841 905 5914 attribuimus,
936 5855 1028 5924 atoue

285 5943 382 6003 rtrum
404 5933 495 5998 officii
516 5938 678 6017 patrocinii
700 5937 731 6002 S.
756 5937 874 6016 iosepbi
895 5940 975 6017 quod
994 5940 1026 6002 in

391 6088 443 6136 lar.
461 6088 530 6134 Pont.
546 6088 577 6136 dc
591 6089 666 6150 Prop.
684 6087 939 6136 aldemannum.
956 6089 993 6134 lv.

1088 678 1239 742 dominica
1269 678 1360 739 tertia
1392 682 1458 754 post
1481 676 1593 737 Pascha
1613 672 1772 744 recitatur,
1795 667 1830 728 ad
1896 689 1898 694 ·

1088 772 1171 850 dupl.
1196 773 1347 834 secundae
1368 769 1470 832 classis
1491 785 1562 830 cum
1580 774 1683 829 octava
1705 779 1760 844 pro
1782 762 1832 823 iis·

1089 867 1158 930 dem
1180 864 1325 928 iratribus
1345 864 1514 939 elevamus,
1538 870 1568 925 et
1594 860 1741 923 lectiones
1763 872 1830 935 pro-

1088 959 1168 1039 prias
1189 959 1359 1021 recitandas
1379 957 1411 1020 in
1434 957 1540 1019 diebus
1555 963 1678 1018 octavae
1700 955 1758 1017 iam
1776 970 1831 1034 pro

1089 1053 1202 1117 Ordine
1233 1053 1468 1118 carmelitarum
1501 1051 1756 1114 Excalceatornm
1780 1068 1832 1130 ap·

1090 1149 1226 1227 probatas
1247 1149 1282 1210 ad
1305 1163 1355 1210 eos
1376 1145 1589 1223 extendimus;
1620 1161 1677 1208 nec
1698 1160 1773 1220 non,
1797 1151 1831 1208 ut
1936 1215 1940 1220 ,

1089 1243 1121 1304 in
1143 1243 1274 1319 singulis
1295 1241 1450 1304 coenobiis
1471 1240 1624 1304 dictorum
1645 1238 1777 1302 fratrum
1798 1239 1831 1300 in

1089 1337 1239 1415 praedicta
1262 1336 1417 1413 provincia
1432 1333 1661 1412 comprehensis
1682 1332 1731 1395 die
1752 1331 1832 1395 deci·

1091 1446 1139 1492 ma
1161 1446 1241 1491 noua
1263 1429 1426 1492 cuiuslibet
1440 1429 1567 1502 mensis,
1583 1428 1750 1491 dummodo
1767 1444 1829 1490 non

1089 1531 1229 1586 occurrat
1244 1522 1379 1585 officium
1395 1523 1509 1602 duplex
1524 1523 1641 1602 primae
1658 1522 1706 1584 vel
1721 1537 1832 1584 secun·

1089 1619 1144 1682 dae
1165 1618 1278 1694 classis,
1300 1625 1368 1695 post
1390 1619 1515 1680 missam
1532 1616 1771 1680 conventualem
1793 1618 1830 1679 de

1089 1712 1149 1786 die,
1177 1719 1245 1790 post
1276 1727 1391 1773 nonam
1418 1727 1479 1772 una
1512 1711 1602 1774 missa
1628 1711 1730 1773 votiva
1759 1725 1830 1772 cum

1089 1814 1180 1869 cantu
1202 1807 1239 1868 de
1261 1806 1369 1867 eoviem
1390 1802 1501 1867 Sancto
1526 1805 1653 1884 iosepbo
1674 1819 1744 1865 cunr
1768 1804 1832 1879 glo-

1088 1899 1131 1960 ria
1155 1907 1287 1972 tantum,
1317 1899 1445 1961 servatis
1467 1899 1499 1960 in
1525 1898 1653 1976 reliquis
1685 1898 1827 1970 rubricis,

1089 1991 1233 2054 celebrari
1256 1992 1364 2071 possit,
1378 1992 1558 2054 auctoritate
1573 1997 1604 2054 et
1620 1999 1728 2054 tenore
1745 2007 1832 2070 prae·

1087 2086 1176 2148 dictis
1198 2085 1406 2163 indulgemus.

1127 2180 1146 2254 ἓ
1167 2181 1196 2240 3.
1220 2177 1288 2240 Non
1304 2179 1496 2242 obstantibus
1509 2179 1784 2242 constitutionibus
1800 2189 1830 2242 et
1849 2191 2061 2292 il'a‘lrrssffi‘fmn'

1088 2275 1331 2340 ordinationibus
1349 2274 1531 2353 apostolicis,
1548 2292 1581 2336 ac
1593 2273 1713 2336 rubrica
1728 2289 1827 2334 xxvn.

1089 2369 1161 2428 novi
1183 2367 1327 2430 breviarii
1348 2368 1475 2432 Romani
1499 2366 1666 2446 Serapbici,
1688 2383 1827 2429 necnon

1087 2460 1185 2522 dictae
1214 2462 1391 2540 provinciae
1421 2470 1451 2522 et
1478 2461 1594 2522 ordinis
1626 2460 1719 2522 etiam
1748 2461 1828 2522 iura·

1087 2562 1205 2627 mento,
1231 2554 1465 2616 carrlirmatione
1486 2553 1657 2632 apostolica,
1685 2555 1830 2633 331333-

1087 2646 1132 2706 vis
1145 2646 1300 2708 tirmitate
1320 2645 1376 2708 alia
1396 2647 1544 2710 roboratis
1564 2647 1687 2707 statutis
1707 2653 1739 2706 et
1759 2663 1832 2708 con·

1086 2739 1323 2816 suetudiuibus;
1347 2739 1516 2820 privilegiis
1538 2757 1673 2820 quoque,
1698 2739 1828 2802 indultis

1083 2840 1117 2906 et
1131 2829 1228 2893 literis
1240 2833 1411 2910 apostolicis
1423 2834 1635 2911 superioribus
1645 2842 1677 2894 et
1690 2835 1828 2912 personis

1085 2925 1143 2986 sub
1161 2925 1408 3004 quibuscumque
1430 2926 1588 2989 tenoribus
1610 2934 1641 2988 et
1655 2925 1773 3002 icrmis,
1796 2945 1830 2990 ac

1086 3034 1157 3080 cum
1167 3019 1328 3097 quibusvis
1353 3021 1445 3082 etiam
1459 3020 1723 3098 derogatoriarum
1742 3021 1829 3084 dero-

1086 3112 1221 3188 gatoriis,
1233 3113 1360 3192 aliisque
1371 3113 1602 3189 ellicacioribus,
1616 3113 1829 3178 efficacissimis

1085 3221 1118 3266 ac
1131 3206 1261 3268 insolitis
1276 3206 1430 3282 clausulis,
1444 3207 1700 3287 irritantibusque
1715 3216 1745 3270 et
1760 3207 1828 3270 altis

1085 3298 1216 3361 decretis
1240 3301 1274 3362 in
1294 3317 1409 3379 genere
1430 3301 1480 3365 vel
1501 3303 1533 3364 in
1558 3303 1670 3382 specie,
1695 3319 1729 3365 ac
1757 3303 1829 3366 alias

1085 3393 1117 3455 in
1137 3395 1327 3458 contrarium
1342 3396 1581 3473 praemissorum
1597 3397 1827 3476 quomodolibet

1084 3489 1245 3564 concessis,
1271 3489 1443 3569 approbatis
1468 3499 1499 3552 et
1521 3492 1685 3556 innovatis.
1714 3494 1828 3570 Quibus

1084 3582 1228 3646 omnibus
1250 3591 1279 3644 et
1304 3583 1435 3659 singulis
1457 3585 1581 3647 illorum
1605 3594 1727 3650 tenores
1743 3603 1828 3666 prae·

1084 3676 1222 3738 sentibus
1239 3691 1294 3754 pro
1312 3676 1403 3755 pleno
1418 3685 1448 3738 et
1462 3678 1650 3741 sufficienter
1663 3683 1825 3759 expressis,

1084 3787 1116 3832 aa
1127 3770 1165 3831 de
1180 3771 1273 3832 verbo
1288 3772 1324 3833 ad
1340 3771 1470 3834 verbum
1485 3772 1609 3834 insertis
1625 3774 1781 3850 babentes,
1793 3776 1828 3837 ii-

1084 3863 1120 3925 iis
1134 3864 1205 3925 alias
1217 3863 1250 3926 in
1261 3880 1317 3926 suo
1332 3865 1442 3926 robore
1457 3867 1679 3944 permansuris,
1692 3869 1727 3931 ad
1742 3885 1829 3947 prae·

1084 3959 1249 4020 missorum
1263 3959 1418 4034 ellectum,
1433 3959 1486 4021 bac
1497 3959 1564 4022 vice
1578 3958 1749 4037 dumtaxat,
1762 3979 1828 4042 spe-

1082 4052 1201 4115 cialiter
1221 4061 1252 4114 et
1272 4069 1415 4130 expresse
1440 4054 1633 4130 derogamus,
1657 4057 1829 4138 ceterisque

1081 4146 1244 4208 contrariis
1264 4146 1520 4225 quibuscumque.

1123 4239 1233 4301 ilatum
1253 4238 1367 4300 Romae
1389 4241 1468 4318 apud
1490 4239 1520 4302 S.
1539 4241 1665 4304 biaciam
1680 4243 1828 4306 Maiorem

1082 4334 1140 4396 sub
1160 4332 1275 4396 annulo
1294 4333 1451 4411 piscatoris
1466 4333 1513 4395 die
1529 4351 1570 4396 xv.
1587 4342 1665 4414 sept.
1684 4353 1827 4415 maceca,

1084 4429 1279 4508 pontificatus
1300 4427 1399 4492 nostri
1418 4444 1500 4490 anno
1523 4445 1557 4492 u.

1336 4573 1574 4586 -n———b-——u

1430 4671 1477 4736 lv.

1084 4812 1229 4876 instante
1244 4820 1380 4892 atroque
1391 4813 1473 4876 clero
1484 4813 1592 4894 oppidi
1603 4813 1639 4875 dc
1653 4813 1774 4877 Sancta
1787 4815 1828 4877 Fe'

1126 4907 1338 4970 Granatensis
1360 4908 1519 4982 dioecesis,
1542 4910 1687 4981 concodat,
1711 4919 1747 4973 nt
1764 4929 1827 4972 sec·

1124 5001 1195 5063 anci
1215 5001 1317 5078 possit
1338 5002 1532 5064 consuetodo
1554 5003 1714 5064 recitandi
1738 5011 1827 5081 picot-

1125 5095 1221 5157 onnis
1252 5096 1387 5176 officiant
1420 5096 1451 5158 S.
1486 5095 1710 5173 Cbristoplaoci
1740 5114 1829 5159 anar-

1125 5191 1221 5268 tpris,
1244 5198 1274 5252 et
1296 5188 1386 5252 alind
1419 5191 1449 5252 S.
1474 5191 1653 5268 Anpurttot
1680 5190 1828 5268 Episcopi

1125 5301 1197 5345 cnm
1219 5289 1344 5354 octava,
1358 5285 1495 5360 itemque
1510 5282 1720 5347 dedicationis
1735 5284 1827 5345 ecclc-

1123 5380 1191 5440 siae
1212 5377 1410 5456 callepiutae.

1331 5545 1418 5615 Ple
1441 5545 1500 5613 ΡΡ.
1526 5546 1582 5615 illl.

1203 5671 1707 5757 awwmmmmm

1123 5849 1142 5922 ἓ
1165 5848 1191 5908 1.
1217 5849 1308 5923 Cum,
1324 5849 1403 5910 sicut
1418 5845 1518 5910 dilecti
1535 5848 1590 5910 lilii
1611 5848 1782 5925 capitulum
1796 5855 1828 5910 et
1847 5860 2058 5960 εἰ(3133533333333-

1082 5941 1223 6006 canonici
1244 5941 1388 6004 ecclesiae
1404 5941 1593 6018 collegiatae,
1610 5958 1745 6004 necnon
1767 5942 1826 6004 cle·

1696 6093 1722 6136 58

1753 527 1811 592 457
1862 521 1916 577 An.
1931 525 1960 576 d.
1982 522 2049 578 1801
