4776 6974
112 513 151 565 t
166 505 217 558 1⁷8⁸
901 527 972 574 rins
994 528 1043 574 rr.
1068 521 1111 574 rt.
1704 499 1763 566 329
1812 493 1867 548 ΑΒ·
1881 495 1912 550 ⁰·
1934 493 2003 548 ¹⁷⁸⁸

238 642 315 722 perio
334 643 500 708 commissa
527 651 593 709 est:
618 645 698 726 quod
721 659 796 709 vero
817 645 853 708 ad
876 645 980 708 Bessa
1035 639 1782 724 tn,quolratresordinisminorumsanctiFran-

238 735 343 798 rabiam
357 744 487 816 spectat,
503 753 625 802 cumea
641 755 710 818 pars
723 737 891 800 hloldaviae
906 739 978 800 mis·
1034 739 1105 802 cisci
1127 739 1393 818 Cappuccinorum
1415 742 1667 813 nuncupatorum
1686 741 1783 796 utun·

235 828 365 890 sionibus
396 830 546 894 hactenus
576 832 736 895 accessisse
768 830 895 911 liqueat,
925 831 978 894 ubi
1035 839 1099 907 tur,
1123 831 1185 910 ipsa
1206 832 1322 910 pariter
1343 837 1461 893 utatur.

234 920 333 984 ciuiles
356 923 466 985 turbae
487 939 561 1002 quas
583 924 690 986 literae
712 932 781 986 tuae
805 925 979 1002 attigerunt
1074 925 1142 1000 52.
1167 924 1246 989 Cum
1267 933 1384 1000 ahiem,
1401 923 1480 986 sicut
1502 923 1609 986 eadem
1632 918 1782 998 expositio
1801 926 1902 1027 uili?
1917 937 2016 974 conus

233 1015 260 1075 id
278 1015 395 1090 sinant,
416 1032 490 1078 cnm
511 1018 622 1079 eodem
643 1015 796 1096 praelecto
818 1015 856 1078 de
882 1017 916 1078 ea
944 1031 978 1078 re
1033 1016 1255 1095 subiungebat,
1287 1023 1479 1095 exponentes
1512 1014 1604 1092 probe
1637 1019 1781 1088 noscant,
1884 1015 1888 1026 '

233 1107 390 1184 negotium
419 1109 594 1173 habebitur.
618 1110 696 1172 llaec
718 1112 756 1172 de
780 1109 978 1172 missionibus
1033 1118 1161 1173 cantum
1182 1110 1360 1173 huiusmodi
1381 1109 1417 1172 ad
1439 1123 1583 1187 praesens
1610 1109 1783 1168 irreveren-

233 1201 267 1264 de
291 1200 406 1280 quibus
434 1202 597 1265 nobiscnm
623 1202 714 1280 egisti
738 1202 878 1265 charitati
908 1209 978 1264 tuae
1034 1203 1107 1266 tiam
1123 1203 1236 1283 potius,
1253 1219 1344 1282 quam
1366 1203 1565 1266 devotionem
1588 1201 1734 1274 excitare,
1750 1215 1783 1260 ac

232 1295 428 1372 significanda
450 1295 608 1358 duximus.
624 1295 721 1359 Pauca
736 1294 828 1358 modo
842 1295 977 1356 addenda
1033 1305 1195 1376 propterea
1218 1297 1345 1374 reliquis
1372 1297 1497 1358 illarum
1524 1294 1661 1372 partium
1686 1290 1783 1354 eccle-

231 1396 395 1466 snpersnnt
415 1388 454 1452 de
474 1389 621 1467 religioso
637 1391 705 1452 viro
719 1387 842 1452 hndrea
863 1387 977 1450 Dudas-
1032 1389 1171 1466 masticis,
1203 1397 1265 1452 tam
1291 1389 1512 1463 saecularibus,
1542 1401 1635 1465 quam
1661 1384 1783 1462 regula-

230 1483 282 1558 sio,
297 1483 352 1560 qui
375 1482 480 1546 literas
500 1483 704 1547 fraternitatis
720 1481 839 1546 tuaead
856 1497 912 1544 uos
926 1479 977 1542 de·
1033 1482 1131 1556 ribus,
1158 1483 1212 1560 qni
1239 1490 1331 1546 cantu
1359 1481 1550 1560 Gregoriano
1581 1485 1726 1554 utuntur,
1749 1493 1783 1539 se

231 1575 316 1639 tulit:
341 1578 584 1656 propensionem
606 1577 670 1654 ipse
698 1576 786 1639 nobis
813 1574 977 1653 explicavit
1033 1573 1219 1636 conformari
1241 1590 1328 1655 posse
1350 1589 1548 1653 summopere
1568 1572 1705 1650 cupiant,
1728 1585 1784 1632 no·

229 1687 312 1732 stram
334 1670 541 1748 permanendi
565 1671 597 1732 in
619 1671 712 1745 Urbe,
735 1670 787 1732 sed
809 1670 920 1732 domus
940 1669 975 1728 ad
1033 1667 1079 1728 bis
1093 1676 1255 1748 propterea
1270 1669 1433 1732 humiliter
1447 1666 1612 1746 supplicari
1627 1666 1780 1738 lecerunt,

229 1764 358 1843 simplex
384 1765 556 1844 hospitium
582 1766 715 1836 redacta,
742 1763 773 1826 in
803 1779 862 1842 qua
891 1762 976 1824 iussu
1033 1769 1068 1824 ut
1088 1761 1145 1822 sibi
1167 1763 1199 1825 in
1221 1763 1397 1840 praemissis
1416 1768 1590 1840 opportune
1604 1757 1780 1837 providere,

229 1865 331 1918 nostro
345 1857 382 1919 ad
398 1864 523 1936 tempus
534 1864 674 1936 receptus
688 1856 758 1930 luit,
774 1857 848 1918 adeo
863 1855 978 1932 exiguo
1033 1862 1063 1914 et
1085 1863 1120 1917 ut
1141 1854 1221 1918 inlra
1242 1854 1407 1932 indulgere
1432 1856 1470 1917 de
1497 1843 1690 1930 benignitate
1711 1866 1782 1928 apo·

228 1960 271 2013 est
290 1951 430 2029 praedita
450 1966 558 2025 censu,
574 1952 725 2028 grauique
739 1964 808 2010 aere
824 1947 978 2027 premitur
1031 1947 1136 2008 stolica
1157 1948 1370 2026 dignaremur.

227 2045 337 2118 alieno,
355 2053 391 2106 ut
405 2046 585 2120 creditores,
602 2061 737 2124 quorum
753 2045 884 2123 pecunia
898 2043 978 2105 aedi·
1072 2042 1091 2116 5
1112 2039 1142 2100 3.
1166 2040 1227 2102 Nos
1256 2041 1353 2118 igitur
1377 2041 1474 2106 dictos
1499 2047 1692 2120 exponentes
1712 2055 1780 2117 spe·
1798 2047 2012 2146 81ξῧιιιεοιιοιιιοε-

227 2140 328 2201 licium
345 2155 408 2217 qua
423 2139 482 2200 late
497 2147 581 2218 patet
595 2145 809 2202 constructum
825 2136 895 2212 luit,
911 2136 977 2198 eius
1032 2134 1160 2199 cialibus
1188 2137 1293 2213 gratiis
1314 2145 1345 2199 et
1366 2135 1523 2198 favoribus
1555 2135 1698 2213 prosequi
1727 2149 1780 2194 uo·
1883 2132 1888 2144 '

227 2241 358 2310 urgeant
380 2232 605 2310 licitationem
628 2240 816 2312 quapropter
836 2249 907 2296 cum
923 2233 976 2296 diu
1032 2229 1132 2292 lentes
1153 2239 1184 2291 et
1205 2245 1316 2292 eorum
1329 2229 1502 2306 singulares
1524 2243 1669 2307 personas
1683 2244 1698 2288 a
1714 2227 1781 2306 qui-

226 2327 378 2403 hospitem
392 2326 547 2389 sustinere
569 2341 634 2388 non
656 2325 767 2401 valeat,
791 2341 916 2388 necesse
930 2334 977 2388 est
1033 2321 1139 2385 busuis
1159 2323 1502 2398 excommunicationis,
1524 2323 1736 2401 suspensionis
1750 2329 1781 2385 et

227 2428 259 2482 ut
272 2420 339 2498 ipse
361 2419 399 2482 ab
419 2421 453 2482 ea
473 2419 596 2482 recedat
616 2425 708 2496 atque
728 2418 843 2497 patrios
858 2425 977 2495 repetat
1031 2416 1202 2493 interdicti,
1229 2415 1360 2495 aliisque
1388 2415 1598 2478 ecclesiasticis
1629 2417 1780 2491 censuris,

225 2514 312 2588 lares,
331 2513 444 2575 tradita
465 2510 565 2573 eidem
579 2528 596 2572 a
611 2511 701 2573 nobis
721 2511 851 2590 pecnnia
865 2513 900 2574 ad
918 2513 977 2575 iter
1031 2511 1196 2573 sententiis
1216 2517 1248 2573 et
1273 2511 1392 2589 poenis,
1413 2509 1522 2588 quovis
1544 2511 1636 2572 modo
1657 2516 1687 2571 et
1709 2527 1781 2589 qua·

226 2607 404 2668 babendum
432 2603 554 2679 idonea,
581 2621 640 2684 qua
667 2605 797 2666 asseruit
821 2605 973 2682 indigere.
1031 2621 1166 2683 cumque
1187 2605 1225 2667 de
1238 2621 1326 2668 causa
1342 2605 1421 2680 latis,
1442 2605 1468 2668 si
1490 2620 1564 2682 quas
1581 2603 1660 2666 lorte
1677 2605 1780 2666 iucur-

226 2700 386 2773 Geterum,
410 2713 530 2760 norum
550 2697 641 2776 plane
665 2704 758 2776 atque
779 2698 975 2776 inopinatum
1032 2699 1142 2774 rerint,
1158 2699 1251 2762 buius
1273 2706 1394 2762 tantum
1415 2699 1461 2760 rei
1476 2699 1572 2776 gratia
1587 2698 1780 2760 absolventes

225 2791 331 2856 accidit
354 2791 534 2868 consilium,
557 2790 639 2870 quod
671 2791 735 2869 ipse
766 2791 871 2868 inivit,
893 2809 977 2855 acce·
1031 2800 1061 2855 et
1077 2792 1231 2856 absolutos
1245 2792 1312 2856 iure
1325 2803 1498 2868 censentes,
1518 2790 1694 2854 huiusmodi
1709 2808 1780 2870 sup·

225 2885 313 2948 dendi
330 2885 367 2947 ad
383 2883 512 2958 Urbem,
529 2883 580 2946 ubi
598 2900 716 2946 moram
734 2884 856 2946 trabere
870 2884 975 2946 animo
1032 2885 1247 2964 plicationibus
1279 2887 1440 2963 inclinati,
1478 2887 1629 2949 moderno
1660 2903 1694 2948 ac
1724 2902 1780 2964 pro

223 2985 383 3054 statuerat,
400 2976 487 3040 nulla
501 2977 676 3054 praehabiti
697 2978 876 3055 cognitione
891 2977 975 3040 locus
1033 2989 1172 3058 tempore
1197 2981 1352 3044 existente
1379 2980 1562 3058 praeposito,
1584 2979 1716 3058 aliisque
1737 2981 1782 3042 dr·

224 3087 262 3132 ne
282 3072 404 3133 adesset
427 3070 480 3132 ubi
501 3071 612 3149 pedem
634 3077 719 3133 certo
747 3071 844 3147 figere
864 3069 977 3133 vitam·
1031 3081 1096 3136 ctae
1116 3073 1366 3152 congregationis
1388 3073 1594 3152 presbyteris,
1620 3081 1653 3136 ut
1674 3073 1706 3134 in
1727 3089 1779 3151 po·

223 3180 281 3242 que
292 3163 410 3226 ducere
421 3165 527 3242 possit.
537 3163 736 3226 Fraternitati
751 3165 878 3227 demum
890 3170 974 3239 tuae,
1030 3174 1162 3242 storum,
1187 3176 1250 3230 tam
1278 3167 1310 3228 in
1336 3167 1437 3229 missis
1463 3173 1494 3228 et
1522 3165 1638 3228 divinis
1659 3165 1777 3241 officiis,

223 3272 314 3336 quam
329 3255 370 3318 ob
385 3256 536 3320 eximium
551 3257 605 3319 [ici
627 3256 729 3320 zelum
745 3265 775 3319 et
791 3259 823 3320 in
837 3267 975 3320 sanctam
1030 3275 1122 3338 quam
1133 3259 1167 3322 in
1178 3259 1245 3322 aliis
1259 3259 1471 3322 ecclesiasticis
1485 3258 1698 3322 functionibus
1712 3275 1780 3336 per·

225 3349 394 3412 Ecclesiam
405 3364 545 3411 amorem
556 3348 717 3426 praecipui
733 3349 881 3413 charitate
891 3365 976 3412 com·
1029 3352 1195 3428 solvendis,
1211 3359 1304 3416 cantu
1318 3351 1509 3430 Gregoriano
1525 3351 1571 3414 uti
1585 3351 1682 3414 libere
1697 3359 1729 3413 et
1744 3350 1780 3411 li·

224 3443 401 3522 plectimur,
430 3442 628 3522 apostolicam
654 3441 905 3506 benedictionem
927 3445 973 3506 in·
1029 3443 1089 3508 cite
1110 3447 1227 3526 possint
1248 3463 1283 3509 ac
1303 3446 1437 3521 valeant,
1459 3443 1642 3506 auctoritate
1660 3451 1780 3523 aposto-

224 3537 299 3598 timo
319 3535 420 3598 cordis
441 3535 552 3598 affectu
573 3536 784 3614 impertimur.
1016 3538 1085 3622 lica
1108 3547 1216 3602 tenore
1237 3538 1450 3617 praesentium
1472 3537 1671 3600 concedimus
1686 3545 1717 3598 et
1733 3536 1780 3598 in·

261 3628 374 3691 Datum
391 3627 517 3701 ilomae,
533 3627 612 3706 apud
628 3627 659 3690 S.
674 3630 802 3691 Petrum
817 3645 858 3690 rr.
876 3646 973 3694 nonas
1028 3634 1204 3713 dulgemus.

224 3721 375 3784 ianuarias
397 3735 644 3784 nnccuxxxvur.
661 3723 856 3798 pontificatus
874 3727 972 3787 nostri
1068 3728 1129 3804 §h
1147 3727 1216 3790 Non
1239 3727 1432 3790 obstantibus
1446 3725 1632 3806 praemissis,
1648 3725 1778 3803 aliisque
1795 3730 2008 3831 affir‘r‘fflm'

224 3831 305 3878 anno
326 3829 399 3878 xrrr.
1027 3822 1314 3896 constitutionibus,
1337 3828 1369 3883 et
1391 3819 1636 3882 ordinationibus
1658 3828 1777 3898 aposto·
1936 3818 1941 3830 '

479 3976 719 3988 m
1027 3911 1104 3990 licis,
1121 3913 1312 3991 caeterisque
1333 3912 1496 3975 contrariis
1513 3912 1774 3992 quibuscumque.

1068 4009 1180 4070 Datum
1201 4007 1330 4080 Romae,
1346 4006 1425 4084 apud
1449 4005 1479 4070 S.
1505 4006 1630 4067 Petrum
1651 4006 1709 4067 sub
1724 4022 1777 4069 an-

529 4099 663 4162 Llllllll.
1027 4100 1102 4163 nulo
1115 4099 1285 4175 Piscatoris,
1298 4099 1348 4161 die
1362 4114 1429 4161 xix.
1441 4099 1500 4159 leb.
1514 4114 1776 4175 uncccxxxvur.,

1027 4194 1222 4274 pontificatus
1244 4191 1342 4255 nostri
1364 4206 1446 4254 anno
1468 4205 1533 4253 xiv.

224 4284 371 4365 hidulpet
393 4285 587 4365 presbyterio
615 4289 816 4354 secularibus
842 4308 972 4372 cougre-

261 4378 403 4457 gatiouia
426 4381 566 4444 oratorii
582 4385 689 4444 suncti
712 4383 857 4462 Philippi
878 4385 970 4448 Nerii
1278 4391 1530 4406 “”“““““““““

262 4471 410 4534 ciuitatis
433 4475 560 4538 Goouoe
583 4476 617 4538 iu
632 4476 747 4548 indiis,
764 4484 802 4540 ut
817 4479 853 4540 iu
869 4486 971 4558 poste-

262 4583 334 4629 rum
356 4567 422 4628 ioco
442 4573 569 4643 cautus,
587 4585 677 4648 quem
692 4577 808 4633 cocunt
822 4573 879 4634 alla
896 4573 971 4650 Cap-
1329 4569 1466 4636 bxxlt'.

261 4662 400 4740 puccina,
417 4667 518 4724 cautu
535 4662 731 4743 Gregoriuuo
754 4663 807 4726 uti
828 4664 967 4728 oolecut.

1026 4759 1166 4824 Distulit
1196 4760 1259 4821 oim
1288 4776 1325 4822 oc
1351 4758 1588 4824 observantium
1616 4764 1775 4826 coustitu-

472 4831 559 4900 Pws
582 4833 642 4900 ΡΡ·
671 4832 716 4901 Ἢ·
1067 4855 1192 4916 tionum
1207 4855 1354 4934 [rutrum
1370 4854 1495 4916 ordinis
1508 4857 1543 4919 Β.
1560 4856 1602 4922 tt.
1617 4857 1654 4919 tie
1666 4855 1774 4922 Moute

360 4953 398 5022 ad
420 4955 551 5023 futuram
579 4955 622 5024 pei
645 4958 827 5026 memoriam,
1067 4947 1211 5011 Carmelo
1227 4946 1498 5010 dccotcectorum
1514 4953 1773 5032 congregationis

1065 5044 1228 5122 Hispanae
1248 5043 1433 5121 prouinciae
1461 5043 1569 5108 soucti
1590 5045 1715 5110 Alberti
1738 5049 1774 5110 iu

47 5125 207 5223 gillier*
278 5131 350 5206 Sl.
373 5130 495 5208 Exponi
517 5131 605 5192 nobis
633 5147 734 5211 nuper
761 5131 904 5197 lecerunt
925 5133 969 5196 di·
1064 5137 1167 5201 ludiis
1190 5137 1294 5216 quood
1310 5136 1478 5198 electiones
1499 5138 1704 5216 superiorum
1728 5139 1775 5202 di-

223 5221 290 5285 lecti
312 5223 369 5286 tilii
392 5223 581 5300 praepositus
602 5223 717 5303 aliique
737 5227 908 5304 presbyteri
923 5244 970 5288 se·
1064 5238 1134 5294 etue
1156 5230 1350 5310 prouinciae.

220 5320 337 5382 culares
358 5317 608 5398 congregationis
628 5318 753 5379 oratorii
774 5321 871 5382 sancti
900 5320 970 5381 Phi·

220 5410 290 5491 lippi
314 5413 400 5478 Nerii
422 5415 553 5477 ciuitatis
573 5415 695 5480 Goanae
709 5417 742 5478 in
758 5416 850 5478 indiis
865 5419 969 5482 orien·
1275 5399 1363 5469 Plus
1386 5399 1447 5467 ΡΡ·
1473 5400 1519 5468 Ἢ·

221 5507 342 5582 talibus,
364 5511 446 5586 qnod
468 5525 523 5585 per
543 5510 781 5572 constitutiones
802 5528 876 5573 suae
895 5529 967 5576 con·
1163 5524 1201 5593 gd
1221 5524 1353 5593 futuram
1375 5521 1419 5591 pet
1448 5524 1628 5593 memoriam,

220 5601 408 5678 gregationis
434 5603 604 5680 praedictae
631 5603 668 5664 ab
695 5604 867 5680 Apostolica
889 5603 968 5670 Sede

218 5695 395 5772 approbatas
426 5703 553 5756 cautum
584 5696 759 5774 reperitur,
792 5706 827 5760 ut
858 5702 965 5762 eadem
1063 5703 1133 5778 §b
1157 5702 1252 5766 Sedes
1278 5701 1441 5778 apostolica
1469 5701 1566 5762 veluti
1591 5704 1638 5779 pia
1660 5710 1770 5779 crater,
1817 5709 1988 5759 Prooemium.

218 5787 415 5864 congregatio
437 5787 469 5848 in
489 5787 590 5848 missis
605 5797 635 5849 et
650 5791 908 5854 conventualibus
923 5792 968 5854 ol·
1022 5812 1101 5874 quae
1128 5795 1267 5858 liliorum
1299 5795 1380 5858 uteri
1411 5795 1458 5857 sui
1490 5795 1630 5857 oblivisci
1660 5797 1769 5872 nescit,

219 5878 292 5941 ficiis
303 5879 433 5958 aliisque
443 5879 655 5944 ecclesiasticis
669 5881 883 5946 functionibus
896 5901 966 5949 can·
1022 5887 1143 5966 quoties
1165 5887 1361 5951 validissimis
1375 5889 1413 5950 de
1427 5887 1524 5950 causis
1539 5888 1653 5966 aliquid
1670 5889 1708 5951 de
1722 5905 1770 5950 re·

321 6025 373 6072 lur.
392 6025 461 6072 Perit.
477 6023 508 6074 de
524 6026 597 6085 l’rop.
612 6025 675 6074 Fide
689 6028 771 6076 Partis
785 6031 803 6077 t.
820 6029 872 6076 Vol,
888 6033 926 6076 lv.
1635 6039 1662 6083 ti
