4750 6980
29 605 30 608 ’
60 613 130 668 mo.
149 606 211 659 tros
261 583 269 602 “

29 2247 107 2306 Assig
108 2243 219 2290 ndlioier·

29 2325 31 2398 Ῑ
29 2255 136 2400 afflat
136 2307 219 2344 unot'a

239 734 413 810 ritualibus,
440 751 533 815 quam
557 733 777 814 temporalibus
806 742 836 796 et
862 733 981 809 mixtis,

238 829 367 908 aliisque
388 831 559 908 respective
580 829 699 892 iuribus
713 828 828 891 eisdem
851 827 983 904 capitulo

239 929 270 984 et
296 922 450 984 canonicis
477 922 606 1003 aliisque
634 921 783 985 membris
811 921 982 998 praedictae

239 1015 420 1078 cathedralis
438 1016 583 1079 ecclesiae
606 1015 827 1089 Varsaviensh,
844 1029 898 1092 per
913 1028 979 1090 nos,

240 1117 274 1172 ut
295 1108 480 1186 praefertur,
507 1118 636 1185 erectae,
659 1109 847 1186 subrogatis,
878 1107 983 1170 huius·

239 1201 321 1265 modi
343 1200 507 1280 apostolica
522 1203 572 1264 vel
593 1203 650 1265 alia
672 1203 780 1281 quavis
802 1201 982 1263 auctoritate

239 1297 388 1358 hactenus
409 1295 640 1374 quomodolibet
661 1295 822 1370 concessio,
839 1310 872 1356 ac
887 1294 980 1356 etiarn

239 1390 275 1451 de
297 1389 377 1464 inre,
393 1389 629 1465 consuetudine,
650 1397 702 1451 aut
723 1389 795 1450 alias
815 1385 982 1466 quomodo·

240 1481 312 1544 libet
333 1481 591 1559 competentibus,
615 1481 784 1545 dnmmodo
807 1490 911 1544 tamen
931 1479 981 1541 illa

238 1575 298 1637 sint
320 1574 353 1636 in
376 1591 434 1638 usu
456 1583 486 1637 et
507 1583 648 1638 revocata
671 1591 734 1638 non
755 1575 870 1638 sintae
891 1573 982 1636 sacris

239 1668 407 1731 canonibus
441 1675 473 1730 ct
506 1669 779 1731 constitutionibus
810 1668 982 1746 apostolicis

240 1779 301 1825 non
322 1771 512 1841 repugnent,
526 1762 557 1824 in
579 1762 723 1826 omnibns
745 1770 776 1826 et
797 1779 850 1840 per
866 1763 979 1836 omnia,

238 1857 365 1933 perinde
377 1874 410 1919 ao
420 1857 445 1918 si
457 1863 553 1918 status
569 1856 789 1933 collegialitatis
804 1856 981 1918 huiusmodi

239 1951 369 2013 minime
391 1952 573 2013 immutatus
592 1949 681 2025 toret,
698 1951 803 2013 eadem
820 1949 981 2028 apostolica

239 2045 422 2108 auctoritate
453 2053 604 2121 perpetuo
632 2059 756 2122 quoque
787 2044 982 2106 decernimus

238 2146 269 2200 et
290 2138 481 2201 ordinamus.
744 2130 746 2132 ’

277 2231 365 2309 5.ss
389 2231 430 2294 Ut
455 2237 560 2294 autem
586 2232 731 2295 dioecesis
760 2229 980 2306 Varsariensis,

236 2324 382 2402 illiusque
393 2325 537 2387 ecclesiae
551 2324 727 2402 episcopalis
739 2324 909 2402 respective
923 2332 982 2386 ter-

237 2419 380 2480 ritorium
403 2418 549 2482 constitui
571 2419 677 2497 possit,
693 2416 855 2479 adioeoesi
871 2417 981 2481 Posna-

238 2512 337 2574 niensi
359 2512 535 2591 oppidum
528 2527 630 2589 ipsum
646 2510 849 2573 Varsaviense
864 2511 981 2614 praedi·

236 2613 335 2682 ctum,
356 2621 548 2685 omnemque
576 2613 696 2682 partem
723 2620 777 2666 seu
808 2604 979 2680 regionem,

236 2715 315 2778 quae
334 2699 392 2762 sub
413 2699 658 2762 archidiaconatu
681 2697 873 2760 Varsaviensi
896 2713 980 2777 prae·

236 2793 317 2856 dicto
344 2793 631 2871 comprehenditur,
654 2799 685 2852 et
710 2806 878 2869 aquarum
907 2798 980 2852 tuno

237 2888 268 2948 in
299 2887 445 2949 humanis
475 2892 586 2962 agente
613 2883 741 2947 Michele
773 2883 979 2946 Poniatowslri

237 2981 311 3044 dum
332 2980 454 3042 viveret
469 2977 703 3056 Archiepiscopo
725 2977 917 3055 Gnesnense,
934 2977 980 3040 uti

236 3073 268 3136 in
283 3072 551 3136 administratore¹
545 3089 576 3134 ιιι
592 3070 805 3151 spiritualibus
816 3079 847 3132 et
862 3079 979 3150 tempo-

235 3166 349 3230 ralibus
370 3166 532 3245 apostolico
553 3166 733 3229 auctoritate
755 3167 909 3244 praedicta
927 3167 980 3226 de·

234 3267 340 3338 putato
354 3259 530 3336 regebatur,
542 3267 573 3321 et
587 3261 779 3339 adpraesens
793 3258 852 3321 sub
864 3267 980 3338 tempo·

235 3354 291 3416 rali
301 3370 337 3432 pt
338 3353 430 3416 aelati
440 3352 588 3417 Friderici
598 3353 756 3415 Guillelmi
770 3355 852 3430 regis
863 3354 980 3416 ditione

235 3446 349 3522 existit,
373 3445 516 3508 finitimis
537 3447 679 3508 terminis
705 3447 844 3524 apprime
866 3448 978 3510 descri-

235 3547 316 3620 ptam
340 3539 425 3602 iuxta
447 3546 610 3602 tractatum
632 3539 792 3602 divisionis
810 3547 840 3602 et
861 3557 978 3618 separa-

235 3633 325 3696 tionis
354 3633 531 3694 huiusmodi
559 3633 702 3710 superius
728 3649 925 3712 expressum,
948 3641 978 3696 et

233 3727 441 3789 successivum
466 3727 627 3790 decretum
656 3727 827 3804 praedictae
849 3743 977 3804 congre·

234 3819 376 3897 gationis,
398 3820 527 3881 servatis
549 3820 586 3881 de
608 3821 677 3884 iure
699 3820 868 3895 servandis,
890 3820 927 3884 ab
941 3836 977 3884 eo

235 3922 308 3976 tunc
328 3913 494 3988 sancitum,
517 3921 548 3974 et
569 3929 624 3992 per
645 3930 700 3977 nos
722 3913 827 3990 etiam,
842 3921 878 3978 ut
892 3931 977 3993 prae·

233 4006 344 4082 lertur,
366 4007 444 4068 dicta
471 4007 632 4084 apostolica
660 4007 842 4069 auctoritate
869 4022 976 4086 appro-

234 4099 351 4178 batum,
367 4115 439 4162 cum
460 4100 607 4162 omnihus
622 4113 653 4162 et
666 4101 798 4178 singulis
811 4101 897 4178 locis,
915 4109 973 4164 ter·

232 4194 285 4270 ris,
307 4193 392 4272 pagis
413 4202 444 4256 et
465 4194 540 4256 vicis
562 4193 594 4256 iu
615 4211 650 4256 ea
672 4195 877 4258 existentibus
897 4195 975 4258 dicta

233 4287 395 4366 apostolica
422 4288 605 4350 auctoritate
625 4289 719 4350 etiarn
745 4297 894 4369 perpetuo
916 4289 974 4351 dis-

233 4381 457 4460 membramus,
479 4381 646 4445 dividimus
667 4390 697 4446 et
721 4399 908 4462 separamus,
931 4385 975 4447 di·

232 4483 377 4554 ctumque
401 4475 606 4539 Vorsavicnse
626 4478 774 4554 oppidum
795 4487 826 4540 et
842 4487 973 4557 partem,

231 4584 282 4629 seu
296 4568 470 4646 regionem,
482 4569 540 4632 suh
549 4570 794 4633 archidiaconatu
805 4573 972 4650 praedicto,

233 4672 267 4725 ut
286 4662 472 4742 praefertur,
487 4664 754 4741 comprehensam,
770 4666 813 4728 sio
828 4665 974 4728 dismem-

231 4756 341 4831 bratas,
363 4756 476 4818 divisas
496 4765 528 4818 et
548 4766 773 4834 separatasuua
795 4774 867 4821 cum
888 4759 972 4836 locis,

233 4849 332 4925 terris,
354 4849 440 4927 pagis
461 4857 492 4910 et
513 4850 589 4912 vicis
611 4851 715 4925 etiam,
731 4857 766 4913 ut
788 4851 972 4931 praefertur,

231 4942 470 5017 dismembratis,
486 4943 592 5004 divisis
607 4951 638 5006 et
652 4945 810 5022 separatis,
833 4947 972 5024 atquem

230 5037 273 5098 eis
284 5037 456 5113 respective
467 5037 622 5100 contentis
636 5037 792 5114 paroeciis,
803 5039 972 5116 beneficiis,

231 5130 447 5207 conventibus,
470 5130 676 5208 monasteriis,
698 5130 773 5194 locis
804 5134 872 5214 piis,
893 5133 974 5195 aliis-

231 5239 289 5302 que
311 5224 505 5300 regularibus
525 5225 679 5300 domibus,
702 5243 759 5290 nec
777 5245 841 5290 non
858 5230 972 5292 utrius·

231 5333 287 5394 que
307 5331 401 5379 sexus
422 5333 580 5396 personas,
601 5319 786 5384 habitatores
806 5328 836 5383 et
858 5323 973 5384 incolas

231 5418 290 5473 tam
311 5411 415 5490 laicos,
437 5429 530 5492 quam
551 5414 678 5477 clericos
706 5414 901 5493 presbyteros
922 5417 972 5478 be·

231 5507 387 5569 nesroiatos
408 5515 439 5570 et
459 5507 617 5586 religiosos
638 5527 850 5590 quoscumque
871 5513 973 5574 cuins-

230 5619 363 5682 cumque
390 5611 498 5683 status,
529 5609 651 5686 gradus,
674 5613 791 5676 ordinis
816 5620 846 5676 et
867 5619 972 5680 condi-

230 5695 319 5760 tionis
345 5699 477 5762 existant
501 5703 539 5764 ab
566 5707 718 5768 ordinaria
747 5709 969 5788 iurisdictione,

229 5797 375 5867 potestate
389 5801 419 5856 et
433 5797 649 5872 superioritate
670 5801 855 5864 venerabilis
869 5803 971 5868 iratris

229 5886 325 5948 nostri
346 5887 501 5966 moderni,
521 5897 553 5953 et
572 5908 628 5968 pro
651 5899 790 5974 tempore
811 5897 971 5962 existentis

230 5981 369 6061 Episcopi
397 5983 622 6062 Posnaniensis,
644 5989 680 6050 ad
701 5991 839 6052 tramites
861 6001 969 6055 tracta-

334 6134 388 6180 tur.
404 6135 474 6181 dont.
489 6132 519 6180 de
536 6134 607 6194 Prop.
623 6135 685 6182 Fide
699 6137 780 6184 Partis
794 6139 814 6186 l.
828 6140 881 6186 vol.
897 6141 936 6187 lv.

906 614 977 661 ntus
997 613 1047 658 PP.
1070 611 1112 656 vt.

1036 739 1086 794 tus
1097 737 1127 792 et
1143 730 1258 794 decreti
1274 728 1510 806 praedictorum,
1526 722 1603 785 dicta
1619 720 1779 801 apostolica

1036 823 1216 888 auctoritate
1239 823 1345 886 itidem
1360 829 1510 900 perpetuo
1528 818 1734 895 disiungimus
1750 821 1781 877 et

1037 920 1215 992 eximimus,
1238 935 1270 980 ac
1292 917 1440 994 oppidum
1468 913 1669 976 Varsaviense
1695 927 1782 990 prae-

1037 1013 1152 1074 dictum
1174 1012 1205 1073 in
1227 1011 1384 1074 civitatem
1410 1008 1615 1088 episcopatem
1635 1022 1691 1083 per
1713 1021 1780 1079 nos,

1037 1114 1072 1170 ut
1092 1105 1275 1185 praefertur,
1299 1111 1443 1179 erectam,
1466 1117 1500 1164 ac
1521 1107 1638 1180 partem
1659 1114 1712 1161 seu
1733 1115 1781 1160 re·

1038 1201 1162 1278 gionem
1186 1197 1240 1272 sic,
1258 1205 1291 1262 ut
1306 1197 1489 1278 praelertnr,
1512 1193 1779 1272 comprehensam,

1038 1307 1181 1354 necnon
1212 1299 1318 1364 terras,
1348 1292 1422 1365 loca,
1445 1304 1538 1366 pagos
1561 1295 1591 1348 et
1621 1286 1703 1350 vicos
1724 1286 1780 1361 sic,

1037 1394 1069 1447 ut
1090 1385 1274 1464 praefertur,
1294 1385 1536 1457 dismembratas,
1552 1382 1662 1444 divisas
1684 1387 1714 1442 et
1735 1397 1780 1442 se·

1036 1485 1164 1556 paratas,
1196 1495 1229 1540 ac
1258 1478 1487 1552 dismembrata,
1517 1476 1612 1539 divisa
1640 1482 1671 1536 et
1698 1489 1780 1551 sepa-

1036 1579 1113 1648 rata,
1137 1589 1193 1635 nec
1214 1589 1277 1636 non
1299 1572 1545 1645 dismembratos,
1561 1569 1674 1632 divisos
1691 1577 1722 1632 et
1736 1585 1781 1630 se·

1036 1673 1167 1744 paratos,
1196 1675 1226 1728 et
1256 1666 1287 1727 in
1320 1666 1374 1740 eis,
1406 1671 1440 1726 nt
1468 1663 1652 1740 praefertur,
1683 1661 1781 1724 consi-

1033 1767 1151 1823 stentes
1172 1769 1203 1823 et
1217 1760 1426 1835 consistentia,
1440 1757 1603 1838 paroecias,
1619 1757 1778 1830 beneficia,

1037 1855 1232 1930 monasteria,
1259 1855 1321 1916 loca
1344 1855 1407 1934 pia,
1431 1859 1615 1926 conventus,
1645 1849 1780 1928 aliasque

1037 1950 1193 2026 regulares
1217 1948 1326 2010 domus
1354 1947 1543 2024 huiusmodi,
1566 1954 1596 2008 et
1617 1946 1780 2022 utriusque

1036 2059 1127 2107 sexus
1139 2043 1323 2105 habitatores
1335 2052 1366 2104 et
1381 2043 1507 2117 incolas,
1520 2050 1582 2104 ‘tatu
1597 2039 1779 2115 saeculares,

1037 2152 1128 2216 quam
1146 2136 1373 2210 ecclesiasticos,
1391 2144 1421 2199 et
1438 2135 1620 2216 quorumvis
1635 2135 1780 2198 ordinum

1036 2230 1191 2306 regulares
1212 2245 1355 2309 personas
1383 2231 1524 2308 superius
1545 2245 1703 2307 expressas
1726 2243 1779 2290 no-

1037 2341 1092 2387 vae
1103 2325 1247 2388 ecclesiae
1258 2324 1421 2404 episcopali
1434 2322 1629 2387 Varsaviensi
1644 2339 1698 2402 per
1710 2340 1778 2399 nos,

1036 2426 1070 2481 ut
1083 2419 1264 2498 praelertnr,
1276 2425 1406 2492 erectae,
1420 2417 1565 2498 illiusque
1576 2417 1682 2480 lutnro
1693 2433 1779 2496 prae-

1036 2515 1095 2576 suli
1117 2529 1172 2592 pro
1198 2513 1262 2575 sois
1284 2512 1417 2587 civitate,
1441 2512 1609 2587 territorio,
1635 2511 1778 2589 dioecesi,

1035 2608 1117 2670 clero
1139 2615 1171 2668 et
1193 2606 1321 2684 populo;
1347 2607 1386 2667 ita
1408 2605 1490 2684 quod
1517 2605 1607 2668 liceat
1627 2622 1777 2685 personae

1035 2701 1179 2764 ecclesiae
1193 2700 1355 2778 episcopali
1371 2699 1577 2777 Varsoviensi,
1592 2714 1646 2777 per
1661 2717 1728 2778 noS,
1744 2712 1779 2766 ut

1035 2795 1217 2875 praelertur,
1234 2803 1354 2857 erectae
1367 2803 1399 2857 et
1420 2794 1591 2868 institutae,
1609 2803 1670 2856 tam
1686 2797 1778 2874 apri·

1036 2908 1141 2954 maeva
1165 2891 1246 2954 illius
1268 2891 1424 2953 erectione
1446 2897 1475 2952 et
1501 2891 1699 2956 institutione
1720 2894 1778 2955 hu-

1035 2985 1179 3060 iusmodi,
1193 3000 1286 3064 quam
1307 2984 1449 3062 deinceps
1471 3000 1527 3062 pro
1550 2992 1687 3062 tempore
1702 3003 1777 3065 qno

1036 3079 1203 3144 modolibet
1214 3079 1342 3158 pastoris
1353 3077 1459 3141 solatio
1474 3080 1650 3154 destitutae,
1662 3080 1695 3142 in
1706 3081 1778 3159 Epi-

1034 3192 1161 3255 scopum
1184 3176 1262 3238 dicta
1284 3174 1444 3251 apostolica
1466 3175 1649 3238 auctoritate
1669 3177 1778 3253 praesr-

1034 3271 1160 3332 ciendae
1181 3283 1236 3346 per
1259 3284 1303 3343 se,
1326 3267 1376 3328 vel
1404 3267 1513 3344 alium,
1534 3285 1589 3330 seu
1610 3268 1685 3330 alios
1712 3270 1778 3332 eius

1034 3365 1174 3439 nomine,
1198 3378 1315 3436 veram,
1338 3361 1464 3437 realem,
1484 3362 1635 3425 actualem
1659 3371 1690 3426 et
1711 3383 1777 3428 cor-

1034 3459 1171 3539 poralem
1192 3456 1426 3535 possessionem,
1443 3472 1496 3518 seu
1513 3457 1600 3535 quasi
1614 3458 1777 3534 regiminis

1033 3551 1200 3632 spiritualis
1221 3558 1251 3613 et
1266 3549 1437 3612 omnimodi
1459 3550 1536 3613 iuris
1557 3552 1727 3614 dioecesani
1742 3554 1776 3616 in

1033 3649 1113 3710 dicto
1134 3647 1243 3724 oppido
1268 3644 1474 3718 Varsaviensi,
1497 3652 1527 3707 et
1549 3645 1581 3708 in
1602 3653 1699 3723 parte,
1722 3663 1777 3709 seu

1032 3741 1172 3816 regione,
1194 3756 1227 3802 ac
1247 3737 1333 3814 locis,
1356 3739 1458 3814 terris,
1474 3741 1558 3818 pagis
1578 3749 1610 3802 et
1630 3741 1717 3816 vicis,
1733 3745 1776 3806 sic

1032 3851 1087 3912 per
1109 3850 1175 3909 nos,
1198 3838 1233 3896 ut
1261 3832 1446 3911 praeiertur,
1471 3833 1710 3910 dismembratis,
1733 3836 1776 3899 di·

1032 3929 1107 3989 visis
1120 3936 1151 3992 et
1165 3929 1322 4007 separatis,
1344 3930 1466 4007 propria
1487 3929 1776 3992 auctoritatolibere

1032 4024 1262 4100 apprehendere
1277 4031 1308 4084 et
1322 4023 1543 4100 apprehensam
1565 4032 1716 4103 perpetuo
1727 4041 1775 4089 re·

1032 4119 1144 4191 tinere,
1167 4117 1352 4179 venerabilis
1379 4117 1482 4180 fratris
1506 4121 1604 4182 nostri
1633 4122 1774 4184 moderni

1032 4219 1062 4274 et
1094 4227 1149 4290 pro
1181 4217 1321 4288 tempore
1352 4213 1513 4275 existentis
1548 4214 1774 4294 archiepiscopi

1030 4305 1217 4369 Gnesneusis
1238 4305 1289 4366 vel
1308 4305 1428 4368 cniuvis
1443 4306 1569 4370 alterius
1583 4307 1706 4369 licentia
1724 4311 1775 4372 de-

1029 4415 1123 4478 super
1143 4399 1272 4462 minime
1294 4398 1451 4476 requisita,
1468 4400 1630 4478 apostolica
1644 4403 1775 4464 auctori·

1031 4501 1091 4555 tate
1107 4494 1257 4573 praedicta
1271 4491 1413 4554 similiter
1424 4500 1572 4571 perpetuo
1584 4495 1774 4572 assignamus

1030 4594 1060 4648 et
1075 4588 1244 4665 respective
1260 4587 1463 4666 supponimus
1476 4593 1566 4664 atque
1579 4588 1771 4651 subiicimns.

1069 4681 1088 4754 5
1112 4680 1157 4741 lt
1175 4681 1295 4744 Mensae
1310 4699 1385 4744 vero
1400 4683 1576 4762 episcopalis
1592 4667 1772 4747 Varsavien-
1791 4707 1920 4822 εβιιοιιιὲρ
1934 4717 2005 4806 meg-

1821 4771 1834 4805 e
1872 4771 1885 4805 e
1903 4771 2004 4818 ascop-

1029 4772 1069 4833 sis
1085 4790 1139 4851 per
1153 4789 1219 4848 nos,
1234 4781 1266 4837 ut
1281 4775 1465 4854 praeiertur,
1478 4784 1598 4839 erectae
1612 4777 1770 4850 dotationi,
1791 4811 1831 4858 p,

1029 4867 1064 4929 ad
1087 4868 1145 4930 hoc
1166 4875 1199 4932 ut
1227 4870 1328 4947 primo
1352 4870 1476 4933 iuturus
1505 4878 1534 4931 et
1555 4887 1611 4949 pro
1634 4877 1772 4949 tempore

1030 4961 1165 5024 existens
1188 4964 1354 5042 Episcopus
1379 4964 1586 5026 Varsaviensis
1614 4965 1771 5044 pontifica-

1029 5053 1088 5116 lem
1104 5055 1284 5132 dignitatem
1297 5059 1442 5120 decenter
1454 5066 1562 5120 tenere
1576 5059 1688 5136 valeat,
1704 5074 1772 5137 pro-

1030 5147 1135 5210 videre
1157 5149 1309 5226 volentes,
1332 5168 1505 5230 congruam
1523 5159 1554 5214 et
1575 5154 1701 5216 muneri
1715 5155 1774 5216 hn-

1029 5241 1160 5303 iusmodi
1183 5246 1418 5320 respondentem
1442 5247 1503 5308 iam
1524 5253 1668 5310 statutam
1689 5264 1773 5310 sum·

1030 5349 1111 5396 mam
1133 5341 1201 5398 octo
1225 5337 1360 5400 millium
1388 5338 1503 5402 scilicet
1524 5346 1684 5403 scutorum
1706 5356 1770 5402 mo·

1028 5437 1118 5490 netae
1138 5429 1303 5506 Romanae,
1326 5433 1488 5495 duodecim
1510 5432 1606 5495 millia
1621 5434 1773 5497 taleorum

1027 5521 1260 5586 Borussicornm
1271 5527 1537 5604 constituentium,
1548 5530 1584 5591 ab
1594 5531 1679 5592 omni
1690 5546 1772 5609 pror-

1025 5637 1078 5684 sus
1093 5638 1187 5684 onere
1199 5623 1339 5698 liberam,
1353 5623 1527 5688 immunem
1542 5634 1573 5690 et
1584 5639 1770 5710 exemptam,

1027 5716 1190 5778 annuatim
1201 5717 1358 5794 perpetuis
1377 5717 1489 5781 futuris
1505 5723 1695 5798 temporibus
1711 5725 1771 5802 pri-

1028 5823 1078 5869 mo
1106 5808 1213 5870 loturo
1234 5816 1264 5871 et
1292 5826 1347 5887 pro
1370 5818 1510 5889 ternpore
1536 5815 1680 5876 existenti
1702 5817 1773 5894 Epi·

1025 5917 1117 5978 scopo
1138 5901 1332 5965 Varsaviensi
1346 5919 1364 5966 e
1380 5906 1465 5980 regio
1487 5910 1608 5968 curario
1625 5909 1772 5986 inparata

1026 5997 1155 6074 pecunia
1171 5999 1383 6078 pendendam3
1408 6001 1448 6062 ita
1469 6003 1551 6080 quod
1567 6001 1655 6063 liccat
1669 6005 1771 6067 eidem

1640 6153 1666 6193 bl

1704 579 1760 644 ttl
1812 578 1866 634 tu.
1880 581 1910 632 0.
1932 580 2001 636 1798
