4754 6966
89 585 127 637 An.
138 580 162 632 c.
180 573 243 628 taso

925 583 1067 628 GLEMENS
1089 582 1158 626 xlll.

271 704 443 784 apostolica
466 705 543 767 totis
565 704 690 768 uiribus
714 700 892 773 observabo,
913 707 943 763 ct
965 703 1016 780 [-

270 801 349 860 ciam
370 796 411 860 ab
429 797 506 860 aliis
522 795 694 860 obseruari.
719 795 913 868 Haereticos,
932 794 1015 856 sebi·

267 892 418 953 sraaticas
446 898 477 952 et
510 889 636 954 rebelles
666 888 799 952 Domino
829 888 958 958 Nostro,
984 895 1014 950 et

268 985 502 1048 successoribus
513 985 737 1064 praefatispra
749 1000 836 1063 posse
844 999 1016 1062 perseuuur

268 1087 298 1141 et
319 1076 523 1158 impupnabo.
551 1079 685 1141 Vocatus
713 1079 754 1140 ad
775 1078 939 1155 synodum
966 1093 1014 1138 oe·

269 1175 375 1243 esiam,
410 1173 475 1235 nisi
501 1173 709 1249 praepeditus
741 1173 833 1250 fuero
859 1171 1015 1234 canonica

268 1265 516 1345 praepeditione.
550 1265 774 1343 Apostolorum
806 1265 921 1327 limina
949 1263 1014 1324 sin-

268 1360 354 1442 pulis
368 1359 593 1437 quadrienniis
612 1358 826 1436 personaliter
854 1366 883 1420 et
898 1373 954 1435 por
968 1374 1015 1418 me

268 1454 375 1531 ipsum
396 1449 546 1522 visitabo,
564 1457 594 1513 el
609 1451 741 1514 Dantino
756 1452 873 1514 Nostra
894 1456 925 1510 et
945 1467 1016 1510 suc-

268 1544 445 1608 cessoribus
467 1546 627 1624 praefatis
650 1546 809 1607 rationem
833 1544 963 1606 reddum
980 1545 1016 1606 de

270 1645 335 1701 loto
355 1655 423 1700 meo
443 1638 603 1716 pastorali
626 1638 736 1718 officio,
760 1637 854 1716 deque
876 1634 969 1700 rebus
985 1655 1014 1698 o·

268 1731 396 1794 mnibus
418 1732 458 1794 ad
478 1730 637 1794 Ecclesiae
658 1747 744 1794 meae
764 1730 1013 1809 patriarchalis,

267 1827 309 1888 ad
323 1825 403 1887 cleri
414 1833 444 1886 et
456 1823 568 1902 populi
585 1823 808 1902 disciplinam,
826 1824 1014 1886 animarum

268 1919 414 1997 dariique,
444 1935 523 1996 puae
550 1935 638 1980 nesae
657 1917 730 1996 fidei
760 1919 901 1981 creditae
922 1923 1011 1989 suut,

267 2013 377 2092 quovis
406 2012 495 2074 moda
525 2011 776 2089 pertinentibus,
810 2018 839 2072 et
871 2010 1014 2072 uicissim

268 2105 423 2168 neandata
450 2096 628 2181 apostolico
658 2107 811 2184 praefata
844 2103 1016 2166 humiliter

269 2201 433 2276 recipiam,
447 2205 477 2260 et
493 2215 588 2277 quam
603 2198 850 2278 dilipentissime
861 2215 1012 2276 enepuur.

270 2295 358 2369 Quod
382 2295 411 2355 si
439 2293 583 2373 lepitimo
615 2293 838 2369 impedimento
868 2292 1014 2356 detentus

268 2389 372 2468 suero,
385 2390 536 2468 praefata
559 2387 667 2448 omnia
690 2385 866 2464 adimplebo
880 2402 936 2463 per
950 2401 1015 2446 cer-

268 2487 338 2542 tum
359 2481 518 2543 nuncium
534 2480 576 2542 od
591 2479 648 2540 boc
669 2479 805 2558 speciale
823 2482 1014 2543 mandatum

267 2571 451 2643 babentem,
482 2572 518 2634 de
543 2572 662 2651 premio
689 2573 828 2650 capituli
857 2572 931 2642 mei,
955 2579 1015 2634 aut

266 2669 372 2731 alium
407 2669 443 2729 in
466 2668 629 2748 dipnitate
649 2667 865 2730 ecclesiastica
897 2666 1014 2726 certeti-

268 2768 392 2833 tutum,
415 2779 471 2824 seu
493 2763 578 2826 allas
606 2767 814 2841 personatum
837 2759 1012 2830 nabentem,

267 2865 327 2921 aut
350 2859 400 2920 bis
422 2857 504 2920 milii
526 2853 757 2936 deficientibus,
781 2869 839 2931 per
860 2853 1015 2915 dioecesa-

266 2967 344 3014 num
359 2951 565 3020 sacerdotem,
582 2957 623 3020 et,
637 2949 719 3010 clero
740 2947 903 3026 deficiente
917 2945 1017 3006 amui-

266 3063 318 3114 no,
341 3061 398 3123 per
420 3044 558 3122 aliquem
580 3043 683 3105 alium
703 3039 928 3119 presbyterum
949 3055 1016 3100 sae·

267 3139 410 3202 calorem
445 3137 492 3199 vel
518 3137 700 3216 repulerem
721 3139 883 3212 spectatae
907 3131 1015 3211 probi-

268 3234 349 3296 tatis
361 3237 392 3293 et
418 3231 587 3311 relipionis
602 3229 638 3310 de
652 3227 852 3306 supradictis
867 3225 1013 3289 omnibus

266 3327 355 3404 plene
378 3325 592 3386 instructum.
626 3323 670 3383 De
691 3320 876 3382 buiusmadi
904 3327 1013 3382 autern

266 3420 491 3497 impedimento
522 3415 631 3479 docebo
646 3433 702 3495 per
724 3415 882 3494 lepitimas
903 3410 1015 3491 praba·

267 3515 370 3574 tiones
392 3511 434 3573 ad
451 3510 482 3573 S.
500 3509 539 3572 R.
558 3512 594 3572 E.
620 3508 827 3572 cardinalem
841 3522 1014 3584 proponen-

267 3607 381 3668 tamin
398 3604 650 3684 Conprepatione
670 3603 758 3664 sacri
782 3600 920 3663 Consilii
947 3598 1015 3660 Τνί-

267 3699 407 3770 dentini,
419 3714 476 3776 per
490 3697 717 3774 supradictum
733 3695 890 3756 nuncium
907 3701 1015 3754 trans·

266 3793 454 3856 mittendos.
478 3789 691 3852 Possessiones
715 3805 788 3850 sero
810 3787 851 3850 od
875 3803 1014 3849 mensam

266 3903 368 3948 meam
389 3885 587 3962 pertinentes
603 3899 666 3943 uon
687 3883 832 3951 urendam,
850 3897 947 3958 nepae
964 3881 1016 3942 da·

267 3978 359 4051 naba,
384 3994 482 4056 neque
500 3974 732 4055 impipnorabo,
756 3991 854 4052 nepem
879 3974 915 4036 de
936 3991 1014 4034 novo

267 4069 451 4154 intendebo,
462 4075 522 4134 aut
538 4069 643 4148 aliqua
659 4069 748 4129 moda
760 4064 905 4130 alienabo
916 4069 1015 4130 ctiam

267 4182 341 4227 cum
353 4180 507 4225 consensu
519 4162 659 4240 capituli
675 4160 836 4222 Ecclesiae
851 4175 948 4230 meae,
965 4161 1015 4220 in-

267 4257 412 4320 consulto
438 4257 580 4319 Romano
607 4255 772 4334 Pontifice,
804 4260 833 4316 et
858 4253 1015 4315 coustitu-

267 4353 386 4415 tionem
420 4367 518 4429 super
551 4347 770 4428 probibitioue
801 4349 1015 4409 investitura-

267 4464 341 4510 rum
379 4445 532 4510 bonarum
546 4441 861 4508 iurisdictionalium
877 4444 912 4505 de
929 4456 1014 4502 anisa

267 4541 398 4604 Domini
426 4540 594 4602 millesimo
615 4538 842 4601 sescentesimo
864 4538 1013 4616 nipesimo

266 4636 378 4714 quinto
394 4635 514 4698 editam
533 4630 662 4695 servabo
669 4655 682 4704 ;
704 4633 784 4692 etsi
807 4632 847 4693 od
870 4631 1012 4709 ottonom

266 4729 496 4792 alienationem
518 4727 678 4796 devenero,
696 4739 810 4802 poenos
827 4725 861 4786 in
876 4725 1013 4802 quadam

266 4837 362 4900 snper
383 4821 440 4883 boe
461 4821 549 4882 editu
570 4819 805 4881 constitutione
833 4826 1010 4892 contentas,

266 4932 300 4976 aa
321 4917 388 4992 ipsa
405 4915 571 4976 insternere
586 4915 665 4976 oalo.
691 4915 742 4976 Sic
757 4929 805 4972 nte
819 4911 904 4974 Deus
919 4915 1012 4976 adiu-

266 5014 328 5078 vet,
351 5013 382 5068 et
404 5007 481 5070 baec
501 5012 616 5081 sancta
638 5007 696 5070 Dei
719 5008 905 5088 Euanpeliu.

308 5104 417 5164 Forma
428 5118 503 5163 vero
519 5102 717 5179 professionis
730 5101 800 5163 fidei
815 5119 908 5180 quam
924 5102 1015 5164 emit·

266 5203 323 5276 tes,
345 5195 420 5259 hoec
441 5206 500 5258 est:

307 5295 373 5374 Epo
401 5289 602 5359 Tbeodosius,
626 5305 730 5366 nuper
751 5289 1015 5367 Arcbiepiscopus

268 5386 451 5464 Berytensis
473 5385 509 5446 iu
530 5382 763 5444 Patriarcbam
780 5381 1014 5446 Antiochenam

269 5481 411 5542 notionis
462 5475 907 5541 Graecorum-Melcbitarum
949 5475 1014 5536 ele-

269 5580 359 5642 ctus,
382 5574 475 5651 firma
496 5570 556 5648 fido
588 5569 679 5630 credo
710 5577 739 5630 et
771 5570 923 5646 corefitear
953 5584 1014 5628 ons-

268 5668 322 5728 uia
338 5671 368 5726 et
390 5665 531 5743 simpulo,
551 5679 630 5742 oscae
646 5664 857 5724 continentur
873 5663 908 5723 in
926 5663 1014 5738 Sym-

268 5759 332 5823 bola
362 5759 434 5838 fidei
466 5775 525 5837 poco
551 5755 581 5818 S.
616 5755 653 5818 ll.
694 5757 727 5818 E.
762 5756 895 5827 utitur,
928 5755 1013 5816 oide-

268 5851 353 5914 licet:
378 5851 475 5914 Greda
498 5850 652 5912 inunum
679 5849 781 5911 Decem
816 5847 948 5910 Patrem
978 5848 1016 5910 0-

268 5943 492 6022 maipotcutcne
508 5945 663 6022 factorem
677 5941 762 6005 Coeli
776 5949 805 6002 et
828 5941 950 6010 Terrae,
969 5941 1015 6002 αί-

1072 809 1173 856 unum
1195 793 1367 856 Dominam
1382 796 1486 857 Iesum
1504 793 1672 856 Cbristum
1699 792 1818 855 Filium

1072 888 1130 949 Dei
1157 885 1374 966 Enipeaitum,
1391 893 1423 948 et
1437 905 1477 950 aa
1492 888 1592 950 Patre
1611 892 1727 950 reatum
1741 892 1818 948 ante

1072 981 1179 1043 omnia
1200 983 1341 1050 saecula,
1372 982 1473 1043 licum
1495 981 1531 1042 de
1554 981 1626 1050 Deo,
1652 979 1759 1040 lumen
1781 979 1818 1041 de

1072 1073 1204 1144 lunsine,
1230 1073 1329 1138 Deum
1350 1092 1460 1138 oerum
1482 1076 1592 1138 deDeo
1614 1093 1696 1137 uera.
1724 1075 1819 1140 Geni-

1073 1171 1141 1226 tum
1154 1182 1218 1227 nori
1232 1170 1368 1248 sactum,
1387 1166 1693 1232 consubstantialem
1708 1168 1815 1236 Patri,

1072 1273 1127 1335 per
1148 1275 1237 1337 quem
1260 1263 1368 1324 omniu
1388 1265 1480 1343 facta
1501 1267 1589 1324 sunt.
1611 1261 1672 1338 Qui
1686 1265 1818 1339 propter

1073 1369 1127 1413 uos
1150 1353 1301 1426 domines,
1321 1362 1350 1416 et
1366 1363 1498 1434 propter
1514 1363 1658 1421 nostram
1679 1357 1818 1418 sulutem

1070 1447 1230 1509 descendit
1252 1448 1288 1510 de
1303 1449 1407 1510 caelis.
1433 1451 1476 1512 Et
1501 1451 1693 1514 incarnatus
1714 1457 1761 1510 est
1782 1448 1818 1510 de

1071 1540 1202 1620 Spiritu
1226 1542 1342 1604 Sancta
1364 1559 1403 1606 eos
1426 1544 1532 1610 Μανία
1560 1545 1695 1625 l'irpine,
1719 1551 1749 1606 et
1765 1543 1818 1606 bo·

1071 1650 1120 1696 mo
1142 1636 1250 1712 sactus
1274 1643 1330 1722 est.
1357 1636 1542 1715 Crucifiuus
1564 1638 1663 1700 etiam
1683 1653 1741 1715 pro
1763 1655 1818 1700 no·

1070 1726 1117 1790 bis
1138 1727 1197 1790 sub
1220 1729 1335 1790 Pontio
1357 1729 1465 1792 Pilato
1492 1746 1606 1809 passus
1624 1738 1655 1792 et
1670 1731 1816 1809 sepultus

1070 1829 1127 1883 est.
1152 1820 1196 1884 Et
1217 1823 1401 1886 resurrenit
1435 1826 1534 1886 tertia
1557 1824 1607 1886 dic
1639 1825 1814 1888 secundum

1070 1917 1272 1996 Scripturas.
1298 1919 1340 1980 Et
1362 1919 1506 1980 ascendit
1522 1917 1557 1978 in
1573 1919 1704 1990 coelum,
1731 1919 1817 1982 sedet

1070 2013 1111 2075 ad
1133 2014 1299 2076 deuterum
1312 2013 1431 2077 Patris.
1458 2014 1499 2076 Et
1521 2014 1641 2076 iterum
1657 2021 1816 2078 uenturus

1071 2115 1117 2168 est
1139 2123 1212 2168 cum
1227 2106 1333 2186 pluria
1356 2108 1501 2170 iudicare
1515 2107 1601 2168 ninas
1617 2115 1647 2170 et
1658 2115 1813 2181 mortuos,

1071 2198 1165 2258 cuius
1180 2198 1272 2276 rapui
1287 2199 1428 2260 renuerit
1443 2198 1529 2276 finis.
1549 2197 1590 2260 Et
1604 2199 1639 2259 iu
1656 2198 1817 2276 Spiritum

1072 2291 1228 2354 Sanctum
1250 2291 1432 2363 Dominum,
1457 2300 1487 2353 et
1509 2293 1736 2371 vivificantem,
1762 2295 1818 2372 aui

1072 2401 1111 2446 eu
1134 2384 1233 2448 Patre
1256 2386 1398 2463 Filioque
1415 2387 1568 2464 procedit.
1597 2387 1658 2462 Qui
1674 2403 1745 2448 cum
1758 2387 1819 2449 Pa-

1073 2485 1172 2540 treet
1198 2479 1282 2541 Filia
1303 2480 1401 2540 simul
1424 2479 1594 2552 adoratur,
1610 2487 1639 2542 et
1662 2480 1818 2559 conpleri·

1071 2575 1203 2654 ficetur,
1216 2575 1272 2651 pul
1284 2573 1437 2652 loquutus
1449 2579 1495 2634 est
1506 2589 1562 2651 per
1573 2573 1760 2650 Prapbetos.
1775 2575 1818 2636 Et

1072 2683 1182 2736 unam,
1193 2674 1350 2736 sanctam,
1362 2667 1555 2730 cotbolioam
1568 2673 1598 2728 et
1610 2668 1817 2746 apostolicam

1073 2757 1258 2823 Ecclesiam.
1286 2762 1443 2839 Confiteor
1464 2775 1568 2822 uuum
1590 2761 1758 2838 Baptisma
1781 2763 1817 2824 in

1073 2855 1288 2916 remissionem
1314 2860 1530 2932 peccatorum.
1554 2855 1597 2917 Et
1619 2860 1747 2932 conpecto
1770 2871 1818 2916 re·

1071 2947 1305 3010 surrectionem
1326 2955 1544 3019 mortuarum,
1570 2953 1600 3008 et
1622 2949 1724 3010 uitam
1745 2965 1816 3009 oen·

1074 3047 1144 3107 tari
1156 3043 1289 3106 saeculi.
1305 3043 1412 3105 Amen.
1426 3074 1443 3086 ·
1463 3046 1595 3107 Veneror
1605 3046 1706 3108 etium
1721 3055 1751 3110 et
1762 3066 1816 3110 su·

1071 3140 1171 3216 scipio
1197 3155 1300 3200 oannes
1321 3145 1351 3200 et
1366 3139 1526 3218 penerales
1544 3139 1695 3216 Synadas,
1718 3149 1816 3220 prout

1070 3235 1230 3312 sequitur,
1243 3233 1401 3295 videlicet:
1410 3267 1424 3279 -
1436 3234 1611 3296 Nicaenom
1621 3235 1772 3312 primam,
1787 3243 1817 3297 et

1069 3329 1231 3406 profitear,
1250 3327 1331 3406 quod
1353 3329 1389 3390 in
1410 3344 1445 3390 ea
1475 3335 1589 3390 cantra
1620 3329 1735 3390 Arium
1764 3328 1817 3392 da·

1070 3427 1200 3484 mactae
1210 3421 1380 3484 memoriae
1395 3421 1563 3501 definitum
1574 3427 1632 3493 est,
1647 3420 1818 3484 llominum

1072 3516 1173 3578 lesocm
1198 3512 1365 3576 Christum
1386 3529 1450 3574 esse
1471 3512 1594 3576 Filium
1617 3512 1674 3575 Dei
1696 3529 1735 3575 eu
1758 3514 1818 3578 Po-

1073 3612 1121 3667 tre
1144 3612 1259 3668 natum
1279 3605 1494 3686 Urtipenitum,
1509 3607 1591 3668 idest
1613 3623 1653 3669 eu
1668 3605 1817 3672 substan·

1072 3702 1119 3763 tia
1142 3700 1254 3762 Patris
1276 3707 1403 3769 natura,
1435 3715 1499 3761 non
1521 3701 1657 3780 sactum,
1686 3700 1818 3764 cousub-

1070 3791 1258 3856 stantialem
1280 3791 1390 3865 Patri·
1412 3799 1510 3869 alaeue
1533 3793 1649 3869 impios
1671 3793 1746 3856 illas
1766 3812 1819 3855 oo-

1071 3904 1118 3947 ces
1141 3893 1224 3947 recte
1246 3886 1280 3945 in
1304 3884 1427 3961 Spuado
1448 3885 1618 3948 damnatas
1638 3902 1712 3955 esse,
1736 3889 1817 3965 puad

1070 3977 1245 4058 aliquanda
1268 3994 1330 4038 noro
1363 3979 1487 4056 pererit,
1517 3985 1577 4040 aut
1599 3979 1680 4057 ouou
1709 3981 1817 4058 factus

1069 4074 1115 4134 sit
1136 4089 1175 4133 en
1206 4071 1266 4142 iis,
1290 4087 1369 4148 quae
1392 4087 1458 4132 non
1486 4075 1575 4143 suut,
1605 4077 1666 4133 aut
1687 4088 1726 4134 em
1748 4073 1817 4135 alia

1069 4164 1275 4236 substantio,
1307 4165 1353 4226 oel
1376 4165 1533 4236 essentia,
1566 4168 1628 4226 aut
1661 4165 1742 4241 puod
1772 4167 1817 4228 sit

1070 4255 1239 4321 mutabilis
1262 4256 1310 4318 uel
1336 4255 1555 4319 convertibilis
1579 4255 1687 4318 Filius
1711 4256 1818 4332 Dei·-

1073 4350 1466 4428 Causluutiaopolituuam
1477 4351 1627 4428 primam,
1645 4352 1817 4415 secundum

1072 4450 1105 4510 ίν
1128 4447 1250 4519 ordine,
1267 4455 1297 4509 rt
1319 4447 1470 4525 profitear
1491 4447 1572 4525 pund
1593 4448 1629 4509 in
1644 4465 1679 4510 ea
1703 4455 1817 4512 contro

1070 4541 1289 4607 Macedonium
1316 4540 1490 4602 damnatae
1516 4539 1687 4602 memoriae
1709 4540 1817 4618 defiui-

1072 4641 1140 4697 tum
1162 4642 1219 4704 cst,
1240 4633 1401 4709 Spiritum
1419 4632 1577 4695 Sanctum
1599 4648 1663 4694 nou
1678 4649 1741 4693 esse
1755 4651 1819 4694 ser·

1069 4744 1156 4799 oum,
1178 4727 1231 4788 sed
1254 4724 1435 4794 Dominum,
1460 4741 1523 4787 non
1547 4733 1744 4794 creaturam,
1765 4727 1819 4789 scd

1071 4820 1169 4882 Deum
1182 4837 1220 4882 ac
1232 4835 1331 4884 aereum
1344 4817 1510 4880 nabentem
1523 4835 1595 4880 cum
1608 4819 1706 4882 Patre
1718 4827 1748 4880 et
1771 4821 1818 4882 Fi·

1070 4911 1819 4990 lialleitotenu·presinamprimam,tertium

1070 5009 1106 5071 iu
1127 5007 1247 5080 ordine,
1266 5011 1295 5067 et
1311 5006 1474 5083 profiteor,
1498 5005 1580 5082 puod
1603 5006 1636 5066 in
1653 5022 1688 5066 ea
1705 5013 1818 5067 cantra

1071 5102 1256 5166 Nestorium
1272 5100 1444 5161 damnatae
1459 5098 1630 5160 mansoriae
1651 5098 1818 5176 definitum

1070 5201 1126 5266 est,
1152 5193 1367 5255 Divinitatem
1389 5196 1419 5251 ct
1441 5191 1685 5260 Huruanilatern
1709 5189 1820 5271 ineffa-

1070 5287 1128 5352 bili
1159 5293 1190 5346 et
1211 5281 1525 5363 incomprebensibili
1558 5284 1675 5346 unione
1695 5285 1730 5345 in
1751 5301 1819 5346 una

1069 5397 1202 5460 persona
1215 5379 1294 5441 Filii
1309 5378 1367 5440 Dei
1382 5393 1483 5439 uuum
1501 5375 1591 5446 stabis
1603 5379 1709 5440 Iesurn
1727 5375 1818 5439 Cbri-

1069 5481 1158 5536 stum
1187 5471 1414 5540 earistituisse,
1438 5485 1535 5546 capue
1562 5469 1598 5530 de
1619 5486 1718 5532 causa
1740 5471 1819 5531 Bea-

1072 5566 1231 5628 tissimam
1249 5565 1404 5643 turparem
1416 5579 1523 5624 aeram
1536 5577 1599 5622 esse
1609 5561 1666 5622 Dei
1678 5562 1818 5625 denitri-

1070 5675 1179 5731 cestu·
1196 5657 1467 5746 calcedonensem,
1484 5662 1636 5733 quartam
1649 5657 1683 5717 in
1695 5655 1816 5727 ordine,

1070 5761 1100 5814 et
1114 5752 1276 5829 profiteor,
1296 5749 1376 5827 quod
1399 5751 1433 5810 in
1454 5765 1490 5809 ea
1513 5754 1627 5810 caretro
1650 5747 1818 5825 Eutychen

1071 5851 1101 5908 et
1117 5841 1425 5912 Dioscorumambos
1450 5841 1622 5903 darnnatoc
1649 5842 1818 5904 mansoriae

1071 5939 1238 6017 definitum
1261 5942 1324 5998 est:
1347 5950 1449 5998 uuum
1470 5934 1672 6013 eumdemque
1694 5933 1818 5998 Filium

1744 561 1798 625 103
1849 560 1902 614 An.
1917 564 1947 614 Ο.
1970 561 2038 614 1764
