4808 6988
301 501 304 508 ’
372 527 472 586 Audi.
493 531 562 586 18²4
610 525 670 596 648
1110 549 1174 594 run.
1199 548 1290 594 ronr.
1312 547 1353 592 ua
1374 547 1403 591 r.
1427 547 1456 594 r.
1482 548 1564 593 raas
1585 547 1607 594 r.
2165 537 2261 596 Aac.
2279 545 2336 602 1824

591 681 703 729 manus
724 667 955 746 quomodolibet
977 667 1160 746 ingerantur
1181 664 1232 728 vel
1252 664 1335 728 iniu·
1389 670 1453 726 tem
1474 663 1508 726 in
1532 664 1780 744 congregatione
1802 669 1831 733 S¹
1850 670 1981 734 Concilii
2003 673 2133 738 Triden-

591 761 654 824 riae
673 759 794 840 aliquae
808 761 983 824 inferantur
1004 759 1271 840 quovisquaesito
1286 774 1335 821 co·
1391 757 1449 820 tini
1478 771 1533 835 per
1553 759 1763 836 supradictum
1788 760 1947 826 Nuncium
1976 771 2133 830 transmit-

591 853 673 931 lore;
694 853 859 916 consilium
884 869 958 916 vero
979 854 1060 932 quod
1087 851 1162 914 mihi
1183 851 1332 914 credituri
1389 851 1504 913 tendas.
1523 851 1729 915 Possessiones
1745 869 1820 917 rero
1830 857 1865 918 ad
1879 872 2020 920 mensam
2031 876 2133 924 meam

589 957 663 1011 sunt
684 963 740 1026 per
753 964 786 1010 se
800 956 852 1010 aut
866 945 1004 1031 Nuncios
1017 962 1071 1010 seu
1086 945 1215 1020 litteras,
1231 945 1266 1008 ad
1282 959 1334 1006 eo·
1388 943 1579 1024 pertinentes
1606 962 1670 1008 nou
1695 949 1840 1025 vendam,
1867 967 1970 1032 neque
1996 952 2130 1031 donabo,

589 1043 832 1117 romermunt,
848 1057 898 1103 me
912 1041 1040 1116 sciente,
1053 1039 1172 1103 nemini
1188 1038 1328 1117 pandam.
1388 1053 1490 1115 neque
1512 1040 1735 1117 impignorabo,
1753 1058 1854 1123 neque
1875 1046 1913 1108 de
1928 1061 2010 1109 novo
2032 1048 2133 1113 luleu-

589 1133 736 1211 Papatum
757 1133 933 1196 Romanum
955 1139 985 1196 et
1006 1132 1130 1210 Regalia
1152 1129 1256 1196 Sancti
1279 1131 1331 1192 Pe·
1387 1130 1476 1208 dabo,
1494 1133 1542 1194 vel
1556 1133 1659 1214 aliquo
1680 1136 1770 1199 modo
1785 1137 1936 1215 alienabo,
1952 1141 2045 1203 etiam
2060 1160 2133 1208 cunr

590 1225 631 1288 tri
651 1225 772 1291 adiutor
800 1225 844 1288 eis
865 1241 918 1288 ero
946 1227 981 1290 ad
1007 1224 1207 1288 retinendum
1229 1230 1260 1284 et
1281 1221 1333 1284 de·
1388 1238 1538 1288 consensu
1559 1227 1684 1305 capituli
1706 1230 1780 1306 mei,
1796 1231 1972 1297 inconsulto
1993 1237 2133 1303 Romano

588 1317 779 1382 tendendum
800 1327 906 1382 contra
927 1334 1053 1381 omnem
1080 1318 1252 1380 hominem.
1276 1315 1333 1378 Le·
1388 1317 1547 1394 Pontillce,
1564 1325 1595 1381 et
1610 1321 1865 1389 constitutionem
1886 1344 1981 1407 super
1996 1333 2133 1407 prohibi·

590 1419 696 1489 gatum
722 1413 913 1490 apostolicae
942 1410 1028 1476 Sedis
1049 1412 1084 1474 in
1105 1409 1207 1473 eundo
1232 1417 1262 1472 et
1284 1423 1333 1470 re-
1389 1410 1472 1473 tione
1495 1412 1751 1479 investiturarum
1772 1415 1927 1482 bonorum
1949 1423 2136 1490 iurisdictio·

588 1505 710 1568 deundo
732 1507 902 1570 honorilice
925 1505 1070 1582 tractabo,
1094 1513 1124 1568 et
1145 1503 1179 1566 in
1199 1503 1263 1565 suis
1278 1516 1331 1563 ne·
1387 1504 1506 1568 nalium
1520 1505 1649 1568 deanno
1671 1509 1794 1572 Domini
1816 1511 1983 1578 millesimo
2003 1535 2133 1584 sexcen-

587 1598 778 1661 cessitatibus
799 1599 960 1663 adiuvabo.
977 1601 1057 1676 lura,
1073 1599 1218 1670 honores,
1234 1595 1330 1674 privi-
1388 1597 1497 1660 tesimo
1519 1599 1669 1677 vigesimo
1690 1604 1801 1681 quinto
1816 1607 1928 1672 editam
1943 1612 2084 1692 servabo,
2100 1625 2134 1679 et

586 1691 665 1770 legia
689 1700 720 1754 et
752 1693 965 1756 auctoritatem
999 1693 1152 1754 Romanae
1181 1689 1332 1754 Ecclesiae
1386 1690 1411 1751 si
1432 1693 1467 1753 ad
1489 1692 1623 1772 aliquam
1638 1695 1855 1762 alienationem
1877 1701 2044 1782 devenero,
2061 1725 2135 1788 poe-

587 1789 710 1853 Domini
726 1789 823 1853 nostri
834 1790 929 1870 Papae
940 1798 972 1852 et
984 1803 1195 1853 successorum
1218 1783 1333 1863 praela·
1387 1799 1442 1846 nas
1464 1785 1496 1848 in
1517 1787 1649 1866 quadam
1669 1805 1764 1869 super
1791 1793 1847 1856 hoc
1874 1797 1954 1859 edita
1981 1800 2135 1864 coustitu-

588 1892 692 1947 torum
702 1898 897 1959 conservare,
907 1883 1084 1958 deiendere,
1096 1896 1210 1958 augere
1219 1885 1250 1942 et
1261 1894 1331 1957 pro·
1388 1878 1473 1940 tione
1493 1887 1652 1944 contentas
1668 1899 1704 1946 eo
1719 1885 1784 1963 ipso
1806 1887 1967 1952 incurrere
1988 1891 2134 1957 volusio

588 1992 715 2041 movere
735 1977 857 2042 curabo.
882 1975 953 2041 Nou
968 1993 1022 2039 ero
1042 1977 1075 2038 iu
1097 1974 1235 2045 consilio,
1253 1971 1332 2033 iacto
1386 1985 1438 2034 me
1458 1972 1539 2036 Deus
1560 1973 1684 2040 adiuvet
1699 1987 1730 2040 et
1745 1978 1819 2042 haec
1833 1979 1942 2046 Sancta
1960 1979 2015 2048 Dei
2031 1988 2133 2051 Evan-

588 2070 638 2133 vel
660 2077 789 2134 tractatu
804 2073 838 2136 in
852 2072 963 2151 quibus
977 2078 1085 2134 contra
1106 2068 1206 2148 ipsum
1228 2064 1330 2128 bomi-
1386 2064 1474 2141 gelia.
1490 2101 1524 2112 —

587 2181 664 2228 num
686 2174 828 2228 nostrum
849 2165 901 2227 vel
920 2164 1061 2226 eamdem
1082 2163 1252 2226 liomanarn
1275 2157 1330 2219 Ec·
1425 2161 1536 2224 Datum
1556 2162 1672 2228 Romae
1692 2167 1771 2246 apud
1795 2167 1825 2231 S.
1842 2169 1967 2234 Mariam
1983 2173 2132 2239 Maiorem

587 2259 708 2323 clesiam
739 2258 840 2338 aliqua
869 2258 992 2321 sinistra
1024 2257 1075 2320 vel
1107 2253 1329 2335 praeiudicialia
1385 2269 1467 2317 anno
1502 2257 1725 2322 incarnationis
1756 2261 1928 2327 dominicae
1964 2268 2132 2334 millesimo

586 2368 744 2431 personae,
758 2351 845 2427 iuris,
857 2352 995 2427 honoris,
1011 2359 1108 2414 status
1128 2357 1159 2412 et
1174 2349 1329 2427 potestatis
1386 2350 1644 2425 octingentesimo
1677 2354 1826 2429 vigesimo
1860 2368 1988 2436 quarto,
2020 2364 2132 2440 quinto

585 2461 695 2508 eorum
724 2445 955 2520 machinentur,
978 2445 1054 2507 etsi
1076 2443 1146 2506 talia
1167 2459 1184 2504 a
1205 2441 1328 2521 quibus·
1386 2457 1482 2504 nonas
1493 2444 1578 2520 maii,
1594 2445 1790 2522 pontificatus
1805 2451 1902 2512 nostri
1917 2469 1998 2516 anno
2013 2456 2128 2533 prime.

585 2555 720 2619 cumque
740 2539 897 2618 procurari
913 2553 1029 2600 novero
1044 2535 1095 2599 vel
1116 2536 1248 2611 tractari,
1271 2534 1328 2596 im-

585 2633 703 2712 pediam
727 2633 783 2696 hoc
804 2648 948 2712 proposse
963 2638 1005 2708 et,
1023 2629 1232 2710 quantocitius
1246 2645 1328 2692 com·
1639 2649 1877 2660 ----

586 2728 675 2790 mode
688 2736 806 2807 potero,
818 2727 998 2804 significabo
1013 2728 1114 2790 eidem
1129 2728 1259 2790 Domino
1274 2742 1329 2790 no-
1809 2747 1813 2754 ·

584 2827 648 2883 stro
670 2822 720 2884 vel
734 2821 821 2884 alteri
842 2835 1004 2901 perquem
1018 2823 1053 2883 ad
1076 2820 1171 2900 ipsius
1185 2821 1327 2884 notitiam
1731 2824 1782 2888 ill.

584 2916 699 2992 poterit
718 2915 893 2993 pervenire.
916 2916 1048 2993 Regulas
1069 2915 1252 2980 Sanctorum
1275 2915 1327 2977 Pa-

586 3013 688 3084 trum,
719 3008 857 3085 decreta,
888 3009 1116 3086 ordinationes,
1145 3010 1326 3086 sententias,
1386 3012 1586 3076 Gratulatur
1614 3013 1765 3090 Episcopo
1789 3013 1967 3078 Cheimeasi
1995 3015 2131 3081 chuteni

585 3101 811 3181 dispositiones,
834 3104 1066 3178 reservationes,
1086 3104 1276 3182 provisiones
1297 3112 1327 3167 et
1425 3107 1512 3168 ritus
1535 3106 1571 3168 de
1595 3105 1700 3184 omplo
1728 3107 1840 3170 reditu
1861 3126 1881 3171 a
1903 3109 2040 3173 nursiae
2069 3114 2130 3176 lm-

585 3196 727 3258 mandata
746 3195 908 3274 apostolica
930 3197 1000 3258 totis
1022 3197 1138 3260 viribus
1159 3197 1327 3260 observabo
1422 3204 1571 3276 peratore
1592 3205 1622 3262 et
1641 3199 1791 3264 Polouioa
1813 3201 1894 3282 Repe
1915 3203 2062 3268 eeclesiae
2077 3223 2130 3268 cu·

584 3288 749 3353 etfaciam
774 3288 811 3350 ab
840 3288 908 3352 aliis
938 3289 1105 3352 observari.
1139 3291 1325 3368 Haereticos,
1425 3292 1580 3358 thedroiir
1601 3293 1745 3371 capitulo
1767 3311 1919 3358 concesso.

583 3383 798 3452 Schismaticos
820 3395 850 3452 et
871 3387 1001 3451 rebelles
1016 3387 1146 3452 Domino
1168 3395 1275 3452 nostro
1296 3397 1327 3453 et

584 3481 810 3546 successoribus
830 3481 972 3561 praelatis
994 3497 1137 3561 proposse
1157 3497 1325 3562 persequar
1383 3476 1552 3546 Venerabili
1574 3478 1662 3547 irairi
1685 3479 1871 3550 ferdinando
1893 3482 2128 3556 Giooenoweoki

584 3575 825 3654 etimpugnabo.
837 3573 967 3636 Vocatus
978 3577 1013 3638 ad
1025 3575 1177 3654 synodum
1188 3575 1324 3653 reniam,
1574 3570 1726 3658 Episcopo
1747 3572 1930 3657 Gheintenai,

585 3669 643 3730 nisi
670 3667 864 3747 praepeditus
884 3667 973 3730 luero
1000 3669 1144 3744 canonica
1170 3669 1325 3748 praepedi-

583 3761 678 3825 tione.
702 3760 920 3840 Apostolorum
948 3761 1056 3824 limina
1077 3761 1208 3838 singulis
1236 3764 1327 3841 quin·
1635 3757 1709 3825 1.Εο
1731 3758 1792 3828 ΡΡ.
1817 3761 1876 3829 ΧΙΙ.

583 3855 729 3934 quenniis
750 3854 951 3934 personaliter
965 3861 996 3916 et
1011 3869 1066 3933 per
1086 3871 1137 3918 me
1158 3856 1259 3936 ipsum
1280 3855 1326 3916 ri-

582 3950 680 4012 sitabo
701 3956 733 4012 et
753 3947 885 4010 Domino
913 3957 1020 4012 nostro
1041 3956 1071 4011 et
1097 3949 1326 4012 successoribus
1594 3943 1782 4015 Venerabilis
1805 3949 1912 4031 irater,

583 4042 724 4122 praetatis
745 4043 896 4106 rationem
918 4043 1043 4105 reddam
1057 4043 1094 4105 de
1110 4049 1173 4106 toto
1195 4060 1327 4124 meopa·
1415 4039 1542 4108 salutent
1565 4044 1596 4107 et
1617 4041 1817 4125 apoatoiioan
1844 4046 2092 4118 benedictionem.

582 4137 687 4200 storali
709 4137 819 4212 officio,
831 4138 930 4215 deque
944 4137 1038 4200 rebus
1059 4138 1204 4202 omnibus
1224 4142 1260 4204 ad
1275 4159 1325 4222 pa·

581 4231 751 4296 triarchalis
777 4231 930 4294 Ecclesiae
951 4247 1036 4294 meae
1062 4238 1177 4295 statum
1197 4241 1229 4296 et
1250 4235 1325 4298 cleri
1421 4235 1440 4310 ἓ
1462 4233 1489 4296 l.
1514 4235 1656 4310 Pergrata
1671 4234 1760 4298 nobis
1781 4236 1909 4300 luerunt
1932 4256 1978 4317 ea,
1994 4258 2072 4321 quae
2090 4249 2126 4305 tu

583 4333 614 4389 et
635 4325 741 4405 populi
759 4324 963 4404 disciplinam.
986 4325 1169 4389 Animarum
1190 4327 1325 4408 denique
1381 4328 1417 4391 ad
1438 4326 1490 4390 tel.
1507 4344 1569 4390 rec.
1593 4328 1854 4406 praedecessorem
1870 4339 2013 4396 nostrum
2036 4335 2125 4398 Pium

583 4436 661 4499 quae
692 4435 779 4482 meae
810 4420 880 4482 fidei
911 4419 1044 4481 creditae
1071 4427 1163 4496 sunt,
1192 4422 1324 4487 salutem
1382 4421 1555 4499 Septimum
1571 4421 1719 4500 scripsisti
1733 4420 1771 4484 de
1784 4438 1888 4486 annuo
1902 4427 2005 4490 reditu
2019 4429 2125 4492 decem

582 4513 801 4594 quoquomodo
827 4514 940 4577 curabo
967 4523 997 4578 et
1025 4515 1160 4578 vicissim
1185 4519 1325 4582 mandata
1382 4521 1412 4576 et
1432 4520 1501 4576 octo
1521 4513 1657 4576 millibus
1678 4515 1871 4579 florenorum
1893 4521 2125 4585 aserenissimo

582 4607 745 4688 apostolica
775 4608 906 4687 praelata
933 4609 1096 4671 humiliter
1123 4611 1269 4690 recipiam
1294 4620 1324 4675 et
1381 4609 1476 4669 totius
1496 4606 1622 4669 liussiae
1637 4607 1824 4685 imperatore
1839 4619 1869 4673 ei
1883 4613 2025 4676 Poloniae
2041 4616 2125 4694 ltege

582 4718 675 4780 quam
695 4702 930 4778 diligentissime
945 4719 1098 4781 exequar3
1115 4705 1194 4782 quod
1209 4705 1234 4766 si
1251 4704 1325 4785 legi·
1381 4701 1556 4762 Alexandro
1579 4699 1600 4760 Ι.
1624 4699 1660 4760 ad
1677 4701 1809 4778 Capituli
1828 4704 2007 4768 cathedralis
2029 4709 2126 4772 eccle-

581 4795 658 4858 timo
679 4789 902 4876 impedimento
917 4797 1060 4874 detentus
1075 4795 1173 4874 luero,
1190 4798 1324 4876 praelata
1380 4795 1441 4856 siae
1463 4803 1544 4882 tuae,
1567 4793 1724 4857 Nativitati
1743 4796 1836 4860 Brimo
1856 4796 1993 4876 Virginis
2015 4803 2124 4866 llariae

582 4889 686 4951 omnia
707 4887 881 4967 adimplebo
903 4905 958 4968 per
979 4898 1099 4953 certum
1114 4889 1271 4955 Nuncium
1287 4895 1323 4956 ad
1380 4904 1413 4950 ac
1444 4888 1475 4951 S.
1505 4886 1688 4950 Wladimiro
1716 4887 1842 4966 dicatae,
1873 4892 2123 4957 commoditatem

583 4983 640 5044 hoc
659 4982 789 5061 speciale
809 4984 988 5045 mandatum
1009 4983 1173 5046 habentem
1196 4986 1233 5048 de
1255 5001 1324 5063 gre·
1381 4981 1543 5056 destinato,
1559 4997 1699 5060 quaeque
1714 4981 1802 5045 nobis
1816 4983 1849 5045 iu
1864 4985 1931 5046 eius
1945 4985 2047 5049 locum
2062 4987 2124 5050 sui·

583 5077 645 5138 mio
670 5074 795 5154 capituli
826 5077 888 5138 mei
910 5084 962 5139 aut
992 5076 1088 5138 alium
1110 5079 1141 5139 in
1174 5078 1324 5154 dignitate
1381 5074 1468 5138 lectis
1489 5074 1577 5136 allata
1605 5083 1690 5149 sunt,
1716 5081 1751 5136 ut
1773 5084 1978 5154 opportunam
2001 5080 2056 5142 tibi
2077 5097 2123 5144 re

582 5169 783 5233 ecclesiastica
797 5171 1014 5245 constitutum,
1026 5185 1081 5231 seu
1096 5169 1166 5232 alias
1182 5186 1323 5248 persona·
1379 5167 1577 5246 sponsionem
1592 5167 1630 5230 de
1642 5174 1706 5230 toto
1722 5169 1851 5246 negocio
1863 5171 2068 5234 mitteremus.
2082 5175 2124 5238 Ac

580 5271 649 5328 tum
671 5265 849 5338 habentem,
865 5269 929 5338 aut,
942 5262 988 5325 his
1003 5263 1081 5326 mihi
1096 5263 1321 5340 deficientibus,
1380 5261 1438 5324 luit
1456 5261 1582 5341 quidem
1598 5261 1685 5323 nobis
1700 5264 1811 5324 merito
1832 5263 2005 5328 iucundum
2020 5266 2123 5329 literas

581 5375 637 5438 per
656 5359 869 5422 dioecesanum
893 5356 1094 5432 sacerdotem,
1111 5365 1153 5432 et,
1169 5357 1251 5420 clero
1273 5357 1323 5420 de·
1380 5357 1446 5419 illas
1469 5365 1536 5418 tuas
1559 5356 1730 5435 perlegere.
1752 5354 1820 5418 Nou
1842 5359 1934 5419 modo
1954 5359 2040 5420 eninr
2059 5362 2123 5422 sin·

582 5453 704 5515 dciente
715 5451 856 5527 omnino,
868 5465 923 5529 per
936 5449 1071 5528 aliquem
1082 5449 1183 5512 hlium
1197 5450 1323 5530 presby·
1380 5449 1488 5528 gulare
1509 5449 1671 5511 continent
1692 5456 1762 5510 tuae
1785 5450 1816 5510 in
1844 5450 2048 5529 apostolicam
2070 5455 2123 5517 Se·

581 5554 683 5607 terum
703 5543 893 5607 saecularem
913 5543 962 5605 vel
977 5543 1152 5619 regularem
1174 5551 1323 5621 spectatae
1379 5543 1450 5606 dem
1472 5543 1684 5604 observantiae
1705 5549 1736 5604 et
1756 5544 1966 5607 venerationis
1984 5546 2123 5610 testimo·

580 5637 739 5718 probitatis
759 5645 791 5698 et
811 5636 971 5714 religionis
992 5636 1030 5699 de
1056 5637 1236 5715 supradictis
1258 5656 1320 5701 om·
1380 5637 1479 5712 nium,
1509 5652 1621 5700 verum
1649 5637 1742 5699 etiam
1770 5637 1961 5715 praeclarum
1988 5639 2122 5704 ailerunt

581 5731 672 5794 uibus
692 5731 784 5809 plene
804 5731 1011 5808 instructum;
1027 5731 1065 5792 de
1079 5731 1256 5794 huiusmodi
1271 5748 1323 5793 au·
1379 5745 1518 5793 summae
1546 5731 1744 5808 imperatoris
1765 5747 1798 5791 ac
1825 5730 1917 5808 liegis
1939 5734 2121 5798 munificen-

581 5830 644 5885 tem
656 5823 879 5902 impedimento
892 5823 1005 5886 docebo
1016 5840 1071 5903 per
1087 5823 1240 5901 legitimas
1254 5840 1323 5901 pro·
1381 5825 1439 5886 tiae
1457 5830 1690 5900 argumentum,
1702 5823 1756 5901 qui
1771 5831 1893 5901 praeter
1908 5824 2012 5902 illum,
2027 5843 2121 5905 quem

580 5917 721 5980 hationes
741 5918 777 5981 ad
799 5916 830 5980 S.
840 5915 876 5980 li.
887 5917 921 5979 E.
936 5917 1129 5981 cardinalem
1149 5933 1322 5996 proponeu·
1379 5917 1513 5981 diximus
1536 5916 1569 5977 in
1591 5915 1723 5993 Capituli
1737 5917 1783 5979 tui
1799 5916 1964 5980 utilitatem
1986 5919 2120 5984 reditum
