4740 6962
31 599 33 656 i
67 573 137 634 inc.
155 557 216 621 list

249 697 341 775 tibus,
365 706 400 762 ut
419 698 524 761 omnia
550 695 701 779 praedicta
723 697 853 776 capitula
878 695 991 760 luituris

247 796 403 874 perpetuis
426 795 616 874 temporibus
632 793 831 872 adimpleant,
847 807 880 854 ao
894 807 929 853 ea
942 791 991 852 ad·

249 887 370 967 impleri
392 887 522 952 sollicite
542 896 653 950 curent
674 904 708 949 at
728 885 882 948 studeant.

76 989 229 1046 nauseabant·
288 983 356 1058 §b
382 983 590 1044 Decernentes
607 982 661 1043 bas
683 986 859 1060 praesentes
888 977 993 1038 literas

65 1061 97 1156 li
110 1048 228 1148 iiiiii&
249 1093 372 1156 semper
395 1078 510 1150 llrmas,
528 1075 643 1137 validas
658 1080 689 1136 et
703 1074 838 1137 efficaces
860 1071 992 1132 existere

249 1181 281 1234 et
301 1171 379 1248 lore,
401 1187 536 1249 suusque
560 1168 715 1248 plenarios
737 1175 767 1229 et
790 1167 927 1242 integras
948 1161 991 1224 el-

248 1265 346 1330 lectus
367 1265 472 1327 sortiri
494 1273 525 1326 ct
547 1265 700 1338 obtinere,
717 1279 750 1324 ao
772 1261 843 1334 iilis,
859 1259 894 1321 ad
918 1273 994 1337 quos

247 1369 364 1443 spectat
382 1367 412 1422 et
428 1375 483 1439 pro
501 1366 641 1436 tempore
655 1357 913 1436 quandocumque
927 1367 995 1432 spe-

249 1455 354 1529 ctabit,
384 1455 416 1516 in
444 1451 589 1514 omnibus
615 1459 646 1513 et
667 1465 723 1530 per
751 1449 852 1510 otnnia
881 1446 995 1524 plenis·

249 1550 331 1610 sime
362 1545 535 1624 suflragari,
558 1553 587 1607 et
615 1545 652 1607 ab
682 1543 726 1605 eis
749 1541 919 1621 respective
949 1539 995 1601 in·

249 1641 438 1704 violabiliter
459 1639 634 1716 observari3
656 1638 762 1716 sicque
796 1637 828 1698 in
850 1634 995 1714 praemis·

249 1735 291 1796 sis
312 1751 368 1814 per
391 1748 604 1813 quoscumque
625 1731 742 1794 iudices
770 1728 942 1792 ordinarios
964 1733 995 1788 et

250 1828 424 1904 delegatos,
448 1827 541 1888 etiam
562 1840 725 1888 causarum
751 1821 854 1900 palatii
877 1827 996 1900 aposto-

253 1920 304 1984 lici
326 1921 500 1996 auditores,
524 1917 651 1981 iudicari
674 1926 705 1979 et
725 1914 849 1977 tlesrniri
871 1913 995 1985 debere,

250 2033 285 2078 aa
307 2015 433 2077 irritum
455 2022 487 2076 et
509 2013 620 2087 inane,
642 2011 667 2072 si
688 2026 776 2072 secus
797 2023 890 2086 super
913 2005 959 2068 itis
981 2022 996 2064 a

250 2122 420 2186 quoquam,
443 2107 551 2185 quavis
573 2103 767 2176 auctoritate,
784 2101 918 2163 scienter
948 2097 997 2160 vei

252 2203 435 2278 ignoranter
459 2199 626 2275 contigerit
657 2195 814 2258 attentari.

292 2293 362 2368 §5-
386 2291 455 2355 Non
477 2292 669 2354 obstantibus
683 2287 956 2352 constitutionibus
968 2291 998 2346 et

250 2388 497 2453 ordinationibus
518 2384 699 2466 apostolicis,
723 2401 779 2446 nec
798 2399 861 2444 non
883 2379 999 2447 ordinis

250 2492 282 2548 et
304 2483 482 2562 provinciae
504 2481 686 2561 pmedictae
702 2478 795 2541 etiam
812 2477 998 2546 iuramento,

250 2579 490 2641 confirmatione
511 2574 687 2653 apostolica,
708 2570 857 2634 roboratis
878 2566 1000 2630 statutis

250 2682 283 2736 et
304 2669 600 2745 consuetudinibus3
615 2666 788 2746 privilegiis
803 2677 937 2742 quoque,
955 2661 1002 2722 in·

250 2767 358 2840 dultis,
374 2773 406 2828 et
427 2765 525 2826 literis
547 2761 718 2841 apostolicis
738 2756 950 2837 superioribus
971 2763 1001 2815 et

250 2861 408 2940 personis,
437 2858 495 2920 sub
521 2855 770 2935 quibuscumque
792 2849 950 2913 tenoribus
970 2856 1001 2909 et

251 2954 361 3016 formis
388 2970 422 3015 ac
443 2967 515 3014 cum
540 2950 701 3028 quibusvis
728 2947 822 3009 etiam
843 2943 1002 3019 derogato-

251 3052 371 3113 riarum
393 3043 604 3126 derogatoriis,
620 3041 749 3120 aliisque
769 3037 1000 3112 efficacioribus,

252 3144 479 3218 efficacissimis,
499 3159 532 3204 ac
553 3137 684 3202 insolitis
704 3136 860 3212 clausulis,
877 3136 1001 3198 irritan-

253 3243 398 3318 tibusque
420 3247 451 3300 et
471 3237 538 3299 aliis
559 3234 691 3298 decretis
711 3233 743 3298 in
765 3247 880 3308 genere
901 3229 950 3290 vel
968 3231 1000 3292 in

252 3336 365 3416 specie,
383 3349 416 3394 ac
430 3331 496 3392 aliis
511 3330 543 3392 in
560 3327 754 3390 contrarium
769 3323 1001 3403 quomodolibet

252 3427 417 3500 concessis,
447 3423 620 3502 approbatis
644 3427 674 3482 et
699 3419 863 3481 innovatis.
886 3417 1002 3492 Quibus

252 3522 400 3585 omnibus
419 3525 452 3580 et
471 3515 605 3593 singulis
626 3513 751 3575 illorum
773 3519 897 3573 tenores
918 3527 1003 3589 prae-

252 3615 393 3678 sentibus
406 3627 461 3691 pro
476 3609 568 3690 plene
585 3615 616 3669 et
633 3606 824 3668 sufficienter
839 3605 1002 3683 expressis,

252 3727 288 3771 ac
308 3711 347 3772 de
368 3707 463 3769 verbo
484 3705 520 3766 ad
542 3703 675 3765 verbum
697 3699 821 3762 insertis
845 3698 1002 3773 babentes,

254 3805 316 3866 illis
342 3801 414 3862 alias
437 3801 469 3860 in
491 3813 546 3859 suo
577 3795 687 3857 robore
707 3794 936 3872 permansuris,
967 3794 1003 3855 ad

254 3896 494 3977 praemissorum
511 3890 668 3962 ellectum,
683 3892 737 3950 bac
752 3889 819 3949 vice
833 3889 1002 3962 dumtaxat,

252 3989 427 4071 specialiter
440 3995 472 4048 et
493 4000 637 4064 expresse
650 3982 846 4058 derogamus,
862 3983 1006 4043 caeteris-

253 4101 315 4164 que
337 4079 497 4146 contrariis
517 4077 775 4157 quibuscumque.

297 4180 408 4240 [latum
429 4173 545 4236 Romae
566 4173 644 4248 apud
667 4168 698 4231 S.
723 4170 851 4232 Petrum
872 4170 930 4232 sub
951 4187 1005 4232 an·

255 4273 331 4335 nula
352 4266 513 4332 Piscatoris
534 4267 583 4328 die
604 4280 657 4326 xx.
681 4263 760 4326 lebr.
786 4279 1002 4340 nunctum,

254 4365 453 4445 pontificatus
473 4359 572 4422 nostri
594 4375 676 4421 anuo
697 4374 753 4419 vtt.

73 2300 167 2356 irrogatio
176 2307 231 2342 cou-

68 2365 170 2404 rnrtomn.

550 4643 689 4707 XXXIV.

256 4833 421 4914 Praecipit
437 4829 599 4915 fratribus
614 4830 739 4892 ordinis
750 4829 913 4892 mixtorum
927 4829 1005 4892 Satt-

297 4930 343 4991 ctt‘
365 4927 534 4992 Francisci
556 4926 592 4987 da
616 4923 825 4988 Obseruantia
842 4923 1004 5004 Reforma-

298 5033 406 5086 taram
416 5029 679 5098 auttcapatorom
688 5019 874 5097 prouinciae
883 5021 917 5080 t'a
926 5020 1005 5081 Bra·

296 5119 387 5190 silio,
399 5125 437 5179 att
453 5116 488 5178 tie
504 5123 627 5177 caetera
644 5115 678 5175 t'tt
694 5112 919 5192 sanctionibus
932 5131 1005 5177 cou-

297 5225 368 5278 tttm
392 5211 627 5292 Gregoriattttm
647 5217 783 5271 scroettt.

513 5381 599 5451 Plus
623 5382 682 5450 ΡΡ.
705 5382 749 5451 lli.

391 5510 428 5578 ad
455 5511 585 5579 loturam
612 5507 660 5575 'rei
689 5509 869 5576 memorien.

83 5686 242 5796 mfgngnxr‘t‘k
298 5691 367 5766 §l
393 5689 513 5769 Exponi
535 5687 629 5750 Nobis
657 5703 756 5766 nuper
784 5686 855 5748 lecit
877 5685 1007 5748 dilectus

83 5796 243 5848 inlitteratu—
260 5785 342 5847 illius
364 5785 505 5847 minister
526 5781 724 5863 provincialis
746 5781 877 5843 fratrum
906 5780 1007 5841 mino·

83 5843 242 5965 iiti'ffii'iifffi
261 5895 331 5940 rum
347 5877 464 5940 ordinis
476 5877 506 5939 S.
520 5876 672 5938 Francisci
687 5873 725 5944 tle
737 5873 934 5938 Obseruantia
951 5871 1008 5935 lie·

84 5960 137 6002 ‘¹²⁰²
260 5969 464 6036 formatorum
486 5975 755 6052 nuncupatorum,
778 5968 952 6047 quodcum
975 5967 1007 6028 in

911 570 982 624 l‘llis
1003 567 1053 623 Pi).
1077 569 1120 624 Vl.

1712 546 1771 620 259
1821 561 1875 622 An.
1889 562 1920 618 0.
1943 551 2009 614 1781

1045 693 1318 760 constitutionibus
1332 690 1469 760 eiusdem
1485 698 1602 761 ordinis
1612 695 1792 760 auctoritate

1045 789 1206 868 apostolica
1234 791 1425 853 confirmatis
1452 807 1594 871 expresse
1618 811 1632 854 a
1655 794 1792 857 S.Fran-

1045 883 1125 945 cisco
1145 885 1230 946 illins
1250 883 1412 948 laudatore
1427 886 1604 950 iniunctum
1624 889 1743 964 luisset,
1759 894 1794 951 ut

1045 975 1148 1039 clerici
1171 977 1282 1040 iaciant
1302 979 1445 1042 divinum
1467 981 1603 1046 officium
1625 983 1794 1046 secundum

1047 1073 1186 1136 ordinem
1205 1072 1235 1136 S.
1250 1075 1285 1136 lt.
1300 1075 1350 1147 lt..
1373 1076 1446 1138 ltinc
1461 1077 1571 1139 iratres
1586 1077 1658 1139 dicti
1680 1077 1796 1139 ordinis

1047 1175 1152 1243 cantu,
1165 1185 1260 1247 quem
1273 1169 1496 1248 Gregoriannm
1512 1181 1635 1248 vocant,
1652 1173 1798 1251 praesori-

1048 1269 1100 1342 pto
1122 1277 1244 1341 quoque
1266 1262 1297 1325 in
1319 1264 1441 1325 statutis
1463 1265 1660 1341 generalibus
1681 1265 1799 1326 ordinis

1049 1357 1237 1431 huiusmodi,
1255 1357 1435 1436 utebantnr3
1451 1359 1522 1445 quia
1538 1375 1611 1421 vero
1623 1361 1800 1437 provinciae

1050 1449 1189 1512 eiusdem
1217 1451 1335 1513 ordinis
1362 1451 1522 1514 minorum
1542 1470 1597 1516 seu
1620 1454 1801 1517 reformato·

1050 1560 1121 1608 rum
1141 1559 1390 1622 nuncupatorum
1406 1544 1435 1606 id
1450 1561 1599 1624 peragere
1612 1547 1799 1624 abnuebant,

1050 1638 1125 1700 binc
1138 1637 1305 1702 mandante
1319 1637 1371 1700 iel.
1388 1654 1449 1701 rec.
1469 1639 1634 1702 Benedicta
1649 1641 1704 1702 ΡΡ.
1720 1642 1799 1704 llllt.

1052 1733 1281 1810 praedecessore
1302 1730 1431 1808 Nostro,
1456 1740 1530 1795 tunc
1552 1734 1689 1796 existens
1709 1735 1802 1797 mini-

1051 1834 1114 1887 ster
1136 1825 1288 1902 generalis
1303 1825 1448 1903 praedicti
1464 1827 1580 1889 ordinis
1595 1843 1733 1907 persnas
1748 1845 1802 1891 en·

1052 1918 1177 1997 cyclicas
1199 1919 1302 1980 literas
1324 1919 1478 1994 iniunxit,
1508 1929 1544 1983 ut
1565 1937 1671 1985 omues
1692 1922 1803 1985 iratres

1052 2010 1126 2074 dicti
1145 2010 1259 2072 ordinis
1276 2012 1446 2087 minorum,
1462 2014 1528 2075 sive
1542 2013 1580 2075 de
1594 2015 1801 2086 observantia,

1053 2105 1103 2166 vel
1125 2104 1378 2180 reformatorum,
1401 2105 1453 2167 vel
1474 2106 1736 2184 discalceatarum,
1755 2125 1804 2171 re·

1053 2196 1307 2273 collectorum,ac
1318 2199 1402 2260 tertii
1414 2199 1530 2262 ordinis
1541 2203 1712 2280 respective
1723 2219 1803 2264 nun-

1053 2299 1247 2370 cupatorum,
1262 2292 1293 2353 in
1315 2293 1415 2354 otiioio
1436 2301 1468 2354 et
1490 2295 1581 2358 missa
1604 2297 1803 2359 conventuali

1054 2385 1165 2446 saltem
1186 2385 1291 2448 diebus
1312 2386 1397 2448 iestis
1419 2390 1599 2464 praesertim
1614 2390 1803 2453 solemnibus

1055 2479 1209 2557 praedicto
1230 2487 1323 2541 cautu
1345 2481 1534 2558 Gregoriano
1555 2491 1732 2546 uterentur.

1095 2573 1164 2648 52.
1189 2573 1230 2633 ric
1252 2572 1361 2634 deiude
1384 2573 1415 2635 in
1438 2575 1572 2652 capitulo
1593 2576 1729 2652 generali
1751 2577 1804 2640 lii-
1837 2579 1863 2625 ld
1879 2578 1963 2635 iusum
1978 2590 2036 2626 eon·

1056 2665 1155 2728 norati
1187 2664 1305 2727 ordinis
1335 2682 1416 2728 auno
1445 2683 1623 2730 uncoxxtx.
1647 2671 1749 2732 habitu
1772 2671 1803 2731 in
1823 2633 2036 2785 iiiiiiiigteniiiid

1056 2758 1181 2821 civitate
1203 2759 1438 2836 Mediolanensi,
1468 2763 1659 2825 confirmatis
1681 2780 1736 2825 seu
1758 2781 1805 2825 re-
1823 2739 2037 2840 ξξῶἰῖῃῖἓξῧῗ

1056 2852 1159 2929 petitis
1179 2853 1301 2914 statutis
1328 2855 1524 2929 generalibus
1550 2857 1713 2934 praedictis
1739 2873 1805 2919 otn-

1057 2961 1131 3008 nem
1152 2953 1289 3022 cautum,
1313 2955 1434 3026 praeter
1447 2947 1688 3026 Gregorianum,
1703 2951 1806 3029 proiti-

1058 3039 1217 3114 bentibus,
1241 3039 1340 3102 addita
1363 3057 1485 3120 quoque
1506 3040 1564 3104 luit
1587 3059 1685 3122 poena
1706 3045 1807 3122 priva·
1846 3119 1849 3129 Ι

1058 3133 1149 3196 tionis
1172 3135 1253 3196 vocis
1274 3134 1391 3196 activae
1412 3142 1443 3197 et
1463 3138 1598 3214 passivae
1612 3137 1649 3199 iis
1669 3139 1807 3218 superio·

1058 3229 1143 3290 ribus
1165 3228 1326 3303 localibus,
1349 3230 1402 3307 qui
1425 3230 1465 3291 ita
1488 3233 1672 3312 praescripta
1695 3249 1807 3296 execu-

1059 3324 1135 3385 tioni
1159 3322 1289 3384 minime
1303 3323 1548 3386 demandassent.
1565 3327 1682 3402 Quibus
1703 3336 1807 3390 tamen

1058 3415 1202 3478 omnibus
1217 3414 1497 3492 nonobstantibus,
1515 3418 1626 3480 abusus
1643 3420 1675 3481 in
1691 3435 1808 3482 memo·

1058 3517 1121 3570 rata
1144 3510 1303 3586 provincia
1330 3509 1445 3572 sensim
1467 3511 1602 3590 irreptus
1628 3513 1702 3574 adeo
1723 3514 1808 3574 inva-

1059 3603 1129 3678 luit,
1153 3610 1187 3664 ut
1209 3619 1295 3666 nunc
1315 3613 1435 3680 cantus,
1459 3605 1543 3683 quia
1564 3605 1661 3668 dictae
1683 3609 1808 3686 provin·

1058 3697 1121 3758 ciac
1137 3696 1270 3759 alumnis
1287 3697 1317 3759 in
1333 3697 1426 3760 choro
1448 3698 1577 3776 aliisque
1597 3699 1808 3763 ecclesiasticis

1059 3789 1272 3852 lunationibus
1293 3799 1444 3865 servatur,
1469 3791 1619 3855 molestus
1635 3809 1759 3872 prorsus
1775 3811 1808 3857 ac

1059 3882 1240 3943 horrisonus
1261 3881 1311 3942 sit.

1098 3977 1117 4050 ἓ
1137 3975 1166 4036 3.
1190 3976 1269 4037 Cum
1290 3983 1406 4052 autem,
1428 3977 1508 4040 sicut
1530 3980 1636 4042 eadem
1658 3981 1808 4059 expositio
1853 3994 1941 4040 eneces
1957 4003 2039 4050 porro-

1057 4068 1276 4145 subiungebat‚
1298 4077 1365 4131 tum
1388 4071 1488 4133 dictus
1515 4073 1658 4135 minister
1682 4076 1807 4152 provin·
1826 4047 2041 4147 ξῑέξᾱέωοὲἒξξζ

1058 4163 1162 4236 ciclis,
1195 4172 1263 4226 tum
1291 4164 1383 4225 etiam
1413 4175 1600 4229 memoratae
1630 4170 1807 4246 provinciae
1826 4154 2040 4254 {ffifflffi

1060 4257 1196 4333 alumni,
1227 4265 1262 4319 ut
1283 4259 1397 4320 reiecto
1419 4260 1543 4338 penitus
1571 4259 1693 4324 diverso
1715 4267 1807 4327 modo
1826 4267 1918 4310 aarum.

1060 4358 1090 4413 et
1112 4367 1226 4414 vocum
1246 4354 1379 4430 strepitu
1394 4353 1569 4430 horrisono,
1585 4372 1647 4436 quo
1668 4358 1806 4419 inmissa

1059 4453 1091 4506 et
1119 4446 1218 4506 ollioio
1250 4445 1436 4522 utebantur,
1464 4455 1572 4510 cantus
1600 4449 1807 4527 Gregorianus

1060 4543 1231 4620 praedictus
1253 4540 1286 4601 in
1307 4540 1451 4605 omnibus
1473 4543 1612 4606 eiusdem
1630 4547 1808 4624 provinciae

1058 4635 1194 4698 ecclesiis
1208 4636 1292 4696 iuxta
1308 4637 1471 4714 praemissa
1486 4643 1627 4700 mandata
1644 4647 1676 4700 et
1697 4647 1807 4702 statuta

1060 4755 1076 4800 a
1097 4736 1242 4800 tratribus
1263 4737 1300 4799 de
1322 4743 1442 4799 caetero
1469 4735 1650 4799 adhibeatur
1669 4750 1808 4798 summo·

1059 4848 1134 4910 pere
1156 4831 1341 4906 desiderent,
1360 4830 1452 4893 Nobis
1466 4839 1626 4909 propterea
1647 4830 1808 4892 humiliter

1059 4926 1225 5008 supplicari
1253 4926 1412 5000 lecerunt,
1440 4933 1475 4986 ut
1501 4925 1558 4986 sibi
1580 4925 1611 4986 in
1634 4924 1808 5002 praemissis

1060 5029 1234 5102 opportune
1255 5021 1428 5097 providere,
1445 5027 1475 5080 et
1492 5029 1525 5081 ut
1540 5017 1620 5079 inira
1642 5017 1808 5094 indulgere

1060 5121 1097 5184 de
1118 5121 1310 5198 benignitate
1331 5118 1493 5197 apostolica
1513 5120 1724 5196 dignaremur.

1091 5217 1119 5291 ς
1140 5216 1169 5276 l.
1203 5214 1264 5276 Nos
1295 5213 1391 5290 igitur
1419 5213 1567 5275 eumdem
1599 5222 1808 5294 exponentem

1059 5308 1240 5390 specialibus
1262 5308 1367 5384 gratiis
1382 5314 1413 5368 et
1427 5306 1583 5370 tatoribus
1598 5309 1741 5388 prosequi
1756 5324 1808 5371 vo-

1061 5405 1175 5477 lentes,
1199 5411 1230 5464 et
1250 5418 1266 5462 a
1287 5401 1445 5480 quibusvis
1468 5401 1807 5478 excommunicationis,

1880 5211 1962 5257 Tener
1979 5210 2039 5256 novi

1828 5263 1961 5321 praecepti.

1060 5496 1270 5575 suspensionis
1292 5502 1323 5556 et
1341 5495 1509 5570 interdicti,
1525 5494 1655 5574 aliisque
1670 5495 1810 5557 ecclesia-

1060 5591 1143 5654 sticis
1166 5589 1317 5664 censuris,
1334 5589 1499 5650 sententiis
1517 5596 1548 5650 et
1569 5591 1677 5667 poenis
1699 5590 1810 5668 quovis

1063 5686 1155 5745 modo
1177 5690 1208 5744 et
1228 5696 1426 5761 quacumque
1441 5682 1478 5743 de
1494 5697 1581 5744 causa
1599 5682 1678 5758 latis,
1694 5683 1719 5744 si
1735 5699 1810 5761 quas

1062 5777 1140 5838 lorte
1158 5776 1336 5850 incurrerit,
1349 5775 1441 5838 buius
1457 5782 1578 5838 tautum
1594 5776 1638 5838 rei
1650 5776 1748 5852 gratia
1760 5775 1810 5837 ab·

1062 5871 1219 5933 solventes
1235 5877 1265 5932 et
1279 5869 1455 5932 absolutum
1477 5867 1543 5931 lore
1564 5877 1737 5946 censentes,
1753 5871 1811 5930 bu-

1064 5967 1196 6031 iusmodi
1211 5964 1485 6049 supplicationibus
1500 5964 1651 6042 inclinati,
1665 5963 1811 6028 omnibus
