4832 6978
331 555 384 614 An.
399 561 429 613 0.
452 550 520 612 lala

334 897 410 943 Ratio
423 901 447 960 et
460 900 533 958 tenor

322 960 498 998 concessionis.

356 3794 489 3844 clausulae
505 3806 542 3841 sa·

330 3849 425 3895 luteres
445 3854 470 3897 et
489 3851 542 3895 irri-

330 3905 420 3950 tantos.

571 550 628 622 led

551 697 587 758 de
610 698 702 773 longe
724 702 890 771 venerunt,
907 696 1009 776 aliquo
1024 693 1174 770 singulari
1189 692 1294 754 lavore

551 789 704 865 adauctos,
727 799 757 853 et
778 792 994 852 condecoratos
1015 803 1080 850 esse
1103 785 1245 848 velimus.

591 884 610 957 ἓ
631 885 660 945 3.
684 885 782 958 Quare
796 898 866 944 oum
879 897 971 944 nemo
988 883 1121 957 ignoret,
1138 879 1218 957 quod
1234 877 1294 954 pri-

553 993 600 1037 ma
624 977 695 1038 lldei
723 975 965 1053 promulgandae
993 974 1151 1036 contentio
1174 989 1189 1034 a
1210 988 1295 1033 sacro

553 1069 686 1147 incoepit
708 1070 903 1131 Pentecostes
919 1069 979 1142 die,
995 1084 1056 1145 quo
1072 1067 1204 1144 Spiritus
1219 1065 1295 1129 San·

551 1170 618 1223 ctus
634 1162 757 1240 illapsus
772 1162 925 1240 apostolis
941 1176 1049 1222 eorum
1069 1161 1159 1222 corda
1176 1160 1295 1220 lullana-

553 1255 660 1328 mavit,
683 1269 817 1332 cumque
839 1254 962 1328 exinde,
983 1253 1079 1314 veluti
1101 1252 1191 1328 signo
1213 1251 1294 1324 clato,

553 1347 770 1426 Apostolorum
790 1347 968 1424 coriphaeus
984 1355 1014 1408 et
1030 1345 1172 1424 princeps
1187 1344 1296 1405 Petrus

553 1441 627 1501 adeo
655 1438 787 1500 feliciter
812 1457 884 1502 suae
910 1437 1141 1518 praedicationis
1168 1451 1296 1499 cursum

553 1534 725 1612 adspiratus
747 1531 852 1608 luerit,
866 1539 899 1594 ut
921 1549 984 1594 uno
1005 1547 1149 1594 sermone
1173 1531 1228 1592 tria
1244 1530 1297 1590 iro-

553 1627 675 1688 minnm
698 1625 793 1687 millia
816 1627 849 1686 in
872 1625 985 1689 Christi
1000 1624 1100 1702 legem
1122 1623 1296 1698 attraxerll;

554 1718 633 1779 nilril
655 1719 753 1796 aptius
775 1733 938 1780 censemus
961 1723 1053 1796 atque
1081 1716 1295 1794 opportunius,

554 1827 647 1891 qoam
668 1811 693 1872 si
715 1816 897 1873 recurrente
919 1810 1084 1889 quotannis
1098 1811 1155 1870 boc
1169 1809 1232 1888 ipso
1248 1809 1297 1869 die

555 1905 632 1966 leste
653 1904 895 1981 praerogativam
915 1913 945 1965 et
975 1903 1076 1965 locum
1107 1901 1227 1963 dicendi
1250 1918 1298 1962 oo-

556 2014 620 2059 ram
643 1999 741 2071 nobis,
765 1997 808 2058 oti
831 2013 897 2058 mos
919 2004 976 2070 est,
999 1999 1036 2058 de
1058 1995 1190 2072 Spiritus
1212 1996 1298 2056 Para-

554 2091 619 2154 cliti
641 2092 777 2153 attlvenlu
799 2090 933 2152 alumnis
957 2091 1016 2150 iam
1038 2089 1127 2151 dictis
1152 2091 1298 2150 conceda-

556 2201 643 2262 mus3
665 2187 707 2246 sic
729 2184 814 2246 enirn
843 2185 906 2257 fiet,
930 2191 965 2245 ut
993 2199 1100 2244 omnes
1129 2193 1160 2244 et
1181 2181 1296 2258 singoli

555 2297 628 2342 suae
644 2279 812 2341 vocationis
828 2285 1097 2354 nemorosaque
1118 2275 1296 2348 iuramenti,

555 2375 637 2452 quod
665 2374 899 2449 praestiterunt,
924 2370 1085 2432 alacriores
1106 2374 1238 2431 evadant
1262 2369 1297 2430 ad

557 2465 767 2530 ministerium
779 2464 963 2540 apostolatus
979 2466 1162 2542 quandoque
1183 2464 1299 2524 obeun-

556 2561 642 2634 dum,
653 2575 765 2636 eosque
777 2557 886 2620 uberes
898 2557 1016 2620 tructus
1029 2556 1210 2631 reddendos,
1222 2573 1299 2634 quos

558 2663 655 2716 mator
676 2652 810 2714 Ecclesia
832 2651 869 2711 ab
890 2650 962 2728 ipsis
975 2666 1031 2710 suo
1047 2649 1079 2711 in
1102 2650 1221 2724 gremio
1243 2665 1299 2710 nu·

558 2749 638 2810 tritis
670 2755 762 2824 atque
794 2744 928 2806 educatis
957 2742 1068 2821 cupide
1100 2742 1235 2805 multum
1268 2759 1299 2804 ac

557 2840 687 2902 sollicite
707 2843 857 2916 expectat.
883 2835 1034 2898 Volumus
1055 2846 1170 2909 tamen,
1195 2843 1229 2897 ut
1251 2850 1300 2896 eo-

559 2948 629 2995 rum
651 2930 758 2993 nullus
772 2931 851 2993 hanc
865 2930 1091 2991 sermocinandi
1107 2930 1298 3008 provinciam

558 3032 692 3088 assumat
714 3023 747 3085 in
774 3022 884 3084 sacello
911 3031 1016 3085 nostro
1043 3023 1218 3099 pontificio,
1241 3023 1299 3085 nisi

558 3135 652 3199 quem
682 3117 811 3179 dilectus
844 3114 924 3177 lilius
952 3116 1099 3192 magister
1128 3117 1302 3194 Stephanus

559 3211 678 3292 Borgia,
696 3211 876 3284 modernus,
893 3217 923 3270 et
940 3225 994 3288 pro
1013 3217 1152 3288 tempore
1167 3211 1302 3270 existens

560 3307 659 3368 diotae
681 3303 939 3380 congregationis
960 3299 998 3364 d'e
1012 3303 1207 3382 Propaganda
1229 3303 1303 3365 Fide

559 3399 752 3472 secretarius,
769 3405 927 3474 tamquam
941 3395 1099 3474 praelibati
1114 3397 1237 3473 collegii
1251 3415 1302 3459 su-

561 3494 663 3573 perior
684 3507 718 3553 ac
738 3489 925 3565 moderator,
948 3491 983 3552 ad
1006 3490 1062 3552 boo
1084 3489 1220 3552 odicium
1241 3490 1304 3552 ele-

560 3589 640 3666 gerit
661 3595 692 3648 et
714 3601 786 3646 voce
813 3583 863 3676 rel
891 3583 1004 3660 scripto
1035 3583 1185 3645 eiusmodi
1209 3584 1304 3647 lacul-

561 3691 655 3745 tatem
679 3672 832 3740 tribuerit.

601 3772 670 3849 §ln
695 3753 900 3833 decernentes
920 3769 1043 3831 easdem
1068 3777 1246 3848 praesentes
1269 3770 1304 3832 li·

562 3875 653 3942 teras,
666 3873 697 3928 et
716 3865 747 3926 in
766 3866 810 3926 cis
823 3872 969 3926 contenta
980 3878 1207 3942 quaecumque,
1224 3881 1304 3926 sem-

562 3979 616 4041 per
654 3961 775 4034 firmas,
805 3957 919 4018 validas
946 3964 978 4017 et
1006 3956 1141 4020 ellicaces
1173 3959 1304 4019 existere

561 4061 592 4116 et
613 4054 690 4128 lore,
712 4066 845 4129 suosque
870 4050 1023 4129 plenarios
1044 4055 1075 4110 et
1103 4050 1241 4125 integros
1262 4049 1304 4109 el-

458 4203 459 4208 ,
561 4146 658 4210 lectus
679 4145 782 4207 sortiri
804 4151 835 4205 et
856 4144 1009 4218 obtinere,
1032 4159 1066 4204 ac
1088 4143 1160 4218 illis,
1177 4142 1212 4203 ad
1228 4158 1304 4221 quos

338 4631 474 4686 Derogatio
484 4640 541 4675 con-

330 4687 474 4730 trariorurn.

560 4247 686 4319 spectat,
700 4246 730 4300 et
745 4254 799 4317 pro
815 4244 955 4315 tempore
966 4237 1224 4315 quandocumque
1238 4251 1305 4313 spe·

561 4335 665 4408 ctabit,
688 4333 719 4394 in
742 4331 888 4393 omnibus
908 4337 940 4390 et
960 4345 1015 4407 per
1036 4331 1141 4391 omnia
1164 4329 1305 4408 plenissi-

561 4443 611 4489 me
642 4426 802 4502 sullragari
824 4432 854 4485 et
881 4423 918 4484 ab
945 4425 990 4484 eis
1012 4423 1182 4502 respective
1206 4425 1304 4484 inrio-

561 4521 694 4582 labiliter
715 4516 881 4579 observari.

600 4617 619 4690 ἓ
639 4614 668 4674 5.
694 4609 761 4672 Non
777 4611 968 4680 obstantibus
987 4611 1259 4672 constitutionibus
1275 4620 1305 4672 el

560 4706 805 4772 ordinationibus
826 4705 1011 4783 apostolicis,
1027 4707 1217 4783 caeterisque
1233 4721 1305 4766 con-

562 4803 662 4866 trariis
684 4799 943 4878 quibuscumque.

602 4898 711 4957 brutum
733 4893 864 4965 Romae,
894 4892 974 4968 apud
1007 4889 1037 4953 S.
1063 4890 1188 4952 Mariam
1215 4892 1305 4953 llaio-

560 5008 640 5065 rern,
656 4988 714 5050 sub
736 4987 852 5048 annulo
874 4985 1047 5060 Piscatoris,
1067 4987 1115 5047 die
1138 5003 1203 5048 xvr.
1228 4988 1305 5049 iunii

561 5101 776 5158 uncotxxnr.,
800 5082 995 5161 pontificatus
1018 5083 1115 5142 nostri
1137 5097 1220 5144 arnrro
1242 5099 1269 5141 v.

565 5747 738 5824 Confirmat
755 5742 870 5807 decret,
889 5743 1154 5822 Couprrputiorris
1168 5739 1307 5803 Ililrtum

602 5857 699 5917 sttper
720 5840 911 5901 recitatione
933 5839 1026 5916 officii
1047 5843 1077 5914 rt
1093 5837 1207 5897 larissae
1229 5836 1309 5897 Suu-

604 5941 673 5998 ctde
695 5932 793 5995 llosqc
816 5930 977 5993 Lintoodc.

1072 567 1135 619 lun.
1160 565 1250 618 bour.
1275 561 1315 615 be
1336 570 1365 614 r.
1389 558 1417 615 tl.
1442 558 1525 614 bans
1547 561 1568 613 l.

1542 705 1726 777 eltutus
1749 703 1809 776 ΡΡ.
1835 704 1906 776 tlllt.
1961 743 1963 752 ν

1491 872 1984 942 mmmmmwm‘

1392 1067 1411 1141 ς
1434 1066 1459 1125 l.
1486 1065 1565 1126 Alias
1579 1064 1768 1126 venerabilis
1784 1063 1879 1124 trater
1893 1063 2020 1124 llidacus
2037 1062 2098 1122 du·
2144 1071 2233 1114 eicos
2248 1065 2339 1123 prims·
2399 1067 2400 1098 ÷

1354 1161 1458 1225 tonius
1485 1159 1742 1236 archiepiscopus
1771 1157 1919 1220 Limanus
1947 1154 2098 1233 supplices
2117 1128 2163 1276 {il
2190 1187 2205 1220 ο
2227 1173 2340 1236 linenda
2399 1177 2400 1182 ¹

1353 1254 1440 1316 nobis
1452 1252 1590 1331 porrexit
1605 1267 1710 1329 preces
1726 1267 1781 1328 pro
1791 1249 1940 1312 'lacultale
1952 1248 2097 1310 recitandi
2118 1228 2339 1332 gss¹21¹j²²ssss„{§f,}]

1353 1363 1435 1410 anno
1456 1344 1594 1424 quolibet
1617 1344 1753 1406 olllcium
1778 1360 1811 1404 ac
1832 1341 2006 1404 celebrandi
2028 1342 2100 1404 mis·
2118 1335 2286 1436 glosgglvllm
2314 1335 2337 1378 ⁵1

1353 1455 1417 1502 sam
1430 1438 1667 1500 translationum
1682 1436 1884 1514 reliquiarum
1898 1436 2026 1498 Sanctae
2041 1436 2100 1497 llo·
2203 1422 2209 1434 ’

1354 1549 1404 1595 sae
1420 1550 1433 1592 a
1450 1529 1559 1594 Sancta
1581 1531 1673 1592 illaria
1690 1529 1821 1606 virginis
1836 1530 1983 1592 Limanae
2006 1530 2100 1590 totins

1355 1627 1444 1703 regni
1457 1625 1619 1686 Perariaui
1635 1633 1782 1702 patronae
1797 1623 1834 1683 ab
1849 1623 1997 1684 universo
2019 1623 2101 1684 clero

1354 1719 1493 1782 ciusdem
1517 1718 1621 1793 regni;
1645 1715 1809 1792 auditaque
1824 1714 1955 1793 desuper
1978 1716 2099 1778 relatio·

1355 1829 1395 1874 ne
1416 1810 1519 1875 dilecti
1543 1811 1596 1871 dlii
1620 1809 1719 1872 nostri
1744 1809 1828 1870 llarii
1852 1807 2102 1870 S.ll.lt.t1ardt-

1355 1907 1433 1968 nalis
1455 1903 1635 1967 blarelusclri
1660 1901 1915 1978 congregationis
1931 1917 2026 1962 reno.
2043 1901 2102 1962 lra-

1356 2007 1438 2060 trum
1456 2005 1636 2058 nostrorum
1659 1995 1788 2058 Sanctae
1816 1993 1971 2056 Romanae
2000 1993 2101 2056 Eccle-

1354 2094 1416 2154 siae
1438 2089 1649 2154 cardinalium
1671 2086 1895 2150 sacrisllitibus
1916 2087 2103 2165 praeposito-

1356 2201 1427 2248 rum
1448 2182 1604 2262 praelecti,
1628 2182 1742 2259 petitae
1753 2180 1868 2258 gratiae
1883 2195 1939 2243 nos
1961 2197 2102 2244 annuen-

1356 2282 1431 2342 dum
1454 2294 1520 2340 esse
1537 2276 1738 2347 censuimus,
1768 2275 1951 2352 editumque
1971 2275 2031 2336 luit
2052 2277 2103 2336 de·

1355 2383 1475 2435 cretum
1498 2369 1626 2442 tenoris,
1649 2369 1703 2446 qui
1723 2368 1875 2446 sequitur,
1893 2382 2018 2448 nempe:

1460 2558 1557 2634 llegni
1580 2556 1757 2630 Feroniam,
1778 2572 1835 2619 seu
1855 2556 1994 2618 Limane.

1396 2748 1464 2823 52.
1490 2749 1569 2810 lium
1592 2743 1870 2807 reverendissimus
1894 2743 2103 2823 Arcbiepisco·
2140 2759 2341 2824 ronorprtmae
2401 2813 2402 2816 Ἴ

1358 2858 1414 2920 pus
1434 2840 1583 2901 bimanus
1610 2837 1809 2901 Sanctissimo
1838 2837 1967 2900 Domino
1995 2848 2102 2900 nostro
2121 2824 2309 2860 ⁰⁰⁰⁰⁰⁵⁵¹⁰¹¹¹⁵'

1359 2933 1513 2996 Clementi
1537 2930 1592 2993 PP.
1605 2929 1686 2992 Xlll.
1703 2928 1894 2991 humillimas
1915 2945 2020 3007 preces
2035 2947 2103 3010 por·

1358 3027 1475 3087 rexerit
1498 3040 1552 3104 pro
1582 3023 1725 3086 facultate
1752 3023 1883 3099 singulis
1911 3025 2001 3086 annis
2028 3025 2103 3087 reci·

1361 3119 1444 3181 tandi
1466 3119 1503 3178 ab
1532 3118 1679 3179 universo
1710 3117 1793 3178 clero
1822 3117 1912 3192 regni
1940 3118 2103 3180 Peruviani

1358 3213 1506 3286 officium,
1530 3218 1561 3273 et
1583 3208 1758 3273 celebrandi
1784 3210 1907 3271 missam
1932 3211 2104 3273 translatio·

1359 3321 1437 3368 num
1459 3305 1664 3382 reliquiarum
1687 3301 1816 3365 Sanctae
1839 3302 1934 3364 Rosae
1954 3322 1970 3365 a
1995 3301 2103 3367 Sancta

1358 3399 1450 3461 illaria
1473 3397 1605 3474 virginis
1627 3395 1772 3458 Limanac
1803 3396 1895 3458 totius
1920 3397 1993 3458 dicti
2016 3399 2104 3474 regni
2190 3403 2194 3414 “

1359 3501 1517 3572 patronae,
1530 3490 1681 3553 Sanctitas
1696 3486 1756 3551 Sua
1773 3490 1808 3552 ad
1830 3489 2014 3552 relationem
2029 3492 2105 3553 emi·

1361 3583 1536 3647 nentissimi
1557 3591 1587 3644 et
1610 3582 1862 3645 reverendissimi
1884 3582 2008 3645 Domini
2035 3585 2105 3648 tlar-

1359 3679 1470 3741 dinalis
1502 3677 1587 3739 blarii
1619 3675 1801 3738 lllareluscbi
1833 3674 1941 3738 Sacrae
1976 3676 2105 3738 {lituum

1361 3770 1617 3848 congregationis
1643 3769 1787 3847 praelecti
1820 3769 1939 3831 rensnit
1965 3785 2105 3832 annuen-

1360 3867 1434 3927 dum
1447 3879 1502 3943 pro
1518 3863 1615 3940 gratia
1628 3861 1833 3923 concessionis
1849 3861 1940 3922 oflicii
1954 3871 1985 3924 et
1996 3863 2106 3925 misae

1362 3958 1570 4020 translationis
1581 3955 1733 4018 dictarum
1755 3954 1958 4033 reliquiarum
1973 3956 2011 4017 de
2025 3973 2106 4019 com-

1361 4051 1449 4114 muni
1482 4051 1643 4127 virginum
1672 4064 1744 4110 oum
1774 4047 1958 4110 lectionibus
1979 4051 2105 4113 secundi

1362 4146 1506 4207 nocturni
1530 4142 1732 4222 approbandis
1748 4143 1804 4202 sub
1824 4143 1888 4203 ritu
1910 4143 2104 4221 semiduplici

1362 4255 1417 4317 pro
1439 4237 1488 4300 die
1514 4255 1530 4298 a
1556 4237 1638 4297 dicto
1667 4235 1928 4297 reverendissimo
1951 4236 2107 4316 drobiepi-

1365 4347 1451 4410 'copo
1466 4328 1665 4406 designanda,
1680 4329 1810 4390 somatis
1825 4328 1972 4389 breviarii
1988 4337 2018 4390 et
2033 4332 2106 4392 mis-

1361 4425 1431 4486 salis
1452 4423 1573 4486 romani
1595 4423 1734 4485 rubricis.
1759 4422 1812 4482 bie
1836 4438 1935 4483 xxvu,
1960 4423 2106 4485 februarii

1362 4532 1563 4580 noocxxxnr.

1505 4705 1544 4768 tt.
1569 4705 1657 4768 Card.
1681 4704 1895 4766 Manxncscus
1918 4703 2097 4781 praelectus

1402 4843 1482 4904 Loro
1495 4841 1516 4918 †
1530 4840 1628 4916 Signi.

1542 4993 1580 5054 Μ.
1604 4990 1689 5054 Gallo
1711 4988 1742 5052 S.
1758 4991 1791 5052 ll.
1811 4993 1843 5056 C.
1864 4991 2065 5053 Secretarios.

1403 5182 1422 5256 ὃ
1443 5181 1471 5240 3.
1496 5179 1613 5242 lleinde
1628 5195 1701 5240 vero
1715 5179 1795 5239 idem
1813 5177 1940 5239 didacus
1956 5178 2109 5239 Antonius
2167 5193 2344 5256 xtracprccas

1364 5272 1618 5351 drobiepiscopns
1634 5273 1747 5333 iterum
1763 5271 1850 5332 nobis
1862 5270 2023 5334 bumiliter
2037 5287 2109 5349 sup·
2127 5247 2345 5356 ffipgffiff‘ssfflff

1365 5367 1469 5457 plicari
1485 5365 1569 5440 lecit,
1588 5373 1623 5426 ut
1637 5365 1809 5425 orationem
1830 5379 1863 5424 ac
1879 5364 2025 5426 lectiones
2040 5380 2108 5442 pro·
2129 5355 2190 5454 32⁵&
2210 5357 2236 5400 0²
2250 5356 2347 5400 ⁰¹'³²l⁰·

1365 5461 1443 5540 prias
1466 5459 1595 5521 secundi
1620 5457 1766 5520 nocturni
1794 5457 1825 5518 in
1851 5457 1987 5535 praelato
2011 5458 2108 5519 olltcio

1367 5552 1519 5615 recitanda
1540 5551 1709 5630 approbare
1724 5551 1762 5611 de
1784 5550 1975 5628 benignitate
1991 5557 2109 5630 aposto·

1365 5647 1420 5709 lica
1443 5648 1655 5723 dignaremur.
1678 5646 1739 5707 Nos
1762 5645 1865 5723 itaque
1886 5647 2056 5708 orationem
2079 5655 2110 5706 et

1365 5740 1514 5803 lectiones
1536 5740 1713 5801 luriusmodi
1736 5741 1773 5800 ab
1794 5739 1901 5800 ertatem
1924 5740 2019 5801 llario
2039 5741 2111 5801 Car-

1365 5834 1459 5896 dinuli
1482 5842 1513 5896 et
1536 5832 1688 5911 praelecto
1711 5833 1826 5894 revisas
1847 5839 1940 5910 atque
1960 5842 2111 5896 correctas

1365 5928 1424 5990 alio
1446 5930 1568 5991 decreto
1583 5927 1831 6007 approbavimus,
1843 5943 1954 6005 easque
1976 5927 2013 5988 ab
2027 5935 2111 5989 ntro·

2221 1125 2339 1165 Orredlssfl
2399 1135 2400 1140 ¹
