4754 6966
355 535 453 592 nuc.
476 539 544 594 troo
595 531 652 599 t‘td

575 675 692 736 tionem
724 673 918 745 reduxerint,
951 673 1138 750 plenariam3
1168 686 1316 733 necnon

573 770 681 831 iisdem
706 783 778 829 vere
799 766 1031 843 poenitentibus
1052 775 1083 827 et
1103 765 1250 827 confessis
1268 764 1318 826 die

572 861 603 924 S.
628 861 763 923 Thomae
779 859 916 936 Apostoll
940 859 971 920 in
994 859 1088 921 indiis
1109 858 1250 936 praelatis
1265 858 1319 919 ali·

571 971 663 1036 quam
687 971 726 1016 ex
752 953 845 1014 cerlis
876 952 1058 1014 dilectorum
1084 952 1218 1014 liliorum
1248 969 1317 1031 pre-

570 1052 766 1128 sbyterorum
780 1046 939 1110 societatis
953 1045 1021 1106 iesu
1040 1045 1175 1107 ecclesiis
1190 1046 1315 1110 illarum

570 1146 704 1226 partium
734 1143 797 1204 Deo
821 1139 869 1200 vel
893 1141 923 1202 in
955 1138 1104 1199 honorem
1131 1139 1315 1204 Sanctorum

569 1242 699 1318 erectis3
720 1253 778 1302 nec
800 1251 863 1299 nou
886 1251 993 1296 cnrnes
1007 1243 1038 1296 et
1053 1235 1190 1311 singulas
1211 1235 1317 1297 huius-

570 1337 651 1400 modi
682 1332 822 1396 ecclesias
847 1329 1068 1404 collegiorum,
1098 1332 1263 1391 domorum
1285 1336 1315 1390 et

569 1428 806 1492 residentiarum
818 1422 955 1484 eiusdem
973 1420 1132 1484 Societatis
1148 1423 1314 1498 regionum

568 1521 792 1602 praedictarum
815 1517 924 1576 saltem
953 1515 1036 1577 inter
1056 1532 1089 1577 se
1111 1533 1164 1594 per
1186 1524 1311 1578 centum

567 1616 710 1680 milliaria
727 1613 884 1683 distantes,
897 1618 932 1671 ut
946 1624 1037 1687 supra
1053 1617 1168 1670 erectas
1182 1609 1315 1684 singulis

567 1711 656 1772 annis
677 1714 812 1784 quatuor
829 1703 936 1764 diebus
958 1703 1042 1765 lestis
1057 1703 1180 1764 Domini
1203 1703 1312 1777 nostri,

568 1806 600 1866 B.
625 1803 663 1865 hi.
683 1799 832 1874 Virginis,
856 1804 907 1858 ant
930 1797 1114 1859 Sanctorum
1138 1813 1192 1875 per
1214 1798 1312 1858 dictae

566 1894 725 1959 Societatis
736 1890 942 1971 praepositum
957 1890 1134 1965 generalem
1150 1890 1313 1966 designan-

565 1993 610 2054 dis
632 1987 838 2060 visitantibus,
855 1991 885 2045 et
907 1983 981 2044 inihi
1002 1984 1231 2046 sanctissimum
1252 1985 1312 2046 Eu·

565 2082 726 2148 charistiae
744 2087 971 2140 sacramentam
986 2077 1193 2152 sumentibus,
1210 2084 1240 2137 et
1255 2091 1312 2156 pro

565 2177 732 2254 gentilium
747 2182 778 2233 et
794 2171 1022 2234 haeretieorum
1034 2173 1236 2234 conversione
1249 2172 1310 2251 pias

564 2272 600 2334 ad
635 2271 731 2330 houm
760 2280 864 2342 preces
887 2263 1104 2338 fundentibus,
1132 2265 1225 2325 etiam
1248 2266 1310 2339 ple·

564 2364 704 2435 nariam3
734 2357 878 2419 omnihus
907 2357 1001 2417 etiam
1027 2364 1059 2417 et
1085 2356 1217 2432 singulis
1247 2365 1308 2418 tam

563 2453 762 2537 presbyteris,
786 2467 878 2530 quam
906 2449 973 2510 aliis
995 2451 1032 2511 de
1054 2451 1131 2512 dictu
1158 2447 1310 2512 Societate

563 2547 779 2619 existentibus,
793 2560 868 2622 quos
883 2544 915 2605 in
932 2542 1069 2620 qualibet
1083 2545 1245 2622 utriusque
1261 2545 1309 2606 ln-

562 2645 627 2706 diae
650 2641 791 2716 regione,
814 2636 864 2698 vel
886 2636 996 2699 Oceani
1019 2636 1133 2710 insula,
1148 2646 1201 2698 aut
1223 2637 1308 2698 navi-

562 2739 684 2813 gatione
705 2747 760 2811 pro
789 2729 859 2790 sulci
882 2729 1008 2804 negotio
1030 2729 1132 2790 eundo
1161 2730 1211 2791 vei
1241 2731 1306 2792 red-

560 2831 663 2893 eundo
690 2825 769 2888 mori
803 2823 980 2898 contigerit,
1004 2821 1035 2882 iu
1064 2822 1228 2884 cuiuslibet
1257 2841 1306 2886 eo-

560 2939 632 2985 rum
665 2921 773 2982 mortis
800 2915 947 2989 articulo,
975 2915 1086 2976 saltem
1113 2917 1254 2979 contritis
1276 2925 1306 2978 et

559 3015 717 3088 coniessis,
733 3013 756 3073 si
773 3010 1003 3074 communicare
1019 3009 1231 3086 nequiverint,
1243 3010 1304 3089 ple·

558 3109 675 3170 nariam
697 3106 822 3183 pariter.

344 3227 487 3274 recurreres
501 3229 538 3274 tn·
597 3203 665 3278 52.
691 3197 887 3262 Scholarihus
909 3212 983 3257 vero
1006 3195 1037 3256 in
1066 3206 1196 3274 utraque
1219 3197 1302 3259 india

325 3281 538 3382 gfflfiiififfissssss
557 3293 775 3366 existentibus,
805 3307 838 3352 uc
860 3289 1108 3352 confrater-nitati
1133 3291 1167 3350 B.
1193 3290 1303 3352 hieriae

324 3387 539 3489 {gglffiefffigfffi
557 3389 694 3464 Virginis
724 3386 799 3446 inihi
824 3383 969 3445 canonice
1002 3383 1160 3445 institutae
1192 3385 1302 3444 adscri-

325 3499 434 3553 utraqua
456 3477 535 3542 indta.
556 3485 627 3563 ptis,
640 3482 693 3560 qui
710 3481 741 3540 in
753 3476 1013 3539 hurtuuciationis
1028 3484 1058 3536 ct
1075 3477 1302 3554 hssumptionis

555 3577 649 3656 ipsius
672 3576 704 3636 B.
730 3572 867 3647 Virginis
895 3570 979 3631 iestis
1006 3571 1121 3632 dictum
1152 3572 1303 3632 sanctissi-

554 3687 642 3731 mum
671 3665 880 3730 Eucharistiae
908 3671 1136 3726 sacramentum
1164 3681 1302 3741 sumpse·

553 3764 628 3836 rint,
651 3773 681 3823 ot
704 3773 847 3822 coronam
876 3757 927 3817 vel
951 3757 1073 3816 tertiam
1101 3765 1220 3834 partem
1242 3757 1300 3818 ho-

552 3857 621 3917 sarii
645 3854 859 3926 recitaverint3
884 3868 940 3912 uec
955 3867 1018 3912 uon
1035 3850 1199 3928 utriusque
1210 3869 1302 3915 sexus

552 3947 803 4012 christifidelibus
825 3945 959 4022 aliquam
981 3961 1018 4004 ex
1040 3944 1300 4006 coniraternitati·

553 4045 610 4104 hns
638 4042 786 4104 canonico
813 4040 970 4110 erigendis
1002 4037 1168 4112 ingressis,
1190 4039 1245 4116 qui
1267 4040 1299 4101 in

552 4137 718 4197 festivitate
740 4132 928 4194 Sanctissimi
951 4131 1093 4209 Corporis
1116 4132 1244 4206 Christi,
1269 4141 1299 4193 et

551 4230 635 4291 illias
656 4238 772 4301 octava,
796 4227 990 4304 poenitentes
1011 4224 1155 4285 similiter
1176 4235 1206 4286 ct
1228 4242 1299 4286 con-

551 4323 621 4384 iessi
646 4323 726 4382 idem
748 4327 955 4380 sacrosanctae
973 4317 1182 4379 Eucharistiae
1203 4336 1300 4380 sacra-

550 4424 695 4478 mentum
723 4413 929 4491 saranescum,
953 4419 983 4472 et
1006 4411 1037 4471 in
1059 4412 1225 4473 cuiuslibet
1246 4428 1296 4474 eo-

551 4527 622 4572 rum
652 4509 760 4570 mortis
793 4506 922 4569 articulo
953 4506 1046 4566 etiam
1078 4506 1236 4584 poeniten.
1267 4518 1297 4569 et

550 4603 706 4677 coniessis,
729 4619 762 4664 uc
787 4618 870 4664 sacra
897 4600 1128 4661 Communione
1158 4601 1294 4676 reiectis,

549 4707 601 4759 aut
621 4698 732 4758 saltem
764 4695 917 4769 contritis,
940 4695 965 4754 si
992 4693 1133 4755 coniiteri
1162 4702 1192 4754 et
1214 4711 1297 4755 com-

549 4791 710 4852 municare
732 4805 796 4851 non
823 4789 995 4867 potuerint,
1018 4785 1187 4864 plenariam
1208 4788 1293 4849 simi-

550 4884 621 4946 liter
651 4885 794 4946 omnium
821 4889 1016 4960 peecatorum
1041 4897 1170 4941 suerrum
1193 4881 1295 4944 indul-

548 4979 688 5052 gentiam
710 4987 741 5038 et
762 4977 976 5037 remissionem
999 4975 1238 5037 misericorditer
1261 4977 1292 5037 in

550 5073 679 5133 homino
695 5071 900 5133 concedimus.
924 5069 1053 5146 insuper
1068 5070 1155 5131 dictis
1176 5069 1292 5132 schola·

548 5166 633 5227 ribus
664 5164 815 5226 eiusmodi
847 5162 1092 5224 contracerrrttatt
1123 5165 1291 5242 adscriptis,

547 5259 600 5336 qui
623 5260 655 5319 in
678 5258 809 5334 singulis
831 5258 970 5318 eiusdem
993 5257 1026 5317 Β.
1053 5255 1089 5318 V.
1114 5257 1236 5331 har-tae,
1259 5274 1292 5320 ac

547 5351 812 5426 Resurrectionis,
846 5350 1041 5412 l’entecostes
1063 5359 1093 5412 et
1117 5350 1292 5412 Natiuitatis

547 5445 670 5507 homini
702 5445 800 5507 nostri
830 5445 897 5506 lesu
930 5445 1045 5508 Christi
1073 5443 1291 5508 festivitatibus

546 5543 673 5606 coniessi
697 5552 728 5603 et
749 5541 876 5602 contriti
905 5541 1069 5619 praemissa
1099 5538 1288 5617 peregerint,

546 5638 652 5698 decem
673 5649 828 5696 annorum
850 5635 886 5696 de
909 5633 1056 5695 iniunctis
1077 5633 1132 5708 eis,
1149 5649 1203 5692 seu
1218 5632 1290 5693 alius

544 5731 776 5808 ‹puoruodolihet
802 5729 912 5792 ciebitis
941 5727 1157 5805 poenitentiis3
1182 5727 1290 5788 iisdem

545 5841 667 5904 quoquc
688 5825 890 5899 scholaribus,
906 5825 958 5901 qui
981 5823 1013 5882 in
1035 5823 1167 5898 singulis
1182 5823 1290 5884 diebus

545 5922 670 5988 veneris
701 5921 866 5984 cuiuslibet
898 5919 1149 5998 quadragesimae
1180 5919 1291 5982 devote

1094 550 1338 598 tuu.90dv.hs
1360 551 1388 596 E
1413 553 1593 599 r-eanst.

2154 540 2219 592 An.
2243 539 2279 590 0.
2306 538 2372 594 176t

1372 671 1617 747 processionibus
1638 673 1767 751 puhlicis
1789 672 1822 735 in
1844 673 1981 752 partibus
1995 682 2026 738 et
2047 675 2121 738 locis

1373 766 1586 827 transmarinis
1607 768 1643 829 ad
1666 767 1818 830 orandum
1839 785 1894 846 pro
1916 770 2120 832 conversione

1373 859 1538 930 gentilium
1554 867 1585 921 et
1604 860 1830 922 haereticorum
1849 862 2057 941 praefatorum
2072 864 2118 926 iu-

1372 957 1421 1012 xta
1445 952 1541 1013 ritum
1564 953 1715 1015 Ecclesiae
1745 954 1877 1016 Romaae
1898 955 2049 1019 institutis
2071 959 2118 1021 in-

1372 1043 1551 1117 teriueriul,
1576 1045 1670 1107 trium
1693 1063 1864 1123 annorum;
1891 1049 2020 1128 reliquis
2042 1068 2117 1112 vero

1371 1137 1515 1198 omnihus
1537 1137 1799 1213 christifidelibus,
1815 1141 1931 1204 eisdem
1948 1145 2116 1220 processio·

1370 1229 1460 1290 nibus
1482 1232 1694 1308 praesentibus
1722 1234 1865 1295 contritis
1893 1241 1924 1296 el
1951 1236 2114 1312 confessis,

1371 1323 1464 1383 unius
1485 1324 1558 1384 anni
1581 1323 1806 1400 indulgentiam
1823 1326 2004 1405 elargimur3
2020 1333 2116 1408 quod·

1369 1431 1430 1492 que
1453 1432 1507 1494 pro
1529 1417 1688 1480 animabus
1716 1433 1825 1480 eorum
1852 1419 2112 1499 christifidelium,

1369 1511 1421 1586 qui
1445 1510 1476 1570 in
1500 1511 1640 1588 praelatis
1668 1513 1831 1590 utriusque
1860 1513 1964 1575 indiae
1991 1517 2115 1594 naviga·

1369 1603 1504 1665 tionibus
1536 1620 1590 1682 pro
1625 1605 1750 1680 negotio
1781 1603 1852 1666 hdei
1885 1607 2045 1670 instituen.
2077 1612 2114 1672 ab

1367 1697 1512 1757 humanis
1533 1699 1564 1758 in
1587 1699 1713 1758 caritate
1735 1699 1857 1760 Christo
1883 1701 2042 1764 coniuncti
2063 1705 2112 1765 de-

1367 1791 1514 1850 cesserint
1536 1789 1664 1852 coniessi
1691 1808 1724 1852 uc
1746 1807 1804 1852 suc.
1829 1795 2051 1856 communione
2066 1813 2114 1858 re·

1367 1881 1450 1955 lecti,
1479 1883 1602 1943 tertiam
1632 1891 1752 1960 partem
1785 1884 1912 1958 hosarii,
1934 1893 1988 1948 aut
2016 1904 2112 1950 unam

1366 1991 1511 2036 coronam
1533 1975 1744 2050 recitaverint,
1761 1978 1881 2054 quoties
1902 1979 1932 2040 id
1944 1988 2048 2056 agent,
2066 1987 2110 2043 to-

1368 2068 1424 2130 ties
1447 2085 1500 2146 per
1521 2071 1648 2130 modum
1679 2069 1816 2146 sutiragii
1846 2087 1941 2132 unam
1963 2089 2002 2134 ex
2022 2076 2110 2136 dictis

1365 2163 1525 2224 animabus
1547 2179 1562 2222 a
1584 2163 1690 2240 poenis
1712 2165 1882 2240 purgatorii
1909 2166 2033 2228 liberari
2059 2185 2109 2230 va-

1365 2256 1458 2318 leant.
1482 2257 1630 2334 Quodque
1651 2255 1804 2318 scholares
1823 2259 1986 2337 utriusque
2007 2261 2110 2324 indiae

1365 2349 1561 2422 huiusmodi,
1585 2349 1637 2426 qui
1661 2349 1692 2409 in
1714 2348 1825 2410 scholis
1855 2353 2108 2429 presbyterorum

1363 2443 1460 2505 diotae
1491 2442 1644 2504 societatis
1669 2444 1742 2504 dant
1774 2459 1897 2522 operam
1930 2443 2052 2520 litteris
2075 2449 2107 2509 in

1363 2535 1616 2613 presbyterorum
1638 2537 1820 2597 eorumdem
1849 2537 1983 2600 ecclesiis
2006 2540 2108 2602 Missas

1362 2629 1412 2689 vel
1433 2629 1489 2689 alia
1511 2629 1614 2690 divina
1631 2628 1728 2689 officia
1744 2637 1883 2706 tompore
1906 2631 2061 2695 interdicti
2077 2645 2108 2695 et

1361 2722 1538 2784 cessationis
1553 2737 1568 2780 a
1583 2721 1695 2782 divinis
1710 2721 1827 2796 audire,
1844 2722 1962 2801 ipsique
1983 2727 2106 2804 preshy-

1362 2818 1418 2877 teri
1440 2817 1549 2878 iisdem
1571 2813 1759 2876 scholaribus
1773 2818 1985 2893 praesentibus
2007 2819 2106 2882 ianuis

1360 2912 1469 2974 elairsis
1490 2921 1522 2972 et
1543 2926 1606 2971 non
1629 2910 1754 2990 pulsatis
1776 2915 1941 2990 campanis,
1965 2923 1996 2976 et
2017 2918 2107 2977 dum-

1360 3009 1450 3068 modo
1467 3007 1522 3084 ipsi
1535 3023 1655 3068 causam
1671 3006 1845 3070 huiusmodi
1862 3008 2030 3072 interdicto
2042 3027 2104 3073 nou

1360 3100 1513 3176 dederint,
1536 3117 1569 3161 ac
1591 3099 1763 3162 interdictis
1784 3106 2105 3167 etexcomnunicahs

1357 3194 1503 3267 exclusis,
1519 3193 1674 3255 celebrare
1695 3195 1868 3273 respective
1889 3198 2017 3273 possint,
2033 3215 2104 3261 con-

1358 3288 1495 3350 cedimus
1518 3295 1548 3346 ct
1570 3286 1781 3364 indulgemus.
2371 3359 2372 3364 ,

1398 3381 1468 3454 §h
1492 3380 1621 3457 insuper
1649 3380 1790 3459 praelatis
1816 3383 1961 3445 omnibus
1983 3393 2013 3448 el
2040 3387 2105 3448 sin·
2146 3409 2339 3465 extenuantur,
2371 3371 2372 3442 l

1358 3475 1439 3552 gulis
1463 3476 1624 3551 utriusque
1638 3489 1730 3533 sexus
1745 3474 1995 3538 christifidelibus
2013 3479 2042 3540 in
2056 3481 2104 3542 ln·
2122 3466 2146 3506 ‘³²
2166 3463 2339 3510 ⁸⁰⁰⁰¹⁰³¹¹²¹¹f

1357 3571 1414 3631 diis
1443 3577 1473 3628 et
1501 3567 1680 3642 regionibus
1710 3567 1850 3642 praelatis
1876 3571 2026 3646 existen,
2050 3576 2102 3652 qut
2121 3515 2339 3632 ἷῖἓὲῑιῐῗῖιῗῖἷειῖθ-

1451 3663 1456 3672 .
1476 3661 1481 3672 .
1681 3660 1685 3670 .
1812 3663 1816 3670 ,
1999 3667 2003 3676 ,
2121 3625 2244 3680 ictusque
2264 3635 2336 3670 sexus

1357 3670 1482 3725 contr-rh
1505 3669 1535 3722 ct
1557 3660 1687 3722 couiossr
1702 3661 1872 3738 quamlibet
1897 3663 2057 3728 ecclesiam
2072 3677 2102 3728 et
2121 3676 2313 3723 christtssoeho.

1356 3755 1525 3833 cappellam
1553 3755 1585 3815 in
1609 3755 1732 3840 ¹eisdem
1765 3755 1917 3832 partibus,
1947 3758 2101 3821 dictorum

1357 3849 1608 3927 presbyterorum
1630 3847 1789 3908 societatis
1810 3847 1877 3910 lesu
1898 3867 1970 3912 cura
1985 3861 2016 3914 et
2030 3869 2101 3932 ope-

1356 3959 1400 4014 ra,
1424 3947 1458 4002 ut.
1478 3955 1581 4018 supra,
1601 3949 1747 4014 erectam,
1764 3949 1816 4002 aut
1831 3941 1862 4004 in
1879 3942 2021 4007 futurum
2043 3947 2101 4007 eri·

1356 4036 1500 4110 genuam,
1523 4035 1633 4095 devote
1656 4035 1854 4097 visitaverint
1874 4045 1916 4111 et,
1940 4045 2099 4117 utsupra,

1354 4128 1524 4201 oraverint,
1547 4128 1747 4204 quadraginta
1770 4129 1845 4203 dies,
1861 4139 1892 4190 et
1907 4132 2002 4192 semel
2024 4149 2100 4211 quo·

1355 4222 1430 4283 libet
1451 4237 1533 4282 attho
1555 4220 1658 4298 aliquo
1680 4221 1729 4282 die
1751 4221 1828 4284 iesto
1853 4225 1977 4285 honuni
2001 4229 2099 4289 nostri

1355 4316 1422 4377 iesu
1444 4315 1570 4388 Christi,
1596 4315 1629 4374 tt.
1654 4314 1691 4375 Μ.
1717 4315 1867 4392 Virginis
1896 4324 1948 4378 aut
1976 4319 2100 4381 Sancto

1355 4427 1436 4486 aaran,
1465 4423 1560 4489 quern
1588 4410 1787 4487 provincialis
1813 4412 1911 4473 dictae
1940 4413 2098 4476 societatis

1353 4506 1563 4578 constituerit,
1580 4512 1698 4582 septem
1721 4519 1818 4566 annos
1835 4515 1865 4566 et
1882 4507 2009 4568 totidem
2025 4526 2098 4587 qua·

1353 4601 1516 4674 dragenas:
1542 4597 1669 4672 etalem,
1694 4599 1747 4676 qui
1769 4598 1902 4676 aliquam
1924 4618 1961 4662 ex
1984 4605 2098 4680 praei-

1353 4694 1391 4754 tis
1412 4693 1547 4754 ecclesiis
1562 4692 1716 4754 dictorum
1731 4693 1981 4771 presbyterorum
1998 4697 2097 4759 Socie-

1354 4787 1423 4848 tatis
1445 4786 1511 4852 lesu
1533 4783 1785 4862 quadragesimae
1813 4794 1843 4849 et
1865 4789 1931 4849 aliis
1952 4794 2097 4867 tempori·

1352 4886 1408 4947 bus
1427 4886 1597 4946 stationam
1620 4883 1709 4944 Urhis
1732 4883 1892 4944 dominicis
1912 4889 1942 4944 et
1962 4885 2036 4945 terta
2050 4902 2096 4946 se-

1352 4989 1401 5040 xta
1422 4979 1529 5040 diebus
1558 4978 1766 5050 visitaverint,
1788 4978 1910 5037 easdem
1936 4993 2044 5038 omues
2065 4987 2096 5040 et

1349 5073 1486 5150 singulas
1499 5070 1706 5146 indulgentias
1717 5069 1927 5142 concedimus,
1939 5086 2014 5147 quas
2025 5087 2097 5132 con-

1348 5175 1566 5244 sequerentur,
1587 5165 1612 5226 si
1635 5165 1774 5226 ecclesias
1796 5172 1827 5225 et
1848 5164 1985 5226 basilicas
2007 5165 2096 5227 Urbis

1350 5261 1381 5320 in
1404 5260 1511 5320 diebus
1532 5259 1703 5320 stationum
1718 5259 1896 5321 huiusmodi
1918 5259 2094 5336 visitareut3

1350 5354 1484 5432 illisque,
1507 5353 1560 5431 qui
1582 5351 1716 5428 singulis
1744 5352 1850 5414 diebus
1872 5352 1966 5414 feriae
1991 5363 2095 5415 sextae

1348 5448 1466 5525 primae
1495 5447 1703 5508 hebdomadae
1730 5446 1952 5525 cuiuscumque
1979 5448 2095 5508 mensis

1347 5543 1469 5602 easdem
1491 5540 1630 5602 ecclesias
1651 5541 1761 5602 devote
1785 5541 1990 5615 visitaverint,
2007 5549 2038 5602 et
2053 5541 2094 5601 ibi

1347 5635 1515 5711 quinquies
1543 5634 1715 5693 orationem
1744 5633 1929 5695 dominicam
1953 5640 1983 5694 et
2005 5633 2111 5694 toties

1346 5727 1564 5788 salutationem
1585 5726 1755 5802 attgelicarn
1776 5742 1831 5803 pro
1852 5725 2040 5788 exaltatione
2059 5729 2092 5788 sr-

1347 5821 1395 5881 dei
1419 5820 1586 5882 catholicae
1608 5820 1819 5893 recitaverint,
1841 5827 1961 5896 septem
1977 5837 2092 5896 annos3

1348 5915 1379 5975 in
1395 5915 1479 5975 iestis
1495 5929 1569 5974 vero
1584 5913 1707 5973 Domini
1722 5913 1821 5974 nostri
1841 5914 1907 5974 lesu
1923 5913 2049 5991 Christi,
2060 5932 2093 5978 ac
