4740 6962
321 541 619 616 mmmmp

310 692 404 740 collato
419 706 469 742 sae.

310 747 505 848 55555ιΙι
430 752 523 808 ’55-

249 884 251 889 ·
311 813 440 903 decrefum
462 871 522 907 cou-

312 907 400 956 sutura
542 878 632 941 ritate
652 885 814 961 apostolica
830 888 991 964 deputator

542 973 638 1050 noris,
661 975 715 1054 qui
735 978 889 1056 sequitur,
912 979 1071 1043 videlicet:

571 1162 688 1225 aleria
712 1163 748 1224 v.
771 1165 820 1228 die
842 1183 886 1228 555.
909 1168 1057 1230 februarii
1079 1183 1253 1232 5555555555.

324 1355 521 1404 venordaeratt.
583 1353 877 1434 incongregatione
906 1357 1043 1435 generali
1071 1359 1200 1422 Sanctae
1228 1357 1287 1418 lio-

543 1457 651 1507 manae
675 1453 705 1507 et
732 1449 915 1512 universalis
944 1451 1155 1530 inquisitionis
1184 1448 1285 1510 5555555

543 1537 575 1598 55
599 1539 707 1616 palatio
729 1544 893 1622 apostolico
916 1544 1065 1622 Quirinali
1087 1558 1189 1606 coram
1211 1542 1285 1606 San·

543 1631 678 1694 ctissime
706 1635 835 1697 Domino
863 1646 969 1700 nostro
990 1638 1154 1701 Clemente
1182 1635 1286 1696 divina

543 1725 735 1802 providentia
757 1731 833 1810 Papa
855 1733 947 1809 Xlll.,
970 1751 1003 1794 ac
1030 1733 1286 1797 eminentissimis

542 1827 573 1879 ct
595 1825 860 1887 reverendissimis
881 1828 1014 1890 dominis
1037 1828 1067 1891 S.
1083 1829 1118 1891 ll.
1129 1829 1165 1891 Ε.
1183 1826 1287 1893 Gurdi-

543 1912 664 1975 nalibus
686 1916 717 1977 in
740 1925 802 1980 tota
823 1920 977 1997 republica
993 1923 1157 1984 christiana
1179 1929 1285 1983 contra

542 2005 726 2070 haereticam
738 2011 920 2088 pravitatem
936 2016 1134 2092 generalibus
1157 2013 1288 2093 inquisi-

543 2101 661 2163 toribus
675 2121 690 2164 a
707 2103 814 2166 Sancta
836 2105 913 2168 Sede
929 2108 1099 2187 apostolica
1113 2107 1287 2188 specialiter

541 2195 705 2272 deputatis.

581 2289 736 2368 Proposita
757 2311 845 2356 causa
862 2296 1087 2360 avenionensis
1104 2297 1286 2374 Carpencto-

542 2385 671 2446 ratensis
690 2387 768 2449 circa
797 2388 984 2468 baptismum
1006 2390 1085 2453 clam
1112 2405 1208 2467 puero
1230 2390 1288 2452 He·

544 2477 634 2539 55555
653 2477 799 2544 collatum
818 2485 1072 2547 acatlaecumeno
1094 2484 1152 2546 555
1173 2483 1211 2545 55
1233 2483 1286 2545 Ga-

542 2570 670 2648 vaillon,
685 2581 717 2635 et
732 2573 808 2637 circa
831 2593 993 2640 recursum
1007 2585 1139 2657 quatuor
1161 2577 1288 2640 univer·

541 2665 667 2728 silatum
680 2667 890 2732 Hebraeorum
901 2671 1078 2750 provinciae
1090 2671 1288 2734 avenionen-

542 2759 584 2820 sis
604 2776 698 2839 super
720 2763 824 2838 mimia,
848 2782 926 2842 quae
947 2765 1086 2843 quotidie
1106 2765 1287 2827 inferuntur

542 2871 559 2914 a
581 2869 616 2931 pt
617 2870 682 2914 avis
709 2862 740 2917 et
761 2857 865 2918 otiosis
894 2859 1083 2934 bominibus,
1106 2858 1286 2922 conferendi

543 2947 729 3024 baptismum
752 2949 921 3013 infantibus
943 2952 1086 3014 Hebraeis
1108 2952 1215 3014 invitis
1238 2969 1287 3031 pa-

544 3041 734 3105 5555555555
751 3044 846 3105 55555
862 3048 1069 3125 extorquendi
1092 3048 1235 3126 pecunius
1250 3048 1287 3110 ab

544 3134 687 3197 Hebraeis
698 3136 856 3214 divitibus,
870 3139 973 3202 relatis
983 3141 1145 3219 scripturis
1156 3141 1288 3218 desuper

543 3247 600 3308 pro
621 3237 706 3307 parte
727 3231 936 3295 Hebraeorum
958 3234 1142 3311 distributis,
1158 3236 1288 3314 aliisque

542 3322 688 3386 omnibus
704 3325 819 3388 5555555
831 3328 983 3391 deductas
1002 3329 1287 3393 Sanctissimusllo-

543 3418 650 3480 minus
671 3425 776 3481 noster
797 3420 886 3499 Papa,
899 3421 1061 3501 praedictis
1082 3424 1192 3486 auditis
1213 3428 1288 3488 emi·

544 3512 1289 3582 peritissimorumetrevereudissimorumdomi·

545 3623 659 3669 norum
682 3607 891 3670 Cardinalium
911 3611 1103 3684 generalium
1127 3614 1288 3692 inquisito·

545 3716 615 3761 rum
630 3699 783 3778 sullragiis
797 3702 935 3780 (proviso
950 3710 1052 3766 tamen
1067 3709 1166 3783 quoad
1179 3708 1289 3785 imptis-

546 3811 631 3855 murn
648 3795 813 3873 supradicti
831 3797 918 3874 pueri
930 3796 1055 3859 Hebraei
1060 3815 1174 3877 ,quam
1190 3804 1287 3880 quoad

545 3888 644 3949 minas
671 3895 702 3948 et
731 3889 890 3951 instantias
919 3891 1025 3952 matris
1053 3903 1084 3954 et
1111 3895 1224 3955 sororis
1251 3895 1288 3956 de

544 3981 725 4044 Gavaillon
719 3997 751 4042 m
771 3982 981 4045 Hebraeorum
1002 3985 1135 4048 claustro
1156 3987 1289 4050 civitatis

544 4075 1288 4158 Carpeuctoratensiscommorantium)decrevit,

544 4168 744 4230 scribendum
774 4185 858 4245 esse,
889 4179 1007 4233 tumr.
1032 4189 1061 4252 p.
1086 4175 1116 4236 d
1141 4175 1290 4254 Episcopo

545 4262 844 4340 Catrpenctoratensi,
863 4272 895 4326 ut
910 4265 998 4327 nullo
1020 4267 1111 4328 modo
1129 4269 1289 4344 permittat

545 4370 701 4416 accessum
722 4354 756 4415 ad
778 4372 864 4417 suam
886 4357 1049 4419 dioecesim
1066 4358 1210 4422 Hebraeis
1231 4359 1288 4422 555-

547 4446 645 4508 tribus
656 4447 693 4508 de
709 4446 866 4509 Gavaillon
881 4449 1073 4528 absentibus;
1099 4457 1165 4514 tum
1181 4471 1205 4514 r
1217 4469 1246 4530 p.
1258 4457 1287 4517 d

545 4538 612 4601 vioe
633 4539 733 4616 legato
755 4540 975 4618 avenionensi,
998 4551 1032 4606 ut
1054 4559 1184 4622 poenam
1206 4546 1290 4610 exilii

545 4651 560 4694 a
584 4641 647 4696 toto
668 4633 817 4697 comitutu
844 4633 1012 4712 Venesino,
1035 4639 1146 4701 debitis
1169 4639 1288 4718 lormis,

546 4728 709 4806 praedictis
738 4727 881 4790 Hebraeis
908 4727 1053 4793 iratribus
1074 4733 1111 4794 de
1134 4733 1289 4796 Gavaillon

546 4820 768 4898 subgravibus
789 4823 907 4898 poenis,
921 4823 952 4885 55
968 4840 1037 4886 5555
1059 4825 1152 4888 etiam
1174 4828 1290 4906 primae

546 4915 822 4992 contraventionis,
845 4915 980 4980 intimet.

363 5011 528 5076 aspernantes
587 5011 664 5073 ltem
687 5011 834 5074 Sanctitas
866 5011 925 5076 Sua
950 5010 1052 5076 eidem
1074 5013 1292 5092 Carpenctora·

317 5066 467 5114 55555555
432 5074 493 5121 pare

316 5117 579 5220 {igssssaefflfssqnff
550 5103 628 5166 55555
661 5105 809 5184 Episcopo
837 5122 872 5167 ac
902 5107 980 5185 patri
1008 5106 1184 5187 inquisitori
1214 5111 1293 5171 Ave·

318 5231 415 5273 nanum
433 5225 465 5271 55
488 5223 530 5269 uri·
549 5200 693 5262 55555555
717 5199 916 5263 scribendum
944 5201 1068 5277 statuit,
1097 5210 1133 5264 ut
1164 5203 1293 5267 nomine

317 5278 531 5394 §im⁰f⁸,⁵,¹g¹}¹ffi⁰0⁸.·
550 5297 678 5360 Sanctae
705 5296 961 5372 congregationis
989 5295 1149 5372 publicent
1175 5313 1294 5359 novum

318 5398 377 5488 ¹5:¹¹
398 5387 419 5433 ⁵¹
438 5384 530 5432 ¹¹¹¹*
550 5391 702 5466 edictum,
732 5389 929 5454 comminatis
956 5389 1061 5468 poeuis
1089 5389 1293 5466 gravioribus,

550 5484 653 5547 etiam·
643 5483 813 5546 ·a1ilictivis
832 5490 863 5545 et
877 5483 1084 5561 corporalibus
1098 5482 1227 5562 (scilicet
1243 5483 1295 5545 tri·

550 5581 684 5642 remium
705 5579 804 5658 quoad
826 5577 981 5653 homines,
998 5577 1205 5653 instigationis
1221 5593 1295 5638 vero

1064 583 1127 628 tull
1152 582 1241 626 PON'L
1265 579 1355 624 but>
1380 581 1409 626 F
1435 581 1560 626 PAHSl·

2117 555 2172 610 Aa.
2185 559 2217 612 G.
2240 557 2321 612 1775

483 709 522 762 se-
542 693 696 770 republica
728 697 893 762 cbristiana
925 703 1071 764 adversus
1100 699 1285 762 haereticam
1341 701 1438 776 quoad
1461 699 1622 780 mulieres)
1645 699 1902 762 irremissibiliter
1923 699 2086 761 incurren-

404 813 432 848 55·
446 817 521 852 suum
542 788 723 862 pravitatem
737 795 929 866 generalium
946 795 1166 874 inquisitorum
1182 803 1284 856 55555-
1341 790 1386 852 555
1408 799 1514 855 555555
1530 793 1731 872 baptizantes,
1748 801 1899 872 utsupra,
1916 793 2022 855 5555555
2038 808 2086 896 pa·

995 903 1048 949 um
1063 891 1222 950 decretum
1243 894 1284 948 te·
1343 885 1494 960 rentibus,
1518 885 1649 948 55555555
1671 887 1834 961 Hebraeos,
1857 895 1888 948 ot
1910 886 2007 948 555555
2029 885 2086 947 555-

1342 977 1413 1038 dem
1434 977 1606 1056 respective
1627 978 1798 1042 55555555555
1818 980 1854 1040 555
1875 978 2087 1058 supradictum

1342 1069 1497 1134 ellectum.

1382 1164 1492 1228 Petrus
1513 1165 1705 1241 Pauluccius,
1729 1167 1859 1230 Sanctae
1880 1166 2034 1228 Romanae
2054 1171 2086 1227 et

1343 1258 1527 1320 universalis
1549 1259 1760 1338 luquisitiouis
1780 1259 1930 1323 55555555.
1947 1277 1966 1319 55

1382 1353 1401 1428 5
1422 1352 1451 1413 Ξ.
1475 1351 1564 1414 Nunc
1585 1359 1689 1416 autem
1711 1355 1840 1417 nomine
1861 1353 2086 1432 praedictarum
2133 1369 2223 1412 preces
2240 1376 2330 1420 eorre-

1342 1437 1477 1521 quatuor
1498 1446 1739 1510 universitatum
1766 1447 1977 1510 Hebraeorum
1999 1447 2087 1509 nobis
2106 1419 2332 1520 ffissiffi'figffigffssg.

1343 1538 1519 1614 expositum
1547 1537 1617 1614 luit,
1640 1543 1721 1620 quod
1751 1541 1843 1618 ipsae,
1865 1549 1901 1604 ut
1927 1540 2087 1604 decretum
2107 1527 2135 1572 ²¹·

1344 1629 1520 1694 huiusmodi
1553 1633 1675 1694 firmius
1705 1635 1850 1696 subsistat
1881 1643 1912 1697 55
1944 1641 2088 1697 servetur

1342 1723 1489 1799 exactius,
1512 1725 1693 1805 apostolicae
1714 1729 1805 1788 etiam
1833 1736 1956 1790 nostrae
1976 1730 2089 1791 constr·

1344 1817 1487 1880 motionis
1508 1819 1678 1898 patrocinio
1699 1821 1890 1884 communiri
1915 1821 2086 1900 plurimum

1342 1909 1525 1975 desidermant

1381 2008 1456 2088 5
1421 2007 1450 2070 3.
1476 2007 1537 2070 Nos
1558 2008 1656 2087 igitur
1677 2010 1907 2088 praeinsertum
1928 2012 2087 2074 decretum
2154 2019 2330 2119 chprmgagto

1343 2119 1358 2161 5
1380 2075 1549 2164 memorata
1570 2104 1822 2179 congregatione,
1845 2113 1880 2166 ut
1901 2106 2086 2184 praefertur,
2106 2083 2330 2179 {Elidifflml‘a

1342 2195 1473 2270 editum,
1503 2211 1573 2258 cum
1602 2197 1746 2260 omuibus
1778 2203 1810 2258 55
1836 2197 2004 2274 singolis'
1998 2217 2028 2260 55
2051 2217 2087 2264 55
2107 2161 2329 2296 ,ffigffigssgssg

1343 2289 1496 2350 contentis
1528 2298 1558 2351 et
1589 2291 1740 2367 expressis
1770 2292 1952 2354 auctoritate
1983 2301 2087 2356 nostra
2107 2288 2226 2344 ⁸¹¹¹⁰¹¹¹⁵

1343 2383 1504 2458 apostolica
1538 2390 1646 2445 tenore
1676 2385 1886 2461 praesentium
1924 2387 2088 2448 confirma

1344 2492 1413 2537 mus
1434 2483 1465 2538 et
1486 2477 1699 2554 approbamus,
1723 2478 1805 2540 salva
1834 2487 1937 2542 tamen
1964 2496 2089 2559 semper

1343 2569 1376 2630 55
1398 2569 1573 2647 praemissis
1593 2570 1776 2632 auctoritate
1798 2571 1937 2636 eiusdem
1959 2591 2089 2652 congre-

1344 2663 1484 2739 gationis.

1383 2757 1450 2832 §b
1476 2757 1683 2820 llecerncntes
1704 2760 1826 2821 easdem
1854 2770 2030 2838 praesentes
2052 2763 2328 2863 ¹1·„ss},²¹¹,⁵,¹¹¹3¹,{¹,¹g¹ff

1345 2861 1422 2914 55555
1437 2867 1560 2931 semper
1575 2853 1692 2926 tir-mas,
1709 2852 1822 2914 validas
1836 2863 1868 2914 et
1879 2855 2089 2918 ellicaceseui-
2107 2877 2162 2918 uum
2179 2871 2297 2918 5555555

1342 2955 1424 3008 stere
1445 2953 1477 3007 55
1497 2944 1563 3006 lore
1567 2961 1722 3023 s,uosque
1736 2945 1957 3023 plenarioso
1951 2957 2088 3026 integros

1343 3040 1471 3102 edoctus
1492 3039 1596 3100 5555555
1611 3045 1642 3099 55
1653 3039 1806 3113 55555555,
1822 3057 1854 3100 ac
1869 3039 1943 3116 55555,
1959 3042 1995 3103 55
2011 3059 2088 3120 quos

1343 3141 1459 3211 spectat
1474 3140 1504 3196 et
1519 3149 1574 3211 pro
1597 3140 1735 3210 tempure
1748 3131 2008 3212 quandocumque
2021 3151 2089 3214 spe-

1344 3227 1448 3303 ctabit,
1471 3227 1504 3290 in
1529 3225 1674 3288 omuibus
1695 3232 1726 3287 55
1747 3227 1925 3304 peremnia
1949 3228 2089 3306 plenissi-

1345 3338 1394 3386 me
1410 3321 1582 3398 suffragari,
1593 3337 1627 3382 ac
1637 3320 1807 3398 respective
1821 3320 1857 3380 55
1869 3321 1913 3382 555
1926 3321 2089 3386 inviolabi-

1344 3416 1416 3478 liter
1437 3414 1604 3478 observari.
1628 3411 1739 3492 Sicque
1770 3413 1804 3475 in
1831 3415 2006 3492 praemissis
2034 3435 2089 3496 per

1344 3525 1556 3590 quoscumque
1567 3510 1682 3572 iudices
1692 3525 1727 3568 55
1729 3507 1863 3570 dinarios
1876 3516 1907 3570 et
1918 3509 2087 3589 delegatos,

1345 3606 1438 3668 etiam
1452 3621 1556 3666 causat
1559 3619 1612 3666 um
1632 3601 1736 3679 palatii
1750 3602 1906 3679 apostolici
1921 3605 2087 3683 auditores,

1345 3697 1471 3761 iudicari
1488 3705 1518 3759 et
1546 3695 1669 3757 deliniri
1697 3695 1822 3769 debere,
1844 3713 1877 3756 uc
1906 3696 2033 3760 irritum
2058 3711 2089 3763 55

1345 3793 1448 3864 inane,
1465 3790 1489 3852 55
1504 3806 1592 3851 55555
1613 3805 1706 3867 super
1726 3789 1773 3849 bis
1798 3807 1813 3848 a
1836 3805 1992 3867 quoquam
2016 3811 2090 3871 qua-

1346 3885 1392 3946 vis
1406 3882 1588 3946 auctoritate
1605 3884 1738 3944 scienter
1756 3881 1828 3944 vel'
1821 3893 2002 3958 ignoranter
2016 3905 2089 3949 con·

1347 3979 1451 4056 tigerit
1472 3975 1627 4044 attentari.

1385 4073 1403 4148 5
1424 4071 1453 4132 5.
1478 4069 1546 4132 Non
1559 4069 1748 4130 obstantibus
1763 4071 2036 4136 constitutionibus
2056 4084 2089 4138 et
2116 4093 2324 4154 5555555555

1345 4164 1591 4227 ordinationibus
1612 4161 1796 4240 apostolicis,
1813 4173 1914 4226 555555
1916 4182 2003 4245 isque
2018 4185 2089 4231 con·
2108 4146 2254 4193 “³¹¹⁰fflm

1348 4259 1449 4322 trariis
1470 4258 1728 4336 quibuscumque.

1386 4355 1497 4415 ilatum
1515 4351 1640 4426 Romae,
1666 4350 1746 4429 apud
1768 4348 1799 4412 S.
1817 4351 1943 4416 Petrum
1965 4357 2023 4418 sub
2037 4374 2090 4420 55-

1347 4447 1422 4510 5555
1451 4445 1621 4520 Ρ555555555,
1645 4445 1695 4506 die
1716 4459 1766 4504 55.
1793 4445 1864 4506 555555
1891 4463 2088 4527 5555555555,

1347 4541 1543 4621 pontificatus
1564 4538 1662 4601 nostri
1683 4553 1765 4599 anno
1787 4553 1808 4598 1.

1583 5147 1586 5152 -
1679 5103 1758 5166 llll.

1350 5295 1398 5360 Ad
1413 5311 1517 5374 preces
1532 5294 1614 5374 regis
1627 5292 1781 5355 Polouitte
1797 5295 1980 5365 cotrtvnittit,
1995 5297 2093 5358 55555

1390 5388 1527 5458 evodum,
1547 5386 1734 5449 0555555555
1751 5386 2008 5448 5555555555555555555
2031 5389 2095 5451 555-

1392 5498 1464 5544 rum
1486 5482 1643 5562 [55555555
1665 5484 1695 5540 55
1712 5481 1993 5542 cummutationem
2015 5481 2095 5544 icio·

1391 5576 1520 5636 otiorum
1541 5571 1599 5654 (l).

591 5847 621 5902 tt)
637 5847 733 5892 ltadem
747 5844 880 5904 adscripta
894 5847 935 5897 die
951 5847 1044 5892 iisdem
1063 5848 1150 5894 verbis
1166 5847 1245 5894 istam
1261 5848 1294 5894 la·
1350 5845 1430 5900 censi,
1440 5843 1596 5900 Livoniensi,
1607 5841 1749 5898 5555555555,
1760 5841 1912 5896 5555555555,
1923 5842 2095 5898 samogttieu·

550 5915 675 5960 cultatem
697 5915 826 5960 concessit
842 5915 1005 5961 dioecesibus
1026 5915 1234 5970 uladislaviensi,
1250 5919 1295 5960 Lu·
1353 5914 1383 5970 55,
1398 5913 1536 5958 5555555555.

549 5981 686 6037 osoriensi,
701 5981 874 6040 cracoviensi,
889 5983 1030 6038 dulmensi,
1041 5983 1233 6038 camenecensi,
1243 5982 1296 6028 Plo·
