4750 6980
36 195 38 242 T

36 315 38 368 t

36 389 38 532 T

36 539 38 728 ἱ
74 577 140 636 tut.
157 569 218 627 trel

36 1745 38 1754 ι

36 1875 223 1978 Titiasnpergtn

36 2054 40 2372 T

36 1957 102 2024 ἶιιι
97 1974 224 2020 ι-ιιιιιιιιιιιιι

911 585 983 639 ltus
1004 587 1053 638 Pl).
1078 585 1120 639 tlt.

1710 567 1768 632 397

247 712 306 768 tem
330 707 512 785 promissam
535 721 589 790 per
619 709 795 787 Christum3
819 709 902 790 quasi
925 725 987 771 reon
1083 709 1213 774 Perinde
1236 728 1268 774 ac
1289 729 1325 791 pr
1326 727 1373 773 ιιι
1395 727 1458 776 non
1484 719 1564 775 esset
1585 711 1694 789 gratia,
1724 709 1787 784 illa,

244 799 314 877 ipsc
335 803 486 882 pretias
469 803 573 882 faciut
593 809 633 866 ιι
655 804 822 866 invocetur
844 821 863 867 a
884 802 985 873 nodis,

525 939 569 1002 Ει
588 939 698 1002 concil.
710 941 819 1003 draus.
830 939 863 1002 ll.
875 956 941 1002 can.
955 939 984 1000 3.

245 1092 437 1171 Propositt'e,
462 1097 500 1152 ιι
522 1091 622 1162 iacet,
647 1090 801 1169 captiosa,
825 1096 986 1168 suspecta,

334 1188 444 1267 fauens
466 1184 590 1248 ltuercsi
613 1184 893 1264 Semiputapianac.

263 1471 303 1519 nn
324 1471 448 1518 cenum
471 1469 687 1516 inuuutunurn
708 1469 747 1514 nr
768 1466 960 1514 nxetruurn.

283 1590 326 1652 De
347 1595 433 1670 prat·
457 1591 476 1668 5
500 1592 555 1651 11.

572 1737 654 1802 ΧΧΙ.

281 1925 370 2002 §25-
401 1925 590 2004 Propositio,
618 1938 697 2002 quae
725 1922 848 1996 asserit,
879 1921 985 1982 laneo

36 2028 221 2076 asseuerante
241 2015 710 2100 prolinepuandositsoium,
729 2020 982 2092 conpressiore,

72 5531 94 5632 'fist
83 5542 224 5634 ιιιιιιιι.

241 2115 306 2176 nisi
319 2119 367 2183 ιι
389 2127 612 2192 cognoscamus
629 2108 857 2189 infelicitatem
879 2109 984 2170 nostri

239 2214 361 2281 status,
383 2213 414 2269 et
433 2207 628 2287 pronitatem
659 2204 765 2266 nostri
787 2201 883 2263 mali.-
914 2217 985 2280 pra·

241 2303 321 2365 tiam
343 2302 379 2362 in
402 2299 464 2364 tali
485 2315 562 2370 casn
584 2297 757 2375 predncere
778 2295 919 2358 eumdem
941 2295 984 2374 et·

240 2395 373 2472 lectum,
403 2408 492 2472 quern
521 2392 573 2454 leco
599 2387 812 2469 producebat.-
842 2389 910 2450 ideo
932 2403 984 2448 ιι-

240 2505 320 2550 cesse
341 2503 414 2558 esse,
439 2492 477 2549 ut
499 2486 583 2550 neoc
599 2492 682 2548 creet
703 2485 739 2546 in
762 2481 853 2544 corde
875 2488 985 2543 nostro

239 2586 389 2645 sanctuni
405 2595 555 2649 umorem,
574 2584 604 2640 ct
620 2578 758 2655 inspiret
774 2583 920 2639 sanctam
936 2575 984 2637 de·

240 2674 445 2739 lactationem
476 2672 678 2736 contrariam
704 2669 807 2733 ornari
834 2669 870 2731 in
894 2665 984 2730 nodis

240 2769 442 2832 dominanti.-
465 2765 551 2830 lanc
573 2781 709 2828 amorem
723 2768 885 2833 sanctum,
903 2761 985 2826 lianc

238 2867 386 2928 sanctam
407 2861 649 2924 delectationem
669 2875 734 2920 csse
763 2857 890 2936 proprie
910 2871 985 2936 pro-

240 2957 320 3024 ticm
342 2955 365 3017 Ι.
384 2954 437 3028 6.,
461 2951 708 3032 inspirationem
732 2951 898 3021 caritatis,
923 2966 984 3026 pua

239 3051 367 3132 cognito
381 3054 494 3112 sancto
508 3062 615 3110 amore
629 3046 810 3126 factarum,-
826 3043 907 3106 donc
923 3057 985 3106 csse

238 3145 330 3206 illam
345 3142 497 3215 radicem,
515 3156 606 3219 epea
621 3139 805 3220 permittunt
822 3136 901 3200 dona
918 3150 984 3212 ope·

238 3252 291 3310 ra,
313 3235 397 3299 itanc
417 3252 479 3297 esse
510 3234 653 3314 proriam
682 3232 755 3292 noui
787 3228 981 3300 testamenti,

238 3346 319 3409 patae
348 3345 405 3392 nos
434 3325 593 3392 liberate
622 3325 780 3388 seruitute
810 3323 984 3401 percutiet

238 3423 411 3487 constitnit
432 3421 514 3502 filios
537 3420 617 3493 net,-

277 3517 434 3593 Quatenus
456 3514 596 3578 intendat
616 3529 685 3575 eam
709 3513 805 3575 solam
828 3528 893 3574 esse
916 3528 984 3590 pro·

238 3612 306 3690 prie
326 3609 456 3687 gratiam
479 3609 546 3672 lesu
577 3607 710 3682 Christi,
741 3622 818 3686 quae
846 3611 930 3667 creet
951 3605 983 3665 in

237 3705 327 3767 corde
348 3708 491 3764 sanctum
517 3715 667 3775 amorem,
689 3707 721 3762 et
748 3714 827 3778 quae
856 3696 927 3760 lacit
948 3703 984 3759 ut

238 3796 393 3870 iaciamus,
414 3796 479 3857 sire
499 3794 593 3856 etiam
615 3809 673 3873 qua
694 3794 785 3855 namo
807 3793 982 3854 liberatusa

238 3889 389 3952 servitute
411 3887 522 3967 peccati
544 3887 745 3949 constituitur
767 3885 848 3947 lilius
870 3885 939 3960 Dei,
952 3893 983 3948 et

239 3999 302 4045 non
316 3983 356 4044 sit
370 3982 464 4044 etiam
480 3981 602 4060 proprie
617 3981 713 4057 gretia
737 3979 849 4044 Christi
866 3994 899 4042 ea
916 3995 985 4056 gra-

238 4075 292 4151 tia,
313 4092 372 4155 qna
393 4091 445 4136 cor
466 4073 602 4135 hominis
633 4073 771 4148 tangitur
792 4086 847 4149 per
869 4071 984 4134 illumi·
1026 4113 1028 4122 ,

238 4169 396 4230 nationem
407 4165 539 4248 Spiritus
554 4166 656 4230 Sancti
668 4164 765 4246 (Trid.
776 4179 848 4228 sess.
858 4164 889 4238 6,
901 4181 927 4228 e.
937 4165 980 4244 d),

239 4276 296 4326 nec
316 4277 390 4323 vera
411 4262 502 4323 detur
524 4260 655 4322 interior
673 4260 768 4335 gratia
791 4259 916 4334 Christi,
933 4259 982 4321 cui

238 4353 412 4430 resistitur,

239 4543 347 4616 Falsa,
371 4541 524 4621 captiose,
549 4541 701 4604 inducens
727 4542 762 4602 io
784 4556 923 4602 errarem
946 4541 982 4602 in

279 4635 417 4700 secanda
437 4635 654 4714 propositione
678 4633 820 4698 tomenti
849 4633 982 4696 damnu-

282 4736 361 4801 tarn,
378 4733 416 4791 ut
438 4727 648 4799 decreticum,
661 4743 790 4806 eumque
811 4721 982 4790 ιιιιιιιι.

338 5031 378 5077 DE
398 5031 473 5078 ΗΒΕ
495 5030 594 5078 VELU'l'
616 5031 718 5078 PRfflA
740 5030 872 5077 annuis.

280 5165 322 5226 ιι
342 5165 439 5244 ιιι
464 5167 495 5226 1.
858 5137 860 5142 ’

561 5301 657 5410 ιιιιιι.

73 5484 224 5582 circumiere
277 5493 366 5572 526.
391 5493 571 5571 Propositio,
595 5509 674 5572 quae
695 5492 812 5568 innuit,
836 5492 939 5567 sidem,
962 5510 982 5553 c

241 5603 300 5665 pua
321 5586 438 5664 irtcipit
449 5586 547 5652 series
562 5589 759 5666 gratiarnm,
772 5594 803 5648 et
818 5601 873 5664 per
886 5603 980 5665 paam

240 5681 323 5743 ceint
344 5680 483 5757 primam
504 5697 606 5741 uocem
621 5696 774 5744 uaearnnr
788 5679 829 5742 ad
844 5679 981 5743 sulutem

241 5779 268 5836 ct
290 5772 475 5844 Ecclesiam,
493 5789 559 5836 esse
585 5775 747 5852 ipsammet
775 5773 979 5836 excellentem

241 5869 389 5931 virtutem
411 5868 493 5943 sidet,
509 5885 567 5946 qua
591 5868 731 5930 nomines
754 5867 858 5930 tideies
880 5870 979 5930 nomi-

241 5971 365 6041 nantur,
388 5971 419 6024 et
440 5972 530 6040 sunt3

1043 821 1121 884 quae
1143 811 1181 867 ut
1203 805 1368 884 praeuenit
1389 807 1606 876 ιιιιιιιιιιι,
1629 805 1675 865 ιιι
1695 819 1786 882 prac-

1043 897 1131 960 ucnit
1152 901 1183 958 et
1203 898 1317 977 fidem·

1283 1033 1328 1095 Ex
1349 1030 1379 1095 S.
1401 1025 1529 1110 'nugae
1553 1034 1633 1096 done
1662 1049 1783 1113 persev.

1300 1171 1305 1184 .
1351 1145 1377 1190 c.
1404 1127 1451 1201 td,
1475 1143 1562 1189 num.
1587 1127 1636 1188 lul.

1045 1273 1198 1352 Suspecta
1213 1275 1249 1336 de
1261 1274 1397 1346 haeresi,
1409 1290 1536 1353 eamque
1550 1275 1687 1352 sapiens,
1702 1275 1786 1337 alins

1117 1368 1151 1428 in
1176 1367 1353 1443 Quosneilio
1376 1367 1541 1436 damnata,
1566 1383 1709 1427 erronea.

1249 1665 1289 1710 nn
1311 1664 1438 1710 nuatum
1460 1663 1577 1711 nuonn.

1083 1837 1125 1900 De
1147 1843 1231 1918 prat.
1256 1841 1275 1916 ἓ
1297 1843 1329 1900 8.
1350 1805 1353 1813 ,

1349 2024 1456 2088 llell.
1474 2073 1478 2082 .

1080 2212 1168 2287 §ll
1192 2213 1335 2275 Doctrina
1356 2214 1466 2290 synodi
1484 2213 1522 2275 de
1543 2212 1657 2291 duplici
1680 2229 1786 2277 amore

1041 2303 1230 2368 dominantis
1257 2305 1431 2384 cupidiiatis
1461 2314 1491 2367 et
1514 2305 1670 2369 charitatis
1689 2305 1788 2368 domi·

1041 2399 1162 2472 nantis,
1195 2400 1364 2461 enuntians
1398 2399 1558 2461 hominem
1588 2399 1656 2461 sine
1688 2401 1785 2478 gratia

1041 2506 1106 2553 esse
1120 2491 1345 2554 subserviente
1366 2493 1498 2569 peccati:
1524 2492 1687 2572 ipsumque
1703 2493 1733 2554 in
1750 2510 1786 2554 eo

1039 2592 1121 2646 statu
1144 2601 1198 2664 per
1213 2585 1392 2661 generalem
1409 2585 1584 2664 cupiditatis
1599 2585 1786 2648 dominantis

1041 2678 1196 2741 inlluuum
1217 2694 1325 2740 omnes
1351 2696 1419 2741 suas
1449 2679 1585 2741 actiones
1606 2679 1735 2742 inlicere
1756 2687 1787 2741 et

1040 2786 1238 2851 corrumpere
1251 2795 1259 2848 3

1079 2864 1237 2939 Quatenus
1259 2865 1394 2927 insinuat
1420 2866 1452 2928 in
1474 2866 1614 2941 homine,
1644 2867 1717 2929 dum
1740 2871 1786 2926 est

1040 2957 1098 3020 sub
1118 2958 1282 3033 servitute,
1298 2959 1364 3020 sive
1387 2959 1417 3020 in
1439 2966 1521 3021 statu
1543 2960 1670 3038 peccati,
1693 2958 1784 3022 desti-

1041 3057 1127 3112 tutus
1149 3051 1244 3127 gratia
1266 3051 1329 3126 illa,
1346 3067 1405 3130 qua
1427 3052 1612 3115 liberatura
1634 3051 1786 3114 seruitute

1040 3147 1167 3223 peceati,
1183 3152 1214 3206 et
1228 3144 1429 3207 constituitur
1450 3145 1532 3208 tilius
1553 3145 1618 3221 Dei,
1630 3145 1673 3206 sic
1688 3146 1786 3207 domi·

1041 3236 1109 3297 nari
1131 3235 1344 3315 cupiditatem,
1360 3247 1395 3300 ut
1416 3253 1471 3314 per
1493 3237 1668 3314 generalem
1692 3237 1785 3298 huius

1041 3328 1195 3392 inllunum
1220 3344 1327 3392 omnes
1348 3329 1431 3392 iilius
1451 3330 1587 3393 actiones
1608 3332 1641 3391 in
1662 3345 1695 3392 se
1715 3330 1785 3391 inli-

1040 3422 1162 3484 ciantur
1184 3431 1215 3485 et
1236 3430 1494 3503 corrumpantur:
1529 3435 1581 3486 aut
1601 3440 1691 3502 opera
1718 3439 1785 3485 om·

1041 3515 1104 3590 nia,
1127 3533 1204 3595 quae
1225 3525 1297 3580 ante
1319 3517 1570 3580 institututionem
1596 3519 1688 3594 liunt,
1711 3534 1783 3596 qua·

1040 3625 1174 3688 eumque
1191 3610 1315 3672 ratione
1338 3612 1425 3686 siunt,
1448 3611 1511 3673 sint
1534 3619 1672 3690 peccata;

1049 3705 1051 3709 '
1078 3704 1168 3776 Quasi
1189 3705 1222 3766 in
1243 3703 1389 3766 omnibus
1410 3705 1474 3767 suis
1502 3705 1618 3768 actibus
1646 3715 1785 3785 peccator

1039 3797 1152 3858 serviat
1174 3798 1347 3860 dominanti
1369 3798 1542 3877 cupiditati,

1041 3984 1148 4057 Falsa,
1171 3985 1363 4063 perniciosa,
1388 3987 1542 4049 indecens
1558 3988 1593 4050 in
1609 4005 1747 4050 errorem
1764 4007 1783 4052 a

1083 4078 1270 4141 Tridentino
1291 4079 1550 4164 lamentarent
1573 4081 1780 4154 decreticum,

1079 4173 1198 4234 iterum
1219 4173 1255 4234 in
1277 4173 1356 4236 Boia
1379 4174 1570 4237 damnatam
1592 4177 1689 4238 artic.
1715 4177 1773 4239 40.

1078 4499 1096 4573 ι
1119 4476 1173 4560 ιι.

1349 4649 1459 4712 xxiv.

1076 4836 1140 4912 Qua
1162 4854 1236 4898 vero
1258 4845 1345 4914 parte
1360 4838 1443 4899 inter
1465 4839 1677 4902 dominantem
1700 4843 1783 4920 cupi·

1038 4930 1166 4992 dilatem
1200 4939 1232 4991 et
1260 4931 1418 4993 caritatem
1454 4932 1667 4995 dominantem
1702 4933 1782 4996 nulli

1038 5033 1198 5104 ponuntur
1221 5023 1345 5086 allectus
1366 5025 1459 5086 medii
1482 5042 1496 5083 a
1519 5033 1628 5088 natura
1653 5028 1713 5105 ipsa
1736 5029 1782 5089 in-

1037 5119 1100 5192 siti,
1123 5124 1291 5197 suaptepue
1313 5123 1422 5179 natura
1446 5117 1621 5197 laudabiles,
1645 5122 1697 5199 qui
1721 5138 1781 5182 una

1037 5227 1109 5274 cum
1138 5227 1242 5272 amere
1272 5211 1468 5274 beatitudinis
1493 5213 1690 5292 naturalique
1715 5231 1782 5293 pro-

1038 5304 1186 5384 pensione
1199 5306 1235 5367 ad
1253 5303 1369 5368 bonum
1386 5313 1612 5368 remanserunt
1627 5308 1712 5368 uetat
1728 5325 1781 5370 ea-

1039 5406 1141 5459 tremu
1164 5398 1368 5470 lineamenta,
1392 5407 1423 5460 ct
1445 5400 1600 5495 reliquiae
1629 5401 1781 5481 imaginis

1038 5492 1114 5564 Dei,-

1158 5613 1204 5675 Ειι
1226 5614 1256 5677 S.
1269 5567 1400 5692 August.
1423 5616 1460 5677 de
1483 5615 1562 5695 Spir.
1581 5623 1611 5678 et
1629 5617 1674 5679 lit.
1692 5635 1717 5679 c.
1730 5617 1777 5680 28.

1079 5777 1208 5839 Perinde
1223 5795 1256 5838 ac
1266 5779 1291 5838 si
1308 5779 1394 5839 inter
1408 5778 1609 5840 dilectionem
1624 5779 1779 5850 divitiam,

1036 5887 1116 5949 puae
1138 5887 1193 5931 nos
1214 5871 1361 5948 perducit
1377 5871 1418 5932 nd
1433 5887 1577 5950 regnunt,
1594 5879 1624 5934 ιι
1640 5873 1780 5934 dilectio·

1038 5981 1106 6024 nem
1130 5964 1302 6026 damonum
1319 5963 1483 6052 illicitam,
1496 5981 1575 6044 puae
1590 5965 1778 6040 damnetur,

1818 562 1872 622 dn.
1886 570 1916 624 (l.
1938 566 2007 624 test

1818 2219 1874 2267 Alia
1889 2221 1921 2267 de
1935 2221 2017 2280 dupli·

1805 2275 1827 2319 cl
1842 2285 1935 2321 amore.
