4776 6974
325 527 425 583 suo.
448 532 516 584 neo
567 534 626 600 sag

546 679 636 740 ritate
658 677 809 756 praedicta
831 687 938 742 tenore
954 681 1165 760 praesentium
1187 695 1295 760 perpe

546 778 601 834 tuo
621 772 817 835 concedimus
839 781 869 834 et
893 773 1102 851 indulgemus.

313 870 527 971 nunrirgsvamsoatorgs
586 864 653 940 58.
679 864 827 926 Eamtlem
856 882 930 929 vero
959 867 1161 947 episcopalem
1188 869 1292 929 sedem

313 975 448 1040 porpirio
471 979 527 1025 rure
544 973 588 1020 sic
607 965 742 1019 erectam
769 959 886 1021 nullius
909 960 1135 1038 metropolitico
1158 961 1219 1023 iuri
1242 977 1294 1021 vo-

313 1030 429 1130 ῗὲἓᾶεειε
445 1031 527 1078 necta·

546 1051 650 1114 lumus
672 1051 837 1142 obnoxiam
859 1069 941 1127 esse,
972 1062 1024 1115 aut
1046 1052 1292 1130 suffraganeam,

544 1146 596 1206 sed
619 1144 708 1206 uobis
728 1163 762 1208 ac
777 1147 1002 1209 successoribus
1017 1146 1132 1208 nostris
1146 1146 1293 1209 Romanis

545 1236 754 1312 Pontificibus,
777 1256 810 1301 ac
833 1241 905 1302 buic
926 1240 1116 1318 spostolicae
1132 1237 1203 1302 Sedi
1225 1253 1293 1316 per·

544 1338 638 1409 petuo
651 1332 820 1395 subiectam
835 1333 1031 1396 decernimus
1046 1341 1077 1395 et
1089 1333 1291 1396 declaramus:

543 1426 700 1503 Episcopis
715 1431 820 1488 autern
838 1443 937 1489 novae
953 1427 1044 1489 buius
1061 1426 1293 1488 baltimorensis

544 1518 689 1580 ecclesiae
714 1519 871 1596 perpetuis
893 1520 1152 1598 quandocumque
1175 1526 1294 1595 tempo-

544 1612 642 1686 ribus,
663 1609 761 1672 denec
775 1611 831 1672 alia
847 1613 934 1674 nobis
955 1612 1029 1676 alios
1044 1612 1208 1675 catholicos
1223 1611 1294 1689 Epi-

543 1719 650 1782 scopus
681 1705 713 1766 in
742 1704 903 1767 foederatis
932 1705 1094 1768 American
1124 1705 1292 1782 provinciis

544 1797 713 1876 deputandi
730 1815 797 1860 sese
811 1799 917 1861 offerat
932 1803 1058 1876 occasio,
1081 1818 1115 1864 ac
1129 1801 1226 1863 donec
1240 1801 1293 1862 ali-

545 1903 592 1958 ter
612 1909 667 1972 per
685 1893 764 1955 banc
779 1892 981 1972 Apostolioam
998 1895 1111 1958 sedem
1125 1894 1219 1956 fuerit
1234 1893 1292 1956 dis-

545 1985 691 2065 positum,
704 1999 813 2046 ornnes
823 1985 1037 2048 christifideles
1049 1985 1194 2048 catholica
1210 1999 1292 2047 corn·

545 2079 696 2141 munione
717 2077 860 2140 viventes
881 2085 944 2140 tam
960 2079 1178 2142 ecclesiasticos
1200 2093 1291 2157 quam

543 2171 723 2247 saeculares,
747 2171 993 2251 universumque
1014 2172 1135 2234 clerum
1149 2186 1183 2232 ac
1197 2185 1294 2248 popu-

544 2264 610 2327 lum
632 2264 665 2326 in
680 2266 842 2343 praedictis
863 2264 1035 2328 foederatae
1051 2263 1209 2326 American
1223 2275 1293 2340 pro-

544 2359 654 2421 vinciis
676 2359 881 2433 existentem,
910 2357 1050 2437 quamvis
1072 2358 1161 2420 alteri
1190 2357 1291 2419 cuius·

543 2469 678 2532 cumque
691 2454 836 2517 dioecesis
852 2456 998 2533 Episcopo
1019 2455 1081 2516 buc
1101 2470 1201 2534 usque
1221 2455 1292 2516 sub·

545 2547 642 2610 iectus
662 2546 769 2622 fuerit,
791 2547 892 2609 eidem
911 2549 1060 2627 Episcopo
1075 2546 1292 2610 Baltimorensi

543 2641 713 2703 subiectam
741 2640 808 2704 fore
833 2651 864 2704 et
889 2659 956 2704 esse
986 2641 1292 2705 nostraauctoritate

544 2733 741 2798 decernimus
769 2740 799 2795 et
826 2734 1026 2809 declaramus,
1049 2750 1121 2797 curn
1149 2733 1292 2796 facultate

545 2829 645 2892 eidem
666 2829 772 2892 futuro
805 2829 951 2907 Episcopo
981 2831 1111 2909 eiusque
1139 2844 1293 2891 successo·

545 2921 630 2984 ribus
658 2922 898 2984 contradictores
925 2939 1135 3002 quoscumque
1165 2923 1292 3000 suisque

544 3015 695 3078 mandatis
711 3015 924 3080 inobedientes
945 3017 1148 3096 appellatione
1171 3022 1294 3094 postpo-

542 3111 600 3173 sita
621 3111 855 3188 compascendi,
884 3111 1045 3174 catholicas
1071 3110 1212 3173 ecclesias
1242 3108 1293 3170 vel

543 3222 598 3285 per
619 3219 663 3278 se,
685 3202 736 3266 rel
756 3219 811 3282 per
825 3205 899 3266 alios
920 3206 1036 3284 abipso
1058 3202 1224 3279 delegatos,
1248 3204 1293 3264 vi·

542 3298 666 3373 sitandi,
682 3298 794 3361 abusus
805 3298 946 3373 tollendi,
960 3297 1099 3360 fidelium
1111 3313 1213 3359 mores
1227 3311 1292 3359 cor-

543 3393 678 3470 rigendi,
693 3407 790 3470 eaque
805 3392 909 3455 omnia
921 3391 1097 3466 exercendi,
1114 3407 1192 3470 quae
1208 3390 1292 3452 iuxta

543 3487 704 3552 canonicas
730 3485 925 3562 sanctiones,
958 3485 1133 3548 Tridentini
1163 3482 1293 3559 Concilij

543 3588 664 3650 decreta
686 3590 717 3646 et
738 3581 929 3661 spostolicae
951 3580 1038 3645 Sedis
1065 3582 1290 3645 auctoritatem.

311 3680 524 3782 ercfiffflraflrimssil‘i
583 3680 602 3754 ς
622 3677 651 3742 9.
673 3676 753 3740 Cum
774 3691 849 3737 vero
871 3676 956 3738 iuxta
978 3676 1141 3753 praemissa
1163 3693 1201 3738 ex
1225 3692 1287 3756 spe·

311 3787 435 3845 Episcopi.

542 3772 610 3835 ciali
633 3771 741 3847 gratia,
764 3777 795 3830 et
816 3783 872 3847 pro
887 3768 941 3828 bac
962 3769 1060 3844 prima
1077 3775 1199 3830 tanturn
1214 3768 1291 3844 vice,

541 3862 750 3926 sacerdotibus
779 3861 810 3922 in
835 3860 1006 3922 foederatae
1036 3861 1195 3922 Americae
1223 3878 1293 3940 pro·

542 3957 653 4019 vinciis
673 3955 852 4018 animarum
865 3968 973 4015 curam
989 3953 1171 4029 gerentibus
1190 3954 1293 4016 indul-

541 4049 685 4122 serimus,
707 4055 742 4109 ut
763 4061 926 4124 personam
940 4045 1095 4122 eligerent
1115 4045 1234 4108 anobis
1259 4048 1290 4108 in

543 4144 728 4223 Episcopum
743 4139 989 4220 praeficiendam,
1007 4141 1212 4218 omniumque
1227 4140 1292 4204 fere

433 4262 436 4268 ·
541 4235 686 4311 suffragia
709 4235 741 4295 in
763 4234 977 4312 presbyterum
1002 4233 1150 4296 loannem
1172 4233 1290 4297 Carroll

542 4328 649 4389 collata
664 4327 791 4400 luerint,
814 4343 869 4388 nos
884 4328 1021 4390 eiusdem
1037 4327 1140 4401 fidem,
1157 4327 1291 4405 pruden-

543 4420 635 4493 tiam,
658 4420 804 4499 pietatem
828 4435 861 4481 ac
882 4419 986 4481 zelum
1017 4418 1143 4481 aliunde
1169 4435 1291 4498 perspe-

543 4520 627 4576 ctum
642 4512 803 4586 babentes,
825 4511 974 4590 quoniam
991 4527 1100 4588 magna
1115 4527 1187 4574 curn
1202 4512 1291 4576 laude

543 4605 706 4686 postremis
728 4604 811 4666 bisce
830 4605 919 4667 annis
942 4610 1048 4668 nostro
1070 4607 1216 4668 mandato
1231 4607 1291 4687 spi-

543 4701 646 4764 rituali
668 4699 845 4762 animarum
866 4696 1013 4775 regimini
1036 4697 1180 4776 praefuit,
1204 4716 1292 4764 eum·

542 4793 614 4855 dem
629 4798 790 4872 propterea
805 4807 843 4852 en
858 4790 1039 4870 apostolicae
1053 4793 1212 4869 potestatis
1227 4793 1291 4871 ple-

542 4885 688 4950 nitudiue
719 4885 857 4948 eiusdem
887 4883 1118 4946 Baltimorensis
1145 4885 1291 4949 ecclesiae

543 4980 728 5059 Episcopum
750 4986 781 5040 et
802 4986 958 5057 pastorem
979 4977 1185 5055 declaramus,
1209 4995 1292 5041 crea-

542 5089 622 5147 mus,
646 5072 840 5150 praeficimus
863 5079 893 5133 et
914 5071 1145 5146 constituimus,
1165 5069 1292 5134 faculta-

544 5175 608 5228 tem
627 5166 729 5228 eidem
749 5164 978 5243 impertientes,
1002 5171 1035 5226 ut
1050 5165 1291 5227 consecrationis

542 5256 1293 5336 munusaquocumquecatholicodntistitedpo·

542 5351 667 5415 stolicae
680 5351 767 5414 Sedis
788 5349 1042 5412 communionem
1066 5349 1199 5412 habente
1219 5365 1290 5413 cum

543 5443 714 5507 assistentia
735 5443 872 5504 duorum
893 5441 1169 5506 ecclesiasticorum
1191 5442 1292 5520 aliqua

542 5537 652 5599 saltem
669 5535 816 5613 dignitate
838 5535 1039 5613 fulgentium,
1061 5544 1216 5614 quatenus
1230 5537 1291 5597 duo

544 5630 684 5709 Episcopi
701 5629 805 5692 baberi
821 5628 1029 5708 nonpossint,
1047 5627 1192 5706 praestito
1207 5627 1292 5706 prius

543 5721 628 5785 iusta
644 5721 818 5802 pontificale
830 5722 1005 5783 Romanum
1020 5721 1207 5796 iuramento,
1224 5735 1292 5782 rnu-

544 5831 602 5877 nus
617 5815 856 5878 consecrationis
866 5816 1019 5893 suscipere
1031 5815 1127 5892 possit
1136 5821 1168 5875 et
1181 5813 1291 5876 valent.

544 5908 653 5971 Eidem
674 5923 749 5968 vero
770 5907 813 5971 sic
834 5907 932 5969 electo
959 5907 1105 5987 Episcopo
1127 5907 1293 5970 conmini-

1072 559 1134 602 ibn.
1160 557 1251 602 PONT·
1276 557 1316 603 bn
1338 559 1366 602 P·
1391 559 1420 604 F.
1446 559 1528 604 PARS
1552 560 1571 604 l.

1350 696 1437 756 mus,
1468 687 1502 743 ut
1525 682 1556 744 in
1579 681 1710 761 praefata
1733 683 1950 745 Baltimorensi
1974 681 2100 744 civitate

1349 789 1442 834 unam
1459 774 1619 838 ecclesiam
1639 775 1697 836 sibi
1713 775 1891 838 benevisam
1914 777 1949 838 ad
1965 775 2097 838 formam

1349 867 1530 930 cathedralis
1552 867 1697 928 ecclesiae
1718 868 1815 943 redigi
1831 867 1931 943 faciat,
1949 877 1989 942 et,
2006 875 2099 946 prout

1351 965 1527 1037 temporum
1549 976 1583 1021 ac
1604 975 1711 1021 rerum
1735 961 1811 1021 ratio
1832 961 2022 1036 permiserit,
2046 960 2100 1021 ali-

1349 1067 1443 1129 quem
1464 1051 1521 1113 sibi
1535 1052 1655 1114 elerum
1678 1051 1818 1114 instituat
1832 1052 1940 1113 divino
1955 1051 2054 1114 cultui
2069 1062 2100 1115 et

1349 1144 1488 1206 eiusdem
1500 1145 1645 1206 ecclesiae
1656 1146 1782 1208 servitio
1793 1146 2003 1220 addictum,ac
2014 1163 2101 1224 prae-

1351 1246 1433 1300 terea
1454 1239 1654 1302 seminarium
1669 1240 1851 1318 episcopale,
1875 1238 1925 1302 rel
1946 1239 1977 1302 in
1992 1239 2100 1302 eadem

1348 1331 1474 1392 civitate
1496 1331 1545 1392 vel
1568 1331 1651 1406 alibi,
1675 1338 1767 1411 prout
1783 1333 1879 1408 magis
1893 1333 2039 1408 expedire
2054 1333 2102 1394 iu-

1349 1427 1511 1502 dicaverit,
1543 1430 1659 1505 erigat,
1688 1429 2101 1506 ecclesiasticosprorentus

1349 1519 1554 1595 administret,
1577 1522 1677 1600 aliqua
1699 1530 1785 1600 gerat
1805 1537 1861 1599 pro
1882 1521 2051 1584 catholicae
2066 1521 2102 1582 fl·

1349 1614 1397 1676 dei
1427 1615 1633 1689 incremento,
1657 1615 1815 1694 ipsiusque
1841 1615 1884 1676 sic
1912 1629 2011 1676 novae
2033 1630 2102 1676 ere·

1349 1711 1414 1766 ctae
1440 1707 1620 1770 cathedralis
1646 1707 1790 1770 ecclesiae
1819 1707 1907 1770 cultu
1935 1712 1965 1768 et
1991 1707 2101 1769 decore

1348 1798 1578 1876 amplificando,
1607 1808 1699 1877 prout
1722 1801 1819 1877 magis
1841 1801 1873 1862 iu
1895 1800 2027 1862 Domino
2048 1815 2100 1861 ex-

1348 1891 1454 1969 pedire
1473 1893 1665 1957 indicaverit.
1689 1895 1867 1958 Mandantes
1881 1903 2043 1973 propterea
2058 1894 2101 1956 ei·

1349 1985 1420 2047 dem
1443 1987 1603 2066 Episcopo,
1626 1995 1661 2049 ut
1682 1987 1771 2050 iussis
1794 1987 1824 2052 S.
1842 1987 2101 2063 Congregationis

1348 2079 1575 2141 venerabilium
1596 2079 1728 2143 fratrum
1750 2089 1932 2144 nostrorum
1955 2080 1985 2143 S.
2006 2081 2042 2143 R.
2062 2081 2096 2142 E.

1350 2171 1561 2235 Cardinalinm
1596 2174 1730 2250 negotiis
1764 2173 1982 2253 Propagandae
2012 2175 2097 2237 Fidei

1349 2267 1595 2344 praepositorum
1617 2269 1828 2345 obtemperet,
1851 2269 2034 2333 relationem
2056 2268 2101 2330 vi-

1348 2360 1500 2423 sitationis
1528 2362 1671 2428 ecclesiae
1702 2363 1805 2425 debito
1834 2368 2100 2441 ternporetrans·

1350 2453 1469 2530 mittat,
1499 2469 1631 2535 eamque
1657 2456 1839 2528 instructam
1864 2455 1972 2518 reddat
1998 2454 2036 2516 de
2063 2454 2099 2516 iis

1349 2548 1506 2621 omnibus,
1523 2563 1601 2625 quae
1613 2549 1782 2626 spiritualis
1796 2549 1854 2610 sibi
1864 2547 2017 2610 commissi
2029 2563 2099 2624 gre·

1349 2639 1395 2717 gis
1417 2639 1497 2701 bono
1520 2656 1552 2702 ac
1574 2641 1664 2704 saluti
1686 2642 1810 2704 noverit
1832 2641 2006 2719 profutura.

1388 2733 1407 2808 ἓ
1430 2732 1478 2795 to.
1502 2733 1709 2796 Decernentes
1730 2734 1782 2796 bas
1803 2743 1979 2813 praesentes
1994 2736 2099 2798 literas
2117 2739 2337 2842 ,fiffiu'ffsslssss
2377 2810 2378 2852 1

1348 2841 1471 2902 semper
1493 2827 1608 2900 firmas,
1631 2826 1745 2890 validas
1761 2837 1792 2892 et
1806 2828 1942 2891 efficaces
1964 2830 2098 2892 existere
2118 2853 2176 2896 aum
2191 2848 2311 2894 irritans.
2377 2863 2378 2878 ,

1349 2926 1379 2979 et
1400 2916 1481 2992 fore,
1510 2933 1645 2996 suosque
1665 2920 1819 2996 plenarios
1841 2919 1968 2982 effectus
1994 2921 2098 2984 sortiri

1349 3018 1379 3072 et
1400 3010 1553 3086 obtinere,
1577 3020 1608 3073 et
1629 3011 1759 3088 abillis,
1782 3014 1816 3075 ad
1839 3029 1916 3092 quos
1936 3022 2099 3092 spectaret

1348 3103 1495 3181 spectabit
1516 3105 1747 3183 quomodolibet
1767 3107 1799 3168 iu
1820 3106 1975 3182 futurum,
1997 3107 2096 3169 inrio-

1349 3194 1481 3258 labiliter
1494 3197 1669 3274 observari3
1686 3199 1792 3276 sicque
1808 3200 1838 3261 in
1855 3200 2030 3279 praemissis
2045 3217 2099 3280 per

1349 3305 1561 3368 quoscumque
1576 3291 1690 3352 iudices
1702 3293 1871 3353 ordinarios
1886 3299 1916 3354 et
1931 3291 2097 3370 delegatos,

1348 3381 1443 3444 etiam
1469 3397 1632 3444 cansarum
1664 3383 1767 3462 palatii
1793 3383 1949 3462 apostolici
1982 3385 2101 3448 audito-

1349 3491 1410 3550 res,
1433 3482 1464 3535 et
1485 3472 1516 3537 S.
1532 3475 1569 3537 R.
1587 3474 1622 3535 E.
1641 3475 1828 3551 cardinales,
1850 3476 1969 3538 sublata
1990 3477 2046 3553 eis,
2067 3488 2100 3543 et

1349 3584 1459 3630 eorum
1481 3569 1624 3644 cuilibet,
1647 3570 1756 3647 quavis
1777 3570 1868 3632 aliter
1890 3571 2044 3634 iudicandi
2068 3581 2099 3634 et

1350 3662 1575 3741 interpretandi
1596 3660 1739 3724 facultate
1761 3670 1792 3725 et
1806 3665 2001 3739 auctoritate,
2021 3665 2099 3728 iudi·

1349 3755 1410 3816 cari
1426 3761 1456 3816 et
1471 3754 1594 3818 definiri
1614 3754 1738 3831 debere,
1758 3771 1790 3818 ac
1808 3756 1932 3818 irritum
1947 3763 1978 3818 et
1993 3758 2097 3832 inane,

1348 3848 1373 3908 si
1393 3863 1481 3910 secus
1504 3847 1667 3924 superbis
1694 3865 1709 3908 a
1732 3863 1890 3927 quoquam
1917 3850 2025 3929 quavis
2046 3867 2099 3913 au·

1348 3940 1491 4003 ctoritate
1511 3941 1646 4002 scienter
1664 3939 1713 4004 vel
1728 3939 1910 4018 ignoranter
1931 3944 2098 4020 contigerit

1348 4038 1504 4099 attentari.

1386 4129 1475 4204 §tt
1501 4128 1568 4191 Non
1591 4130 1783 4192 obstantibus
1809 4131 1982 4209 apostolicis
2007 4147 2040 4194 ac
2065 4133 2098 4195 in
2117 4139 2334 4239 tffilssffim'

1348 4222 1589 4297 universalibus,
1606 4223 1910 4302 provincialibusque
1925 4233 1956 4286 et
1970 4224 2099 4303 synoda-

1348 4316 1428 4378 libus
1450 4315 1595 4378 Consiliis
1623 4316 1712 4378 editis
1734 4317 1933 4393 generalibus
1959 4318 2010 4380 vel
2030 4334 2099 4398 spe-

1348 4409 1474 4472 cialibus
1495 4409 1768 4471 constitutionibus
1789 4415 1820 4470 et
1839 4411 2098 4488 ordinationibus,

1348 4501 1537 4578 caeterisque
1560 4499 1722 4561 contrariis
1743 4500 1991 4579 quibuscunque.

1388 4595 1500 4657 Datum
1530 4594 1645 4656 Romae
1676 4593 1754 4670 apud
1787 4593 1818 4656 S.
1849 4595 1971 4657 llariam
2006 4597 2099 4660 lfaio·

1348 4703 1417 4751 rem
1436 4687 1495 4748 sub
1515 4685 1631 4749 annulo
1654 4685 1823 4762 Piscatoris,
1846 4687 1897 4749 die
1911 4705 1953 4749 rr.
1968 4705 2098 4754 novem-

1349 4783 1410 4846 bris
1433 4793 1672 4854 unccnxxurx.‚
1699 4779 1896 4857 pontificatus
1921 4783 2021 4845 nostri
2045 4801 2100 4847 an-

1348 4891 1389 4938 no
1404 4890 1456 4936 xv.

1610 5061 1848 5076 *-

1641 5344 1807 5410 lxxxiv.

1349 5535 1495 5598 Instante
1527 5532 1772 5612 congregatione
1803 5532 1967 5599 Minionis
1998 5535 2098 5597 eidem

1389 5624 1546 5704 irtdnlqet,
1571 5631 1609 5687 nt
1630 5641 1705 5686 snos
1726 5624 1874 5688 olnmoos
1896 5627 1937 5688 od
1961 5626 2097 5690 titulum

1388 5735 1514 5780 mensae
1549 5718 1725 5780 commanis
1760 5719 1861 5796 possit
1896 5719 1938 5782 aci
1970 5721 2097 5782 ordines

1386 5827 1578 5888 promovere,
1590 5825 1655 5872 non
1668 5809 1772 5874 solnm
1788 5810 1971 5881 Hiberniae,
1986 5829 2096 5875 oerum

1388 5911 1419 5965 et
1441 5901 1532 5966 olibi.

2130 539 2186 594 An.
2200 542 2230 593 G.
2255 537 2328 590 1789
2370 533 2374 558 ⁴
