4722 6976
267 553 365 621 133.
387 553 457 618 calc
506 547 565 625 316

803 695 908 764 xttt.

488 888 613 952 Vicorio
635 890 691 966 Ap.
720 887 915 964 caplatorum
937 887 1073 968 Aegypti
1101 885 1232 949 coadiu-

527 985 625 1042 torem
648 981 802 1044 conrcedit.

487 1164 604 1233 ottacto
626 1165 691 1233 illio
713 1165 883 1234 Theodosio
901 1165 1080 1233 llabucanim
1102 1164 1231 1248 Presby-

525 1265 592 1327 tero
616 1258 731 1342 ccpntc
756 1258 790 1327 S.
815 1261 1069 1345 congregationis
1092 1259 1127 1325 de
1159 1257 1232 1325 Pro-

526 1354 665 1438 paganda
688 1353 759 1422 Fide
783 1353 911 1434 alumno,

733 1539 820 1608 eltis
843 1542 903 1608 ΡΡ.
928 1539 987 1609 till.

766 1729 883 1798 Dilecto
906 1729 959 1808 iili,

521 1825 649 1893 salutem
672 1830 704 1892 et
725 1825 924 1910 apostolicam
947 1822 1196 1890 benedictionem.

528 2016 608 2079 Cum
630 2016 780 2079 Mattheus
802 2015 916 2091 llighet
945 2012 1084 2077 Vicanius
1106 2013 1232 2091 Aposto-

488 2108 564 2171 licus
586 2109 778 2187 cepheorum
803 2108 936 2186 Aegypti
957 2107 997 2169 ch
1020 2108 1234 2183 ingravescen-

488 2209 551 2264 tem
572 2208 703 2264 aetatem
718 2209 748 2263 et
764 2201 956 2262 incommoda
978 2198 1165 2261 valetudinis
1180 2198 1234 2259 ali-

487 2311 549 2372 quo
570 2294 757 2368 coadiutore,
773 2294 1047 2370 sicutaccepimus,
1063 2301 1162 2368 egeat,
1179 2291 1232 2369 qni

488 2387 520 2449 in
542 2387 726 2466 perferendo
755 2385 918 2449 vicariatus
945 2401 1040 2447 onere
1066 2385 1124 2463 ipsi
1149 2385 1233 2447 auxi-

488 2481 566 2544 lium
588 2488 720 2561 praestet
740 2489 831 2560 atque
860 2480 1014 2554 levamen,
1038 2495 1093 2541 nos
1119 2479 1232 2542 idcireo

487 2591 543 2654 pro
564 2573 718 2636 commissi
740 2573 828 2636 nohis
849 2573 999 2636 divinitus
1021 2572 1176 2652 pastoralis
1190 2573 1233 2636 ol-

489 2668 548 2730 ircii
569 2685 654 2743 eura,
679 2683 718 2729 ne
746 2667 819 2746 quid
842 2666 921 2728 desit
943 2667 1072 2730 istarum
1099 2668 1232 2746 partium

488 2761 678 2822 assistentiae
699 2761 880 2838 spiritualis,
910 2768 1062 2840 quantum
1086 2760 1174 2822 nobis
1194 2777 1232 2822 ex

487 2855 548 2916 3113
563 2853 742 2917 conceditur
757 2863 932 2932 opportune
947 2855 1110 2916 consulere
1125 2854 1233 2916 volen-

489 2943 545 3026 tes,
569 2955 662 3027 teque
683 2947 721 3009 de
741 2947 828 3010 cuius
850 2948 973 3026 probata
994 2947 1073 3026 apud
1095 2965 1150 3010 nos
1171 2949 1234 3026 pic·

490 3050 562 3116 tate,
585 3041 748 3119 prudentia
772 3057 805 3102 ac
827 3041 989 3118 religionis
1013 3042 1116 3104 studio
1137 3042 1233 3120 pluri-

489 3153 576 3201 mum
605 3137 637 3198 in
662 3136 795 3198 Domino
818 3136 1015 3211 confidimus,
1044 3151 1116 3214 prae
1137 3137 1234 3200 oculis

378 3229 380 3236 ’
488 3231 637 3293 habentes
647 3235 704 3291 eta
718 3229 878 3307 quibusvis
893 3229 1231 3306 excommunicationis,

487 3322 699 3403 suspensionis
710 3328 741 3383 31
756 3322 933 3411 interdicti,
945 3323 1075 3401 aliisque
1095 3323 1234 3386 ecelesia-

488 3417 571 3479 sticis
592 3415 767 3490 sententiis,
790 3415 927 3478 censuris
949 3422 1020 3488 313,
1041 3424 1072 3479 13
1093 3416 1125 3477 13
1146 3419 1232 3481 coad-

489 3511 623 3574 iutorem
647 3509 871 3589 praenominati
896 3507 1021 3571 Matthei
1041 3527 1113 3572 cum
1128 3509 1232 3574 lutura

489 3605 521 3665 in
542 3604 696 3682 praedicto
718 3603 812 3681 ipsius
830 3602 993 3682 apostolico
1008 3603 1161 3667 vicariatu
1177 3607 1233 3669 Co-

488 3701 636 3777 phtorum
654 3695 758 3758 lavore
773 3695 819 3758 tui
833 3696 1036 3772 successione,
1051 3701 1232 3763 auctoritate

488 3789 649 3869 apostolica
671 3797 779 3851 tenore
793 3791 1004 3868 praesentium
1021 3793 1230 3871 nominamus,

489 3883 672 3961 deputamus
693 3889 724 3944 et
745 3883 976 3960 constituimus,
993 3884 1033 3946 ita
1049 3891 1164 3964 tamen,
1185 3897 1230 3966 31,

490 3979 555 4056 ipso
577 3977 710 4040 Mattheo
731 3975 870 4054 vivente,
894 3976 926 4038 in
958 3979 1105 4041 exercitio
1131 3988 1162 4042 et
1182 3985 1232 4046 atl-

489 4070 717 4134 ministratione
747 4068 911 4132 vicariatus
939 4070 1138 4151 huiusmodi,
1168 4091 1232 4138 non

490 4165 550 4227 nisi
572 4171 724 4243 quantum
746 4167 776 4224 ct
797 4169 948 4242 qnatenus
976 4165 1057 4228 idem
1079 4167 1232 4232 Mattheus

490 4259 692 4333 ordinaverit,
715 4262 746 4319 13
774 4257 918 4334 ingerere
947 4260 1058 4336 possis,
1081 4277 1114 4322 ea
1144 4280 1231 4340 vero,

490 4370 567 4434 quae
587 4353 652 4431 ipse
674 4354 728 4413 hac
749 4351 782 4413 in
803 4366 836 4412 re
862 4354 1068 4429 mandaverit,
1090 4356 1146 4418 tihi
1167 4372 1232 4418 om-

489 4449 567 4510 nino
588 4453 785 4524 praestereat
799 4443 969 4523 adimplere
990 4450 1130 4511 tenearis.
1147 4451 1232 4526 Quod

489 4543 515 4602 si
537 4541 618 4604 idem
641 4539 791 4602 Mattheus
809 4541 846 4602 ab
866 4540 1011 4603 humanis
1033 4544 1167 4620 decedat,
1180 4554 1232 4609 ant

489 4635 605 4710 lorsam,
621 4634 704 4712 qnod
724 4631 813 4706 absit,
829 4633 890 4695 iam
912 4636 1075 4698 decessisse
1095 4640 1234 4716 contige-

490 4730 542 4805 rit,
566 4745 620 4790 seu
641 4727 814 4804 praedictus
835 4729 900 4788 eius
928 4729 1091 4793 vicariatus
1115 4744 1234 4810 aposto·

488 4823 565 4885 lions
586 4821 657 4883 alias
678 4820 908 4899 quomodolibet
929 4837 967 4883 ex
989 4840 1119 4902 persona
1140 4828 1234 4906 ipsius

490 4915 655 4990 vacaverit,
678 4924 708 4976 te
729 4913 795 4976 eins
817 4913 882 4976 loco
904 4915 1061 4981 llioarium
1082 4921 1234 4999 Apostoli·

489 5028 562 5074 cum
584 5009 774 5088 Gophtorum
798 5017 920 5072 tanturn
944 5029 1016 5074 cum
1037 5017 1182 5079 omnibus
1203 5027 1233 5078 et

490 5104 621 5182 singulis
643 5101 848 5180 facultatibus,
877 5120 956 5182 quac
979 5109 1132 5183 praedicto
1161 5111 1233 5173 Mat-

491 5201 563 5260 theo
585 5197 704 5259 ratione
730 5197 890 5260 vicariatus
918 5200 1096 5266 huiusmodi
1117 5221 1132 5264 a
1156 5205 1234 5268 Sede

490 5293 546 5354 hac
567 5291 737 5370 Apostolica
752 5292 896 5355 hactenus
918 5297 1148 5372 quomodolibet
1163 5315 1235 5360 con-

491 5401 590 5449 cessae
611 5392 640 5446 31
660 5384 826 5447 attributae
851 5384 991 5462 luerunt,
1014 5405 1052 5450 ex
1073 5406 1158 5453 nnnc
1179 5407 1234 5470 pro

492 5488 577 5555 tunc,
591 5485 621 5540 et
635 5493 653 5538 e
667 5487 784 5554 eontra,
796 5474 977 5542 anctoritate
988 5488 1019 5542 ct
1032 5489 1138 5546 tenore
1150 5501 1234 5565 prae-

492 5671 596 5725 tamen
617 5664 650 5725 in
671 5664 845 5743 praemissis
859 5668 1040 5732 anctoritate
1061 5671 1237 5747 Congrege-

494 5758 583 5820 tionis
604 5759 786 5820 eorumdem
810 5760 1029 5824 cardinalium.
1057 5763 1235 5828 Mandemus

490 5859 653 5930 propterca
684 5852 717 5913 in
747 5853 865 5916 virtute
894 5861 1014 5917 sanctae
1045 5857 1235 5922 obedientiae

493 5944 636 6016 omnibus
651 5955 682 6008 et
695 5947 827 6024 singulis
841 5947 878 6009 ad
893 5965 968 6028 quos
988 5959 1104 6030 spectat
1123 5970 1156 6017 ae
1170 5972 1237 6034 spe·

1007 533 1079 626 num
1095 570 1186 626 conr.
1210 572 1250 623 nc
1272 575 1300 623 n.
1324 569 1353 625 r.
1379 579 1461 626 vans
1483 575 1503 628 r.

1286 698 1377 760 ctabit
1397 715 1453 778 pro
1474 707 1624 780 tempore,
1642 711 1676 765 31
1699 711 1728 765 13
1742 701 1778 767 ad
1797 701 1931 766 cilicium
1946 703 2032 767 coad-

1286 792 1412 855 iuctoris
1448 803 1479 858 31
1508 803 1648 877 tempore
1677 813 1733 860 suo
1755 799 1790 860 ad
1815 797 1892 860 illud
1920 797 2031 862 Vicarii

1287 886 1453 962 apostolici
1476 889 1667 970 Cophtorum
1697 891 1825 970 eiusque
1847 892 1980 954 liberum
2001 909 2032 955 e-

1289 981 1465 1054 xercitium,
1494 983 1579 1044 iuxta
1612 983 1794 1047 eorumdem
1822 986 2032 1062 praesentium

1288 1080 1443 1150 tenorem,
1459 1076 1607 1154 recipiant
1622 1084 1653 1139 31
1673 1077 1849 1152 admittant,
1867 1078 1984 1158 tibique
1999 1079 2031 1143 in

1288 1167 1443 1242 omnihus,
1460 1185 1536 1246 quae
1559 1169 1593 1229 ad
1617 1169 1752 1232 officium
1773 1172 1950 1234 huiusmodi
1965 1189 2034 1251 per-

1288 1261 1401 1334 tinent,
1416 1271 1536 1340 praesto
1551 1263 1626 1338 sint,
1643 1272 1734 1341 atquc
1750 1264 1903 1340 obediant,
1920 1273 2033 1344 tuaque

1288 1353 1419 1415 salubria
1441 1356 1559 1418 monita
1574 1365 1604 1418 et
1619 1359 1759 1419 mandata
1774 1366 1955 1420 reverenter
1968 1377 2033 1421 sus-

1288 1448 1401 1524 cipiant
1429 1443 1460 1511 31
1480 1451 1644 1513 efficaciter
1669 1451 1869 1529 adimpleant,
1895 1452 2032 1532 alioquin

1288 1543 1475 1604 sententiam
1496 1543 1562 1604 sive
1582 1560 1714 1624 poenam
1737 1561 1829 1623 quam
1851 1546 1883 1608 in
1903 1546 2033 1609 rebelles

1289 1633 1397 1696 tuleris
1411 1635 1471 1697 rite
1485 1651 1540 1699 seu
1555 1638 1709 1712 statueris,
1727 1645 1825 1699 ratam
1841 1639 2031 1724 habebimus,

1289 1736 1319 1790 et
1341 1728 1487 1791 iaciemus
1508 1737 1633 1792 auctore
1654 1731 1786 1792 Domino
1813 1748 1910 1810 usque
1931 1734 1967 1795 ad
1987 1751 2034 1794 sa-

1291 1823 1496 1885 tisfactionem
1524 1825 1710 1902 condignam
1740 1826 1961 1890 inviolabiliter
1981 1827 2032 1890 oh

1289 1915 1416 1978 servari.
1444 1915 1513 1978 Non
1542 1917 1732 1979 obstantibus
1760 1918 2033 1983 constitutionibus

1290 2017 1320 2070 et
1341 2007 1586 2071 ordinationibus
1606 2009 1789 2088 apostolicis,
1803 2027 1858 2073 nec
1880 2027 1944 2074 non
1966 2013 2035 2091 qui·

1289 2101 1410 2177 hostis,
1446 2102 1540 2163 etiam
1572 2102 1769 2178 iuramento,
1800 2105 2033 2168 confirmatione

1289 2195 1462 2274 apostolica,
1487 2197 1537 2258 vel
1566 2197 1673 2276 quavis
1694 2199 1844 2260 firmitate
1866 2199 1923 2260 alia
1946 2201 2032 2262 robo-

1289 2290 1375 2364 ratis,
1397 2291 1520 2352 statutis
1542 2300 1572 2352 et
1594 2291 1884 2368 consuetudinibus3
1909 2293 2033 2370 privile-

1290 2383 1347 2459 giis
1367 2398 1502 2462 quoque,
1534 2382 1662 2446 indultis
1688 2391 1719 2444 et
1743 2384 1841 2446 literis
1862 2386 2034 2463 apostolicis

1290 2477 1320 2538 in
1342 2477 1530 2538 eontrarium
1543 2475 1782 2554 praemissorum
1803 2479 2034 2557 quomodolibet

1289 2573 1451 2646 concessis,
1469 2574 1658 2636 confirmatis
1680 2583 1711 2637 et
1732 2575 1903 2638 innovatis:
1921 2577 2033 2656 quibus

1289 2667 1434 2730 omnibus
1455 2675 1486 2730 et
1508 2667 1640 2744 singulis
1663 2667 1788 2730 illorum
1805 2677 1927 2732 tenores
1949 2687 2034 2750 prae·

1288 2761 1428 2822 sentibus
1443 2775 1498 2838 pro
1511 2761 1602 2841 plene
1617 2767 1648 2822 el
1671 2759 1863 2824 sufficienter
1883 2764 2034 2842 expressis

1288 2870 1322 2916 ac
1342 2855 1379 2916 de
1400 2853 1495 2916 verbo
1516 2853 1707 2915 ad-vcrhum
1728 2855 1852 2916 insertis
1873 2855 2031 2932 habentes,

1290 2945 1350 3008 illis
1375 2947 1446 3008 alias
1472 2949 1504 3008 in
1533 2963 1589 3008 suo
1616 2947 1728 3010 robore
1753 2949 1974 3028 permansuris,
1997 2952 2033 3012 ad

1290 3039 1528 3118 praemissorum
1549 3039 1696 3102 ellectum
1719 3041 1773 3104 hac
1788 3043 1856 3104 vice
1876 3044 2034 3106 dumtaxat

1288 3132 1463 3211 specialiter
1491 3143 1522 3194 et
1546 3149 1689 3211 expresse
1714 3133 1911 3212 derogamus,
1934 3143 2033 3198 caete

1289 3226 1393 3304 risque
1419 3226 1582 3288 contrariis
1603 3227 1861 3309 quibuscumque.

1329 3320 1441 3381 ilatum
1470 3319 1596 3395 Romae,
1627 3323 1706 3400 apud
1739 3322 1770 3385 S.
1789 3324 1915 3386 Mariam
1943 3325 2034 3387 Maio-

1289 3431 1355 3476 rem
1370 3414 1428 3475 sub
1449 3413 1565 3475 annulo
1592 3415 1763 3491 Piscatoris,
1786 3405 1840 3479 ‘die
1865 3433 1952 3480 xxtx.
1981 3437 2034 3481 no·

1288 3507 1424 3570 vemhris
1447 3523 1634 3584 33333333,
1650 3511 1847 3588 pontificatus
1869 3513 1966 3575 nostri
1980 3529 2033 3575 an-

1288 3618 1329 3663 no
1351 3617 1403 3663 xv.

1541 3767 1778 3777 *ιι-...κ-

1603 3888 1719 3953 xttitt.

1291 4075 1515 4140 Communicat
1538 4075 1722 4158 privilegiu,
1753 4080 1936 4156 apostolicis
1959 4081 2033 4142 ntia·

1328 4169 1483 4232 siccariis
1505 4169 1589 4232 clius
1611 4187 1766 4242 concesso,
1782 4171 1976 4250 presbyteris
1998 4174 2034 4235 dc

1332 4263 1483 4327 Oratoric
1501 4263 1766 4344 Contpropatiomis
1784 4266 1896 4330 Sancti
1913 4267 2033 4347 Philip-

1328 4357 1361 4435 pi
1385 4357 1476 4422 Nerii
1498 4357 1644 4421 civitatis
1666 4357 1830 4423 Limomne.
1949 4349 1960 4374 '

1290 4542 1407 4611 Dilecto
1429 4542 1494 4612 lilio
1515 4543 1663 4629 Gregorio
1685 4546 1812 4614 bolonia
1839 4543 1981 4614 lambino
2003 4554 2035 4615 ct

1330 4638 1423 4706 l.ama
1445 4640 1622 4724 presbytero
1644 4641 1895 4725 congregationis
1915 4642 1950 4708 de
1964 4644 2035 4710 tira-

1327 4735 1405 4802 13313
1429 4739 1617 4815 nuncupatae
1639 4731 1672 4801 8.
1689 4732 1813 4818 Philippi
1836 4735 1915 4803 lienii
1938 4736 2035 4805 tima-

1330 4842 1386 4894 nae
1409 4827 1549 4907 civitatis,

1535 5015 1622 5084 eltis
1645 5017 1705 5085 ΡΡ.
1730 5019 1786 5085 llll.

1332 5285 1337 5294 ι
1566 5204 1682 5273 llilecte
1704 5205 1757 5286 iili,

1323 5297 1504 5364 salutemet
1528 5298 1725 5382 apostolicam
1752 5299 2000 5371 benedictionem.

1331 5489 1399 5566 51.
1423 5487 1593 5566 Religionis
1622 5491 1720 5566 zelus,
1749 5494 1830 5554 vitae
1853 5511 1886 5555 ac
1913 5509 2037 5556 tuorum
2113 5572 2118 5580 Ι

491 5570 558 5631 latis
580 5569 706 5633 iacimus
728 5579 759 5632 31
780 5571 983 5651 instituimus,
1009 5574 1090 5636 salva
1111 5593 1235 5656 semper
1292 5585 1452 5659 honestas,
1480 5584 1601 5663 aliaque
1630 5586 1791 5648 laudabilia
1818 5588 1978 5668 probitatis
2004 5597 2037 5651 31
2055 5581 2139 5618 ⁵¹⁰⁰¹⁸·

1290 5679 1447 5740 virtutum
1475 5679 1598 5753 merita,
1621 5693 1713 5755 super
1741 5681 1854 5758 quihus
1880 5681 1958 5758 apud
1980 5697 2037 5742 nos

1292 5772 1352 5832 tide
1377 5768 1480 5846 dignis
1510 5772 1737 5835 commendaris
1761 5774 1956 5850 testimoniis,
1979 5791 2037 5836 nos

1291 5864 1459 5939 adducunt,
1470 5872 1504 5926 ut
1517 5871 1545 5925 tc
1559 5865 1742 5944 specialibus
1753 5865 1908 5930 latoribus
1922 5877 1954 5930 et
1969 5883 2036 5944 gra-

1293 5958 1343 6018 tiis
1365 5973 1588 6036 prosequamur
1610 5959 1761 6022 liberales.

2062 563 2117 620 An.
2132 568 2167 620 0.
2194 563 2271 616 1814

2082 5517 2152 5564 Ratio
2166 5525 2269 5562 confles·
