4750 6980
339 559 392 614 Aa.
407 563 437 616 (l.
459 553 527 616 1802
577 559 635 626 462

558 700 669 764 obierit
697 707 885 776 extremum,
914 717 968 762 nos
997 715 1052 779 pro
1080 691 1222 776 pastorali
1245 706 1298 752 no-

556 799 617 855 stra
639 793 799 870 vigilantia
821 794 1020 872 negotiorum
1038 809 1070 853 ac
1092 791 1246 852 bonorum
1268 793 1299 848 et

557 902 665 948 rerum
696 888 795 952 dictae
826 886 1095 964 congregationis,
1128 900 1167 946 ne
1198 881 1298 958 aliqua

556 989 717 1059 propterca
739 983 896 1061 patiantur
911 981 1110 1054 detrimenta,
1123 975 1204 1040 lelici
1219 973 1297 1036 dire-

557 1074 652 1136 ctioni
667 1082 698 1138 et
713 1075 901 1155 progressui,
918 1081 1068 1154 quantum
1080 1087 1152 1135 cum
1168 1069 1299 1132 Domino

557 1167 713 1244 postulare
732 1169 894 1232 consulere
915 1167 1066 1237 volentes,
1082 1184 1114 1228 ac
1135 1164 1173 1226 de
1192 1165 1297 1240 singu·

557 1261 613 1322 lari
635 1263 737 1325 dilecti
765 1263 821 1324 tilii
847 1263 945 1326 nostri
976 1261 1123 1341 Stephani
1146 1261 1176 1324 S.
1200 1260 1236 1323 R.
1261 1257 1295 1320 E.

556 1355 726 1430 praedictae
737 1357 906 1434 presbyteri
918 1355 1087 1420 cardinalis
1096 1353 1205 1430 Borgia
1218 1368 1298 1414 nuu-

556 1449 655 1527 cupati
678 1450 748 1521 ilde,
769 1449 931 1526 prudentia
953 1457 984 1510 ct
1005 1447 1182 1524 integritate
1203 1445 1299 1523 pluri-

556 1557 646 1604 mum
668 1543 700 1604 in
722 1543 853 1604 Domino
875 1543 994 1613 conlisi,
1018 1549 1104 1603 motu
1126 1539 1249 1618 proprio
1267 1546 1298 1598 et

557 1651 595 1697 ex
624 1645 706 1698 certa
728 1636 853 1699 scientia
880 1653 914 1698 ac
935 1644 1054 1698 matura
1076 1633 1298 1696 deliberatione

557 1730 681 1802 nostris,
695 1731 794 1792 eidem
811 1727 966 1807 Stephano
981 1728 1146 1801 cardinali,
1159 1734 1193 1789 ut
1208 1740 1298 1804 quae·

557 1821 691 1902 cumq'ue
713 1825 866 1897 mandata,
890 1824 1024 1902 aliasque
1045 1821 1209 1901 scripturas
1224 1837 1297 1899 quo·

557 1917 603 1978 vis
635 1919 762 1978 nomine
790 1925 993 1994 nuncupatae,
1017 1923 1078 1976 tarn
1110 1913 1145 1974 ad
1176 1913 1297 1993 quasvis

556 2011 758 2086 pecuniarum
779 2027 916 2072 summas
931 2010 1149 2089 percipiendas,
1173 2008 1298 2085 exigen-

557 2103 607 2165 das
629 2113 659 2165 et
682 2103 837 2178 levandas,
861 2120 918 2165 nec
940 2120 1003 2165 non
1025 2103 1231 2165 solvendaset
1246 2119 1297 2166 ex-

555 2197 734 2273 bursandas,
745 2215 837 2276 quam
848 2198 1071 2260 haereditatem
1082 2205 1113 2258 et
1124 2197 1298 2274 legatorum

556 2291 782 2369 acquisitiones,
795 2291 934 2354 locorum
949 2291 1105 2352 montium
1121 2298 1152 2352 ct
1166 2290 1295 2353 aliorum

557 2385 709 2448 bonorum
725 2386 915 2462 emptiones,
938 2400 972 2445 ac
992 2386 1115 2462 quosvis
1136 2384 1212 2446 alios
1226 2401 1300 2447 con-

556 2483 670 2540 tractus
691 2485 721 2538 et
743 2479 865 2554 negotia
886 2478 1022 2540 cuiusvis
1047 2478 1181 2554 generis,
1203 2478 1298 2558 quali·

556 2572 626 2632 tatis
647 2579 678 2633 ct
698 2571 807 2648 speciei
830 2571 1048 2633 concernentia
1062 2577 1093 2632 et
1109 2587 1298 2634 concernen-

555 2673 612 2738 tes,
635 2679 713 2742 quae
742 2671 774 2725 et
799 2680 873 2742 quas
897 2663 935 2726 de
962 2663 1070 2726 ordine
1096 2673 1126 2725 et
1155 2667 1298 2730 mandato

555 2759 653 2820 dictae
675 2757 931 2834 congregationis
947 2773 1001 2836 pro
1017 2765 1156 2836 tempore
1172 2775 1299 2837 quomo-

556 2853 670 2915 dolibet
692 2853 760 2915 lieri
782 2851 959 2928 contigerit,
975 2853 1169 2916 subscribere
1183 2863 1213 2915 et
1230 2870 1298 2932 pro·

555 2948 622 3026 prio
643 2946 744 3023 sigillo
760 2947 885 3008 munire
905 2946 1000 3008 libere
1015 2954 1045 3008 et
1060 2946 1152 3022 licite,
1169 2947 1230 3009 vita
1245 2966 1297 3010 sua

556 3041 699 3113 durante,
721 3039 814 3119 possit
835 3047 865 3100 et
886 3039 996 3111 valeat,
1020 3041 1201 3104 auctoritate
1229 3058 1299 3121 apo-

555 3134 658 3197 stolica
681 3141 789 3196 tenure
804 3134 1012 3211 praesentium
1035 3134 1211 3196 facultatem
1227 3151 1298 3198 con·

555 3229 692 3292 cedimus
713 3239 745 3292 et
765 3228 973 3304 impertimur.

595 3325 614 3398 ἓ
634 3324 663 3386 2.
684 3323 889 3386 Decernentes
904 3326 1026 3387 easdem
1040 3334 1216 3406 praesentes
1231 3324 1299 3386 lite·

556 3435 603 3480 ras
628 3418 743 3492 tirmas,
766 3417 879 3480 validas
898 3424 929 3480 et
954 3419 1088 3482 efficaces
1110 3421 1243 3483 existere
1264 3437 1297 3482 ac

554 3512 631 3587 iore,
647 3527 780 3589 suosque
801 3510 953 3590 planarios
969 3521 999 3573 et
1020 3513 1156 3590 integros
1171 3513 1298 3576 ellectus

554 3604 659 3668 sortiri
681 3612 711 3666 et
733 3605 885 3682 obtinere,
909 3613 939 3668 et
960 3607 998 3668 ab
1018 3607 1163 3669 omnibus
1184 3625 1215 3670 ac
1236 3608 1298 3671 sin-

556 3701 647 3780 gulis,
662 3701 697 3764 ad
713 3717 789 3779 quos
810 3708 934 3778 spectat,
951 3699 1172 3764 inviolabililer
1196 3702 1298 3764 obser·

554 3797 638 3872 vari3
661 3795 765 3873 sicque
786 3810 841 3872 per
855 3810 1068 3873 quoscumque
1089 3797 1203 3859 iudices
1218 3799 1297 3861 ordi-

555 3889 657 3952 narios
678 3895 709 3950 et
730 3887 894 3964 delegatos,
911 3888 1003 3950 etiam
1018 3905 1177 3952 caumrum
1196 3893 1297 3969 palatii

555 3981 712 4062 apostolici
735 3981 899 4055 auditores,
922 3999 955 4044 ac
985 3982 1122 4045 eiusdem
1145 3985 1176 4048 S.
1200 3985 1235 4047 R.
1260 3988 1294 4048 E.

555 4075 741 4149 Cardinales‚
757 4075 849 4136 etiam
865 4077 902 4137 de
915 4075 1011 4138 latere
1026 4077 1165 4154 Legatos,
1181 4080 1297 4142 sublata

554 4171 598 4232 eis
609 4177 639 4231 et
654 4183 763 4230 eorum
777 4167 903 4230 cuilibet
919 4169 1026 4246 quavis
1039 4170 1129 4232 aliter
1145 4172 1297 4234 iudicandi

554 4269 585 4326 et
597 4261 818 4342 interpretandi
836 4261 979 4324 facultate
993 4271 1023 4325 et
1043 4255 1234 4342 auctoritate,
1252 4269 1296 4330 iu-

554 4358 647 4420 dicari
658 4363 689 4418 et
700 4356 823 4418 deliniri
834 4355 958 4432 debere,
970 4373 1002 4419 ac
1014 4359 1138 4421 irritum
1148 4369 1179 4422 et
1191 4361 1294 4438 inane,

553 4452 579 4514 si
600 4467 687 4514 secus
708 4464 800 4529 super
824 4449 873 4511 bis
897 4466 913 4510 a
934 4465 1100 4529 quoquam,
1124 4454 1230 4531 quavis
1245 4472 1296 4516 au·

553 4545 705 4618 ctoritate,
725 4543 859 4605 scienter
872 4542 922 4603 vel
937 4543 1116 4620 ignoranter
1131 4547 1296 4624 contigerit

553 4639 710 4700 attentari.

593 4733 612 4807 g
633 4732 661 4792 3.
688 4728 757 4792 Non
780 4729 973 4792 obstantibus
996 4731 1094 4794 literis
1116 4749 1176 4796 rec.
1200 4751 1293 4798 mein.

554 4823 693 4902 Gregorii
716 4823 771 4885 PP.
786 4822 852 4886 xv.
876 4825 1113 4902 praedecessoris
1136 4829 1233 4889 nostri
1248 4845 1296 4890 su·

554 4933 609 4996 per
630 4915 832 4996 applicatione
845 4917 1034 4981 annulorum
1056 4918 1150 4998 ipsius
1171 4920 1247 4983 S.R.
1260 4923 1294 4984 ll.

555 5011 764 5075 Cardinalium
780 5009 879 5073 eidem
895 5011 1134 5088 congregationi
1150 5014 1225 5077 lacta
1240 5016 1297 5078 sub

554 5105 603 5168 die
624 5122 704 5168 xxii.
728 5104 795 5167 iulii
818 5119 965 5166 nooxxu.
989 5107 1150 5182 expeditis,
1174 5115 1204 5169 et
1225 5124 1297 5170 con·

553 5199 767 5261 stitutionibus
787 5204 817 5258 et
845 5197 1089 5261 ordinationibus
1114 5200 1294 5278 apostolicis,

553 5300 584 5355 et
604 5291 764 5372 quibusvis
785 5291 881 5355 dictae
902 5292 1148 5369 congregationis
1169 5293 1297 5356 decretis

554 5386 586 5448 in
603 5383 790 5447 contrarium
813 5384 1052 5461 praemissorum
1068 5384 1297 5463 quomodolibet

555 5479 712 5541 emanatis.
735 5477 851 5552 Quibus
872 5478 1016 5540 omnibus
1039 5484 1069 5540 et
1091 5478 1221 5556 singulis
1245 5495 1295 5542 eo-

553 5589 626 5635 rum
649 5580 773 5634 tenores
787 5571 1001 5651 praesentibus
1016 5587 1069 5650 pro
1084 5571 1175 5651 plene
1190 5580 1220 5634 et
1234 5573 1296 5634 sul·

553 5667 693 5728 sicienter
714 5665 865 5743 expressis
886 5682 918 5726 ac
938 5665 975 5726 de
996 5665 1092 5727 verbo
1112 5665 1295 5729 adverbum

553 5759 678 5822 insertis
699 5759 858 5836 babentes,
880 5760 940 5822 illis
958 5759 1031 5822 alias
1051 5759 1084 5822 in
1105 5777 1162 5821 suo
1186 5759 1296 5822 robore

554 5855 773 5932 permansuris,
785 5855 820 5917 ad
832 5854 1071 5932 praemissorum
1083 5853 1228 5917 ellectum
1241 5853 1295 5916 hac

554 5948 622 6018 tice
644 5950 813 6025 dumtaxat,
829 5947 1002 6027 specialiter
1011 5955 1041 6010 et
1052 5963 1193 6028 expresse
1208 5949 1295 6010 dero·

1075 575 1140 622 11111.
1162 572 1254 620 PONT·
1278 567 1318 616 DE
1340 571 1369 616 P·
1393 571 1422 620 F·
1447 571 1529 622 PARS
1551 577 1571 622 1.

2137 555 2200 610 An.
2215 553 2249 606 Ο.
2271 549 2338 604 1803

1356 707 1475 770 gamus,
1498 695 1688 776 caeterisque
1716 697 1878 760 contrariis
1902 695 2102 776 quibuscum·

1355 804 1426 866 que.

1395 880 1506 942 ilatum
1522 880 1647 956 Romae,
1661 883 1739 960 apud
1756 883 1786 946 S.
1801 883 1928 944 llariam
1940 882 2100 955 Maiorem,

1354 975 1412 1037 sub
1440 974 1556 1036 annulo
1587 976 1758 1052 Piscatoris,
1788 976 1837 1038 die
1862 993 1950 1038 xxix.
1977 977 2101 1053 augusti

1356 1085 1515 1144 nuceum,
1538 1071 1734 1156 pontificatus
1756 1071 1853 1134 nostri
1878 1087 1961 1132 anno
1983 1087 2031 1130 ur.

1702 1355 1752 1417 lX.

1356 1538 1501 1601 luctante
1512 1540 1685 1603 sodalitate
1699 1543 1830 1605 soractis.
1842 1542 2043 1606 Sacramenta
2056 1546 2100 1606 ci-

1394 1631 1508 1694 uitatis
1532 1634 1694 1707 bimanus,
1716 1636 1882 1715 coufirmat
1906 1639 2099 1715 rescriptum

1395 1728 1651 1806 congregationis
1674 1729 1812 1791 rituum.

1601 1898 1686 2010 l’llls
1711 1901 1769 1968 ΡΡ.
1795 1902 1852 1970 llll.

1495 2023 1954 2094 mmmmmmm

1394 2199 1412 2272 ἓ
1435 2200 1460 2260 i.
1486 2201 1575 2274 llum,
1592 2203 1671 2264 sicut
1685 2201 1789 2266 dilecti
1805 2203 1860 2265 lilii
1876 2205 2017 2266 moderni
2033 2220 2099 2266 mo·
2135 2213 2280 2272 expositio
2295 2223 2344 2268 111·

1354 2291 1509 2354 deratores
1531 2294 1698 2356 sodalitatis
1719 2297 1777 2358 sub
1799 2297 1889 2359 titulo
1914 2297 2097 2361 sanctissimi
2117 2281 2192 2318 ⁰⁰⁰¹·

1354 2385 1556 2459 Sacramenti,
1572 2388 1780 2450 sanctissimae
1802 2390 1961 2452 Trinitatis
1975 2399 2005 2453 et
2019 2393 2097 2456 Con-

1355 2479 1502 2557 ceptiouis
1524 2480 1626 2541 beatae
1647 2480 1757 2543 Mariae
1773 2481 1910 2560 Virginis
1926 2484 1957 2546 in
1974 2485 2098 2548 ecclesia

1354 2580 1532 2634 sanctorum
1554 2573 1637 2636 Patri
1653 2581 1683 2635 ct
1697 2573 1793 2649 Pauli,
1806 2575 1938 2638 civitatis
1952 2577 2099 2642 Limanae

1356 2667 1513 2738 canonice,
1530 2675 1565 2729 ut
1580 2667 1738 2740 asseritur,
1755 2677 1873 2731 erectae
1888 2670 1976 2732 nubis
1999 2688 2099 2750 nuper

1354 2760 1466 2837 exponi
1481 2759 1632 2835 lecerunt,
1647 2760 1702 2838 ipsi
1717 2776 1771 2839 pro
1786 2777 1833 2830 eo,
1850 2778 1912 2840 quo
1926 2763 1959 2824 in
1972 2766 2099 2826 sanctis·

1354 2852 1470 2914 simum
1483 2854 1692 2916 Eucharistiae
1712 2865 1941 2919 sacramentum
1962 2875 1995 2920 ac
2017 2876 2098 2922 eam·

1355 2947 1425 3008 dein
1456 2947 1616 3024 Deiparam
1638 2947 1815 3011 alliciuntur
1835 2949 2007 3014 devotionis
2029 2953 2100 3015 alie-

1355 3048 1417 3114 otu‚
1431 3055 1539 3102 eorum
1554 3040 1675 3102 cultum
1693 3050 1724 3103 et
1744 3042 1979 3104 venerationem
1991 3045 2022 3105 in
2035 3046 2098 3108 dies

1354 3133 1459 3209 augeri
1481 3149 1680 3212 summopere
1702 3134 1889 3197 desiderent:
1914 3137 2008 3201 Nobis
2030 3155 2097 3218 pro·

1354 3234 1458 3305 pterea
1480 3226 1641 3289 humiliter
1662 3227 1823 3306 supplicari
1847 3230 1999 3306 lecerunt,
2016 3234 2097 3296 utin

1354 3322 1526 3400 praemissis
1541 3330 1714 3400 opportune
1731 3324 1896 3402 providere
1916 3331 1947 3386 et
1970 3335 2004 3388 ut
2019 3326 2097 3390 inira

1354 3414 1519 3492 indulgere
1540 3412 1578 3476 de
1599 3415 1788 3492 benignitate
1810 3418 1971 3496 apostolica
1992 3419 2099 3498 digna·

1355 3524 1471 3570 remur.

1394 3605 1413 3678 ἓ
1430 3603 1457 3663 2.
1470 3601 1531 3663 Nos
1545 3601 1643 3678 igitur
1654 3603 1749 3666 dictos
1760 3612 1952 3683 exponentes
1962 3607 2098 3685 speciali·
2143 3624 2235 3685 aanor
2252 3621 2338 3684 consr-

1354 3695 1411 3756 bus
1423 3694 1528 3771 gratiis
1540 3693 1735 3756 etlavoribus
1747 3697 1890 3774 prosequi
1902 3696 2055 3772 volentes,
2068 3705 2098 3760 et
2117 3680 2338 3784 ffil‘ssssssssffissl
2373 3719 2374 3771 l

1354 3803 1464 3849 eorum
1485 3786 1658 3864 singulares
1679 3803 1823 3865 personas
1843 3790 2032 3868 aquibusvis
2046 3807 2097 3854 ex·
2117 3783 2285 3882 ffififfl'ss
2300 3783 2337 3826 ¹¹³·

1353 3880 1652 3955 communicationis,
1663 3883 1872 3961 suspensionis
1883 3889 1913 3944 et
1929 3884 2096 3962 interdicti,

1354 3974 1482 4053 aliisque
1497 3974 1707 4037 ecclesiasticis
1729 3977 1877 4053 censuris,
1894 3979 2057 4040 sententiis
2067 3988 2099 4041 et

1355 4069 1462 4146 poenis
1473 4069 1582 4147 quovis
1598 4070 1688 4131 medo
1701 4077 1731 4130 et
1745 4085 1941 4148 quacumque
1959 4070 1996 4133 de
2011 4088 2098 4136 causa

1354 4161 1433 4237 latis,
1444 4162 1469 4222 si
1481 4178 1555 4239 quas
1566 4161 1646 4224 lorte
1661 4162 1860 4237 incurrerint,
1873 4163 1966 4226 buius
1976 4173 2097 4227 tantum

1354 4257 1398 4317 rei
1414 4257 1510 4333 gratia
1525 4256 1719 4318 absolventes
1735 4262 1765 4317 et
1780 4256 1934 4318 absolutos
1948 4257 2014 4320 lore
2027 4273 2097 4321 ceu-

1352 4358 1472 4426 sentes;
1492 4349 1766 4438 supplicationibus
1781 4365 1888 4412 earum
1903 4351 2033 4415 nomine
2043 4368 2098 4413 no

1353 4444 1398 4505 bis
1420 4443 1582 4505 humiliter
1603 4443 1753 4520 porrectis
1774 4442 1926 4519 inclinati,
1942 4444 2098 4508 relerente

1354 4535 1463 4598 dilecto
1486 4535 1549 4598 filio
1570 4536 1718 4613 magistro
1734 4536 1834 4598 blarco
1849 4538 1983 4599 Antonio
2000 4539 2097 4602 (latta-

1354 4645 1413 4691 neo
1434 4645 1589 4692 sacrorum
1619 4629 1738 4692 rituum
1761 4632 2007 4709 congregationis
2029 4649 2097 4713 pro-

1354 4725 1518 4798 tonotario,
1547 4723 1716 4786 venarabili
1746 4723 1834 4786 iratri
1863 4725 2096 4806 drcbiepiscopo

1353 4819 1482 4880 Limano
1510 4818 1676 4880 arbitrium
1701 4819 1881 4881 auctoritate
1903 4825 2005 4882 nostra
2027 4837 2095 4900 apo-

1352 4913 1457 4977 stolica
1478 4910 1672 4988 indulgendi,
1689 4911 1713 4972 si
1734 4912 1775 4972 ita
1796 4912 1825 4973 ei
1847 4911 1992 4990 expedire
2012 4915 2096 4978 ride-

1353 5009 1448 5081 bitur,
1471 5013 1505 5067 ut
1527 5005 1693 5084 quotannis
1716 5006 1748 5065 in
1776 5011 1934 5083 posterum
1957 5006 1989 5068 iu
2014 5024 2096 5085 prae·

1353 5103 1430 5164 dicta
1452 5099 1576 5162 ecclesia
1600 5097 1633 5159 iu
1655 5097 1703 5160 die
1731 5099 1856 5176 proprio
1883 5099 1953 5161 lasti
1982 5101 2095 5164 Conce-

1354 5195 1466 5274 ptionis
1488 5193 1522 5255 B.
1545 5191 1653 5267 11111,
1676 5199 1706 5254 et
1729 5187 1868 5271 per'eius
1890 5203 2039 5270 octavam,
2063 5196 2094 5257 in

1353 5289 1497 5351 omnibus
1512 5286 1612 5349 missis
1626 5286 1764 5348 ciusdem
1786 5285 1854 5349 festi
1877 5285 2014 5350 adbiberi
2029 5305 2095 5368 pos·

1352 5383 1414 5445 sint
1425 5389 1613 5461 paramenta,
1626 5392 1787 5463 vestesque
1797 5401 1899 5448 sacrae
1910 5401 1986 5449 auro
2001 5387 2095 5449 inter·

1353 5484 1465 5552 textae,
1481 5483 1512 5539 et
1525 5477 1628 5540 colore
1642 5478 1782 5542 caeruleo
1803 5495 1891 5557 parce
1913 5480 2097 5544 vermicula-

1353 5577 1411 5635 tae:
1427 5579 1596 5650 praeterea,
1609 5581 1644 5634 ut
1656 5572 1686 5633 in
1702 5589 1764 5635 una
1778 5574 1930 5636 dominica
1944 5574 2095 5654 cuiusque

1351 5667 1475 5736 mensis,
1499 5681 1563 5728 non
1586 5673 1690 5728 umen
1712 5667 1828 5743 primae
1848 5667 1960 5744 classis,
1984 5668 2016 5729 in
2037 5685 2095 5746 qua

1351 5759 1497 5837 peculiari
1519 5760 1619 5824 cultus
1639 5759 1865 5836 significatione
1880 5761 1914 5823 dt
1935 5762 2095 5824 renovatio

1352 5854 1469 5916 bustiae
1479 5863 1682 5930 consecratae,
1694 5853 1842 5917 celebrari
1854 5855 1947 5934 possit
1958 5871 2018 5919 uua
2027 5855 2097 5917 mis·

1352 5964 1383 6010 sa
1397 5964 1470 6012 cnm
1480 5956 1573 6011 cantu
1585 5948 1688 6010 votiva
1699 5949 1847 6010 solemnis
1858 5949 1895 6010 de
1904 5949 2095 6012 sanctissimo
