4808 6988
50 519 103 574 Διὶ.
116 521 151 574 0.
173 521 245 575 1824

941 534 998 580 nno
1019 534 1068 580 rr.
1092 531 1150 580 ιιι.
1741 503 1801 574 649
1848 503 1904 560 Aa.
1917 505 1948 560 (l.
1970 503 2041 559 1824

273 665 414 718 annuum
445 652 621 730 decretum,
647 652 689 714 ita
717 652 810 714 etiam
837 657 882 715 est
913 650 1018 714 animo

274 753 478 826 comparatus,
490 754 525 807 ut
540 746 721 825 ampliorem
734 760 858 824 quoque
871 743 1018 821 pecuniae

273 855 428 904 summam
450 840 556 902 eadem
578 841 616 903 de
636 840 723 902 causi
738 840 874 916 pendere
895 836 971 898 uelit
987 836 1018 898 in

275 942 445 1014 posterum,
469 931 523 995 ubi
543 934 682 1010 primum
704 947 759 1010 per
784 928 951 1009 imperialis
972 944 1020 990 re·

275 1029 380 1107 giique
400 1027 509 1091 aerarii
535 1029 583 1090 sui
605 1028 687 1090 vires
709 1026 825 1090 licebit.
857 1022 1019 1086 voluimus

276 1139 341 1200 nos,
362 1139 441 1202 quae
469 1131 502 1184 tu
527 1121 693 1196 scribebas,
715 1137 731 1181 a
753 1137 849 1183 renn.
873 1116 1018 1180 iratribus

276 1217 387 1279 nostris
417 1217 448 1280 S.
459 1216 494 1279 R.
506 1217 541 1279 tt.
565 1214 778 1280 cardinalibus
800 1213 932 1290 negotiis
946 1210 1018 1273 Pro-

274 1312 429 1389 pagandae
442 1310 527 1374 Fidei
541 1311 720 1391 praepositis
741 1308 900 1387 perpendi,
916 1304 1019 1391 nobis·

275 1420 335 1482 que
346 1404 468 1479 deinde,
482 1421 560 1484 quae
574 1404 755 1467 eorumdem
771 1405 809 1466 de
824 1402 886 1464 tote
902 1415 935 1462 re
950 1415 1019 1460 sen-

275 1497 370 1560 tentia
391 1504 483 1572 esset,
499 1496 621 1559 relerri.
645 1498 677 1560 ld
698 1513 773 1560 vero
794 1502 957 1574 postquam
972 1508 1019 1553 ac-

275 1597 377 1653 curate
399 1590 569 1668 perlectum
591 1601 648 1668 est,
671 1589 750 1654 nihil
771 1588 852 1652 aliud
875 1586 967 1650 etiam
982 1588 1019 1648 de

276 1695 518 1750 memoratorum
545 1703 640 1750 venn.
675 1686 806 1750 lratrum
838 1694 1018 1748 nostrorum

275 1779 404 1842 consilio
434 1780 488 1842 tihi
516 1780 717 1844 scribendum
747 1797 814 1842 esse
844 1795 1018 1856 censemus,

276 1877 333 1938 nisi
356 1877 461 1940 laetari
484 1894 540 1940 nos
555 1891 742 1955 magnopere
764 1873 942 1937 cathedralis
964 1874 1020 1936 lic·

275 1971 383 2034 clesiae
411 1979 498 2046 tuae,
520 1972 571 2034 cui
592 1970 632 2032 ub
658 1969 847 2033 serenissimi
873 1965 1020 2046 principis

275 2065 473 2127 clementiam
493 2065 578 2144 copia
600 2063 729 2126 ollertur
743 2063 859 2126 veteris
878 2060 1020 2141 splendo-

276 2159 318 2220 ris
338 2159 387 2220 sui
408 2173 472 2220 non
494 2159 606 2221 leviter
627 2157 839 2236 recuperandi.

313 2253 383 2328 52.
406 2253 604 2316 Gratulamur
626 2252 722 2329 igitur
749 2250 805 2313 tibi
826 2267 859 2312 ac
880 2248 1020 2328 Capitulo

275 2344 456 2410 cathedralis
477 2346 621 2408 ecclesiae
643 2353 713 2408 tuae
735 2345 940 2406 uehementer
961 2343 1020 2405 lae·

274 2445 389 2514 mmur,
410 2440 504 2516 quod,
528 2438 583 2501 ubi
611 2445 699 2500 antea
728 2445 853 2516 propter
877 2437 1019 2499 amissam

276 2532 428 2594 obrerum
442 2531 668 2594 vicissitudines
680 2531 829 2593 maiorem
840 2531 1020 2594 reddituum

275 2641 404 2689 suorum
426 2632 546 2704 partem
567 2627 602 2689 ad
618 2641 668 2688 eas
682 2632 747 2686 erat
762 2625 915 2702 angustias
930 2625 1020 2685 redu-

275 2726 374 2794 ctum,
396 2728 432 2784 ut
453 2719 542 2782 valde
558 2735 690 2798 parvum
712 2718 839 2781 haberet
861 2719 1019 2780 canonico·

276 2830 347 2876 rum
369 2829 550 2887 numerum,
573 2813 650 2888 erigi
674 2829 759 2875 nrrnc
780 2829 817 2874 ex
842 2820 1019 2892 paupertate

274 2907 329 2970 sui
350 2906 444 2985 possit
464 2923 508 2982 ac,
530 2905 693 2983 copiosiori
715 2905 939 2968 conculcorum
963 2921 1019 2966 nu·

275 3017 363 3064 merc
376 3000 533 3074 restituto,
546 2999 668 3077 publico
683 2999 790 3061 diuino
804 2998 902 3060 cultui
917 2997 1019 3078 splen·

276 3094 376 3158 didius
397 3091 559 3154 inservire.
577 3092 766 3169 Contingere
786 3092 914 3153 fortasse
934 3102 1020 3172 pote·

276 3187 328 3261 rit,
351 3192 385 3249 ut
406 3184 540 3264 Capituli
562 3184 678 3247 reditus
699 3200 755 3264 pru
777 3185 973 3262 imperatoris
987 3203 1021 3248 ac

275 3278 368 3355 Regis
398 3277 622 3354 munificentie,
649 3277 910 3355 quemadmodum
938 3293 1020 3340 cum·

275 3371 536 3446 memoravimus
558 3371 639 3434 aucti
661 3371 815 3434 sufficiant
835 3387 898 3434 non
929 3371 1020 3434 modo

276 3466 476 3530 restituendis
493 3466 633 3546 quinque
654 3465 857 3543 dignitatibus
871 3483 905 3530 ac
919 3469 1020 3530 veteri

276 3577 408 3625 numero
422 3561 641 3624 canonicorum
656 3561 891 3639 cathedralium,
907 3577 1019 3624 rerum

275 3657 368 3717 etiam
399 3654 546 3716 honestae
570 3654 791 3717 canonicorum
822 3654 1020 3731 gremialium

275 3747 510 3812 substentationi
532 3748 775 3810 constituendae.
806 3747 917 3812 Utrum
944 3763 1020 3811 uero

276 3843 360 3922 copia
381 3841 421 3904 sit
441 3840 473 3902 in
490 3840 734 3918 praesentiarum
751 3847 850 3904 totum
869 3841 958 3904 illum
973 3858 1020 3904 ca-

276 3936 462 3999 nouicorum
484 3941 623 3997 retemm
637 3950 807 3997 numerum
823 3935 1018 4013 restituendi,

276 4047 315 4092 an
337 4035 476 4109 oporteat
497 4027 671 4107 pauciorem
701 4028 829 4091 illorum
849 4043 1019 4093 numerum

211 4147 214 4154 ’
276 4126 453 4202 designare,
483 4137 576 4184 nemo
604 4122 719 4184 rectius
747 4129 777 4184 te
803 4123 916 4200 poterit
942 4123 1019 4185 iudi·

276 4235 356 4291 care,
379 4217 430 4296 qui
453 4216 556 4279 omnia
579 4215 637 4278 loci
658 4217 799 4279 adiuncta
820 4217 910 4294 plane
926 4219 1017 4293 nosti,

277 4314 392 4393 quique
413 4311 458 4374 rei
480 4308 664 4372 adminicula
685 4311 788 4372 omnia
806 4312 895 4373 hahes
916 4312 1020 4390 explo-

277 4415 352 4469 rata.
377 4404 454 4469 lllud
479 4414 581 4466 tamen
604 4403 660 4465 tibi
681 4413 803 4466 certum
829 4420 896 4467 esse
917 4406 1018 4483 dehet,

277 4500 327 4562 vel
348 4513 458 4562 omnes
478 4497 564 4559 iuxta
595 4498 710 4558 veteris
739 4498 870 4575 Capituli
893 4500 938 4562 tui
959 4499 1020 4561 lor·

277 4609 359 4656 mam
387 4589 526 4654 canonici
553 4590 775 4666 restituantur,
802 4591 853 4653 rel
880 4593 919 4654 oh
940 4593 1019 4656 redi·

278 4697 368 4750 tuum
389 4682 582 4762 angustiores
604 4683 682 4744 fines
708 4701 832 4746 necesse
852 4688 893 4748 sit
921 4689 1023 4750 mino-

277 4798 343 4846 rem
366 4794 476 4842 eorum
498 4793 668 4840 numerum
691 4779 865 4856 restituere,
888 4781 918 4844 id
940 4798 1021 4844 nun·

276 4892 369 4955 quarn
399 4889 565 4952 germanae
593 4873 723 4950 Capituli
751 4875 927 4952 antiquitati
956 4893 1021 4940 esse

277 4969 471 5032 obluturum.
496 4967 677 5028 Persuasum
700 4968 796 5044 igitur
816 4968 902 5031 nobis
917 4978 974 5043 est,
992 4980 1021 5033 te

278 5065 414 5127 reditum
440 5061 531 5124 illum
560 5076 716 5136 annuum,
740 5077 835 5139 quem
862 5064 1021 5139 magnani-

278 5174 346 5221 mus
370 5157 538 5234 lmperator
559 5156 590 5217 in
613 5154 744 5232 Capituli
764 5157 808 5217 tui
832 5157 949 5219 bonum
971 5161 1021 5222 de·

277 5250 385 5327 crevit,
412 5249 613 5328 accipientem
639 5255 838 5323 curaturum,
862 5258 896 5311 ut
918 5252 1020 5314 omnia

277 5345 310 5406 in
333 5343 386 5406 illo
408 5351 491 5405 recte
511 5342 752 5417 constituantur,
775 5343 963 5406 conservatis
978 5344 1021 5406 di·

277 5436 458 5515 gnitatibus,
481 5435 655 5512 insignibus
684 5435 821 5512 honoris,
843 5453 876 5500 ac
899 5453 1022 5514 praero-

276 5531 377 5609 gativa
398 5528 544 5608 qualibet,
561 5529 672 5607 quibus
693 5538 782 5591 antea
797 5530 867 5593 iure
888 5531 1023 5609 potieba-

276 5632 338 5686 tur.

316 5717 335 5791 ἓ
356 5718 385 5778 3.
399 5717 528 5779 Certum
539 5715 630 5778 etiarn
646 5715 735 5778 nobis
750 5725 808 5794 est,
821 5726 850 5780 te
861 5718 1020 5796 diligentie

277 5809 327 5871 tui
349 5807 517 5882 iacturum,
539 5813 573 5869 ut
594 5809 732 5887 quinque
754 5811 891 5890 praelati,
914 5829 1021 5891 quem·

275 5904 441 5968 admodum
473 5901 641 5964 utebantur
670 5911 759 5964 autea
788 5904 887 5967 crucis
907 5912 938 5966 et
966 5905 1022 5985 hy-

384 6050 434 6095 tur.
453 6047 521 6095 Porri.
537 6045 568 6094 de
584 6046 656 6106 Prop.
671 6047 734 6095 Fide
747 6049 829 6097 Partis
843 6051 863 6099 t.
877 6050 930 6097 Vol.
946 6052 985 6098 l'l.

1074 649 1229 728 pogonatii
1252 650 1378 727 gerendi
1392 650 1547 725 facultate,
1564 649 1605 713 ita
1620 649 1714 714 etiam
1731 658 1821 711 utan-

1076 743 1185 804 turin
1216 750 1394 820 posterum3
1425 742 1589 806 adhibeant
1614 758 1689 805 vero
1719 741 1820 804 crucis

1076 834 1199 912 insigne
1220 836 1371 914 canonici,
1393 837 1446 915 qui
1461 845 1549 900 antea
1569 835 1651 899 illius
1666 835 1819 913 gerendae

1075 932 1160 1011 copie
1188 933 1380 1012 gaudebaut;
1405 945 1509 1007 neque
1537 930 1642 997 minus
1663 936 1709 996 est
1730 927 1820 990 nobis

1074 1029 1178 1092 animo
1189 1044 1382 1109 persuasum,
1396 1039 1428 1092 te
1442 1043 1643 1110 prosummu,
1659 1042 1721 1106 quo
1735 1042 1820 1105 prae-

1075 1134 1145 1199 stas,
1174 1139 1332 1186 sacrorum
1364 1137 1519 1184 canonum
1545 1119 1819 1183 custodiendorum

1074 1217 1187 1293 studio,
1209 1217 1279 1280 illos
1301 1224 1421 1280 tantum
1444 1216 1650 1294 inposterum
1672 1215 1707 1277 ad
1730 1229 1821 1276 cano-

1075 1312 1195 1374 nicatus
1216 1310 1403 1374 cathedrales
1419 1309 1655 1372 nominatorum
1669 1317 1762 1385 atque
1772 1307 1821 1369 in·

1074 1404 1270 1479 stituturum,
1287 1419 1363 1482 quos
1378 1420 1416 1465 err
1437 1403 1522 1465 clero
1543 1411 1597 1465 tuo
1618 1401 1752 1480 pietatis,
1768 1401 1819 1464 do-

1074 1499 1193 1561 ctrinae
1214 1513 1403 1577 morumque
1424 1496 1611 1574 integritatis
1633 1495 1722 1558 laude
1737 1511 1819 1556 com-

1075 1591 1233 1654 mendatos
1255 1607 1320 1654 esse
1334 1591 1531 1671 compereris,
1547 1590 1719 1667 ceterisque
1734 1603 1819 1666 prae-

1075 1687 1153 1752 ditos
1174 1701 1241 1748 esse
1268 1685 1472 1762 ornamentis,
1494 1685 1626 1764 quaein
1654 1687 1819 1750 beneflcio-

1075 1798 1147 1844 rum
1162 1781 1324 1845 collatione
1341 1781 1493 1843 Ecclesiae
1507 1782 1626 1844 decreta
1641 1780 1818 1860 requirunt,

1075 1892 1109 1937 ac
1129 1883 1328 1938 servaturum
1350 1873 1444 1936 etiam
1466 1874 1539 1936 haec
1564 1874 1668 1936 omnia
1691 1874 1722 1936 in
1745 1875 1819 1936 titu-

1075 1967 1189 2030 laribus
1203 1984 1258 2030 seu
1273 1967 1472 2045 gremialibus
1486 1967 1641 2030 canonicis
1655 1968 1821 2029 nominan-

1076 2063 1121 2124 dis
1143 2062 1405 2140 instituendisque
1431 2078 1468 2124 eo
1489 2076 1635 2138 numero,
1657 2076 1752 2138 quem
1773 2076 1821 2122 ar·

1076 2156 1168 2217 bitrio
1189 2155 1435 2234 prudentiaeque
1459 2162 1528 2217 tuae
1555 2154 1765 2232 relinquimus
1787 2170 1819 2216 ac

1076 2265 1280 2312 reservamus.
1301 2251 1441 2328 lienique
1457 2249 1531 2312 illud
1548 2249 1602 2311 tibi
1617 2257 1739 2312 certum
1752 2261 1821 2309 esse

1076 2345 1222 2408 volumus
1243 2351 1362 2423 paratos
1383 2358 1438 2404 nos
1460 2359 1526 2405 esse
1547 2342 1636 2405 iustis
1664 2344 1818 2422 petitioni·

1077 2439 1132 2502 bus
1143 2453 1265 2517 semper
1275 2450 1425 2508 annuere,
1437 2437 1705 2517 uehementerque
1717 2448 1821 2519 optare

1078 2549 1193 2607 veram,
1216 2550 1276 2611 qua
1302 2539 1333 2593 te
1361 2529 1583 2610 ecclesiamque
1609 2539 1693 2594 tuam
1720 2547 1821 2611 prose-

1076 2627 1215 2706 quimur,
1240 2624 1487 2688 benevolentiam
1510 2624 1566 2686 tihi
1588 2627 1762 2702 ostendere,
1785 2624 1822 2687 li·

1076 2719 1225 2798 bentique
1246 2719 1350 2780 animo
1370 2733 1436 2780 esse
1457 2725 1650 2794 excepturos,
1666 2720 1691 2781 si
1706 2718 1820 2797 aliquid

1075 2816 1232 2894 scripseris
1257 2814 1356 2890 nobis,
1379 2814 1460 2892 qnod
1482 2813 1516 2874 ad
1543 2813 1675 2890 Capituli
1703 2814 1822 2875 bonum

1075 2907 1324 2987 promovendum
1346 2906 1402 2970 tibi
1421 2905 1620 2968 statuendum
1633 2920 1699 2966 esse
1720 2904 1822 2968 videa-

1077 3011 1138 3066 tur.
1162 3003 1322 3064 Postremo
1344 2999 1398 3062 tibi
1420 3017 1453 3062 ac
1473 2999 1561 3078 gregi
1583 2998 1638 3061 tibi
1659 2997 1822 3061 commisso

1076 3095 1272 3176 apostolicam
1292 3093 1541 3157 benedictionem
1555 3099 1751 3171 peramanter
1765 3093 1821 3154 im-

1076 3188 1240 3269 pertimur.

1116 3283 1227 3344 Datum
1247 3281 1362 3343 Romae
1383 3279 1461 3359 apud
1484 3277 1514 3342 S.
1537 3279 1675 3356 Petrum,
1697 3279 1756 3342 suh
1769 3295 1821 3340 an·

1077 3376 1152 3439 nulo
1164 3375 1336 3450 Piscatoris,
1347 3372 1396 3436 die
1407 3389 1508 3437 narrt.
1521 3389 1592 3451 aug.
1606 3388 1820 3448 uncccxxrv,

1076 3467 1273 3550 pontificatus
1294 3466 1393 3530 nostri
1414 3481 1496 3530 anno
1517 3482 1539 3528 ι.

1328 3669 1567 3678 m

1433 3843 1471 3907 V.

1117 4034 1307 4115 dorateqrct
1328 4029 1592 4112 patriarchatum
1610 4029 1782 4107 Coptorcm

1226 4125 1445 4190 Alexandriae
1466 4124 1501 4186 itt
1522 4125 1673 4202 Aegypto.

1289 4309 1366 4378 1.Εο
1389 4305 1608 4376 ΕΡΙὸῦῠΡυὸ

1261 4442 1370 4540 ceruus
1392 4486 1547 4539 servorun
1569 4469 1637 4548 llei,

1195 4595 1232 4663 ad
1255 4599 1426 4680 perpetuen
1448 4593 1491 4660 rei
1514 4591 1697 4659 memorien.

1115 4789 1134 4863 ἓ
1157 4788 1184 4848 l.
1209 4787 1319 4849 Petrus
1340 4784 1556 4862 Apostolorum
1586 4781 1740 4860 princeps,
1755 4755 1821 4856 ¹qui
1841 4835 1866 4881 tn
1877 4782 2054 4892 quoggmtrrffi

1078 4897 1133 4959 pro
1163 4889 1283 4956 accepta
1313 4878 1463 4939 divinitus
1494 4881 1643 4954 potestate
1678 4871 1820 4952 pascendi
1840 4890 1938 4935 stanna
1949 4899 1975 4935 se
1994 4889 2054 4935 rsa·

1077 4974 1239 5036 universas
1266 4988 1340 5034 oves
1366 4979 1397 5033 et
1417 4985 1512 5047 agnos
1543 4968 1658 5033 Christi
1679 4982 1767 5029 suam
1788 4967 1821 5027 in
1840 4939 2054 5043 ssssssffissfmffl*

1077 5082 1203 5129 omnem
1234 5073 1351 5129 terram
1378 5063 1539 5128 adhibebat
1565 5060 1819 5138 sollicitudinem,

1077 5159 1251 5223 adiutorem
1279 5175 1372 5221 suum
1394 5166 1425 5221 et
1451 5159 1656 5235 interpretem
1684 5156 1820 5219 llarcum

1077 5253 1109 5314 in
1132 5245 1308 5333 Aegyptum
1330 5252 1425 5326 misit,
1449 5259 1483 5312 ut
1504 5250 1717 5324 Alexandriae,
1743 5263 1822 5326 quae

1078 5346 1151 5408 urbs
1180 5353 1247 5407 tum
1275 5346 1308 5406 in
1333 5345 1474 5423 Aegypto
1501 5353 1567 5408 tum
1597 5344 1629 5406 in
1657 5341 1731 5404 orbe
1753 5339 1823 5403 uni·

1078 5454 1168 5500 verso
1199 5437 1398 5501 celeberrima
1430 5437 1609 5512 habebatur,
1639 5435 1822 5514 patriarcha-

1076 5534 1140 5596 lem
1165 5533 1270 5595 sedem
1300 5532 1459 5605 conderet,
1481 5545 1521 5593 ex
1542 5546 1599 5608 qua
1629 5527 1769 5607 Aegyptii
1792 5533 1822 5589 et

1078 5626 1227 5688 finitimae
1249 5631 1358 5701 gentas
1379 5623 1494 5686 Christi
1515 5630 1673 5701 praecepta
1687 5638 1721 5684 ac
1737 5621 1822 5684 insti·

1076 5726 1143 5782 tuta
1164 5720 1363 5793 docerentur,
1378 5725 1409 5779 et
1429 5718 1465 5778 ad
1486 5730 1613 5778 omnem
1628 5717 1824 5778 sanctitatem

1077 5813 1316 5875 christianorum
1331 5811 1496 5873 hominum
1509 5809 1665 5888 propriam
1678 5807 1823 5870 inlorma·

1077 5913 1200 5968 rentur.
1224 5906 1303 5969 llaec
1322 5903 1389 5965 eius
1410 5903 1489 5966 sedis
1511 5901 1598 5980 origo
1612 5900 1756 5964 eamdem
1770 5915 1822 5962 ve-

1690 6048 1718 6094 aa
