4740 6962
965 491 1035 560 rius
1057 501 1106 560 ai.
1131 494 1174 560 vl.
1765 469 1822 558 dil
1871 477 1926 550 Aa.
1940 496 1971 550 u.
1992 473 2061 553 ttltl

298 625 418 688 clesiam
447 625 497 690 die
521 624 598 691 festo
627 625 730 692 Sancti
758 627 891 708 Philippi
918 629 1004 694 Nerii
1026 647 1042 691 a
1099 631 1191 693 nibus
1212 638 1244 692 et
1265 630 1409 707 singulis,
1432 625 1554 693 etiamsi
1578 632 1617 694 de
1636 629 1698 692 illis
1718 644 1842 691 eorum-

297 721 402 796 primis
424 723 560 800 vesperis
579 715 677 802 usque
692 723 727 786 ad
742 734 883 786 occasum
905 724 977 787 solis
992 723 1042 787 de·
1097 739 1157 801 que
1180 725 1252 786 totis
1274 725 1435 788 tenoribus
1456 725 1605 804 specialis,
1621 725 1774 804 specifica,
1791 741 1842 785 ex·

296 819 366 876 vote
386 813 595 891 visitaverint,
611 823 642 878 et
659 815 700 877 ibi
715 829 769 893 pro
791 815 1040 880 Christianorum
1096 833 1199 895 pressa
1215 827 1246 879 et
1261 818 1432 893 individua,
1445 817 1527 880 acde
1541 819 1636 880 verbo
1648 819 1683 881 ad
1696 817 1840 892 verbum,

295 906 471 986 principum
501 910 680 984 concordia,
714 913 877 972 haeresum
908 910 1040 988 extirpa·
1096 925 1159 972 non
1181 918 1286 974 autern
1309 927 1364 990 per
1391 912 1540 974 clausulas
1569 910 1730 988 generales
1758 911 1841 973 idem

296 1000 389 1077 tione,
405 1017 439 1062 ac
454 999 485 1063 S.
497 1003 532 1064 lt.
545 1002 579 1064 ld.
603 1003 790 1066 exaltatione
811 1004 874 1081 pias
889 1005 927 1066 ad
940 1005 1040 1066 Deum
1095 1001 1312 1081 importantes,
1343 1002 1462 1064 mentio
1484 1011 1536 1065 aut
1558 1004 1615 1066 alia
1641 1003 1768 1084 quaevis
1789 1017 1841 1064 ex-

294 1109 397 1174 preces
418 1096 598 1172 eiiuderint,
615 1096 785 1176 plenariam
807 1097 953 1160 similiter
975 1114 1039 1160 om·
1093 1095 1206 1172 quisita
1227 1094 1325 1157 torma
1349 1097 1384 1158 ad
1407 1097 1465 1158 boc
1488 1098 1637 1160 servanda
1660 1096 1750 1170 leret,
1774 1094 1841 1156 illo-

294 1188 380 1249 nium
405 1204 536 1251 suorum
551 1197 745 1266 peccatorum
764 1189 993 1266 indulgentiam
1008 1198 1039 1252 et
1094 1203 1166 1248 rum
1201 1196 1324 1249 tenores
1354 1189 1569 1266 praesentibus
1600 1204 1655 1268 pro
1687 1188 1776 1267 plene
1809 1193 1840 1248 et

294 1281 510 1346 remissionem
523 1283 617 1346 etiam
633 1291 783 1362 perpetuo
798 1283 996 1346 concedimus
1007 1289 1038 1345 et
1093 1279 1284 1341 sufficienter
1308 1281 1460 1358 expressis
1482 1298 1516 1343 ac
1537 1281 1574 1342 de
1596 1282 1691 1343 verbo
1712 1282 1749 1344 ad
1771 1297 1839 1342 ver·

293 1375 480 1453 elargimur;
503 1392 625 1440 necnon
641 1385 703 1438 tam
721 1377 906 1455 presbyteris
920 1384 952 1439 et
972 1377 1038 1439 aliis
1094 1373 1168 1434 bum
1200 1374 1327 1436 insertis
1356 1373 1516 1450 babentes,
1545 1374 1606 1436 illis
1634 1374 1707 1436 alias
1730 1375 1760 1436 in
1782 1389 1839 1436 suo

293 1470 430 1532 eiusdem
454 1470 720 1548 congregationis,
748 1470 869 1549 quoties
899 1487 955 1548 pro
986 1487 1037 1532 ex·
1093 1465 1203 1528 robore
1223 1469 1451 1546 permansuris,
1475 1468 1510 1529 ad
1534 1468 1772 1547 praemissorum
1796 1464 1838 1527 el-

291 1564 518 1625 lrortatiouibus
539 1562 687 1625 habendis
708 1563 927 1639 convenerint,
944 1579 1036 1642 quam
1092 1555 1220 1634 tectum,
1244 1559 1299 1622 hac
1320 1561 1388 1622 vice
1419 1563 1590 1636 dumtaxat,
1612 1561 1786 1639 specialiter
1807 1568 1838 1622 et

292 1655 356 1717 aliis
367 1656 531 1735 utriusque
545 1673 637 1718 sexus
653 1656 912 1719 christifidelibus
927 1656 1036 1719 iisdem
1092 1667 1237 1730 expresse
1258 1654 1454 1731 derogamus,
1467 1654 1661 1732 caeterisque
1675 1653 1838 1724 waltarii-5

292 1749 558 1812 exhortationibus
573 1750 842 1824 interessentibm,
859 1750 966 1812 decem
983 1765 1037 1811 an·
1091 1744 1350 1825 quibuscumque.
2010 1791 2011 1794 ,

292 1859 358 1918 nos,
373 1852 406 1906 et
421 1844 473 1922 qui
495 1843 653 1906 ecclesiam
667 1843 765 1906 dictae
780 1843 1035 1919 congregationis
1131 1839 1149 1912 ἓ
1171 1837 1199 1899 8.
1224 1837 1376 1903 Volumus
1404 1848 1527 1916 autern,
1558 1850 1591 1903 ut
1622 1841 1836 1921 praesentium
1868 1858 2069 1924 rruesuaosnua

291 1937 322 1998 in
343 1945 477 2016 quatuor
498 1937 565 1998 aliis
585 1937 658 1999 anni
680 1936 787 1999 diebus
809 1935 893 1998 iestis
914 1951 970 2015 per
991 1935 1034 1998 di·
1092 1931 1294 2010 transumptis
1316 1932 1410 1995 etiarn
1427 1933 1595 2011 impressis,
1614 1951 1708 1997 manu
1723 1933 1835 1996 notarii
1854 1915 2032 1971 ²f²¹¹⁸¹¹⁰¹¹³¹¹⁵·

289 2036 353 2090 ctos
367 2030 670 2108 presbyterossemel
688 2036 808 2091 tantum
825 2029 1033 2106 designandis,
1090 2022 1204 2101 publici
1231 2025 1431 2105 subscriptis,
1457 2033 1488 2089 et
1512 2027 1614 2103 sigillo
1636 2044 1784 2106 personae
1806 2027 1836 2090 in

289 2130 319 2184 et
339 2123 376 2184 ab
397 2123 560 2186 Ordinario
581 2123 797 2202 approbandis,
820 2140 835 2183 a
857 2124 966 2200 primis
982 2140 1036 2186 ve-
1088 2115 1289 2179 ecclesiastica
1310 2117 1463 2195 dignitate
1484 2120 1670 2182 constitutae
1693 2121 1834 2196 munitis,

288 2215 384 2294 speris
405 2218 551 2296 usquead
566 2231 707 2279 occasum
722 2217 795 2278 solis
809 2215 961 2278 festorum
977 2216 1033 2280 bu·
1089 2209 1197 2270 eadem
1225 2224 1350 2287 prorsus
1382 2211 1456 2272 fides
1486 2213 1517 2274 iu
1549 2212 1661 2274 iudicio
1691 2221 1721 2275 et
1749 2220 1835 2274 extra

288 2309 418 2372 iusmodi
439 2310 570 2386 singulis
588 2309 676 2371 annis
690 2308 802 2370 devote
824 2309 1031 2385 visitaverint,
1090 2300 1164 2362 illud
1188 2302 1304 2382 ubique
1329 2304 1523 2380 adhibeatur,
1545 2305 1718 2384 quaeipsis
1749 2321 1837 2384 prae-

287 2411 329 2478 st,
352 2413 388 2466 ut
409 2404 594 2483 praefertur,
611 2403 783 2478 oraverint,
800 2411 919 2482 septem
935 2418 1032 2463 annos
1087 2395 1225 2457 sentibus
1255 2397 1471 2472 adhiberetur,
1497 2398 1521 2458 si
1551 2397 1653 2460 forent
1680 2399 1834 2461 exhibiles

286 2504 316 2557 et
337 2496 468 2559 totidem
483 2495 703 2576 quadragenas.
728 2495 852 2558 Eisdem
874 2511 949 2556 vero
964 2511 1032 2572 pre·
1088 2486 1138 2548 vel
1160 2495 1310 2550 ostensae·

287 2589 417 2667 sbyteris
432 2598 464 2652 et
477 2589 544 2650 aliis
565 2587 943 2664 dictaeCongregationis,
956 2604 1032 2667 quo-
1127 2581 1238 2643 Dolum
1259 2581 1375 2643 Romae
1395 2584 1474 2660 apud
1497 2581 1528 2645 S.
1554 2585 1681 2644 Petrum
1702 2585 1760 2646 sub
1781 2600 1833 2646 an-

287 2683 343 2743 ties
365 2683 479 2744 divinis
494 2682 602 2744 officiis
622 2681 655 2744 in
669 2698 724 2744 sua
746 2681 871 2743 ecclesia
893 2681 944 2742 vel
966 2697 1032 2741 ora·
1087 2672 1163 2734 nulo
1189 2674 1348 2736 Piscatoris
1380 2674 1428 2735 die
1456 2692 1498 2736 tv.
1524 2676 1595 2738 maii
1621 2692 1833 2754 uoecxxxvr,

287 2775 365 2836 torio
386 2789 475 2836 more
496 2775 594 2837 dictae
606 2773 862 2852 congregationis
873 2773 1032 2836 celebrati·
1087 2766 1223 2844 pontific·
1245 2767 1344 2830 nostri
1365 2784 1448 2830 aun0
1469 2785 1504 2830 tt·

286 2869 341 2944 dis,
357 2876 411 2931 aut
431 2867 722 2946 congregationibus
743 2868 875 2947 publicis
897 2868 948 2929 vel
969 2867 1030 2947 pri-

286 2962 361 3024 vatis
381 2969 413 3024 et
433 2961 559 3023 secretis
580 2977 635 3040 pro
657 2976 854 3040 quocumque
875 2975 966 3038 opere
980 2961 1031 3040 pio
1238 3025 1240 3030 ,

285 3055 457 3118 exercendo
485 3055 700 3130 interfuerint,
724 3053 775 3116 vel
801 3054 1030 3117 sanctissimum
1404 3027 1496 3114 xxm

285 3150 496 3212 Eucharistiae
515 3157 745 3212 sacramentum
766 3150 957 3227 sumpserint
978 3155 1030 3210 aut

284 3241 935 3320 conmientiamsuam,antequamcubitum
947 3247 1029 3318 eant,
1086 3236 1226 3316 chiaoc
1260 3239 1449 3321 Huoqorioe
1485 3241 1607 3320 petenti
1641 3241 1830 3303 erectionem

284 3335 543 3410 examinaverint,
559 3350 614 3397 seu
636 3334 765 3410 flagellis
786 3333 821 3393 ad
843 3349 968 3396 carnem
983 3351 1030 3396 ca·
1123 3329 1272 3410 plurium
1285 3332 1538 3412 Episcopotrtuvn
1553 3335 1728 3413 respondit,
1744 3333 1831 3396 cradi

282 3426 455 3506 stigandam
470 3443 502 3489 se
517 3426 696 3500 afflixerint,
710 3426 760 3488 vel
782 3426 949 3505 quinquies
963 3443 1031 3489 ora·
1124 3424 1221 3489 obiici
1236 3427 1423 3504 difficultati
1437 3429 1573 3506 petitam
1589 3429 1776 3490 erectionem
1790 3430 1830 3490 lt-

284 3522 401 3583 tionem
423 3521 617 3583 dominicam
638 3528 669 3581 et
693 3520 783 3582 toties
810 3519 1029 3581 salutationem
1123 3520 1349 3597 piscopotuum
1365 3522 1566 3595 latinorum,-
1584 3522 1741 3584 nortatullo
1757 3539 1829 3583 acro

282 3613 1029 3693 angelicamtamproanirnapresbyterorumaut
1124 3617 1828 3694 repraesentatosiisqooeoppooooturcro-

282 3708 414 3771 aliorum
436 3706 693 3785 Congregationis
715 3705 904 3785 praedictae,
934 3722 1026 3784 quam
1124 3709 1225 3770 ctiortr'
1243 3710 1496 3787 episcopatuum
1515 3727 1563 3790 pr.
1582 3711 1670 3772 ritus
1692 3711 1754 3788 ipsi
1771 3724 1829 3788 pra·

281 3801 412 3864 aliorum
429 3802 460 3863 in
477 3801 591 3865 Christi
606 3801 731 3863 caritate
745 3797 965 3862 detunctorum
980 3815 1029 3860 re·
1123 3802 1286 3865 Nuntium
1306 3802 1523 3882 apostolicum
1545 3803 1754 3878 enucleando,
1775 3822 1828 3865 su-

280 3894 463 3970 citaverint,
493 3901 546 3956 aut
568 3895 692 3957 devium
723 3893 858 3971 aliquem
884 3893 920 3954 ad
943 3892 1026 3954 viam
1120 3911 1178 3975 per
1211 3895 1326 3974 quibus
1361 3897 1429 3958 cios
1466 3897 1700 3975 responsionem
1735 3914 1826 3975 carpe-

280 3987 387 4050 salutis
408 3988 601 4063 reduxerint,
625 3994 678 4049 aut
704 3985 923 4065 quodcumque
943 3984 1026 4046 aliud
1121 3995 1190 4051 ctat
1210 3990 1266 4069 (l).

280 4081 401 4158 pietatis
422 4081 471 4142 vel
494 4081 627 4143 caritatis
648 4095 724 4158 opus
746 4078 957 4152 exercuerint,
982 4086 1026 4139 to·

280 4173 336 4236 ties
357 4191 414 4252 pre
431 4174 570 4253 quolibet
585 4173 813 4252 praedictorum
834 4186 965 4249 operum
979 4187 1025 4233 se·
1080 4175 1263 4246 carissimae
1280 4179 1308 4245 in
1324 4177 1444 4246 cbristo
1466 4179 1549 4247 tiliae
1567 4184 1690 4248 nostrae
1713 4181 1826 4250 llariae

278 4267 404 4343 xagtnta
434 4269 498 4331 dies
526 4268 678 4330 iniunctis
706 4267 750 4328 eis
779 4266 828 4327 vel
857 4265 929 4326 altas
950 4282 1027 4344 <tute
1121 4269 1825 4357 theresiaeburgariaetthtnaeapostoticae

255 4421 258 4429 ,
277 4361 446 4424 modollbet
467 4360 576 4423 debilis
591 4359 792 4439 poenitentiis
808 4359 840 4420 in
856 4358 953 4421 forma
970 4359 1026 4420 Ec·
1121 4381 1178 4434 neq
1202 4382 1258 4433 non
1272 4365 1434 4434 Bononiae
1450 4365 1583 4451 Reginae
1601 4368 1707 4436 illustri
1724 4369 1751 4436 in
1769 4367 1825 4436 Ro-

43 4417 45 4512 i
277 4453 386 4516 etesiae
407 4461 555 4517 consueta
576 4453 762 4516 relaxamus.
1118 4477 1271 4528 nanorun
1287 4461 1507 4544 inperatricem
1524 4461 1645 4529 electae
1661 4462 1774 4542 viduae,

43 4543 45 4644 p
109 4556 261 4614 etquattuor·
316 4549 335 4623 ἓ
357 4547 386 4610 7.
410 4547 480 4610 Non
505 4545 698 4609 obstantibus
727 4545 835 4624 regula
861 4553 965 4608 nostra
987 4549 1024 4610 de

43 4653 44 4664 r
104 4608 206 4656 Μ
277 4640 383 4719 gram
404 4643 439 4704 au
462 4640 560 4702 insta
581 4656 645 4703 non
664 4639 1024 4720 concatenataeque
1332 4647 1419 4715 erus
1441 4649 1501 4714 rr.
1526 4649 1572 4716 vr.

276 4735 458 4816 apostolicis,
471 4751 505 4798 ac
525 4735 558 4797 in
581 4735 823 4814 provincialibus
844 4744 876 4798 et
896 4738 1023 4815 synoda·

276 4830 359 4892 libus
378 4829 516 4893 conciliis
528 4829 618 4891 editis
639 4828 914 4892 constitutionibus
929 4837 960 4892 et
975 4846 1022 4892 or·
1158 4835 1324 4904 carissima
1347 4837 1375 4904 itt
1398 4836 1518 4906 christo
1540 4839 1605 4906 tilia
1627 4844 1743 4920 nostra,

275 4923 641 4999 dinationibus,statutis,
658 4921 789 4999 legibus,
805 4929 837 4983 et
857 4932 1022 4987 consuetu·
1109 4928 1238 4996 salutern
1261 4934 1293 4996 et
1314 4931 1514 5013 apostolicam
1537 4933 1786 5001 benedictionem.

277 5018 410 5094 dinibus3
427 5016 598 5097 privilegiis
613 5033 748 5096 quoque,
760 5017 890 5079 indultis
905 5026 938 5079 et
953 5017 1022 5080 lite·

276 5111 317 5173 ris
330 5110 502 5190 apostolicis
516 5110 574 5172 sub
591 5109 839 5189 quibuscumque
861 5112 1022 5175 tenoribus
1114 5118 1133 5193 5
1157 5118 1183 5179 l.
1208 5115 1321 5181 Statim
1352 5136 1536 5200 responsum
1559 5129 1594 5184 ut
1623 5123 1823 5201 cupiebamus

275 5211 306 5264 et
318 5202 437 5279 formis,
448 5220 481 5266 ac
492 5219 564 5266 cum
578 5201 739 5281 quibusvis
751 5203 846 5264 etiarn
860 5202 1021 5282 derogato-
1075 5211 1147 5274 dare
1168 5227 1231 5274 non
1254 5213 1414 5291 potuimus
1436 5213 1548 5276 litteris
1562 5217 1745 5293 apostolicae
1760 5233 1822 5279 rna·

277 5295 393 5358 riarum
415 5296 628 5374 derogatoriis,
644 5295 773 5374 aliisque
788 5296 1018 5372 efficacioribus,
1075 5304 1190 5367 iestatis
1213 5315 1299 5384 tuae,
1322 5307 1435 5386 qulbus
1461 5307 1632 5384 diligenter
1660 5311 1822 5374 nobiscum

276 5391 488 5454 efficacissimis
504 5409 538 5453 ac
555 5391 686 5455 insolitis
701 5391 857 5470 clausulis,
870 5393 1021 5456 irritanti·
1075 5399 1165 5475 egisti
1193 5401 1230 5462 de
1258 5400 1348 5462 novis
1375 5401 1406 5463 in
1437 5409 1490 5462 tuo
1516 5401 1693 5478 llungariae
1723 5420 1821 5481 regno

276 5484 393 5564 busque
410 5493 440 5547 et
452 5486 518 5547 aliis
530 5486 706 5548 decretisin
718 5501 833 5562 genere
844 5487 892 5549 vel
911 5488 942 5550 in
953 5503 1021 5566 spe·
1074 5491 1297 5553 constituendis
1329 5492 1554 5571 episcopatibus
1587 5497 1700 5573 partim
1732 5496 1820 5558 latini

277 5579 373 5655 cie,ac
384 5579 452 5641 aliis
461 5579 493 5642 in
504 5580 696 5642 contrarium
708 5579 940 5658 quomodolibet
948 5598 1019 5644 con·
1074 5583 1164 5659 ritus,
1178 5584 1351 5648 Sabariensi
1367 5586 1521 5649 nimirum
1533 5594 1564 5650 et
1576 5587 1819 5666 Albaregalensi,

277 5673 374 5748 cessis,
387 5672 559 5751 approbatis
580 5678 611 5734 et
634 5673 799 5735 innovatis.
823 5673 939 5750 Quibus
954 5690 1020 5736 om·
1074 5676 1187 5754 partim
1202 5677 1281 5738 ritus
1292 5677 1392 5754 graeci
1408 5679 1502 5754 uniti,
1514 5679 1821 5755 Magno-Varadiensi

315 5888 343 5944 (ι)
358 5885 397 5932 Pii
411 5889 455 5931 ΡΡ.
471 5889 510 5932 vt.
525 5887 659 5945 Epistolae
673 5888 705 5934 ad
720 5887 853 5946 Principes
867 5890 943 5935 viros
957 5893 984 5935 et
998 5890 1073 5948 alios,
1087 5901 1128 5937 an.
1145 5903 1181 5946 rr..
1196 5901 1253 5948 pag.
1271 5893 1316 5937 tat.
