1421 1946
154 236 167 246 ,ix
178 234 188 244 r.
198 232 227 244 ΠοιΞ

568 233 639 245 eLttussNs
650 233 685 245 xnt.

242 267 286 283 atque
300 264 354 283 exigit,
366 266 382 279 ut
394 264 411 279 ad
423 268 439 279 oa
450 268 478 283 per
491 267 530 283 quae
541 266 613 282 prospero

242 287 311 302 incorum
322 287 383 306 piorum
394 288 447 306 statui,
453 286 526 306 regimini
534 288 549 302 et
557 286 613 305 guber-

241 310 272 329 nio,
283 310 333 329 quoad
345 310 390 325 nobis
400 310 480 329 integrum
487 312 516 328 est.
525 311 612 329 opportune

241 333 333 352 consulitur,
341 333 411 349 eiusdem
418 333 463 349 officii
471 335 521 353 partes
529 333 583 349 sedulo
590 333 614 348 in-

241 357 331 376 tendamus,
342 358 389 377 prout
403 357 477 377 oouspicit
488 357 504 372 in
515 357 581 373 Domino
591 361 614 372 sa-

241 380 307 396 lubriter
318 381 396 400 expedire.

260 405 270 423 ἓ
282 405 295 420 i.
307 404 392 424 Cupientes
403 404 454 424 itaque
464 404 482 420 ad
493 404 580 420 animarum
591 409 614 420 sa-

242 429 290 445 lutem
301 429 404 448 divinumque
415 429 474 445 cultum
483 428 613 448 promovendum,

241 457 258 468 ac
268 453 285 468 arl
297 453 398 472 corrigendos
408 454 454 472 atque
461 456 469 468 e
477 452 527 467 medio
539 452 614 468 tollendos

241 477 303 495 abusus,
315 476 342 496 qui
353 476 369 491 in
380 475 479 491 mifflionibus
493 475 586 491 dilectorum
597 476 614 491 li>

241 500 298 515 liorum
306 500 342 515 Ord.
351 500 417 515 fratrum
427 499 505 515 minorum
514 499 530 515 Si
539 500 614 515 Francisei

241 523 375 539 conventualium
381 525 506 543 nuncupatorum
514 523 614 543 irrepserant,

241 546 329 566 coliegiales
343 546 447 566 alumnosque
462 546 532 562 eiusdem
544 546 614 565 Ordinis,

241 570 268 589 qni
280 570 295 585 in
311 569 381 589 Collegit)
394 570 409 585 S.
420 570 489 589 Ephrem
502 570 521 585 de
532 569 573 585 Urbe
587 574 615 589 pro

241 592 342 608 missionibus
349 592 426 608 obeundis
432 593 543 611 instituuntur.
550 593 616 608 auctori-

241 617 273 631 taie
286 618 338 631 nostra
352 616 420 634 visitari,
431 620 448 632 ao
458 616 477 632 de
492 616 615 636 circumspectio-

241 643 280 655 num
296 641 384 655 vestrarum
396 639 433 658 side.
448 639 538 659 prudentia,
552 640 614 659 pietate,

241 662 317 681 doctrina,
323 662 433 678 ecclesiasticae
444 662 533 682 disciplinae
540 665 556 678 et
563 663 615 678 catho-

242 686 280 701 licae
290 685 371 705 religionis
382 685 416 701 zelo
427 685 488 705 plenam
497 685 514 701 in
525 686 591 701 Domino
599 686 616 701 fl-

241 709 303 724 duciam
314 708 393 728 habentes,
399 713 426 724 vos
437 708 501 728 praelati
512 709 576 728 Coilegii
588 713 616 725 no-

241 734 282 747 stros
293 734 309 748 et
319 732 415 752 Apostolieae
427 731 470 748 Sedis
481 732 569 748 visitatores
579 736 615 748 cum

241 755 340 771 facultatibus
351 756 441 771 necessariis
452 758 467 771 et
478 756 575 775 opportunis,
587 759 616 771 neo

215 779 217 781 “
241 782 274 794 non
282 778 356 794 dilectum
363 779 412 794 lilium
418 779 509 798 Magistrum
516 778 580 794 Matium
586 778 616 794 ita<

241 802 309 818 reloschi
321 803 336 818 in
348 804 414 822 utraque
424 803 503 821 signatura
515 804 565 817 nostin
572 802 616 817 Refe-

242 825 331 841 rendarium
338 827 354 841 et
361 826 491 845 Congregationis
501 825 616 841 venerabilium

241 850 271 866 FF.
284 851 374 865 nostrorum
382 850 397 866 S.
403 850 421 865 R.
427 849 444 864 E.
452 849 556 865 Cardinalium
568 853 616 868 nego-

242 874 268 889 tiis
283 873 391 893 Propaganuae
407 873 442 889 ndei
456 874 579 893 praepositorum
593 878 616 889 se-

241 897 335 916 cretarium,
350 897 365 912 in
379 897 473 912 visitationis
487 897 552 916 Collegii
563 897 616 913 buius-

241 919 285 935 modi
296 920 350 935 itidem
360 920 461 936 secretarium
472 920 511 935 dicta
525 920 616 936 auctoritate

241 943 325 963 apostolica
332 945 386 959 tenore
393 944 500 963 praesentium
506 944 616 960 constituimus

241 968 257 982 et
265 966 364 987 deputamus.
376 967 454 987 Vobisque
461 967 517 983 harum
528 967 568 983 serie
575 971 615 983 com-

242 991 321 1006 mittimus
331 995 348 1006 ac
359 991 462 1010 iniungimus,
471 993 489 1006 ut
499 991 616 1011 quamprimum

242 1014 314 1034 poteritis
318 1014 414 1030 coniunctim
419 1014 524 1033 procedentes.
529 1014 616 1034 Collegium

242 1038 295 1057 ipsum
310 1038 375 1057 eiusque
388 1040 464 1053 rectorem
475 1042 492 1053 ac
502 1038 565 1057 quosvis
579 1038 616 1053 alios

242 1061 332 1080 superiores
337 1062 353 1076 et
358 1060 430 1076 officiales
435 1064 452 1076 ac
457 1061 537 1076 ministros
542 1065 616 1081 quocum-

242 1088 274 1104 que
282 1084 347 1100 nomine
352 1085 454 1104 nuncupatos,
463 1088 491 1099 nec
499 1088 530 1099 non
538 1088 593 1100 omnes
600 1089 616 1100 ac

242 1107 313 1127 singulos
323 1107 365 1123 illius
374 1107 452 1126 alumnos,
460 1107 541 1126 scholares,
551 1112 578 1123 seu
586 1108 617 1124 col-

243 1130 313 1150 legiales,
321 1134 338 1146 ac
346 1130 382 1146 elias
389 1134 461 1150 personas
468 1135 574 1151 quascumque
585 1133 616 1147 tam

243 1154 298 1173 laicas,
311 1158 358 1173 quam
374 1153 487 1173 ecclesiasticam
502 1155 517 1169 et
531 1154 616 1174 regulares,

243 1180 276 1193 tam
287 1178 303 1193 iu
314 1177 364 1197 capite
374 1181 420 1197 quam
432 1178 447 1193 in
461 1177 534 1193 membris
545 1178 563 1193 ad
575 1182 617 1198 prae⁴

243 1201 320 1221 scriptum
334 1205 414 1217 sacrorum
427 1201 510 1217 Canonum
523 1203 539 1217 et
552 1201 617 1217 concilii

243 1225 262 1241 '1¹1
267 1224 339 1243 identiui.
347 1228 376 1240 nec
387 1228 419 1240 non
427 1224 547 1244 apostolicarum
558 1226 573 1240 et
584 1225 618 1241 Col-

244 1248 281 1268 legii
289 1248 379 1264 huiusmodi
385 1248 521 1266 constitutionum,
528 1248 576 1264 semel
585 1250 617 1264 tan-

244 1274 285 1291 tum.
293 1272 385 1288 auctoritate
392 1274 444 1288 nostra
455 1272 526 1292 visitetis,
534 1277 550 1289 ac
561 1273 577 1289 iu
584 1273 618 1289 illo-

245 1300 281 1311 rum
292 1296 352 1315 studia,
365 1296 420 1315 vitam,
431 1300 482 1311 mores
493 1299 508 1312 et
522 1296 617 1316 disciplinam

245 1319 329 1338 diligenter
339 1319 426 1339 inquiratis.
436 1324 453 1335 ac
463 1323 511 1335 novas
521 1320 618 1336 constitutio·

245 1347 274 1358 nes
283 1347 312 1362 pro
323 1342 395 1359 tollendis
403 1343 466 1362 irreptis
476 1343 554 1363 abusibus,
562 1344 618 1363 quibus

246 1366 317 1385 indigere
332 1366 445 1385 cognoveritis,
462 1366 481 1382 de
495 1370 536 1382 novo
550 1367 618 1383 coudatis

245 1393 262 1405 ac
269 1389 338 1405 conditas
348 1389 451 1408 confirmetis,
462 1389 528 1409 illasque
538 1390 617 1405 observari

246 1413 327 1429 mandetis.
339 1412 420 1428 Praeterea
427 1413 467 1432 quod
479 1413 518 1429 bona
529 1415 560 1429 tam
571 1413 618 1429 mobi-

246 1436 265 1452 lia
276 1440 323 1456 quam
333 1436 425 1455 immobiliav
437 1440 466 1452 net
476 1440 508 1452 non
522 1437 592 1452 redditus
602 1441 618 1452 ac

247 1461 331 1479 proventus
338 1459 374 1475 dicti
385 1459 450 1478 Cullegii
461 1463 529 1479 quonam
540 1460 586 1476 modo
593 1461 618 1476 ad*

246 1483 333 1498 ministrata
344 1482 373 1498 liuc
386 1486 434 1502 usque
447 1482 506 1498 tuerint
516 1485 532 1498 et
542 1487 584 1499 nunc
594 1483 619 1499 ati-

247 1506 363 1524 ministrentur,
374 1507 433 1521 attente
444 1506 533 1526 inspiciatis,
541 1508 557 1522 et
567 1511 574 1522 a
586 1507 619 1526 qui-

247 1529 343 1549 buscumque
357 1529 442 1548 bonorum,
456 1529 546 1545 reddituum
558 1534 574 1545 ac
585 1534 620 1550 pro-

248 1554 324 1568 ventuum
332 1552 420 1568 huiusmodi
428 1552 578 1569 administratoribus
588 1556 619 1569 tam

249 1576 360 1596 praesentibus,
366 1580 412 1596 quam
423 1576 516 1596 praeteritis,
524 1576 537 1592 si
547 1576 569 1592 ita
576 1577 620 1593 vobis

301 1616 327 1628 Fur.
336 1615 370 1627 1ὀι1.
378 1615 393 1627 de
401 1615 438 1630 ΜΡ,
446 1614 477 1626 Fx‘de
483 1614 525 1626 Partis
532 1614 541 1626 Ι,
549 1614 576 1627 Vol.
583 1614 603 1626 IV⁴

641 263 726 282 videbitur.
739 263 877 279 administrationis
890 267 927 279 suae
937 262 1014 278 rationem

640 287 712 306 exigatis,
719 289 734 302 et
741 286 758 302 ad
766 286 808 302 hune
818 286 891 302 effectum
899 290 925 302 eos
936 288 951 302 et
959 290 1013 302 eorum

641 310 727 330 quemlibet
737 310 755 326 ad
766 309 852 325 exhibenda
866 313 921 325 eorum
935 311 1013 329 computa,

642 334 767 354 reddendamque
781 334 857 349 rationem
870 333 959 348 huiusmodi
973 336 1014 348 com-

642 358 706 378 pellatis.
714 357 744 373 Nos
751 358 795 373 enim
801 357 844 373 vobis
849 356 932 376 praemissa
938 356 991 372 omnia
998 358 1015 371 et

641 381 708 401 singula,
715 381 775 401 aliaque
785 381 851 400 desuper
861 385 878 396 oc
888 384 916 400 pro
923 380 1015 396 demandato

642 405 685 421 vobis
695 409 767 423 munere,
776 405 805 420 rite
812 407 828 420 et
839 406 881 420 recte
891 404 969 424 explendo
977 408 1015 423 quu-

642 429 726 445 modolibet
734 428 819 444 necessaria
827 429 842 443 et
848 429 935 448 opportuna
942 427 1014 446 faciendi,

642 452 710 471 dicendi,
722 451 792 471 gerendi.
804 454 819 467 et
832 451 926 471 exequendi,
936 453 951 466 et
963 450 1015 466 inobe-

642 476 701 491 dientes
712 479 739 495 per
750 479 822 491 censuras
831 477 847 490 et
858 478 914 494 poenas
925 474 1015 490 ecclesiasti-

642 503 666 515 cas
673 499 732 518 aliaque
740 500 826 518 opportuna
836 498 874 514 iuris
882 501 897 514 et
905 498 941 514 lacti
948 498 1015 514 remedia

642 522 750 542 compescendi
761 526 875 542 quamcumque
889 521 990 538 necessariam
1000 523 1016 537 et

642 548 747 566 opportunam
760 545 848 561 facultatem
861 545 952 561 auctoritato
965 547 980 561 et
994 547 1015 560 te-

643 573 680 584 nore
691 569 776 589 praesentis
783 568 882 584 concedimus
887 570 903 584 et
910 568 1014 588 impertimur.

643 592 731 608 Mandautes
745 594 825 612 propterea
839 592 913 607 omnibus
923 593 939 607 et
950 591 1016 610 singulis

643 616 707 635 Collegii
722 615 838 635 superioribus,
852 615 934 634 ministris,
949 615 1016 631 alumnis

643 642 658 655 et
670 639 738 659 personis
749 639 834 658 ceterisque
847 638 864 654 ad
876 642 914 658 quos
924 640 987 658 spectat.
999 640 1016 653 ut

642 667 670 678 vos
680 663 696 678 in
706 662 794 678 visitatores
804 662 894 681 apostolicos
905 661 975 677 eiusdem
983 661 1016 677 Col-

643 686 679 705 legii
689 690 697 701 a
709 685 753 701 nobis
764 687 781 701 ut
788 685 875 705 praefertur
886 685 967 705 deputatos
978 685 1017 700 reci-

643 709 685 729 piant
695 711 711 724 et
722 710 838 728 recognoscant.
850 708 926 728 vobisque
939 708 955 724 in
966 708 1017 723 omni-

643 732 671 748 bus
683 732 700 748 ad
714 732 819 748 visitationem
832 731 921 747 huiusmodi
935 731 1016 751 spectanti-

643 756 671 771 bus
682 755 725 771 iuxta
732 755 824 771 earumdem
832 757 903 771 tenorem
911 754 1016 774 praesentium

643 781 715 799 prompte
726 779 786 798 pariant
793 780 809 794 et
818 778 930 798 obsequantur,
942 782 959 793 ac
966 780 1016 794 vestra

643 802 710 818 salubria
721 802 780 817 monita
793 804 808 817 et
818 802 889 817 mandata
900 801 982 817 humiliter
992 805 1017 817 su-

643 826 708 845 scipiant
719 830 735 841 ac
745 825 826 841 efficaciter
834 825 919 845 adimplere
926 827 1016 844 procurent,

643 849 712 868 alioquin
726 849 820 864 sententiam
834 848 868 863 sive
881 852 954 868 poenam,
969 852 1016 868 quam

644 873 673 888 rite
685 872 752 888 tuleritis
763 875 790 887 seu
798 872 882 887 statueritis
889 871 906 887 in
914 871 985 891 rebelles,
993 876 1016 887 ra-

644 899 676 912 tam
690 896 781 911 habebimus
798 897 814 911 et
828 895 901 910 iaciemus
915 897 978 911 auctore
988 895 1017 910 Do-

644 920 687 935 mino
693 919 804 935 inviolabiliter
811 918 895 934 observari.
907 918 984 934 Volumus
991 923 1017 934 au-

644 945 676 959 tem
684 945 707 962 ut.
716 943 729 959 si
739 946 779 962 quae
790 942 860 962 graviora
871 942 888 958 in
899 942 987 958 huiusmodi
995 943 1017 958 vi-

644 967 716 983 sitatione
724 971 731 982 a
739 967 782 983 vobis
790 968 849 986 reperta
858 966 921 985 luerint,
930 965 956 982 illa
964 966 982 982 ad
990 970 1018 982 nos

644 992 719 1011 retentis,
727 993 745 1007 ut
752 990 789 1011 quid
800 991 866 1010 desuper
876 991 977 1006 statuendum
985 990 1018 1007 lue-

644 1017 670 1035 rit,
677 1017 736 1031 matura
744 1015 824 1030 vobiscum
832 1014 944 1030 deliberatione
950 1015 1018 1031 adhibita

644 1039 751 1055 decernamus.
758 1038 793 1054 Non
801 1038 897 1053 obstantibus
907 1038 995 1058 apostolicis
1001 1041 1017 1054 et

645 1063 660 1078 in
669 1062 781 1078 universalibus
791 1061 943 1081 provincialibusque
949 1064 965 1077 et
972 1066 1017 1081 syno-

644 1086 703 1102 dalibus
709 1085 779 1101 conciliis
786 1084 839 1101 edictis
845 1084 943 1104 generalibus
951 1084 976 1100 vel
984 1089 1017 1105 spe-

644 1109 707 1125 cialibus
718 1108 856 1125 constitutionibus
866 1110 882 1124 et
893 1108 980 1127 ordinibus,
989 1112 1018 1124 nec

645 1137 676 1149 non
687 1133 723 1149 Ord.
732 1135 748 1148 et
756 1132 820 1152 Collegii
827 1132 916 1148 huiusmodi
924 1132 977 1147 aliisve
985 1132 1018 1152 qui-

645 1157 697 1172 busvis
704 1156 751 1172 etiam
759 1156 852 1175 iuramento,
858 1155 977 1171 confirmatione
984 1159 1018 1175 apo-

644 1180 697 1196 stolica
708 1180 732 1195 vel
747 1179 801 1199 quavis
816 1179 890 1195 firmitate
904 1179 933 1194 alia
944 1179 1019 1195 roboratis

645 1204 729 1219 statutis'et
736 1202 881 1221 consuetudinibus.
888 1202 974 1222 privilegiis
981 1206 1019 1222 quo-

645 1231 681 1247 que,
691 1226 762 1245 indultis,
771 1226 875 1245 libertatibus,
887 1226 1018 1244 immunitatibus.

645 1253 660 1266 et
671 1250 797 1270 exemptionibus
811 1253 827 1265 ac
838 1249 887 1265 literis
901 1249 988 1269 apostolicis
998 1249 1019 1264 ei-

645 1274 681 1289 dem
695 1273 750 1289 Ordini
760 1275 776 1289 et
788 1272 858 1292 Collegio
871 1276 958 1292 eorumque
968 1276 1019 1292 respe-

645 1297 686 1312 ctive
697 1297 770 1312 ministro
781 1296 849 1316 generali
861 1297 876 1311 et
886 1296 942 1311 rectori
954 1295 1020 1315 aliisque

645 1320 751 1340 superioribus
765 1321 780 1335 et
794 1319 865 1339 personis
880 1318 976 1338 quibuslibet
990 1319 1020 1334 sub

645 1343 770 1363 quibuscumque
781 1342 865 1358 verborum
876 1342 957 1357 tenoribus
966 1344 981 1357 et
989 1341 1020 1357 ior-

645 1367 675 1382 mis
686 1368 701 1382 et
712 1370 749 1382 cum
762 1365 843 1386 quibusvis
855 1365 902 1381 etiam
916 1365 1020 1384 derogator-ia-

646 1393 682 1405 rum
689 1389 797 1408 derogatoriis,
805 1389 869 1408 aliisque
880 1388 991 1404 efficacioribus
997 1388 1020 1404 el-

646 1413 739 1429 sscacissimis
753 1415 769 1428 et
780 1412 847 1428 insolitis
859 1412 932 1428 clausulis
946 1412 1020 1428 irritanti—

646 1437 680 1455 bus,
688 1438 703 1452 et
711 1436 745 1452 aliis
755 1436 820 1452 decretis
831 1436 847 1451 in
858 1439 916 1455 genere
923 1435 949 1451 vel
959 1435 975 1451 in
986 1439 1020 1455 spe-

646 1460 675 1478 cie,
686 1464 703 1475 ao
713 1460 750 1475 alias
761 1459 777 1475 in
791 1459 887 1475 contrarium
900 1458 1020 1478 praemissorum

646 1483 763 1503 quomodolibet
774 1482 855 1501 concessis,
865 1482 961 1498 confirmatis
972 1484 987 1497 et
997 1481 1021 1497 in-

647 1507 713 1523 novatis.
719 1507 777 1525 Quibus
783 1506 856 1522 omnibus
862 1508 877 1522 et
882 1505 954 1525 singulis.
961 1505 1020 1521 etiamsi

647 1535 675 1550 pro
686 1530 749 1546 illorum
756 1530 839 1545 sufficienti
850 1529 951 1549 derogatione
961 1529 980 1544 de
990 1528 1021 1543 illis

647 1557 734 1573 eorumque
750 1553 786 1569 totis
800 1552 880 1568 tenoribus
894 1552 973 1572 specialis,
987 1555 1021 1571 spe-

647 1578 695 1596 cissca.
707 1580 784 1597 expressa,
795 1578 811 1592 et
821 1576 907 1595 individua.
916 1580 933 1592 ac
943 1576 962 1592 de
972 1575 1021 1591 verbo

955 1613 968 1624 ιο

985 228 1003 244 73
1030 228 1056 242 An.
1063 228 1079 242 C.
1090 228 1124 242 1⁷62
