4722 6976
901 517 973 571 ntus
993 516 1042 571 re.
1067 511 1122 570 vlr.

231 641 419 724 'apostolicae
449 645 694 712 denunciaveris.
727 641 766 708 Et
796 659 982 724 quamquam

241 739 371 802 minime
403 756 528 803 necesse
557 757 623 803 esse
643 742 801 805 videamus
828 739 983 803 festinanti

218 827 384 895 'stimulos
414 835 589 912 adanorere,
612 852 683 898 curn
705 841 756 896 tua
786 834 847 895 iam
874 841 983 911 sponte

242 925 389 988 exarseris
409 929 445 987 ad
474 927 580 1004 impias
611 935 798 990 novatorum
829 926 983 988 machina-

242 1017 340 1079 tiones
361 1021 546 1096 detegendas
566 1027 597 1082 et
618 1021 845 1100 oppugnandas,
861 1034 916 1103 ppo
931 1033 986 1079 no·

241 1117 304 1172 stro
325 1116 429 1174 tamen
451 1129 583 1177 munere
610 1125 640 1178 te
661 1115 754 1177 etiam
778 1121 870 1193 atque
892 1113 985 1175 etiarn

242 1203 413 1280 hortamur,
428 1213 475 1281 ut,
491 1215 644 1285 quantum
665 1207 742 1270 eniti
764 1207 891 1282 viribus,
914 1221 984 1269 con-

241 1296 309 1358 silio
320 1299 493 1376 providere,
506 1309 537 1363 et
549 1302 729 1364 auctoritate
743 1301 837 1380 possis
852 1298 984 1371 efficere,

242 1399 376 1467 praestes
398 1393 430 1454 in
451 1393 514 1455 dies
532 1395 767 1472 impensissime,
783 1409 941 1473 opponens
956 1399 987 1453 te

243 1499 370 1547 murum
402 1501 457 1564 pro
477 1487 568 1550 domo
599 1487 699 1550 lsrael.
724 1488 759 1550 ln
781 1490 864 1549 hunc
891 1487 986 1546 linem

244 1578 297 1640 has
317 1580 353 1642 ad
375 1587 405 1641 te
426 1580 543 1643 litteras
564 1583 682 1656 damus,
705 1589 739 1643 ut
767 1581 917 1643 nimirum
940 1579 987 1640 in-

241 1671 324 1747 signi
347 1673 524 1735 testimonio
545 1677 798 1738 commendemus
819 1683 888 1738 tuos
903 1689 987 1753 prae·

243 1765 340 1827 claros
361 1775 500 1842 conatus,
524 1779 555 1831 et
575 1770 753 1832 studeamus
778 1781 881 1831 tamen
903 1777 987 1830 tuam

244 1859 277 1920 in
299 1859 330 1919 id
351 1861 533 1937 pastoralem
560 1864 799 1928 sollicitudinem
817 1862 988 1925 solertiam-

243 1969 305 2030 que
327 1955 424 2032 magis
445 1959 604 2036 magisque
623 1958 788 2021 concitare.

284 2051 417 2114 interest
445 2051 560 2132 quippe
590 2070 784 2133 summopere
815 2053 990 2116 communis

161 2220 168 2237 Ι
243 2147 352 2208 salutis
381 2147 467 2210 omni
498 2164 555 2226 ope
583 2156 613 2210 et
641 2165 732 2227 opera
760 2148 933 2226 conspirare
953 2143 997 2206 ad

244 2255 278 2301 ea
299 2241 515 2319 propulsanda,
540 2258 618 2320 quae
639 2243 671 2304 in
692 2241 899 2304 sanctissimae
919 2238 990 2300 reli·

245 2334 347 2410 gionis
368 2340 490 2397 nostrae
520 2337 687 2415 perniciem
709 2335 746 2397 ab
766 2336 832 2398 eius
852 2333 995 2396 hostibuo

244 2435 411 2506 parantur3
436 2433 466 2490 et
494 2428 622 2507 proinde
644 2429 819 2508 episcopalis
851 2425 990 2490 muneris

244 2527 292 2581 est
313 2519 423 2582 nelarii
455 2523 607 2600 imprimis
636 2523 755 2586 consilii
783 2521 931 2585 malitiam
953 2520 992 2580 ob

245 2615 363 2690 oculos,
384 2614 465 2695 quod
497 2615 559 2676 iam
589 2617 715 2694 egregie
744 2623 890 2694 praestas,
919 2611 993 2674 fide-

245 2709 327 2770 lium
358 2723 484 2788 ponere,
506 2709 648 2788 illudque
668 2726 707 2772 eu
729 2710 880 2772 Ecclesiae
909 2721 992 2786 prae-

246 2803 477 2882 scriptionibus,
493 2818 549 2881 pro
563 2821 608 2880 ea,
624 2820 684 2882 qua
699 2803 805 2882 polles,
818 2801 993 2865 eruditione

245 2903 277 2958 ct
290 2896 451 2976 sapientia,
464 2895 596 2972 edicere,
615 2897 720 2959 biblica
735 2897 887 2959 nimirum
903 2885 993 2971 ope'ra

247 2991 474 3054 haereticorum
496 2991 645 3067 impressa
667 2991 772 3052 vetitis
790 2991 876 3052 libris
890 3005 992 3053 accen·

247 3084 309 3146 seri
328 3082 414 3144 iuxta
436 3081 544 3144 indicis
565 3080 687 3158 regulas
708 3080 742 3160 (l.
760 3097 791 3142 n.
808 3081 851 3158 3);
874 3081 995 3158 experi-

247 3184 357 3238 mento
387 3183 492 3238 autern
523 3175 723 3238 manifestum
753 3191 831 3252 esse,
856 3191 874 3238 e
896 3176 994 3240 Sacris

249 3270 429 3348 Scripturis,
460 3286 538 3349 quae
569 3269 690 3346 vulgari
723 3269 828 3345 lingua
850 3271 992 3345 edantur,

248 3365 319 3442 plus
345 3362 538 3437 detrimenti,
567 3379 658 3441 quam
684 3363 836 3438 utilitatis,
861 3363 935 3425 oriri
957 3364 995 3426 ob

250 3459 415 3520 bominum
436 3457 643 3520 temeritatem
660 3455 738 3536 (reg.
756 3453 833 3535 lv.):
851 3456 943 3536 idque
959 3472 994 3518 eo

249 3551 348 3629 magis
369 3547 651 3629 pertimescendum
672 3566 736 3612 esse
757 3551 791 3612 in
813 3559 896 3613 tanta
918 3560 995 3612 tem·

250 3659 365 3722 porum
379 3644 533 3720 foeditate,
550 3644 660 3722 quibus
674 3645 760 3706 omni
777 3643 916 3724 undique
930 3635 996 3708 arte

249 3745 283 3801 et
304 3744 415 3801 conatu
436 3745 539 3801 sancta
559 3737 721 3816 impetitur
747 3737 876 3815 Religio,
900 3747 930 3802 et
953 3747 996 3801 te-

251 3833 379 3894 terrima
400 3832 433 3894 iu
456 3831 622 3894 Ecclesiam
642 3831 770 3894 vulnera
795 3832 993 3908 inlliguntur.

293 3927 458 4005 Speremus
488 3941 560 3987 sane
591 3926 691 3987 aritae
722 3921 881 4002 religionis
907 3940 996 4000 argu·

251 4026 357 4084 menta
378 4019 411 4081 in
432 4019 514 4081 hisce
535 4019 628 4080 etiam
649 4018 779 4082 turbidis
802 4019 891 4081 rebus
912 4019 998 4080 Polo-

252 4130 310 4175 nos
331 4112 541 4175 Praesbituros
555 4111 620 4172 lore
635 4110 889 4188 luculentissima,
906 4111 998 4190 idque

253 4214 308 4269 tua
339 4221 411 4268 cum
443 4204 549 4283 primis
579 4219 669 4282 opera
691 4221 724 4266 ac
744 4211 920 4266 ceterorum
941 4203 997 4265 hu·

254 4300 340 4363 lusce
361 4299 451 4376 regni
473 4299 666 4376 hntistitum,
689 4315 765 4378 qnos
793 4299 921 4362 mirifice
943 4315 998 4378 pro

255 4393 329 4455 lidei
343 4393 482 4472 deposito
497 4393 614 4455 conniti
628 4391 832 4469 gratulamur,
848 4393 881 4454 in
897 4393 999 4454 Domi-

255 4503 298 4550 no
319 4487 520 4563 confidentes,
538 4487 699 4549 universos
719 4494 892 4564 susceptam
911 4489 947 4548 do
963 4487 999 4548 iis

257 4579 439 4659 opinionem
460 4578 703 4642 cumulatissime
723 4578 788 4640 lore
810 4577 997 4658 expleturos.

297 4674 425 4737 Necesse
439 4681 484 4735 est
502 4682 618 4749 autem,
634 4681 668 4736 ut
683 4675 915 4753 quamprimum
929 4673 1000 4736 mit·

257 4775 303 4830 tas
323 4767 460 4840 bibliam,
493 4783 570 4846 quae
601 4769 830 4830 commentariis
856 4769 1000 4831 subiectis

256 4861 352 4925 edidit
374 4860 511 4940 polonica
527 4860 634 4937 lingua
649 4861 772 4923 lacobus
788 4861 937 4938 Wicbius,
954 4879 1000 4925 re·

255 4961 444 5034 dentemque
461 4953 601 5033 ipsorum
625 4953 804 5029 editionem,
833 4973 911 5034 quae
931 4957 1002 5019 sub

256 5049 325 5111 latis
346 5048 607 5122 adnotationibus,
630 5063 707 5126 quae
727 5064 764 5109 eu
777 5045 833 5110 SS.
850 5049 1002 5112 Ecclesiae

256 5143 395 5224 patribus
425 5141 475 5204 vel
505 5159 542 5203 ex
564 5141 659 5204 doctis
689 5141 907 5221 catholicisque
927 5143 1002 5204 viris

257 5237 438 5314 desumptae
452 5242 551 5311 erant,
569 5236 602 5297 in
617 5234 730 5312 vulgus
744 5234 867 5315 prodiit,
883 5235 1000 5314 etquid

258 5330 296 5393 de
317 5347 351 5392 ea
373 5329 485 5392 sentias
506 5345 666 5409 proponas,
689 5337 724 5392 ut
744 5329 785 5391 ita
806 5330 1003 5408 exipsorum

258 5424 431 5500 collatione,
442 5439 476 5486 ac
489 5437 523 5486 re
538 5431 658 5486 mature
673 5419 831 5502 perpensa,
847 5424 1004 5501 dignosca-

259 5526 312 5580 tur
333 5516 461 5596 quinam
481 5531 602 5578 errores
622 5516 765 5580 insidiose
786 5517 901 5580 ibidem
920 5519 1004 5580 obte-

260 5619 386 5688 gantur,
409 5618 440 5673 et
461 5618 604 5673 nostrum
634 5613 761 5674 demum
792 5612 940 5675 iudicium
967 5613 1002 5675 ad

261 5713 376 5768 rectam
398 5705 468 5767 fidei
486 5703 733 5766 incolumitatem
748 5707 1000 5784 pronunciemus.

300 5799 396 5874 Perge
418 5813 504 5874 ergo,
526 5814 597 5860 ren.
622 5797 674 5874 ln,
698 5805 804 5860 tenere
833 5799 915 5860 viam
936 5815 1004 5861 san·

262 5892 439 5968 ctissimam,
462 5907 555 5970 quarn
575 5891 748 5966 instituisti,
766 5891 906 5968 praeliari
921 5892 1004 5955 vide-

369 6037 420 6084 lur.
439 6039 508 6085 Pont.
524 6039 555 6085 de
569 6037 642 6097 Prop.
659 6036 720 6084 Fide
734 6038 815 6084 Partis
830 6040 848 6084 l.
864 6038 916 6088 Vol.
933 6040 970 6086 lv.

1036 640 1107 704 licet
1136 633 1397 735 assidue0praelia
1429 633 1552 702 Domini
1582 638 1614 701 in
1645 637 1782 702 doctrina

1037 752 1121 811 sana,
1143 734 1333 815 populosque
1354 734 1409 796 tibi
1430 733 1620 796 concreditos
1639 747 1781 806 monere,

1039 845 1078 892 ne
1100 831 1133 892 in
1154 829 1278 907 laqueos
1298 827 1447 905 incidant,
1468 827 1520 906 qui
1541 827 1597 889 sibi
1619 827 1651 888 in
1673 841 1783 905 peren·

1039 940 1112 986 nem
1142 919 1265 986 ruinam
1295 923 1392 1001 parati
1422 927 1507 984 sunt.
1537 920 1631 999 ldque
1651 938 1667 982 a
1689 928 1720 982 te
1739 927 1783 981 at-

1040 1033 1100 1096 que
1120 1033 1136 1079 a
1157 1016 1266 1079 ceteris
1296 1016 1360 1078 istis
1390 1015 1556 1094 Episcopis,
1585 1030 1662 1093 quos
1690 1013 1785 1075 etiarn

1041 1116 1143 1174 nostra
1164 1109 1239 1171 haec
1269 1107 1395 1188 epistola
1425 1114 1552 1186 spectat,
1582 1106 1786 1184 praestolatur

1041 1203 1184 1278 Ecclesia,
1208 1202 1300 1282 idque
1322 1217 1377 1263 nos
1407 1201 1580 1280 expetimus
1600 1199 1788 1262 studiosissi-

1042 1312 1103 1372 me,
1125 1296 1180 1374 qui
1200 1303 1384 1374 conceptum
1406 1310 1444 1356 ex
1465 1309 1546 1354 novo
1571 1307 1686 1370 genere
1708 1292 1786 1352 ziza-

1042 1389 1178 1463 niorum,
1203 1405 1282 1467 quae
1309 1388 1453 1450 inimicus
1481 1387 1573 1448 homo
1600 1384 1786 1464 supersemi-

1043 1490 1106 1558 nat,
1123 1498 1297 1545 moerorem
1319 1479 1540 1544 iucundissima
1555 1481 1610 1542 hac
1624 1495 1677 1558 spe
1692 1477 1787 1540 levari

1043 1575 1268 1654 quodammodo
1292 1575 1455 1648 sentimus,
1478 1590 1511 1636 ac
1532 1573 1645 1636 maiora
1666 1587 1788 1650 semper

1043 1669 1097 1731 tibi
1119 1669 1253 1748 ipsisque
1275 1669 1464 1746 coepiscopis
1493 1667 1525 1728 in
1547 1666 1692 1729 dominici
1720 1681 1789 1742 gre-

1044 1763 1089 1840 gis
1110 1763 1227 1826 bonum
1258 1763 1449 1838 charismata,
1472 1760 1633 1840 apostolica
1666 1759 1789 1823 benedi·

1044 1857 1156 1934 ctione,
1178 1871 1272 1935 quam
1293 1857 1348 1918 tibi
1369 1857 1492 1935 illisque
1513 1855 1723 1935 impertimur,
1738 1853 1789 1914 ad-

1044 1966 1206 2030 precamur
1227 1966 1265 2012 ex
1288 1952 1388 2012 corde.

1085 2045 1196 2107 batum
1224 2045 1350 2120 Romae,
1379 2045 1458 2124 apud
1487 2045 1518 2110 S.
1547 2044 1671 2108 hieriam
1700 2043 1789 2106 llaio·

1046 2154 1125 2215 rem,
1143 2138 1201 2200 sub
1221 2138 1337 2201 annulo
1352 2139 1523 2214 Piscatoris,
1541 2140 1590 2202 die
1606 2155 1694 2210 nuru.
1711 2139 1790 2200 iunii

1046 2247 1234 2307 unaucurt,
1258 2231 1453 2310 pontificatus
1482 2232 1581 2295 nostri
1607 2248 1688 2295 anno
1709 2247 1788 2294 xrn.

1372 2615 1463 2678 LXll.

1286 2795 1555 2866 attooorto

1049 2988 1091 3049 Io
1122 2989 1310 3052 consistorio
1341 2988 1450 3052 debito
1482 2990 1532 3051 dle
1563 3006 1643 3052 xurn
1663 2998 1794 3069 septem-

1090 3081 1156 3144 bris
1183 3099 1346 3147 uucccxvr
1373 3082 1509 3146 celebrat
1536 3085 1709 3160 pretiosum
1737 3101 1795 3163 pro

1095 3173 1221 3237 Christo
1236 3181 1368 3236 mortem
1382 3191 1477 3254 quum
1500 3178 1535 3239 itt
1559 3176 1646 3239 Sinis
1662 3179 1797 3256 oppetie-

1091 3276 1170 3331 runt
1189 3267 1316 3333 Gabriel
1337 3268 1499 3332 Tuurirtus
1514 3267 1677 3350 Deprensa,
1690 3274 1795 3334 trotio·

1091 3379 1129 3424 oe
1152 3361 1276 3435 Gallus,
1300 3363 1475 3441 Episcopus
1502 3362 1707 3426 chrucensr's
1732 3365 1793 3426 Vlc.

1091 3461 1148 3534 Ap.
1175 3456 1396 3526 Sattclcuensis,
1416 3463 1445 3518 et
1467 3454 1629 3535 presbyter
1651 3457 1795 3520 Sittena-ia

1091 3550 1294 3632 Augustinus
1318 3549 1430 3612 Fcbuo.

1299 3733 1385 3802 etus
1408 3735 1470 3802 ΡΡ.
1494 3735 1551 3802 llll.

1251 3924 1449 3992 venerabiles
1471 3925 1597 3994 iratres.

1095 4118 1179 4178 lnter
1201 4123 1245 4177 tot
1272 4133 1304 4178 ac
1325 4123 1408 4179 tanta
1430 4134 1508 4196 quae
1531 4117 1695 4180 caelestem
1717 4119 1798 4180 chri·

1053 4210 1169 4271 stianae
1178 4208 1337 4286 religionis
1347 4210 1500 4286 originem
1511 4209 1686 4273 luculenter
1696 4219 1797 4274 osten-

1055 4303 1134 4365 dunt
1162 4309 1356 4378 argumenta,
1384 4303 1507 4378 merito,
1530 4310 1564 4365 ut
1586 4303 1796 4383 exploratum,

1055 4395 1248 4457 venerabiles
1276 4395 1395 4473 iratres,
1425 4394 1511 4456 robis
1535 4401 1590 4472 est,
1620 4408 1799 4460 recensetur

1055 4488 1219 4565 singularis
1241 4487 1293 4550 illa
1314 4495 1344 4549 et
1366 4488 1569 4551 ineluctabilis
1597 4491 1692 4552 animi
1714 4490 1798 4552 lorti-

1055 4582 1141 4656 tudo,
1163 4598 1223 4660 qua
1245 4581 1409 4644 Christiani
1424 4583 1599 4660 evangelica
1622 4601 1685 4647 non
1708 4588 1799 4648 modo

1055 4684 1225 4753 praecepta,
1247 4676 1413 4738 sedetiam
1436 4675 1562 4737 consilia
1583 4679 1716 4757 sequuti,
1740 4679 1797 4740 hu·

1057 4785 1147 4831 mana
1162 4768 1265 4829 omnia
1276 4767 1460 4846 despiciunt,
1474 4768 1717 4850 inllammatique
1732 4772 1799 4833 zelo

1057 4861 1130 4923 srdei
1150 4859 1361 4939 propagandae
1383 4861 1522 4923 barbaras
1538 4879 1604 4925 oras
1619 4864 1800 4942 longissimo

1058 4945 1212 5017 terrarum
1230 4971 1263 5016 ac
1283 4953 1417 5016 marium
1439 4955 1601 5020 intervallo
1616 4959 1733 5022 dissitas
1749 4977 1798 5039 pe·

1058 5055 1139 5124 tunt,
1163 5047 1358 5110 incredibiles
1380 5048 1497 5110 labores
1519 5051 1689 5128 exantlant,
1705 5053 1800 5116 nullis

1057 5162 1090 5208 se
1118 5143 1263 5224 periculis
1283 5144 1400 5205 terreri
1427 5145 1546 5218 sinunt,
1576 5145 1802 5208 acerrimorum

1058 5239 1192 5318 denique
1224 5245 1452 5302 tormentorum
1486 5240 1568 5315 vim,
1604 5249 1801 5318 mortemque

1059 5333 1166 5411 ipsam,
1179 5332 1402 5410 imperturbato
1416 5333 1518 5394 animo
1533 5333 1706 5410 patiuntur,
1719 5331 1801 5413 quod

1058 5426 1191 5506 separari
1213 5443 1229 5488 a
1249 5425 1396 5487 charitate
1417 5427 1532 5489 Christi
1550 5435 1580 5488 et
1594 5445 1610 5488 a
1625 5427 1801 5489 coufitendo

1059 5517 1344 5597 promulgandoque
1359 5519 1424 5580 eius
1438 5519 1565 5582 nomine
1585 5520 1693 5583 abduci
1714 5536 1801 5582 recu-

1059 5620 1136 5676 sant.
1154 5611 1366 5676 Pulcherrima
1387 5612 1530 5690 scituque
1551 5613 1731 5690 dignissima
1745 5615 1804 5676 hu-

1060 5707 1107 5768 ius
1128 5710 1166 5768 de
1186 5722 1245 5785 qua
1266 5705 1424 5784 loquimur
1448 5705 1638 5768 fortitudinis
1662 5706 1802 5784 exempla

1060 5800 1198 5863 Sinensis
1220 5799 1344 5863 ecclesia
1359 5804 1390 5860 et
1404 5798 1519 5877 pluries
1534 5800 1639 5875 edidit,
1657 5810 1687 5863 et
1702 5817 1803 5880 nuper

1060 5893 1193 5956 maxima
1213 5908 1286 5956 curn
1307 5891 1403 5970 gloria
1426 5890 1600 5956 renovarit.
1625 5895 1703 5958 Cum
1718 5895 1803 5957 enim

1674 6044 1701 6088 69

1703 489 1763 564 eth
1813 499 1910 557 auo.
1932 491 2000 557 asto
