4750 6980
892 563 960 614 PIUS
982 565 1030 610 PP.
1054 561 1097 608 Vl.

225 697 254 758 iu
277 695 374 757 altero
394 709 432 756 ex
456 693 631 773 provinciae
652 690 868 763 conventibus,
891 685 966 764 quin

225 806 319 853 annos
339 788 388 850 sui
411 787 567 866 apostolici
590 785 753 848 ministerii
777 783 966 862 expleverit,

224 885 280 944 sub
291 899 389 961 poena
403 881 575 944 amissionis
587 882 740 942 honorum
754 879 781 940 ei
793 885 968 954 competen-

227 977 316 1050 tium,
327 975 519 1038 admittatur.
534 975 610 1036 lnibi
627 983 728 1035 tamen
745 973 783 1032 sit
794 971 968 1032 commissa·

226 1073 288 1133 rius
308 1087 323 1129 a
347 1069 527 1147 provinciali
549 1067 676 1140 electus,
693 1075 723 1127 et
744 1065 792 1126 hic
814 1065 873 1124 erit
895 1062 968 1124 defr-

227 1165 308 1226 nitor
329 1162 457 1226 actualis
485 1163 549 1224 sive
578 1160 740 1222 habitualis
768 1159 818 1220 vel
839 1159 969 1218 honora·

228 1259 299 1330 rius,
315 1256 515 1318 missionibus
529 1264 630 1316 tamen
648 1254 796 1327 addictus,
810 1252 896 1312 cuius
912 1250 970 1310 evit

227 1350 442 1413 collationibus
456 1348 620 1410 llloralibus
641 1357 672 1408 et
694 1347 872 1414 Rhetoricae
887 1359 971 1420 prae-

229 1460 302 1514 esse,
327 1449 500 1522 quaesunt
522 1440 700 1520 disputanda
724 1455 896 1517 proponere
917 1436 974 1497 du-

230 1537 275 1598 bia
296 1535 347 1596 vel
368 1552 465 1608 casus,
488 1536 542 1612 qui
573 1541 734 1598 occurrant
756 1533 897 1604 definire,
920 1528 973 1591 Or-

230 1629 435 1704 dinariorum,
447 1630 478 1690 in
495 1643 629 1706 quorum
647 1625 834 1688 dioecesibus
856 1623 973 1685 missio·

231 1740 284 1784 nes
306 1721 461 1782 habendae
483 1721 557 1794 sint,
573 1721 711 1782 licentias
727 1721 775 1782 vel
796 1719 973 1780 facultatem

232 1821 407 1894 impetrare,
435 1815 472 1876 de
503 1831 655 1876 consensu
686 1814 781 1876 Patris
811 1811 975 1876 Guardiani

232 1926 306 1990 quos
318 1916 455 1988 quotque
470 1908 648 1984 iusiugulos
659 1924 756 1970 annos
768 1907 803 1968 ad
817 1905 976 1966 missiones

234 2003 376 2080 progredi
398 2002 539 2076 debeant,
556 2002 730 2079 praefinire,
748 2008 777 2060 et
798 2001 875 2060 banc
890 2013 975 2074 prae-

233 2097 380 2158 fixionem
399 2111 454 2172 pro
474 2095 710 2156 confirmatione
726 2093 890 2171 inscriptis
906 2093 977 2153 dare

234 2190 313 2250 Patri
329 2188 526 2262 Provinciali,
538 2188 797 2250 constitutionum
812 2187 975 2247 observan-

235 2283 308 2342 tiam
339 2282 476 2344 studiose
506 2299 626 2354 curare,
656 2289 686 2342 et
715 2281 976 2344 llissionariorum

235 2374 455 2438 defunctorum
477 2375 587 2452 scripta
608 2391 742 2436 servare.

35 2473 37 2560 ᾗ
68 2485 217 2548 reprensor-
274 2469 343 2544 §2
366 2469 432 2543 Quo
461 2485 536 2530 vero
557 2468 593 2528 ad
620 2467 795 2543 regularem
821 2468 978 2528 missiona-

35 2563 37 2594 v
58 2546 150 2591 ¹errantia.

35 2597 37 2672 l

35 2683 37 2756 l

35 2775 37 2818 i

237 2565 356 2625 riorum
377 2562 605 2624 observantiam
631 2561 825 2636 decernitur,
850 2570 884 2622 ut
905 2577 979 2622 cun·

237 2659 292 2718 ctis
313 2658 442 2718 omniuo
472 2657 596 2729 diebus,
625 2658 661 2716 iis
690 2653 903 2717 tautummodo
929 2669 980 2714 ex-

238 2749 344 2828 ceptis,
362 2751 520 2828 inquibus
542 2749 655 2810 festum
678 2748 865 2810 ah·Ecclesia
888 2755 919 2807 et
933 2762 981 2806 re·

239 2845 354 2920 ligioue
375 2844 432 2906 sub
454 2843 514 2904 ritu
538 2842 651 2920 duplici
673 2843 790 2921 primae
811 2842 911 2903 classis
933 2856 981 2901 co-

240 2938 325 3012 litur,
348 2953 381 2998 ac
403 2937 467 3010 illo,
492 2937 522 2996 iu
545 2953 606 3014 quo
624 2952 678 3014 per
700 2934 901 2998 hebdomdam
918 2933 982 2994 ani·

241 3032 282 3092 mi
296 3032 444 3092 relaxatio
459 3031 631 3103 habebitur,
649 3038 715 3106 post
730 3028 980 3106 completorium,

241 3141 348 3186 omnes
379 3123 564 3186 missionarii
592 3123 793 3201 quantumvis
818 3118 981 3199 qualificati

241 3219 356 3280 mentis
377 3217 507 3280 orationi
536 3233 590 3298 per
615 3218 724 3279 horam
749 3224 869 3288 vacent,
893 3231 925 3274 ac
945 3213 984 3274 si-

242 3313 376 3375 lentium
398 3315 430 3374 in
451 3312 583 3388 singulis
610 3311 671 3374 diei
693 3311 786 3383 horis,
811 3317 841 3369 et
870 3308 984 3386 ubique

243 3409 274 3468 in
296 3415 472 3481 conventu,
503 3406 638 3484 exceptis
671 3405 860 3484 temporibus
887 3402 983 3480 quieti

244 3509 273 3562 et
294 3501 390 3562 animi
412 3499 594 3562 relaxationi
614 3499 784 3574 destinatis,
801 3493 984 3557 inviolabili-

243 3603 290 3656 ter
310 3601 464 3656 servetur.
489 3593 546 3654 Per
566 3593 706 3670 singulos
721 3606 794 3652 vero
813 3589 889 3666 dies,
901 3587 985 3651 festis

245 3689 391 3767 exceptis,
407 3696 474 3766 post
490 3703 631 3766 vesperas
652 3702 706 3764 per
728 3688 835 3748 horam
850 3683 984 3760 moralis,

246 3800 289 3858 ac,
312 3783 345 3844 in
371 3781 489 3844 duobus
512 3797 567 3860 per
598 3779 815 3842 hebdomadam
843 3778 949 3840 diebus
971 3794 986 3836 a

246 3878 332 3938 Patre
347 3875 520 3938 Guardiano
534 3873 739 3951 designandis,
757 3891 808 3952 per
823 3873 985 3934 dimidium

246 3976 339 4033 horae
361 3971 397 4034 de
419 3985 508 4032 mane
530 3969 710 4030 Rhetoricae
729 3968 848 4030 collatio
871 3983 988 4046 respec-

247 4065 310 4126 tive
331 4064 488 4126 habeatur.
515 4063 725 4126 Saecularibus
739 4069 843 4124 autem
863 4062 990 4124 interio-

249 4175 315 4222 rem
343 4165 516 4220 conveutus
544 4165 662 4234 partem
692 4155 802 4235 quovis
828 4163 989 4232 praetextu

250 4252 331 4314 adire
354 4253 536 4328 denegatur,
567 4259 781 4329 praeterquam
805 4250 830 4311 si
851 4249 991 4327 quisec·

250 4347 445 4422 olesiasticus,
468 4349 518 4412 vel
533 4348 706 4422 saecularis,
726 4355 759 4410 ut
780 4347 990 4425 spiritualibus

251 4443 405 4506 exercitiis
437 4450 538 4516 vacet,
567 4440 734 4517 collegium
763 4441 863 4518 ipsum
885 4446 991 4518 petere

251 4539 408 4611 intendat,
425 4535 622 4597 interdicitur
638 4551 712 4597 vero
727 4533 876 4612 religiosis
890 4535 926 4594 ab
941 4532 992 4594 illo

252 4645 392 4708 egressus
412 4635 628 4708 praeterquam
643 4629 668 4690 si
682 4629 718 4690 ad
733 4626 991 4706 quaestuandum,

252 4725 287 4786 ad
304 4721 469 4786 audiendas
488 4721 737 4784 christifidelium
758 4719 993 4784 sacramentales

254 4815 473 4890 confessiones,
496 4815 652 4892 mortique
672 4813 820 4892 proximis
844 4811 994 4874 auxilian-

254 4912 339 4985 dum,
370 4905 601 4972 beuelactorum
630 4909 774 4970 cadavera
801 4907 992 4980 associanda,

255 5019 425 5082 eorumque
457 5003 595 5081 exequiis
629 5003 876 5065 interessendum
908 5003 994 5065 illinc

256 5099 359 5175 egredi
374 5098 517 5171 debeant,
530 5113 564 5158 ea
580 5104 681 5158 tamen
697 5097 754 5158 sub
769 5097 848 5172 lege,
861 5104 906 5171 ut,
920 5099 993 5158 dum

255 5194 337 5258 hisce
359 5191 471 5254 ultimo
503 5191 590 5254 dictis
612 5191 765 5253 charitatis
795 5192 939 5269 operibus
960 5191 992 5252 in

257 5287 327 5348 villa
346 5287 383 5350 de
398 5285 545 5348 Balthaua
565 5287 742 5361 intererint,
765 5286 883 5348 nullam
905 5286 995 5348 aliam

257 5387 377 5458 praeter
399 5379 495 5453 illam,
519 5379 631 5458 inqua
660 5381 837 5444 huiusmodi
863 5379 995 5442 caritatis

257 5490 331 5552 opus
350 5472 540 5550 expleudum
570 5481 628 5548 est,
651 5475 777 5536 domum
803 5473 925 5550 ingredi
946 5491 995 5534 va·

259 5567 351 5642 leant,
372 5577 404 5628 et
427 5567 459 5627 iu
481 5567 565 5628 hisce
595 5569 713 5630 casibus
743 5585 840 5647 aeque
867 5587 900 5631 ac
921 5571 994 5632 dum

258 5661 409 5739 praelatus
431 5661 537 5722 villam
558 5668 652 5740 petet,
666 5675 700 5724 ut
721 5664 767 5724 sui
791 5663 930 5725 muneris
945 5679 997 5724 ex·

257 5757 337 5834 pleat
351 5765 463 5833 partes,
475 5755 575 5818 socius
589 5756 626 5817 ab
638 5772 825 5833 unoquoque
840 5772 997 5819 assumen-

259 5857 324 5931 dus,
348 5855 561 5918 missionarius
583 5854 713 5918 minime
727 5854 778 5926 sit,
795 5853 847 5914 sed
868 5853 945 5914 alter
959 5869 997 5914 ex

258 5950 424 6014 conversis.
447 5949 579 6012 hemum
593 5947 790 6024 missionarii,
805 5947 858 6026 qui
875 5963 911 6009 ex
927 5946 999 6008 obe·

1022 682 1135 746 dieutia
1157 682 1192 744 ad
1222 678 1416 757 guardiauiae
1444 679 1506 740 loca
1530 697 1563 740 se
1591 677 1762 752 conferant,

999 787 1153 857 eportet,
1177 776 1301 852 negotio
1322 775 1378 836 sihi
1400 773 1561 834 commisso
1583 779 1716 850 peracto,
1732 773 1762 834 in

1662 565 1666 572 ·
1686 535 1743 602 435
1794 537 1847 590 Au.
1861 537 1891 590 0.
1913 529 1982 588 1798
2071 555 2073 558 v

1022 871 1187 947 collegium
1202 886 1234 930 se
1256 867 1415 944 recipiant,
1430 869 1468 929 ita
1485 875 1548 928 uta
1571 868 1697 928 nemine
1712 884 1764 928 vo·
1813 931 1817 938 ,

1022 964 1153 1026 limtarla
1175 969 1259 1024 extra
1275 961 1350 1024 illud
1373 962 1585 1040 permanentia
1600 962 1690 1022 etiam
1708 963 1765 1024 mi·

1024 1057 1104 1119 nima
1128 1058 1160 1118 ln
1182 1058 1225 1117 eis
1246 1055 1503 1133 deprehendatur.

1063 1154 1081 1228 ἓ
1102 1151 1130 1212 3.
1155 1150 1196 1211 Ut
1216 1157 1318 1210 autem
1343 1151 1527 1212 necessariae
1550 1151 1764 1228 religiosorum

1024 1244 1258 1308 substentationi
1273 1243 1461 1319 consulatur,
1479 1253 1627 1324 poterunt
1648 1220 1795 1308 missio-¹

1026 1341 1102 1402 narii
1124 1341 1156 1400 in
1179 1338 1347 1400 maioribus
1376 1339 1576 1402 hebdomadis
1603 1349 1634 1401 et
1656 1341 1687 1400 in
1710 1341 1766 1402 Do·

1026 1433 1147 1496 minicis
1169 1433 1331 1494 conciones
1353 1449 1384 1492 ac
1407 1432 1557 1494 orationes
1579 1434 1767 1512 panegiricas
1792 1503 1796 1510 ¹

1028 1529 1059 1589 in
1081 1527 1147 1588 loco
1169 1533 1198 1586 et
1220 1533 1305 1586 extra
1338 1525 1426 1586 illurn
1457 1525 1580 1600 habere,
1612 1534 1769 1605 nequeant

1028 1623 1131 1682 autem
1153 1619 1286 1696 aliquam
1308 1617 1398 1679 aliam
1420 1620 1591 1680 orationem
1618 1621 1770 1697 panegiri-

1028 1732 1092 1778 cam
1124 1715 1189 1775 sine
1212 1729 1365 1774 consensu
1396 1712 1490 1774 Patris
1519 1712 1717 1774 Provincialis
1738 1721 1769 1774 ct

1030 1810 1191 1870 universae
1205 1806 1436 1868 communitatis
1451 1805 1626 1882 admittere,
1643 1810 1770 1868 caeteris

1029 1904 1095 1966 aliis
1116 1919 1202 1964 secus
1223 1901 1360 1964 admissis
1390 1901 1472 1962 illico
1496 1902 1626 1964 reiectis.
1654 1902 1771 1964 lllissio·

1030 1996 1107 2059 narii
1129 2003 1244 2068 autem,
1262 1995 1314 2072 qui
1337 1994 1547 2056 admissiones
1568 1996 1770 2074 progrediun-

1031 2099 1093 2164 tur,
1110 2099 1194 2150 extra
1217 2095 1407 2150 conventum
1424 2106 1437 2147 a
1456 2105 1563 2150 mense
1578 2088 1708 2150 octobris
1723 2107 1771 2150 us-

1031 2201 1090 2262 que
1111 2184 1146 2244 ad
1169 2181 1278 2243 Pascha
1301 2181 1555 2257 Resurrectiouis,
1573 2193 1724 2262 quatenus
1741 2185 1772 2246 in

1032 2277 1139 2338 maiori
1161 2274 1347 2338 hebdomada
1372 2277 1534 2338 conciones
1555 2278 1587 2338 in
1610 2278 1771 2354 religione,

1033 2373 1064 2434 in
1080 2389 1138 2451 qua
1154 2372 1365 2448 reperiuntur,
1381 2371 1493 2432 habere
1508 2369 1648 2446 debeant,
1665 2379 1696 2432 et
1711 2388 1774 2433 nori

1033 2466 1125 2540 ultra,
1152 2480 1335 2544 permanere
1366 2463 1508 2538 debeant,
1531 2482 1563 2526 ac
1591 2466 1623 2526 in
1648 2465 1775 2544 reliquis

1033 2561 1206 2638 regularem
1220 2559 1442 2620 observantiam
1457 2559 1688 2637 respicientibus
1704 2561 1775 2622 mis-

1033 2655 1157 2718 sionarii
1173 2655 1230 2716 -uti
1254 2654 1319 2713 veri
1347 2651 1520 2730 provinciae
1542 2654 1596 2715 filii
1626 2656 1775 2732 quidquid

1820 1163 1853 1207 Dc
1869 1159 1997 1219 praediea·

1797 1217 1862 1262 ione.

1035 2755 1065 2816 in
1082 2768 1115 2812 ea
1130 2748 1226 2828 quoad
1244 2749 1417 2824 regularem
1432 2748 1657 2810 observantiam
1674 2747 1778 2812 buius-
1864 2785 1873 2802 ·

1036 2847 1117 2910 modi
1140 2844 1292 2907 sancitum
1321 2850 1377 2926 est,
1402 2844 1569 2905 dummodo
1597 2845 1778 2923 supradictis

1037 2957 1099 3002 non
1130 2941 1336 3012 adversentur,
1366 2946 1493 2998 servent
1524 2938 1662 3014 omnino,
1693 2947 1723 2999 et
1746 2941 1778 3002 in

1038 3031 1232 3096 llissionibus
1253 3029 1337 3107 pium
1368 3029 1441 3090 Viae
1464 3030 1568 3092 Crucis
1595 3032 1777 3096 exercitium

1038 3143 1231 3205 promovere,
1248 3132 1278 3185 et
1295 3125 1471 3188 Calvarium
1492 3125 1524 3186 in
1547 3124 1642 3200 Locis,
1666 3128 1697 3188 in
1713 3127 1781 3205 qui·

1039 3223 1094 3284 bus
1116 3237 1164 3281 eas
1187 3225 1350 3298 peragunt,
1373 3219 1408 3278 ad
1438 3221 1660 3297 praescriptum
1683 3221 1779 3282 Bene·

1038 3315 1110 3376 dicti
1134 3315 1187 3374 PP.
1211 3311 1291 3376 lllll.
1317 3322 1426 3376 curent
1448 3312 1606 3374 collocare.
1632 3345 1637 3356 ·

1079 3409 1146 3484 §b
1166 3408 1268 3483 Quoad
1297 3407 1535 3484 praecedentias,
1567 3407 1718 3472 levamina
1750 3419 1781 3471 et

1039 3505 1173 3585 praemia
1185 3500 1450 3564 missionariorum
1462 3502 1652 3578 decernitur,
1666 3511 1698 3564 ut
1710 3503 1781 3566 mis·

1040 3599 1203 3672 sicharius,
1227 3597 1280 3674 qui
1300 3610 1355 3673 per
1377 3597 1563 3658 decennium
1588 3597 1781 3660 concionato-

1040 3695 1082 3756 ris
1104 3709 1219 3756 munus
1241 3690 1422 3769 expleverit,
1445 3690 1547 3752 locum
1569 3691 1782 3756 immediatum

1041 3797 1107 3867 post
1129 3787 1375 3850 concionatorem
1397 3785 1652 3862 conventualem
1678 3788 1703 3848 si
1728 3803 1782 3866 per

1042 3881 1153 3958 viginti
1175 3896 1283 3954 annos,
1307 3887 1374 3957 post
1395 3895 1468 3942 eum
1494 3880 1546 3957 qui
1571 3881 1667 3942 semel
1688 3881 1782 3944 Guar-

1042 3977 1149 4038 diauus
1165 3975 1282 4050 extitit;
1304 3973 1328 4034 si
1345 3990 1399 4051 per
1414 3973 1526 4050 viginti
1540 3979 1571 4035 et
1585 3983 1653 4036 octo
1674 3991 1783 4050 annos,

1043 4079 1108 4152 post
1137 4084 1208 4132 eum
1231 4069 1283 4146 qui
1306 4067 1401 4128 semel
1430 4072 1461 4127 et
1483 4068 1598 4129 iterum
1619 4068 1784 4131 Guardiani

1044 4179 1158 4228 munus
1179 4161 1294 4236 obivit3
1317 4160 1342 4221 si
1363 4159 1488 4224 tandem
1510 4176 1563 4239 per
1585 4161 1711 4238 triginta
1732 4178 1785 4223 sex

1045 4273 1140 4320 annos
1159 4256 1322 4319 conciones
1344 4253 1496 4328 habuerit,
1515 4263 1580 4332 post
1602 4254 1786 4318 Definitores

1044 4352 1189 4416 canonice
1203 4349 1316 4412 electos
1330 4347 1499 4427 respective
1520 4348 1651 4411 habeant
1665 4350 1698 4412 iu
1719 4365 1786 4427 pro·

1045 4445 1156 4508 vincia.
1181 4441 1387 4505 llissiouarius
1404 4449 1520 4514 autem,
1537 4441 1589 4520 qui
1605 4455 1659 4520 per
1675 4442 1785 4518 viginti

1046 4557 1142 4604 annos
1172 4537 1368 4598 concionator
1396 4535 1501 4608 fuerit,
1529 4535 1734 4599 levaminibus
1756 4545 1787 4598 et

1047 4631 1307 4712 exemptionibus,
1323 4645 1400 4707 quae
1415 4646 1430 4688 a
1446 4627 1602 4706 provincia
1623 4630 1651 4690 ei
1673 4631 1726 4708 qui
1741 4647 1787 4691 se-

1048 4727 1108 4792 mel
1123 4726 1314 4790 Guardiauus
1329 4724 1443 4798 extitit,
1456 4738 1615 4786 concessae
1627 4723 1787 4802 reperiun-

1047 4831 1117 4897 tur3
1145 4822 1169 4882 si
1196 4827 1299 4882 autem
1332 4833 1446 4884 munus
1473 4817 1706 4895 praedicationis
1734 4836 1788 4898 per

1048 4914 1161 4992 viginti
1183 4923 1214 4975 et
1235 4919 1303 4974 octo
1324 4927 1420 4974 anuos
1441 4911 1563 4986 obierit,
1586 4913 1788 4990 exemptioni-

1048 5011 1105 5072 bus
1133 5007 1169 5070 ab
1190 5007 1296 5070 eadem
1318 5007 1473 5084 provincia
1495 5008 1534 5079 ei,
1560 5007 1613 5085 qui
1641 5007 1738 5070 semel
1758 5015 1789 5072 et

1049 5103 1162 5166 iterum
1183 5099 1348 5164 Guardiaui
1370 5115 1485 5162 munus
1506 5107 1711 5178 prosequutus
1732 5109 1789 5174 est,

1049 5196 1207 5273 assignatis
1223 5191 1407 5274 perfruatur.
1430 5192 1487 5266 Qui
1506 5209 1579 5255 vero
1595 5194 1721 5270 triginta
1736 5212 1790 5257 sex

1050 5306 1204 5354 annorum
1231 5287 1420 5352 curriculum
1450 5288 1481 5351 in
1510 5287 1708 5353 concionibus
1740 5292 1790 5350 ha·

1049 5386 1161 5450 bendis'
1188 5382 1424 5462 consumpserit,
1454 5381 1666 5457 definitoribus
1698 5386 1792 5445 hono-

1050 5481 1137 5542 rariis
1166 5478 1395 5556 aequiparetur,
1422 5482 1452 5536 et
1483 5476 1600 5538 cunctis
1632 5474 1793 5538 levamini·

1051 5575 1116 5646 bus,
1146 5571 1326 5644 honoribus,
1358 5568 1604 5648 exemptionibus
1635 5577 1665 5632 et
1690 5585 1792 5648 praee·

1052 5666 1213 5730 minentiis
1241 5663 1394 5740 gaudebit,
1422 5663 1533 5741 quibus
1557 5661 1736 5725 definitores
1760 5663 1793 5724 in

1051 5758 1185 5840 capitulo
1204 5757 1306 5830 electi,
1335 5765 1460 5834 excepta
1488 5755 1681 5818 solummodo
1710 5771 1795 5833 prae-

1050 5853 1203 5926 cedentia,
1236 5852 1318 5913 bisce
1344 5866 1465 5929 semper
1493 5851 1685 5927 praestanda,
1717 5867 1795 5928 quae

1052 5945 1175 6026 quidem
1198 5941 1409 6022 praecedentia
1433 5944 1514 6004 iuter
1537 5943 1616 6023 ipsos
1637 5944 1795 6008 missiona-

1820 3435 1852 3476 be
1867 3431 1996 3488 praemiis.
