4734 7004
288 499 342 555 An.
356 503 387 557 O.
408 503 476 556 laea
525 497 565 563 42

276 652 402 716 conantur
415 653 442 700 tn
453 665 489 701 aa·
507 642 653 704 mandare
674 639 810 720 proprias
832 637 1091 711 elucubrationes,
1108 644 1200 714 atque
1215 635 1247 697 in

275 705 488 817 icffirggnboaum
507 734 650 797 ecclesiae
672 734 788 796 bonum
811 734 920 796 cedere
940 746 1097 794 sacrorum
1119 729 1248 791 ilituum

507 834 599 906 atque
619 826 765 889 historiae
783 825 1002 890 ecclesiasticae
1016 825 1122 900 libros,
1137 825 1249 906 quibus

506 920 569 999 ipsa
597 920 635 982 ab
662 921 871 983 hereticorum
899 925 929 982 et
957 919 1173 998 acephalorum
1203 933 1250 980 ea·

505 1014 634 1080 lumniis
649 1016 836 1091 vindicatur,
852 1015 919 1080 sine
934 1031 1019 1077 mora
1039 1015 1198 1092 evulgare,
1214 1031 1249 1076 ea

504 1119 625 1188 proter,
647 1117 683 1172 ut
703 1111 889 1173 academicae
911 1109 1104 1173 collectiones
1126 1117 1157 1172 et
1178 1109 1250 1172 libri

504 1204 694 1282 quicumque
724 1221 824 1268 sacros
852 1205 931 1266 ritus
962 1211 992 1266 et
1020 1204 1180 1266 historiam
1202 1219 1249 1264 ec·

503 1299 703 1364 clesiasticam
724 1307 958 1372 concernentes,
975 1305 1006 1359 et
1027 1297 1083 1359 alia
1104 1313 1195 1375 opera
1211 1311 1248 1357 ex

505 1393 674 1456 academiae
703 1393 926 1472 praescriptae
948 1391 1163 1454 cathedrarum
1186 1405 1248 1450 ma·

503 1487 620 1565 gistris,
637 1501 746 1548 eorum
767 1485 954 1561 substitutis,
965 1484 1187 1547 academiaeve
1201 1500 1249 1545 so-

503 1581 556 1642 ciis
588 1581 755 1654 elaborata,
784 1585 815 1642 et
841 1593 1054 1657 quaecumque
1079 1594 1187 1657 opera,
1210 1595 1247 1641 ex

503 1675 614 1754 quibus
635 1676 736 1736 honor
750 1692 783 1737 ac
797 1673 943 1753 splendor
957 1689 1046 1752 saepe
1060 1680 1248 1734 memoratae

502 1769 673 1833 academiae
693 1775 853 1842 accrescat,
876 1774 1034 1846 postquam
1066 1782 1121 1844 per
1142 1782 1247 1828 censo-

503 1879 551 1926 res
573 1863 742 1926 academiae
762 1860 953 1935 hulusmodi,
970 1859 1021 1922 vel
1042 1874 1097 1937 per
1119 1860 1194 1922 duos
1209 1875 1257 1942 ex,

501 1957 590 2020 sociis
611 1973 627 2018 a
647 1956 786 2035 praeside
808 1971 868 2016 una
890 1969 961 2016 cum
982 1954 1162 2016 censoribus
1182 1969 1248 2014 ona·

502 2052 594 2114 nibus
616 2050 802 2111 nominatim
823 2050 947 2127 adeptos
968 2048 1094 2126 probata
1116 2045 1246 2122 luerint,

503 2143 669 2226 praeloque
690 2142 782 2220 digna
804 2142 946 2216 iudicato,
969 2141 1064 2220 petita
1079 2148 1202 2203 tantum
1215 2149 1248 2201 et

502 2239 627 2301 obtenta
643 2239 679 2301 ah
693 2237 854 2302 Ordinario
866 2251 921 2315 pro
937 2243 1078 2316 tempore
1092 2236 1247 2297 existente

503 2333 651 2412 Episcopo
682 2331 921 2410 approbatione,
956 2330 1058 2409 praelo
1093 2328 1246 2391 committi

503 2426 631 2506 possint,
654 2435 754 2499 motu,
775 2425 952 2487 scientiaea
968 2431 1118 2503 potestate
1138 2421 1248 2484 simili·

330 2581 335 2596 ,
502 2521 559 2583 bus
581 2520 737 2583 licentiam
758 2518 957 2582 concedimus
973 2525 1001 2580 et
1018 2516 1204 2580 facultatem.

327 2627 484 2675 recurvatam
544 2617 562 2692 ἓ
576 2617 605 2680 6.
621 2616 716 2678 Porro
728 2629 799 2676 cum
814 2614 954 2676 laudatus
966 2613 1150 2676 Benedictus
1162 2626 1247 2689 prae·

271 2685 486 2783 {fflissffiiffig
504 2713 642 2774 decessor
664 2717 768 2772 noster
782 2723 837 2786 per
852 2707 924 2768 alias
938 2724 1008 2769 suas
1030 2707 1061 2768 in
1077 2704 1171 2766 simili
1187 2703 1246 2766 lor-

271 2789 386 2836 ⁰‘⁰'¹¹'¹¹⁸
400 2791 486 2836 aaaua-
503 2821 553 2868 ma
575 2804 682 2866 Brevis
697 2802 744 2864 die
760 2816 827 2863 xxa.
844 2800 991 2863 februarii
1006 2813 1179 2860 uoccuarv.
1197 2799 1248 2860 da-

271 2843 338 2888 min·
349 2842 448 2941 legendi
460 2849 484 2891 at

270 2895 485 2998 ‘ffigffltgglgggff
504 2908 548 2962 tas
565 2899 693 2973 litteras,
706 2895 861 2973 magistris
880 2911 935 2956 seu
951 2891 1117 2956 lectoribus
1133 2893 1247 2954 utrius-

269 2959 402 3055 llnnaaua,
435 3005 484 3051 saa
503 3007 563 3071 que
583 2989 756 3064 cathedrae,
777 2997 809 3051 et
829 3003 987 3050 sacrorum
1011 2987 1129 3049 rituum
1150 2993 1180 3048 et
1199 3002 1246 3048 ec·

271 3056 483 3158 ⁰⁰⁰⁶¹²¹⁰¹¹g¹fflff
502 3086 686 3149 clesiastieae
713 3084 870 3160 historiae,
896 3080 1116 3160 amplissimam
1141 3080 1248 3157 leden·

269 3109 416 3210 abEpiscop

269 3161 484 3264 ζζξῖξῗξὲῗῦᾞῦ
502 3179 532 3242 di
552 3187 584 3241 et
605 3175 761 3240 retinendi
786 3189 997 3255 quoscumque
1019 3174 1190 3253 prohibitos
1212 3173 1246 3235 li-

501 3273 573 3335 bros
594 3271 753 3334 licentiam
773 3269 969 3344 concesserit,
991 3276 1082 3344 prout
1104 3267 1137 3329 in
1159 3267 1247 3329 dictis

501 3365 613 3429 litteris
634 3363 725 3426 latius
739 3363 930 3436 continetur,
947 3375 1002 3422 nos
1020 3359 1123 3423 omnia
1138 3374 1246 3438 oppor-

499 3467 576 3523 tuna
603 3456 785 3537 apostolicae
813 3463 935 3518 nostrae
962 3455 1121 3533 potestatis
1142 3461 1173 3516 et
1193 3471 1247 3516 au-

500 3553 650 3619 ctoritatis
666 3551 798 3616 subsidia
813 3549 1008 3630 suppeditare
1023 3549 1173 3624 volentes,
1184 3566 1245 3628 quo

499 3648 651 3714 academia
673 3648 785 3709 isthaec
806 3643 948 3706 uberiora
970 3643 1003 3706 in
1026 3643 1090 3705 dies
1111 3642 1245 3722 proterat

499 3747 692 3807 incrementa
707 3741 875 3812 virtutum,
888 3737 1017 3816 eiusque
1029 3737 1167 3799 canonici
1182 3754 1245 3800 aea·

499 3836 611 3901 demici
641 3834 738 3910 magis
765 3832 925 3910 magisque
953 3837 983 3892 et
1011 3830 1044 3893 in
1075 3831 1183 3893 studiis
1214 3839 1245 3893 et

499 3933 533 3995 in
555 3931 669 4011 pietate
689 3927 862 4008 proficiant,
879 3940 913 3986 ea
931 3930 1057 4003 propter
1078 3940 1165 4003 saepe
1181 3940 1246 3987 me·

499 4031 618 4088 morato
639 4021 777 4085 Michaeli
801 4020 951 4082 moderno
975 4025 1006 4079 et
1027 4033 1083 4096 pro
1105 4025 1246 4096 tempore

497 4117 644 4180 existenti
678 4112 895 4179 Golimbriensi
924 4112 1075 4190 Episcopo
1106 4112 1244 4190 iniungi-

499 4194 580 4286 mus,
602 4219 634 4272 et
654 4220 761 4271 omnes
791 4205 973 4269 necessarias
999 4212 1031 4266 et
1057 4215 1243 4284 opportunas

498 4303 657 4366 facultates
687 4301 812 4374 damus,
839 4303 873 4360 ut
895 4312 951 4375 pro
978 4313 1034 4359 suo
1063 4298 1191 4361 arbitrio
1212 4309 1243 4362 et

497 4395 678 4475 prudentia,
709 4399 741 4453 et
766 4392 824 4454 sub
852 4391 888 4451 iis
919 4390 1147 4452 conditionibus
1169 4408 1243 4471 quas

498 4487 596 4565 magis
606 4485 751 4566 expedire
761 4485 793 4546 in
805 4482 937 4546 Domino
950 4481 1142 4558 iudicaverit,
1152 4485 1243 4563 quod-

497 4597 621 4660 cunque
646 4579 805 4642 indultum
827 4576 950 4653 legendi
972 4583 1002 4637 et
1030 4576 1186 4640 retinendi
1208 4576 1243 4639 li-

497 4677 567 4739 bros
594 4673 765 4753 prohibitos
789 4669 884 4734 etiam
913 4670 1092 4732 censoribus
1119 4672 1240 4748 annuis,

496 4767 662 4833 secretario
683 4765 864 4840 academiae,
886 4765 1061 4827 substitutis
1087 4766 1242 4828 cathedra·

496 4880 580 4938 rum,
603 4870 635 4924 et
656 4860 776 4924 duobus
802 4858 994 4922 adiutoribus
1015 4858 1099 4920 iuvta
1120 4859 1242 4938 praeiu-

496 4965 577 5021 serta
597 4961 711 5019 statuta
732 4969 787 5032 pro
810 4961 950 5031 tempore
973 4955 1167 5031 deputandis,
1190 4973 1243 5018 au-

496 5053 639 5115 ctoritate
659 5057 762 5111 nostra
777 5047 937 5127 apostolica
959 5047 1104 5111 concedat
1119 5055 1149 5110 et
1164 5050 1241 5112 elar-

498 5146 610 5223 giatur.

305 5242 479 5298 exequutores
538 5241 556 5314 5
578 5239 606 5301 7.
630 5239 670 5303 Ut
691 5244 796 5300 autem
817 5241 994 5313 praesentes
1015 5235 1182 5315 omniaque
1211 5246 1242 5299 et

266 5296 438 5348 praesentium
451 5295 480 5341 li·
515 5335 519 5346 .
641 5333 646 5344 .
714 5332 719 5342 .
979 5330 984 5340 ·

265 5349 378 5394 cararum
410 5347 480 5394 aart-
498 5333 618 5410 singula
640 5349 672 5394 tn
693 5348 737 5394 ers
758 5337 902 5392 contenta
917 5329 1036 5392 debitae
1058 5340 1243 5410 parataeque

265 5403 479 5502 ἕηᾞξρξῗαῖἳῑᾎῗ
498 5426 699 5506 exequutioni
727 5422 984 5503 omnimodaeque
1015 5423 1242 5486 demandentur

265 5517 322 5608 {3¹¹
345 5507 479 5556 otsarvaa·
496 5522 698 5594 observatiae,
714 5521 817 5582 eidem
831 5517 968 5580 biiclraeli
986 5517 1145 5596 Episcopo,
1162 5525 1193 5579 et
1210 5519 1240 5580 in

497 5617 564 5678 eius
585 5613 741 5678 delectum
769 5611 995 5676 venerabilibus
1017 5613 1111 5672 etiam
1140 5610 1242 5673 iratri-

497 5709 553 5771 bus
576 5707 797 5784 Portugallien.
821 5724 854 5769 ac
869 5707 1013 5786 Leyrien.
1040 5705 1196 5784 Episcopis
1211 5714 1241 5768 et

497 5801 608 5864 dilecto
624 5801 687 5862 filio
709 5801 843 5877 digniori
858 5808 889 5863 et
902 5801 1068 5878 antiquiori
1084 5800 1239 5876 ministro,

496 5910 560 5957 non
585 5900 687 5956 tamen
710 5894 859 5971 regularis
881 5893 1043 5956 tribunalis
1064 5894 1241 5973 inquisitio·

1027 515 1092 562 lun.
1116 515 1207 560 PONE.
1229 512 1270 558 DE
1291 513 1321 560 Ρ.
1345 513 1374 559 1².
1398 513 1481 560 PARS
1502 514 1524 559 1.

2078 491 2133 552 Aa.
2147 497 2179 552 G.
2201 497 2278 551 1759

1304 633 1352 696 nis
1373 641 1478 697 contra
1500 635 1687 706 haereticam
1703 635 1919 716 pravitatatem
1940 635 2047 698 Portu·

1305 726 1414 803 galliae
1429 736 1460 789 et
1475 729 1692 805 atgarbtorum
1703 729 1884 806 Regnorum
1900 744 1955 806 pro
1971 736 2051 790 tem-

1305 835 1379 899 pore
1400 821 1615 898 existentibus,
1639 839 1694 902 per
1716 829 1891 902 praesentes
1908 821 2049 884 commit·

1306 915 1400 977 timus
1415 922 1447 976 et
1461 917 1654 994 mandamus,
1670 928 1822 998 quatenus
1844 917 1902 996 ipsi
1923 915 1973 979 vel
1987 917 2048 979 duo

1304 1015 1356 1070 aut
1374 1024 1456 1072 unus
1472 1026 1581 1073 eorum
1599 1029 1655 1092 per
1668 1029 1701 1075 se
1716 1012 1765 1075 vel
1781 1012 1876 1074 alium
1891 1027 1946 1074 seu
1961 1010 2047 1086 alios,

1303 1105 1425 1181 quoties
1449 1119 1506 1183 pro
1532 1115 1619 1185 parte
1645 1107 1798 1169 dictorum
1826 1105 2048 1168 canonicorum

1304 1197 1549 1262 academicorum
1584 1198 1702 1262 luerint
1733 1199 1895 1279 requisiti,
1926 1196 2048 1260 easdem

1305 1301 1481 1369 praesentes
1512 1300 1630 1355 nostras
1658 1293 1774 1356 litteras
1802 1293 1889 1355 etin
1914 1290 2048 1354 ciacon-

1305 1390 1389 1446 tenta
1411 1393 1442 1448 et
1462 1401 1605 1465 expressa
1626 1402 1840 1465 quaecumque
1866 1383 2048 1448 solemniter

1304 1479 1510 1556 publicantes,
1535 1481 1640 1560 eisque
1662 1481 1694 1542 in
1720 1481 1893 1559 praemissis
1918 1478 2047 1542 efficacis

1303 1571 1490 1637 defensionis
1512 1573 1663 1653 praesidio
1684 1575 1871 1648 assistentes,
1895 1571 2006 1635 iaciant
2019 1588 2049 1632 a·

1303 1666 1446 1744 postolica
1475 1667 1656 1730 auctoritate
1677 1673 1780 1729 nostra
1809 1665 1912 1727 omnia
1934 1671 1965 1726 et
1986 1663 2048 1726 sin·

1304 1758 1373 1835 gula
1396 1761 1560 1838 praemissa
1581 1775 1674 1823 suum
1696 1759 1835 1822 debitum
1849 1757 1952 1820 sortiri
1976 1757 2048 1819 etle-

1302 1859 1403 1929 ctum3
1427 1869 1490 1915 non
1507 1855 1722 1933 permittentes
1743 1854 1869 1916 eosdem
1884 1852 2048 1914 canonicos

1303 1945 1463 2022 liturgicos
1483 1945 1669 2008 academicos
1684 1962 1699 2006 a
1712 1961 1869 2025 quoquam
1888 1960 1983 2024 super
1997 1943 2048 2006 iis·

1302 2039 1373 2101 dem
1389 2039 1562 2116 praemissis
1576 2040 1808 2118 quomodolibet
1830 2039 1966 2102 indebite
1981 2055 2046 2100 rno-

1303 2130 1417 2193 lestari.
1438 2132 1684 2196 contradictores
1699 2133 1852 2212 quoslibet
1871 2140 1901 2196 et
1917 2132 2047 2194 rebelles

1303 2237 1356 2301 per
1376 2225 1557 2300 sententias,
1570 2241 1713 2289 censuras
1726 2234 1757 2289 et
1773 2241 1886 2305 poenas
1907 2226 2047 2288 ecclesia-

1301 2318 1401 2392 sticas,
1425 2319 1629 2398 appellatione
1649 2321 1828 2399 postposita,
1850 2335 2047 2398 compescen-

1301 2408 1351 2486 do,
1374 2411 1516 2474 invocato
1537 2414 1632 2476 etiam
1653 2413 1687 2475 ad
1710 2413 1779 2488 hoc,
1795 2413 1820 2475 si
1842 2428 1918 2492 opus
1938 2413 2045 2489 luerit,

1302 2504 1419 2566 auxilio
1440 2505 1555 2568 brachii
1576 2508 1748 2570 saecularis.

1341 2598 1360 2673 ἓ
1380 2595 1409 2658 8.
1434 2599 1633 2664 Decernimus
1653 2602 1738 2662 enim
1760 2601 1883 2663 easdem
1904 2617 2046 2680 praesen·
2083 2612 2203 2660 clausura
2217 2614 2286 2660 suo-

1304 2699 1347 2753 tes
1370 2692 1497 2768 litteras,
1514 2699 1544 2754 et
1560 2695 1591 2756 in
1606 2695 1650 2757 eis
1664 2703 1808 2758 contenta
1820 2711 2043 2775 quaecumque,
2064 2665 2119 2768 {iffi
2135 2668 2286 2768 rsslassffff'

1302 2809 1424 2871 semper
1446 2795 1546 2872 firma,
1562 2798 1661 2861 valida
1677 2805 1707 2860 et
1723 2799 1852 2862 etlieacia
1868 2800 1998 2862 existere
2013 2810 2045 2863 et

1302 2885 1378 2962 lore,
1394 2905 1527 2968 suosque
1543 2891 1697 2969 plenarios
1711 2903 1742 2955 et
1764 2892 1903 2969 integros
1917 2893 2045 2956 allectus

1301 2982 1405 3045 sortiri
1427 2992 1459 3045 et
1480 2985 1623 3047 obtinere
1644 2985 1766 3060 debere,
1785 2993 1816 3048 et
1839 2986 1898 3049 illis
1918 2988 1954 3049 ad
1969 3003 2046 3066 quos

1301 3085 1417 3156 spectat
1434 3085 1465 3140 et
1480 3095 1536 3158 pro
1551 3087 1691 3157 tempore
1709 3080 1966 3159 quandocumque
1978 3095 2045 3158 spe·

1302 3174 1406 3248 ctahit,
1430 3175 1463 3236 in
1492 3175 1637 3236 omnibus
1664 3182 1696 3238 et
1717 3191 1772 3252 per
1799 3175 1904 3236 omnia
1931 3175 2045 3252 plenis-

1301 3267 1378 3330 sime
1408 3267 1585 3345 sullragari3
1618 3269 1723 3347 sicque
1751 3275 1781 3330 et
1810 3283 1873 3330 non
1901 3267 1991 3330 aliter
2013 3269 2044 3330 in

1301 3361 1476 3440 praemissis
1490 3377 1545 3440 per
1559 3377 1773 3441 quoscumque
1793 3362 1909 3424 iudices
1923 3361 2047 3424 ordina-

1301 3455 1363 3518 rios
1384 3462 1414 3518 et
1436 3455 1608 3532 delegatos,
1635 3455 1730 3519 etiam
1751 3471 1914 3518 causarum
1941 3455 2045 3535 palatii

1300 3552 1458 3630 apostolici
1479 3551 1642 3626 auditores,
1656 3557 1687 3612 et
1709 3551 1739 3614 S.
1750 3551 1785 3614 R.
1801 3551 1835 3612 E.
1857 3551 2042 3626 cardinales,

1300 3645 1393 3708 etiam
1415 3647 1453 3708 de
1478 3645 1575 3707 latere
1596 3646 1735 3722 Legatos,
1768 3643 1991 3722 Viae-legatos,
2013 3653 2045 3708 et

1300 3739 1481 3817 apostolicae
1496 3738 1588 3800 huius
1603 3738 1634 3802 S.
1652 3738 1739 3802 Sedis
1749 3739 1894 3816 Nuntios,
1909 3746 1941 3802 et
1954 3757 2044 3820 quos-

1300 3836 1346 3896 vis
1368 3835 1442 3896 alios
1463 3849 1659 3913 quacumque
1680 3833 1924 3911 praeeminentia
1943 3843 1973 3897 et
1991 3851 2045 3914 po-

1300 3934 1410 3991 testate
1431 3927 1597 4006 lungentes
1618 3937 1649 3990 et
1671 3928 1843 4002 iuncturos,
1866 3927 1984 3990 sublata
1999 3929 2043 3991 eis

1299 4031 1461 4086 eteorum
1492 4022 1618 4086 cuilibet
1641 4022 1750 4101 quavis
1771 4022 1861 4085 aliter
1890 4023 2043 4086 iudicandi

1299 4126 1330 4179 et
1363 4115 1587 4196 interpretandi
1619 4115 1764 4179 iacultate
1790 4123 1821 4178 et
1848 4117 2041 4193 auctoritate,

1300 4209 1426 4273 iudicari
1448 4217 1478 4272 et
1501 4209 1625 4272 deliniri
1655 4210 1778 4286 dehere,
1806 4227 1839 4273 ac
1864 4209 1989 4273 irritum
2012 4218 2043 4273 et

1299 4305 1392 4365 inane
1407 4303 1555 4382 quidquid
1570 4319 1657 4366 secus
1671 4319 1764 4383 super
1778 4305 1826 4366 his
1842 4321 1857 4365 a
1873 4320 2041 4384 quoquam,

1298 4392 1407 4471 quavis
1428 4395 1622 4468 auctoritate,
1638 4396 1772 4457 scienter
1794 4394 1844 4456 vel
1862 4395 2043 4473 ignoranter
2111 4383 2116 4394 ’

1297 4487 1463 4564 contigerit
1483 4487 1639 4550 attentari.

1338 4581 1356 4655 §
1380 4579 1408 4641 9.
1434 4579 1503 4642 Non
1532 4581 1723 4643 obstantibus
1746 4581 1930 4661 apostolicis,
1953 4601 1986 4647 ac
2007 4583 2039 4646 iu
2080 4596 2275 4646 conrmrttsae

1299 4674 1527 4737 universalibus
1558 4674 1864 4754 provincialibusque
1894 4685 1925 4739 et
1950 4693 2041 4756 syno·
2060 4653 2139 4708 '⁰⁸⁸⁸'

1298 4769 1416 4832 datibus
1434 4767 1574 4832 conciliis
1587 4767 1678 4830 editis
1696 4769 1891 4845 generalibus
1910 4771 1959 4833 vel
1974 4787 2042 4850 spe-

1298 4863 1424 4928 cialibus
1445 4863 1719 4927 constitutionibus
1734 4871 1766 4926 et
1782 4865 2040 4940 ordinationibus,

1298 4973 1439 5020 necnon
1463 4957 1614 5036 praelatae
1639 4958 1889 5035 congregationis
1916 4959 2043 5021 canoni-

1297 5067 1404 5114 corum
1427 5052 1457 5116 S.
1478 5051 1584 5114 Crucis
1599 5069 1633 5113 ac
1648 5051 1860 5114 universitatis
1880 5053 1974 5115 studii
1990 5067 2041 5130 ge·

1298 5145 1411 5208 neralis
1443 5143 1692 5220 Cralimbriensis,
1725 5144 1817 5206 etiam
1843 5144 2040 5222 iuramento,

1296 5237 1532 5301 confirmatione
1553 5238 1716 5316 apostolica
1739 5237 1789 5300 vel
1810 5239 1920 5316 quavis
1945 5240 2042 5300 tirmi-

1299 5338 1358 5392 tate
1374 5330 1431 5392 alia
1453 5331 1614 5406 roboratis,
1629 5331 1752 5393 statutis
1766 5339 1797 5393 et
1809 5332 2041 5395 consuetudini-

1297 5425 1365 5500 bus,
1389 5425 1561 5503 privilegiis
1576 5441 1710 5504 quoque,
1727 5424 1857 5488 indultis
1878 5434 1909 5489 et
1929 5426 2040 5489 litteris

1296 5516 1479 5595 apostolicis
1502 5526 1533 5580 et
1554 5518 1801 5597 quibuscumque
1822 5518 1889 5581 aliis
1911 5521 2041 5584 decretis
2102 5597 2105 5601 ψ

1296 5612 1464 5687 ingerere
1487 5611 1536 5672 vel
1558 5613 1590 5673 in
1612 5611 1723 5690 specie,
1746 5620 1800 5673 aut
1819 5611 1892 5674 alias
1913 5613 1946 5676 in
1968 5630 2041 5676 con-

1296 5707 1428 5769 trarium
1450 5705 1690 5784 praemissorum
1716 5705 1949 5782 quomodolibet
1969 5722 2041 5769 con-

1295 5801 1398 5875 cessis,
1415 5798 1607 5861 confirmatis
1628 5805 1658 5860 et
1681 5797 1847 5860 innovatis.
1871 5798 1987 5872 Quibus
2008 5817 2039 5862 o·

1296 5893 1421 5958 mnibus
1443 5902 1473 5955 et
1495 5891 1626 5969 singulis
1646 5891 1764 5954 etiamsi
1786 5889 1824 5953 de
1839 5891 1900 5954 illis
1917 5908 2039 5956 eorum-
