4856 7010
349 541 404 603 An.
418 545 448 600 C.
469 542 538 600 1829
588 541 646 610 tlt

607 683 661 746 liic
681 698 772 761 porro
794 686 832 749 de
853 686 908 750 alia
923 703 961 750 ex
975 687 1102 751 occultis
1123 686 1310 750 hiscesocie·

568 779 681 842 tatibus
702 779 782 843 haud
804 781 845 843 ita
859 781 976 861 pridem
992 782 1160 844 constituta
1177 780 1311 845 scrihere

568 871 603 934 ad
626 886 680 933 uos
700 874 1076 952 speciatimdecrevimus,
1091 889 1170 955 quae
1189 876 1225 938 ad
1241 876 1311 938 ado-

567 963 753 1027 lescentlum
774 966 893 1030 animos
919 969 1162 1047 corrumpendos
1185 966 1309 1040 coaluit,

568 1057 676 1136 quiin
706 1061 874 1140 gymnasiis
901 1081 934 1127 ao
965 1063 1058 1143 lyceis
1088 1064 1309 1126 instituuntur.

569 1154 681 1216 Pravos
703 1164 745 1231 et,
769 1157 821 1236 qui
842 1157 1005 1236 discipulos
1026 1158 1059 1220 in
1081 1157 1144 1220 vias
1167 1158 1237 1220 Baal
1260 1159 1311 1221 de-

568 1247 683 1311 ducant
697 1263 753 1327 per
766 1251 930 1327 doctrinas,
940 1253 1200 1331 quaesecuudum
1212 1253 1311 1315 Deum

569 1356 633 1405 non
644 1351 730 1418 sunt,
738 1345 900 1422 magistros
910 1347 1046 1422 adscisci,
1059 1347 1219 1426 praecipua
1232 1345 1312 1422 ipso-

568 1450 641 1498 rum
661 1453 695 1499 ac
715 1439 900 1501 ueteratorie
914 1440 1030 1503 curatio
1052 1448 1109 1516 est,
1130 1456 1202 1503 cum
1217 1440 1312 1518 probe

569 1537 708 1604 noscant,
737 1545 775 1594 ex
804 1533 967 1595 doctorum
997 1535 1163 1614 praeceptis
1190 1543 1312 1596 mentes

568 1637 732 1702 moresque
746 1624 922 1688 auditorum
938 1627 1054 1704 effingi.
1077 1629 1144 1705 Quo
1165 1631 1209 1705 lit,
1227 1635 1262 1689 ut
1276 1642 1312 1689 eo

569 1717 629 1778 iam
652 1715 762 1780 talium
791 1719 1033 1786 adolescentium
1064 1723 1222 1787 licentiam
1243 1738 1312 1800 per·

569 1812 682 1875 vasisse
711 1813 961 1891 ingemiscamus,
984 1824 1019 1878 ut
1040 1817 1200 1894 religionis
1227 1823 1311 1882 metu

570 1905 717 1984 proiecto,
740 1913 839 1970 amota
861 1908 1020 1988 disciplina
1042 1925 1178 1987 morum,
1202 1912 1312 1975 doctri·

569 2012 627 2060 nae
648 1999 783 2077 purioris
802 2002 961 2065 sanctitate
982 2013 1169 2084 oppugnata,
1193 2005 1312 2069 iuribus

569 2109 671 2156 sacrae
691 2101 721 2155 et
742 2093 840 2156 ciuilis
863 2097 1020 2174 potestatis
1033 2099 1230 2175 conculcatis,
1244 2099 1313 2160 nul-

571 2186 630 2248 llus
651 2203 701 2250 eos
723 2202 825 2266 neque
845 2190 964 2266 ssagltll,
987 2207 1089 2271 neque
1110 2193 1235 2271 erroris,
1259 2211 1312 2258 ue·

569 2294 631 2357 que
652 2297 743 2343 ausus
764 2284 886 2361 pudeat,
909 2285 988 2360 apud
1010 2301 1087 2363 quos
1109 2302 1183 2348 vere
1211 2289 1313 2351 dicere

569 2389 731 2451 possumus
758 2392 830 2438 cum
856 2377 959 2440 Leone
987 2395 1099 2457 magno
1120 2379 1166 2461 (l)
1197 2383 1247 2445 lex
1268 2391 1313 2445 est

569 2467 777 2545 mendacium,
806 2469 944 2534 diabolus
973 2473 1098 2551 religio,
1128 2477 1333 2540 sacrificium*

570 2561 740 2640 turpitudo.
772 2563 851 2628 llaec
873 2581 926 2628 vos
953 2567 1031 2630 mala
1052 2586 1069 2630 a
1091 2573 1202 2634 restris
1231 2573 1314 2636 dioe-

569 2655 688 2717 cesibus
716 2658 889 2736 propellite,
911 2659 1033 2736 iratres,
1056 2670 1169 2742 etqua
1193 2665 1312 2742 valetis,

568 2751 749 2812 auctoritate
764 2759 795 2814 et
809 2753 906 2830 gratia
920 2758 1110 2833 contendite,
1126 2767 1161 2822 ut
1175 2759 1235 2821 viri
1250 2775 1313 2824 uon

569 2841 730 2906 literarum
741 2845 867 2908 scientia
879 2849 1048 2924 dumtaxat,
1060 2851 1112 2913 sed
1128 2853 1209 2916 ritae
1221 2856 1313 2918 etlam

569 2955 603 3000 ac
622 2937 744 3016 pietatis
771 2943 1041 3008 commendatione
1066 2948 1193 3024 spectati
1213 2957 1314 3012 rectae

570 3030 722 3095 iuvenum
742 3034 933 3098 institutioni
955 3040 1183 3117 praeficiantur.

609 3125 643 3188 ln
666 3127 696 3188 ld
717 3142 810 3206 porro
824 3130 1005 3208 impensiori
1019 3135 1150 3212 quadam
1163 3133 1313 3199 sollicitu-

569 3217 643 3280 dine
657 3221 829 3299 advlgiletis
845 3225 878 3287 ln
892 3225 1077 3303 seminariis,
1097 3242 1232 3306 quorum
1248 3247 1314 3292 om·

570 3313 618 3373 nls
639 3314 815 3390 procuratio
830 3317 916 3379 uobis
934 3319 1134 3396 peculiariter
1154 3330 1201 3384 est
1216 3340 1232 3384 a
1248 3323 1316 3388 Tri-

569 3406 705 3470 dentinis
727 3410 864 3486 patribus
879 3413 1031 3478 adtributa
1052 3413 1108 3496 (2).
1132 3418 1206 3481 inde
1227 3419 1313 3481 enim

570 3499 721 3566 educendi
742 3511 827 3580 sunt,
844 3505 896 3585 qui
917 3506 954 3568 ad
975 3508 1158 3571 christianae
1173 3522 1204 3573 et
1218 3512 1313 3575 eccle·

568 3595 705 3658 siasticae
732 3596 911 3678 disciplinae
936 3602 1069 3678 cultum,
1092 3610 1184 3683 atque
1212 3607 1248 3667 ad
1269 3623 1314 3668 sa-

570 3691 666 3752 nioris
686 3689 844 3755 doctrinae
865 3693 1014 3773 principia
1036 3697 1176 3776 apprime
1199 3699 1313 3764 instru-

569 3785 621 3860 cti,
643 3801 712 3848 eam
727 3785 759 3848 in
775 3786 886 3852 divinis
901 3787 1008 3851 oiliclls
1022 3789 1171 3854 obeundis
1193 3792 1315 3872 religio·

570 3893 654 3953 nem,
667 3894 734 3940 eam
750 3879 783 3942 in
795 3879 914 3960 populis
925 3881 1126 3946 instituendis
1140 3883 1312 3962 scientiam,

570 3985 638 4032 eam
659 3971 692 4032 iu
713 3972 776 4033 suis
798 3973 936 4036 moribus
958 3975 1140 4052 gravitatem
1165 3978 1314 4056 praeseie-

570 4070 652 4139 rant,
669 4073 702 4128 ut
724 4065 835 4128 abillis
850 4068 954 4144 etiam,
971 4069 1025 4148 qul
1040 4069 1114 4131 ioris
1129 4079 1214 4147 suut,
1231 4088 1314 4134 com·

571 4156 736 4220 meudetur
766 4158 915 4223 traditum
943 4160 1052 4223 lisdem
1083 4163 1312 4242 ministerium,

570 4252 690 4331 ipsique
719 4253 836 4330 possint
865 4253 960 4315 verbo
986 4254 1112 4318 uirtutis
1133 4241 1185 4319 eos
1212 4259 1315 4320 redar-

571 4359 679 4422 guere,
708 4345 762 4424 qui
783 4347 820 4408 ab
843 4346 979 4409 iustitiae
1009 4349 1128 4412 semitis
1156 4348 1311 4414 recedant.

571 4436 634 4499 Hoc
653 4453 727 4500 sane
742 4454 757 4498 a
773 4445 874 4500 restra
895 4439 927 4500 in
942 4439 1060 4503 bonum
1076 4441 1226 4503 Ecclesiae
1242 4460 1314 4506 cou-

572 4529 713 4591 tentione
743 4531 948 4609 exquirimus,
972 4541 1006 4594 ut
1027 4532 1059 4594 in
1085 4533 1121 4596 ils
1149 4535 1312 4613 eligendis,

570 4622 684 4700 qulbus
708 4639 780 4686 cura
807 4623 984 4687 animarum
1011 4627 1233 4691 committenda
1254 4638 1312 4706 est,

571 4717 710 4778 studium
730 4733 824 4779 omne
846 4717 1019 4794 collocetis,
1042 4737 1114 4783 cum
1136 4737 1175 4782 ex
1196 4723 1314 4800 optimo

571 4810 776 4888 parochorum
796 4812 917 4875 deiectu
935 4813 1016 4875 satus
1038 4815 1143 4894 populi
1158 4814 1191 4876 ln
1207 4816 1315 4893 primis

571 4905 714 4981 pendeat,
737 4905 878 4984 nihilque
901 4906 998 4983 magis
1012 4907 1045 4967 in
1061 4908 1237 4970 animarum
1253 4909 1316 4970 rui·

572 5011 644 5058 uam
666 4998 835 5074 contln‘gat,
858 5015 952 5077 quam
972 5000 1009 5061 ab
1030 5000 1067 5060 iis
1089 5000 1168 5076 regi,
1190 5001 1244 5080 qui
1261 5017 1315 5064 sua

571 5100 738 5169 quaerunt,
761 5107 825 5152 non
847 5109 926 5170 quae
950 5093 1018 5156 lesu
1040 5093 1166 5170 Christi,
1189 5094 1240 5156 vel
1261 5096 1315 5173 qui

571 5193 687 5246 rectam
701 5183 862 5246 scientiam
877 5199 988 5263 parum
1006 5187 1105 5250 edocti
1119 5189 1206 5250 omni
1221 5195 1316 5250 rento

571 5276 851 5352 circumieruntur‚
874 5294 931 5340 nec
959 5293 1089 5357 gregem
1109 5280 1146 5343 ad
1172 5280 1315 5344 salutaria

571 5385 693 5448 pascua,
715 5385 793 5449 quae
813 5369 870 5448 lpsl
891 5371 942 5433 rel
962 5372 1117 5450 ignorant,
1141 5373 1191 5434 vel
1212 5381 1316 5436 conte·

573 5473 700 5539 muum,
721 5463 883 5528 deducant.

613 5749 643 5807 (1)
658 5753 687 5794 ln
701 5761 778 5795 serm.
794 5750 852 5796 lude
866 5749 946 5798 lelun.
962 5762 987 5796 x.
1004 5750 1102 5796 mensis
1118 5761 1173 5808 cap.
1188 5756 1208 5796 ι.

614 5817 644 5871 (2)
660 5821 726 5862 sess.
740 5819 774 5872 its,
788 5828 843 5874 cap.
860 5822 885 5864 18
898 5818 930 5863 de
943 5817 1077 5864 reformet.

615 5885 644 5938 (3)
659 5885 673 5926 3
686 5885 807 5940 Tymoth.
821 5887 842 5942 2,
857 5887 889 5931 tr.

1089 565 1153 615 ttlh.
1177 568 1268 614 ΡΟΝΤ.
1292 565 1333 614 bit
1350 567 1382 612 P·
1407 567 1435 614 F·
1460 567 1541 613 PARS
1563 566 1584 612 l.

1406 686 1485 751 Cum
1500 701 1574 748 uero
1589 685 1621 748 in
1636 685 1826 749 immensum
1843 689 2038 747 succrescant
2052 695 2111 743 uu·

1366 779 1608 858 dequaquelibri
1623 778 1880 860 pestilentissimi,
1893 791 1948 855 per
1962 791 2038 854 quos
2055 773 2111 835 im·

1366 872 1489 951 plorum
1509 889 1612 936 sermo
1632 873 1729 953 serpit
1750 880 1785 936 ut
1805 887 1915 934 cancer
1934 867 2112 948 incorpore

1367 965 1517 1030 Ecclesiae
1539 967 1686 1030 uniuerso
1706 966 1763 1049 (3),
1779 966 1930 1028 attendite
1950 963 2051 1041 gregi,
2066 971 2111 1024 at-

1366 1071 1427 1140 que
1439 1060 1471 1122 in
1482 1060 1649 1124 avertenda
1659 1060 1837 1123 huiusmodi
1849 1059 2002 1122 librorum
2013 1065 2109 1136 peste,

1367 1169 1425 1232 qua
1446 1152 1530 1216 nulia
1552 1154 1711 1231 capitalior
1733 1163 1790 1225 est,
1812 1152 1893 1216 nulli
1917 1152 2045 1229 parcatis
2065 1151 2110 1212 la-

1366 1248 1443 1324 horl,
1456 1249 1694 1327 commissasque
1716 1249 1802 1310 robis
1823 1247 1939 1311 Christi
1954 1261 2026 1308 ores
2042 1260 2112 1306 rer-

1367 1341 1412 1403 bls
1433 1343 1478 1406 Pii
1501 1342 1564 1407 Vll.
1588 1343 1754 1407 decessoris
1778 1359 1811 1405 ac
1832 1340 2034 1405 benefactoris
2056 1355 2111 1400 uo-

1366 1439 1423 1499 stri
1440 1437 1624 1500 sanctissimi
1639 1442 1833 1500 commonete
1848 1434 1906 1515 (l),
1923 1439 1957 1496 ut
1968 1433 1998 1496 ld
2009 1433 2112 1496 solum

1366 1528 1469 1608 pabuli
1492 1545 1590 1607 genus
1614 1530 1748 1593 salutare
1768 1529 1825 1591 sibi
1849 1531 1974 1604 ducant,
1996 1527 2027 1588 id
2048 1541 2112 1587 am·

1367 1623 1552 1706 plectantur,
1569 1641 1651 1688 cose
1673 1624 1844 1702 alantque
1866 1623 1949 1686 Petri
1970 1621 2035 1683 illas
2050 1636 2113 1682 vox

1368 1726 1398 1780 et
1424 1719 1588 1781 auctoritas
1616 1717 1795 1780 immiserit:
1826 1716 1910 1778 unde
1937 1730 2011 1776 reru
2036 1714 2112 1776 haec

1367 1821 1474 1876 avocet
1503 1829 1537 1876 ac
1564 1813 1729 1887 deterreat,
1756 1812 1785 1874 id
1813 1810 1946 1872 noxium
1968 1808 2058 1886 plane
2079 1821 2113 1868 ac

1368 1906 1549 1986 pestilerum
1576 1905 1766 1981 existiment,
1789 1904 1826 1967 ab
1847 1921 1883 1966 eo
1904 1900 2112 1964 vehementis·

1367 2000 1444 2061 sime
1467 1999 1663 2074 abhorreant,
1680 2013 1782 2078 neque
1804 1996 1865 2062 ulla
1879 2011 1912 2057 se
1926 1995 2032 2057 sinant
2046 1994 2113 2073 capi

1367 2093 1478 2172 specie,
1501 2093 1702 2171 pervertique
1722 2091 1876 2154 illecebra.

1408 2188 1447 2249 ht
1468 2203 1522 2266 pro
1539 2196 1726 2266 temporum,
1739 2201 1816 2266 quae
1833 2185 1915 2247 nacti
1929 2198 2049 2260 sumus,
2065 2199 2112 2244 ra-

1369 2280 1455 2342 tione
1475 2279 1506 2342 id
1530 2280 1655 2358 insuper
1676 2295 1769 2359 quam
1795 2279 1929 2341 maxime
1951 2287 2054 2340 restro
2075 2277 2112 2339 de

1368 2374 1545 2437 animarum
1574 2373 1673 2435 salute
1700 2373 1802 2436 studio
1829 2372 2112 2436 commendandum

1369 2469 1522 2544 ducimus,
1546 2476 1580 2530 ut
1601 2467 1751 2529 nimirum
1773 2468 1811 2529 de
1831 2467 2024 2529 matrimonii
2044 2481 2113 2528 san-

1368 2562 1471 2624 ctitate
1486 2559 1609 2623 solliciti
1624 2574 1692 2622 eam
1706 2575 1779 2637 erga
1794 2561 1895 2639 ipsum
1907 2559 1996 2636 gregi
2009 2567 2113 2621 vestro

1370 2653 1513 2716 inliciatis
1535 2653 1732 2731 religionem,
1755 2661 1789 2716 ut
1810 2653 1889 2715 nihll
1912 2653 2016 2732 plane,
2032 2655 2113 2731 quod

1369 2747 1475 2824 magni
1497 2747 1590 2810 huius
1603 2746 1786 2809 sacramenti
1801 2746 1946 2822 dignitati
1961 2745 2112 2820 detrahat,

1370 2840 1449 2903 nihil
1470 2839 1550 2919 quod
1567 2839 1798 2903 immaculatum
1814 2839 1942 2901 thorum
1957 2840 2112 2914 dedeceat,

1370 2934 1449 2996 nihil
1470 2936 1598 2997 demum
1626 2935 1705 3014 quod
1727 2933 1766 2996 de
1793 2942 1943 3013 perpetuo
1965 2933 2113 2996 connubii

1370 3027 1496 3092 viuculo
1526 3027 1656 3090 dublum
1684 3027 1807 3104 inierat,
1833 3027 1946 3105 patrari
1976 3043 2114 3110 uuquam

1369 3124 1545 3202 contingat:
1570 3123 1599 3184 id
1621 3139 1712 3204 porro
1734 3125 1787 3186 liet
1808 3123 1911 3199 unice,
1926 3128 1959 3184 ut
1975 3139 2038 3184 non
2056 3123 2114 3185 hu·

1371 3233 1458 3281 mana
1481 3224 1602 3281 tantum
1624 3232 1663 3278 ex
1684 3217 1764 3294 lege,
1785 3205 1838 3280 sed
1861 3233 1900 3278 ex
1920 3217 2024 3282 divina
2046 3216 2114 3294 regi

1370 3312 1471 3392 ipsum
1492 3312 1615 3388 debere,
1644 3328 1678 3373 ac
1699 3327 1763 3374 nou
1789 3311 1923 3374 terrenis
1949 3312 2001 3374 sed
2023 3311 2114 3372 sacris

1370 3405 1463 3469 rebus
1492 3405 1594 3484 ipsum
1624 3404 1849 3468 accensendum
1877 3421 1954 3481 esse,
1983 3403 2114 3482 ideoque

1372 3499 1522 3562 Ecclesiae
1537 3499 1666 3561 omnino
1680 3498 1800 3574 subiici,
1815 3499 2001 3561 christianus
2019 3514 2115 3577 popu·

1363 3592 1417 3658 ius
1438 3605 1579 3657 accurate
1593 3595 1766 3656 edoceatur.
1789 3591 1871 3667 Quae
1887 3593 2004 3654 etenim
2021 3591 2114 3652 mari-

1371 3691 1438 3755 talis
1460 3688 1638 3752 coniunctio
1666 3695 1754 3751 autea
1776 3687 1920 3750 nonullo
1945 3686 2111 3767 spectabat,

1370 3799 1461 3863 quam
1478 3789 1512 3846 ut
1526 3783 1655 3860 stirpem
1670 3797 1709 3844 ex
1722 3796 1755 3843 se
1767 3783 1924 3858 gigneret,
1936 3781 1969 3843 ln
1984 3794 2114 3842 aerum-

1370 3890 1431 3957 que
1451 3874 1615 3956 proierret,
1638 3891 1672 3935 ea
1694 3890 1779 3938 nunc
1799 3892 1816 3936 a
1837 3875 1960 3938 Christo
1982 3875 2114 3938 Domino

1368 3967 1553 4032 sacramenti
1580 3967 1731 4044 dignitate
1751 3975 1850 4044 aucta,
1872 3975 1902 4030 et
1930 3968 2115 4031 coelestibus

1369 4064 1461 4126 ditata
1484 4062 1677 4137 muneribus,
1701 4063 1795 4139 gralia
1816 4062 1997 4140 perficiente
2024 4070 2114 4125 uatu-

1370 4173 1454 4234 ram,
1481 4172 1546 4219 non
1568 4163 1629 4218 tam
1661 4171 1823 4233 procreare
1850 4171 1889 4217 ex
1916 4170 1949 4216 se
1976 4155 2114 4218 sobolem

2141 544 2198 603 An.
2213 549 2246 602 C.
2266 549 2333 604 1829

1370 4253 1493 4328 gaudet,
1509 4265 1602 4328 quam
1618 4247 1746 4311 educare
1767 4248 1852 4310 illam
1867 4249 1929 4312 beo
1945 4255 1975 4310 et
1989 4249 2114 4312 divinae
2209 4317 2214 4326 ,

1370 4343 1525 4420 religioni,
1548 4349 1641 4420 atque
1662 4342 1703 4402 ita
1724 4341 1792 4402 veri
1816 4343 1957 4404 numinis
1978 4343 2115 4405 cultores

1370 4451 1538 4516 propagare
1558 4434 1719 4497 adnititur.
1743 4435 1870 4498 Constat
1889 4436 1987 4512 enim,
2009 4437 2116 4498 matri·

1369 4531 1467 4593 monii
1489 4530 1545 4592 hac
1567 4529 1799 4602 coniunctione,
1815 4528 1993 4592 cuiusDeus
2007 4536 2116 4592 auctor

1370 4632 1427 4699 est,
1449 4630 1629 4701 perpetuam
1644 4639 1676 4684 ac
1690 4637 1846 4685 summam
1861 4620 1975 4684 Christi
1990 4621 2116 4684 Domini

1369 4735 1441 4782 curn
1464 4717 1595 4780 Ecclesia
1616 4715 1869 4780 coniunctionem
1889 4713 2068 4792 significari,
2081 4721 2114 4776 et

1370 4811 1571 4875 arctissimam
1587 4810 1665 4872 hanc
1679 4809 1738 4870 viri
1753 4809 1922 4886 uxorisque
1936 4809 2114 4870 societatem

1369 4911 1597 4969 sacramentum
1629 4917 1705 4977 esse,
1732 4901 1810 4964 idest
1839 4917 1962 4964 sacrum
1988 4901 2114 4978 signum

1370 4999 1554 5062 immortalis
1576 4997 1689 5059 amoris
1704 4997 1818 5060 Christi
1832 5013 1905 5074 erga
1920 5013 2007 5060 suam
2023 5013 2113 5077 spon-

1370 5097 1446 5156 sam.
1469 5094 1513 5154 lta
1526 5107 1602 5170 ergo
1617 5091 1744 5170 populos
1762 5093 1874 5154 instrui
1896 5091 1941 5173 (5)
1963 5108 2040 5170 opus
2054 5098 2112 5170 est,

1371 5196 1402 5248 et
1430 5201 1506 5263 quae
1531 5185 1685 5249 Ecclesiae
1705 5183 1821 5262 regulis
1848 5185 2114 5264 conciliorumque

1371 5279 1503 5342 decretis
1530 5279 1662 5356 sancita,
1693 5295 1834 5357 quaeque
1860 5281 2002 5341 damnata
2027 5287 2112 5356 sunt,

1371 5373 1517 5452 explicari
1527 5371 1648 5447 iisdem,
1665 5377 1788 5451 atquae
1803 5373 1838 5434 ad
1854 5371 1918 5433 vim
1932 5372 2115 5434 sacramenti

1371 5467 1540 5546 pertinent,
1563 5482 1598 5527 ea
1620 5467 1792 5546 perficiant,
1808 5482 1865 5529 nec
1886 5482 1964 5545 quae
1982 5467 2115 5531 Ecclesia

1412 5753 1442 5808 (ι)
1457 5755 1485 5796 ln
1500 5751 1552 5796 litt.
1568 5747 1707 5806 encyclicis
1721 5747 1754 5794 ad
1769 5747 1906 5794 uniuersos
1920 5747 2060 5805 episcopos
2074 5750 2117 5796 dn·

1371 5819 1406 5865 tis
1420 5818 1542 5864 venetiis.

1411 5887 1441 5942 (5)
1459 5889 1573 5943 tegatur
1585 5883 1737 5932 catechism.
1750 5886 1824 5932 Rom.
1836 5882 1870 5928 ad
1883 5883 2012 5944 parochos
2021 5883 2053 5933 de
2064 5895 2117 5936 ma·

1371 5953 1444 6000 trim.
