4740 6962
312 523 366 591 Aa.
380 535 411 590 d.
433 530 502 590 mli
552 525 611 599 244

532 671 717 734 monialibus
747 669 902 734 dictorum
928 670 1188 734 monasteriorum
1210 683 1280 747 per·

533 765 615 828 mitti
636 763 724 827 liceat
744 782 761 826 a
783 763 903 828 Vinaria
934 763 1131 826 Patriarcbali
1151 771 1205 825 aut
1226 762 1279 826 Or·

531 857 638 922 dinem
659 859 874 920 Antonianum
895 857 1038 937 amplecti
1060 857 1091 918 in
1115 872 1214 936 eoque
1231 873 1281 919 re·

532 952 672 1030 ligiusaur
688 950 909 1030 professionem
925 952 1042 1013 iterum
1057 949 1214 1024 emittere,
1226 957 1280 1012 aut

532 1044 567 1106 ad
587 1045 741 1124 propriam
757 1044 885 1108 domum
901 1044 986 1106 abire
1000 1060 1071 1107 cum
1086 1043 1279 1106 absolutione

532 1154 548 1198 a
568 1137 650 1200 rotis
670 1138 864 1201 obedientiae
885 1143 915 1200 et
930 1137 1129 1216 paupertatis,
1147 1153 1210 1200 non
1227 1153 1279 1200 au·

533 1239 598 1294 tem
618 1232 775 1307 castitatis,
799 1231 858 1294 nisi
880 1232 906 1293 si
928 1232 997 1310 quis
1019 1231 1107 1294 iustis
1129 1247 1167 1292 ex
1181 1231 1279 1294 causis

532 1328 625 1389 etiam
656 1341 750 1405 super
781 1324 960 1387 huiusmodi
988 1332 1060 1387 voto
1081 1323 1279 1402 dispensatio·

532 1436 606 1484 nem
626 1437 642 1482 a
657 1419 797 1496 legitima
811 1424 961 1497 potestate
975 1417 1157 1480 obtinuerit.
1176 1417 1278 1481 Simili

531 1529 657 1594 prorsus
678 1512 770 1576 modo
793 1511 902 1574 eadem
923 1510 955 1575 S.
980 1511 1186 1588 congregatio
1207 1526 1279 1574 cen·

531 1607 595 1670 suit
616 1612 648 1668 et
669 1606 818 1680 decrevit,
846 1605 1027 1668 abolendam
1053 1605 1146 1666 etiam
1175 1611 1206 1666 el
1229 1620 1280 1682 pe·

532 1701 618 1764 nitus
639 1700 894 1780 supprimendam
915 1713 992 1774 esse,
1015 1705 1108 1776 prout
1129 1696 1230 1758 abolet
1247 1702 1279 1758 et

532 1793 711 1873 supprimit,
738 1799 885 1854 assertam
915 1790 1202 1854 confraternitatem
1222 1790 1280 1852 sub

533 1887 613 1949 dicto
634 1887 762 1948 nomine
784 1884 873 1949 SSriri
895 1885 1002 1947 (lerdis
1022 1885 1090 1947 lesu
1111 1901 1127 1944 a
1147 1882 1280 1963 praefati

533 1981 633 2044 Endie
653 1989 799 2054 erectam,
815 1986 845 2040 et
860 1995 916 2058 per
932 1986 1033 2042 totum
1047 1979 1211 2053 Libanum,
1224 1976 1279 2056 sp-

534 2075 622 2148 riam,
645 2073 782 2152 aliasque
802 2071 975 2151 provincias
989 2072 1126 2134 studiose
1140 2070 1278 2134 dissemi-

534 2176 649 2242 natam,
671 2167 810 2228 districtc
836 2163 1005 2227 inhibendo
1033 2164 1068 2226 R.
1093 2165 1124 2226 P.
1148 2165 1183 2226 Ι).
1207 2164 1280 2227 Ger·

534 2279 626 2325 mano
647 2260 722 2323 Diab
743 2259 901 2337 Episcopo,
925 2273 965 2320 ne
987 2258 1034 2319 ius
1056 2258 1157 2320 ullum
1180 2259 1211 2320 in
1227 2273 1279 2336 po

533 2365 651 2417 slerum
673 2360 726 2415 aut
744 2351 993 2430 superioritatem
1008 2359 1061 2412 aut
1075 2351 1279 2414 directionem

534 2448 565 2511 in
586 2461 731 2526 personas
761 2446 864 2507 eidem
894 2444 1138 2506 confraternitati
1168 2442 1280 2507 adscri-

533 2549 599 2622 ptas
620 2555 765 2603 exercere
785 2538 904 2601 audeat.

573 2633 681 2711 fosepb
702 2633 810 2700 Μανία
833 2631 929 2696 Carti.
949 2631 1128 2695 Castellum
1151 2633 1280 2713 Praes-

497 2811 499 2814 ·
535 2736 607 2791 ctus
629 2760 646 2774 -
668 2729 749 2791 Loco
764 2726 892 2804 »lisigni
913 2759 933 2771 -
955 2725 1138 2804 Stepltoncs
1161 2727 1279 2807 Βαναία

535 2823 749 2886 Secrclnrt'ca.
1162 2817 1166 2822 ’

764 3009 977 3074 DECRETUM
1000 3009 1049 3073 lli.

555 3221 582 3264 S.
606 3219 721 3266 condit.
745 3215 983 3264 Pnnrlcduanfs
1008 3215 1049 3260 bc
1070 3213 1261 3262 undecimum

595 3313 739 3359 HABITAE
761 3311 814 3357 blm
833 3309 907 3355 XXV·
926 3309 1005 3366 tullii
1021 3308 1219 3356 mccccxxlx.

574 3485 613 3548 S.
629 3485 744 3560 congr.
762 3481 953 3560 particularis
970 3482 1007 3543 de
1025 3479 1219 3559 Propagandi
1232 3479 1282 3543 Ei·

533 3578 571 3640 de
591 3595 606 3638 a
628 3575 681 3642 SS.
706 3578 740 3639 Ι).
765 3575 803 3638 N.
828 3575 880 3636 Pio
900 3574 956 3636 ΡΡ.
981 3572 1033 3636 lif.
1062 3590 1156 3652 super
1186 3573 1281 3636 rebus

533 3671 665 3734 nationis
687 3668 909 3731 Maronitarum
935 3666 1109 3746 specialiter
1136 3665 1279 3745 deputata

533 3765 568 3826 ad
591 3763 774 3826 relationem
804 3760 873 3822 Enixi
895 3766 926 3822 et
955 3759 1025 3822 liciti
1053 3759 1087 3820 1).
1110 3759 1280 3822 Cardinalis

533 3856 641 3918 Bescbi
663 3854 809 3916 Ponentis
825 3853 1022 3930 gravissimas
1037 3853 1075 3914 eb
1089 3869 1193 3914 causas
1208 3869 1278 3914 ceu·

532 3949 595 4010 suit
621 3956 653 4010 et
681 3946 836 4020 decrevit,
862 3944 1073 4008 mandandum
1103 3960 1170 4006 esse
1201 3944 1280 4006 lirim

533 4043 564 4104 P.
589 4043 624 4103 Ι).
640 4040 832 4103 Patriarcnae
846 4037 1069 4100 Maronitarum
1085 4039 1212 4116 ioseplm
1226 4039 1282 4101 Pe-

534 4143 582 4198 tro
603 4137 641 4198 de
662 4132 837 4211 Stephanis,
860 4137 895 4193 ut
916 4132 1018 4192 statim
1036 4130 1156 4192 accedat
1171 4131 1206 4193 ad
1223 4131 1279 4194 Ur-

532 4229 604 4291 bem
626 4229 661 4288 ad
684 4225 870 4288 reddendam
891 4224 1043 4285 rationem
1065 4223 1103 4285 de
1118 4225 1280 4287 nonnullis

532 4323 596 4384 suis
617 4320 710 4398 gestis
740 4319 799 4380 sub
826 4318 923 4396 poeni
951 4318 1280 4381 excommunicationis

533 4415 611 4477 fatae
641 4413 814 4475 sententiae
836 4411 866 4473 in
889 4427 960 4474 casu
992 4425 1108 4486 morae,
1130 4411 1280 4490 omnique
1300 4437 1303 4442 ·

533 4524 659 4586 prorsus
679 4505 884 4584 appellatione
906 4505 1035 4580 remoti,
1057 4512 1089 4566 et
1110 4521 1126 4564 a
1144 4505 1194 4568 die
1208 4505 1280 4566 inti·

534 4601 677 4663 matianis
697 4599 867 4678 praesentis
891 4597 1007 4660 decreti
1027 4596 1281 4675 suspendendum

533 4711 611 4768 esse,
634 4700 727 4772 prout
746 4691 785 4754 de
800 4690 878 4754 iacto
891 4689 1063 4770 suspendit,
1081 4691 1118 4753 ab
1132 4692 1219 4752 omni
1235 4691 1281 4753 iu-

533 4787 714 4850 risdictione
744 4784 938 4864 patriarchali
960 4791 991 4846 et
1012 4784 1173 4864 episcopali
1202 4786 1281 4848 arbi·

533 4882 594 4944 trio
616 4881 697 4942 Suae
717 4877 906 4954 Sanctitatis,
929 4885 1054 4940 retento
1069 4878 1218 4940 exercitio
1232 4895 1280 4940 or·

532 4973 615 5036 dinis
636 4970 855 5052 presbyteralis
886 4976 1022 5034 tantum:
1053 4987 1132 5050 quaa
1152 4986 1281 5050 suspen·

532 5065 590 5142 sio,
613 5073 648 5130 ut
672 5081 775 5143 supra,
808 5065 874 5125 vim
906 5063 1014 5125 babeat
1046 5064 1167 5126 etiamsi
1198 5065 1281 5127 idem

533 5163 568 5222 Ι).
593 5159 766 5221 Patriarcha
797 5164 849 5220 aut
879 5157 989 5219 morbo
1019 5165 1072 5219 aut
1096 5158 1199 5238 aliquo
1221 5158 1280 5220 alio

533 5255 625 5315 modo
656 5252 824 5332 impeditus
854 5249 999 5313 accedere
1029 5265 1093 5312 non
1121 5257 1222 5330 posset
1244 5253 1280 5313 ad

425 5409 426 5412 ,
533 5347 659 5410 Urbem.
682 5345 825 5420 interim,
841 5360 882 5406 ne
904 5343 1095 5406 benemerita
1120 5344 1175 5406 ista
1198 5345 1281 5406 natio

532 5439 656 5502 Pastore
688 5439 886 5512 destituatur,
919 5436 950 5499 S.
975 5436 1182 5514 congregatio
1210 5454 1280 5500 cen·

533 5532 607 5608 suit,
630 5533 843 5611 deputandum
865 5545 930 5592 esse
952 5530 984 5592 in
1007 5527 1166 5593 vicarium
1186 5531 1282 5593 Patri·

532 5625 697 5701 amitalem,
721 5641 793 5687 cum
817 5623 901 5685 totali
933 5622 1173 5700 independentia
1194 5640 1210 5683 a
1230 5641 1281 5686 su-

534 5719 669 5797 pradicto
691 5719 725 5780 Ι).
745 5717 929 5793 Patriarclrd,
946 5716 981 5779 fl.
999 5717 1032 5778 P.
1051 5718 1084 5778 Ι).
1102 5715 1280 5778 Michaelem

533 5809 693 5872 Gazenum
721 5810 905 5889 Episcopum
931 5809 1108 5884 Caesareae,
1134 5809 1187 5888 qui
1212 5810 1283 5871 uni·

534 5919 655 5970 versam
670 5904 868 5967 christianam
885 5903 1107 5966 Maronitarum
1122 5902 1281 5965 nationem

1058 541 1122 596 filii.
1146 541 1237 596 bour.
1261 544 1301 596 flii
1323 547 1352 594 P.
1377 547 1407 595 7.
1432 547 1515 597 Pnlis
1537 546 1558 596 i.

1337 666 1369 728 in
1385 668 1596 747 spiritualibus
1608 667 1762 747 gubernet
1774 677 1805 732 et
1817 677 1985 747 regatcum
1997 669 2088 733 omni

1337 762 1549 826 iurisdictione
1562 765 1757 843 patriarchali
1772 763 2007 846 (Episcoporum
2023 764 2088 827 ele-

1336 855 1439 918 ctione
1454 863 1486 918 et
1500 857 1733 920 consecratione
1745 855 1897 937 excepti),
1914 865 1946 921 et
1960 873 2016 937 pro
2031 857 2088 920 sua

1336 951 1473 1027 congrua
1494 956 1633 1029 quartam
1650 958 1767 1029 partem
1783 951 1943 1014 redituum
1958 952 2088 1029 patriar·

1336 1044 1472 1106 chalium
1494 1043 1641 1105 obtineat.
1667 1043 1750 1106 Hanc
1771 1052 1876 1107 autem
1899 1044 2088 1108 iurisdictio-

1336 1153 1409 1200 nem
1432 1147 1463 1200 et
1485 1136 1693 1215 patriarchalis
1720 1138 1880 1216 potestatis
1900 1139 2088 1202 exercitium

1336 1247 1493 1294 assumere
1515 1230 1622 1294 debeat
1637 1231 1741 1294 statim
1756 1248 1791 1294 ac
1805 1231 1862 1310 ipsi
1878 1248 2021 1312 praesens
2035 1233 2088 1296 de-

1336 1334 1458 1388 cretum
1489 1324 1584 1387 fuerit
1617 1325 1807 1387 intimatum.
1831 1325 1989 1401 Quatenus
2010 1342 2086 1388 vero

1336 1417 1489 1498 praefatus
1520 1419 1553 1479 Ι).
1585 1418 1752 1498 Episcopus
1785 1418 1949 1482 Caesareae
1980 1420 2087 1482 buius-

1336 1511 1419 1585 modi
1441 1511 1675 1590 deputationem
1697 1527 1760 1575 non
1790 1519 1938 1590 acceptet,
1960 1513 2025 1575 sive
2047 1531 2085 1577 ex

1336 1621 1536 1684 quocumque
1557 1621 1627 1666 casu
1648 1611 1680 1666 et
1700 1611 1841 1684 tempore
1854 1604 2028 1668 formaliter
2042 1607 2088 1670 di·

1335 1702 1449 1775 mittat,
1473 1697 1504 1761 S.
1530 1697 1737 1776 congregatio
1759 1699 1828 1760 ruit
1843 1707 1874 1760 et
1889 1699 2035 1775 intendit,
2052 1709 2088 1765 ut

1337 1797 1368 1857 in
1391 1795 1458 1857 eius
1479 1794 1582 1856 locum
1602 1793 1703 1855 statim
1719 1794 1861 1856 succedat
1874 1792 1910 1854 ll.
1929 1794 1961 1856 P.
1979 1794 2013 1855 Ι).
2031 1796 2087 1859 Mi-

1336 1889 1423 1952 cbael
1444 1887 1535 1952 Fadel
1552 1887 1807 1967 Arcbiepiscopus
1822 1888 1999 1966 Barytensis
2013 1906 2086 1952 cum

1336 1983 1423 2045 omni
1436 1981 1648 2044 iurisdictione
1660 1981 1867 2060 patriarchali,
1878 1981 2087 2064 independen-

1337 2077 1378 2138 tilt
1400 2083 1431 2139 et
1452 2075 1674 2138 emolumentis
1703 2073 1876 2152 praedictis.
1907 2077 1960 2138 isti
1980 2085 2088 2140 autem

1337 2170 1458 2233 Vicario
1479 2168 1676 2230 Patriarcbali
1697 2167 1799 2244 medo,
1822 2185 1885 2247 quo
1906 2186 2009 2248 supra,
2033 2187 2086 2234 au·

1336 2265 1478 2327 ctoritate
1499 2262 1660 2340 apostolica
1681 2263 1836 2340 deputato,
1853 2278 1961 2325 omues
1977 2271 2008 2325 et
2022 2268 2086 2327 sin-

1338 2358 1402 2436 guli
1418 2356 1569 2435 Episcopi,
1582 2356 1737 2431 monachi,
1751 2357 1901 2419 moniales
1914 2363 1945 2418 et
1958 2357 2087 2420 Christi-

1337 2452 1444 2514 iideles
1458 2450 1592 2512 nationis
1604 2450 1826 2514 Maronitarum
1841 2451 1977 2528 perfecte
1991 2454 2086 2516 subii-

1337 2547 1459 2608 ciantur
1479 2551 1511 2605 et
1532 2549 1657 2621 pareant
1678 2543 1710 2605 in
1731 2545 1877 2607 omnibus
1901 2545 1961 2608 sub
1985 2552 2086 2624 poeni

1337 2636 1662 2703 excommunicationis
1682 2635 1762 2700 latae
1781 2640 1954 2702 sententiae
1968 2639 2000 2702 fn
2014 2659 2087 2706 casu

1337 2730 1613 2796 contraventionis.
1637 2729 1754 2792 Eodem
1779 2731 1869 2793 modo
1892 2733 1923 2796 S.
1948 2735 2087 2812 Congre-

1338 2827 1419 2905 gatio
1440 2824 1566 2886 mandat
1586 2831 1617 2886 et
1632 2823 1790 2902 praecipit,
1807 2832 1842 2887 ut
1856 2825 1892 2887 fl.
1911 2827 1943 2888 P.
1958 2827 1993 2889 Ι).
2014 2828 2086 2906 Epi-

1337 2935 1446 2998 scopus
1465 2917 1640 2982 Germanus
1660 2916 1733 2978 iliab
1752 2919 1866 2997 scripto
1888 2929 2033 2984 retractet
2053 2923 2086 2985 in

1337 3013 1481 3075 manibus
1502 3010 1575 3073 nori
1597 3009 1710 3072 Viearii
1731 3011 1954 3090 patriarchalis,
1971 3021 2023 3078 aut
2042 3016 2086 3078 al·

1338 3109 1434 3170 terius
1456 3105 1493 3167 ab
1513 3119 1549 3164 eo
1571 3104 1722 3182 deputati,
1741 3103 1793 3165 ilfa
1808 3105 1911 3166 omnia
1925 3123 2005 3186 quae
2019 3124 2085 3186 ges-

1336 3203 1376 3265 sil
1397 3209 1427 3262 et
1445 3196 1567 3276 scripsit
1581 3196 1613 3258 in
1629 3195 1767 3258 favorem
1782 3196 1966 3261 illusionum
1979 3217 2087 3282 supra·

1338 3300 1527 3357 memoratae
1540 3291 1655 3367 Endie;
1672 3289 1765 3367 iduue
1778 3292 1836 3355 sub
1852 3294 1949 3372 poeni
1963 3309 2085 3358 excom-

1338 3385 1557 3450 municationis
1584 3385 1662 3446 fatae
1693 3386 1878 3461 sententiae,
1901 3394 1932 3449 et
1953 3403 2009 3466 per
2030 3404 2084 3452 sex

1338 3495 1460 3544 menses
1482 3485 1533 3540 aut
1554 3477 1637 3540 ultra
1656 3479 1863 3556 suspendatur
1885 3480 1922 3542 ab
1935 3483 2023 3542 omni
2040 3483 2084 3544 iu·

1337 3573 1515 3636 risdictione
1525 3569 1688 3650 episcopali
1701 3577 1731 3632 et
1742 3571 1852 3636 ordine
1862 3572 1991 3637 arbitrio
2001 3591 2087 3653 prae·

1336 3667 1390 3729 fati
1411 3665 1538 3729 Vicarii.

1380 3758 1487 3838 foaeplt
1517 3757 1625 3824 Μανία
1659 3755 1756 3820 Card.
1793 3759 1923 3823 Castalii
1955 3761 2085 3845 Press-

1337 3859 1410 3916 ctos
1429 3885 1451 3898 -
1474 3850 1654 3928 sceptrinae
1676 3851 1796 3930 Βαναία
1819 3851 2033 3917 Secretcriats.

1377 3947 1456 4008 Haec
1476 3952 1581 4006 autem
1610 3945 1714 4005 omnia
1744 3945 1866 4008 decreta
1896 3946 2085 4012 intimentur

1336 4039 1511 4118 supradicto
1533 4037 1569 4095 Ι).
1593 4035 1907 4118 Patriarcbae,atque
1929 4040 2087 4103 universis

1337 4138 1368 4193 et
1389 4129 1521 4207 singulis
1543 4129 1700 4208 Episcopis
1727 4131 1872 4203 nationis,
1895 4140 1927 4194 el
1948 4134 2087 4213 superio·

1337 4225 1422 4287 ribus
1442 4225 1605 4302 utriusque
1626 4223 1748 4286 Ordinis
1763 4226 2002 4304 monachorum,
2019 4231 2088 4308 qni·

1339 4318 1394 4381 bus
1415 4332 1470 4396 per
1491 4316 1594 4378 omnia
1613 4322 1720 4379 exacte
1735 4333 1842 4397 parere
1857 4319 2016 4383 debebunt
2030 4323 2088 4386 sub

1339 4411 1436 4490 poeni
1456 4410 1785 4473 excommunicationis
1803 4411 1886 4474 latae
1900 4416 2086 4492 sententiae,

1338 4519 1536 4582 quorumque
1563 4504 1706 4566 executio
1729 4512 1797 4566 tum
1829 4506 1908 4583 patri
1936 4507 2028 4570 Petro
2050 4507 2087 4570 de

1338 4597 1467 4659 Moretta
1489 4596 1636 4673 xblegato
1651 4596 1838 4675 Apostolico,
1857 4607 1921 4661 tum
1945 4599 1982 4662 ll.
2000 4601 2033 4662 P.
2051 4601 2085 4663 Ι).

1338 4689 1482 4767 Raphaeli
1501 4689 1630 4750 ffaklani
1647 4689 1881 4768 drcbiepisoopo
1896 4692 2088 4769 Tripolitana

1338 4783 1374 4845 ad
1395 4784 1453 4845 heo
1483 4781 1656 4858 specialiter
1685 4782 1850 4860 deputatis,
1873 4793 1942 4847 tum
1965 4785 2087 4850 Vicario

1338 4876 1533 4940 Patriarcbali
1562 4877 1601 4938 ita
1630 4877 1845 4954 demandatur,
1871 4887 1906 4942 ut
1935 4880 2014 4943 aiter
2036 4897 2086 4943 eo-

1338 4986 1410 5032 rum
1431 4969 1481 5031 ref
1501 4969 1590 5030 ambo
1611 4969 1662 5031 uel
1685 4985 1794 5032 omnes
1809 4971 1904 5034 simui
1920 4971 2088 5052 procedere

1338 5062 1479 5140 legitime
1499 5062 1629 5138 possint,
1653 5063 1739 5124 omni
1766 5070 1797 5125 et
1818 5081 2015 5146 quacumque
2036 5082 2086 5146 ap·

1337 5155 1504 5234 peilatione
1527 5157 1655 5217 remoti.
1686 5181 1691 5192 ·

1377 5250 1491 5312 Datum
1513 5264 1550 5310 ex
1571 5247 1706 5312 Aedibus
1734 5250 1832 5312 dictae
1854 5252 1885 5315 S.
1911 5253 2088 5333 congrega-

1338 5343 1432 5406 tionis
1454 5343 1504 5405 die
1526 5347 1556 5404 et
1577 5357 1670 5416 anno,
1694 5342 1808 5421 quibus
1828 5361 1931 5424 supra.

1378 5435 1486 5513 foscpb
1515 5435 1623 5499 Μανία
1656 5435 1753 5498 Card.
1792 5436 1926 5504 castula·
1958 5439 2087 5523 Praesc-

2128 521 2196 583 Λα.
2213 525 2249 582 c.
2273 513 2344 578 tale

1338 5539 1411 5594 ctos
1431 5559 1451 5577 -
1471 5530 1553 5592 Loco
1566 5529 1694 5607 >lisigni
1715 5563 1735 5574 -
1756 5529 1939 5609 Stcpboncs
1966 5535 2086 5616 Βαναία
2200 5625 2203 5628 ἢ

1340 5622 1554 5686 Secreturt'cs.

1379 5715 1447 5790 §lc
1473 5715 1553 5778 Haec
1573 5715 1709 5793 exposita
1741 5719 1827 5780 vobis
1857 5720 1991 5796 decreta,
2015 5739 2084 5785 cum

1339 5824 1433 5889 quam
1462 5809 1605 5884 gravibus
1636 5826 1776 5888 expressa
1807 5812 1903 5873 causis
1932 5831 2088 5894 quamque

1340 5918 1404 5964 non
1426 5902 1528 5964 sulum
1550 5911 1723 5981 opportuna
1745 5905 1855 5967 vestris
1876 5907 1970 5970 rebus
1990 5909 2042 5972 sed
2057 5917 2088 5974 et
