4722 6976
933 543 1076 600 elusae.
1100 548 1155 599 vn.

266 673 398 738 sollicito
411 675 513 739 studio
527 676 725 739 intendentes
739 683 807 754 post
821 673 1014 736 deliberatio

268 783 352 844 nent,
376 784 470 846 quam
491 769 527 830 de
555 767 761 846 praeficiendo
789 766 889 830 eidem
920 766 1016 829 eccle-

266 862 328 922 siae
356 876 520 940 personam
548 861 659 923 utilem
680 869 712 923 et
733 860 922 922 fructuosam
942 874 1015 922 cum

267 954 500 1017 venerabilibus
519 954 665 1017 tratribus
684 952 798 1016 nostris
813 955 943 1019 Sanctae
957 953 1014 1014 Ro

268 1063 377 1111 manae
400 1047 549 1110 Ecclesiae
566 1048 778 1112 cardinalibus
793 1047 930 1125 negociis
944 1047 1016 1109 Pro·

269 1140 423 1219 pagandae
444 1140 529 1203 Fidei
558 1141 735 1219 praepositis
764 1140 928 1202 habuimus
950 1138 1018 1202 dili·

1062 673 1178 762 scopis,
1200 672 1263 750 vel,
1279 679 1431 752 quatenus
1453 673 1485 734 hi
1506 675 1667 737 commode
1687 673 1818 752 reperiri

1069 781 1134 828 non
1154 773 1314 846 potemnt,
1336 767 1456 830 duobus
1477 783 1586 830 eorum
1609 768 1676 830 loco
1694 769 1819 848 presby-

1069 861 1146 923 teris
1171 860 1389 936 saecularibus,
1412 861 1461 923 vel
1488 860 1713 940 cuiuscumque
1739 861 1819 923 ordi·

1070 953 1130 1029 uis,
1147 953 1393 1030 congregationis
1409 960 1439 1015 et
1462 954 1595 1016 instituti
1611 954 1817 1031 regularibus,

1070 1046 1206 1109 similem
1227 1046 1395 1125 praedictae
1416 1045 1509 1110 huius
1531 1047 1617 1111 Sedis
1639 1047 1769 1124 gratiana
1787 1055 1818 1109 et

1072 1141 1328 1203 communionem
1356 1139 1553 1218 habentibus,
1577 1157 1693 1204 munus
1714 1157 1820 1204 conse-

1739 528 1797 602 eal
1847 537 1946 596 aba.
1968 536 2037 595 aava

270 1241 413 1312 gentem3
430 1233 557 1296 demum
573 1237 607 1296 ad
623 1241 665 1309 te,
677 1235 731 1313 qui
744 1249 784 1295 ex
798 1234 938 1312 legitimo
955 1249 1017 1294 ma·
1072 1233 1217 1294 orationis
1238 1233 1375 1311 recipere
1395 1232 1494 1296 libere
1513 1241 1544 1295 et
1566 1233 1650 1296 licite
1671 1235 1767 1314 possis
1789 1243 1820 1296 et

270 1329 419 1392 trimonio
440 1334 629 1407 procreatus,
650 1335 680 1392 et
702 1329 734 1389 in
754 1333 853 1390 aetate
868 1327 961 1390 etiam
975 1326 1018 1389 le·
1072 1325 1189 1402 valeas3
1211 1341 1245 1388 ac
1266 1325 1367 1388 eidem
1390 1324 1539 1398 antistiti,
1557 1333 1592 1388 ut
1612 1328 1773 1406 receptisa
1790 1334 1821 1391 te
1843 1371 1849 1382 .

271 1424 380 1500 gitime
409 1423 596 1484 constitutus
621 1421 739 1495 existis,
764 1421 801 1483 de
828 1421 915 1484 cuius
936 1421 1019 1483 vitae
1072 1421 1158 1498 prius
1179 1418 1344 1482 catholicae
1365 1418 1436 1482 lldei
1460 1420 1649 1498 professione
1669 1421 1754 1485 iuxta
1774 1439 1822 1485 ar·

271 1516 436 1590 munditia,
452 1531 641 1594 murumque
654 1515 825 1590 honestata,
841 1513 1017 1592 prudentia,
1074 1510 1183 1574 ticulos
1205 1512 1326 1590 pridem
1347 1529 1363 1572 a
1378 1511 1457 1575 Sede
1471 1520 1575 1576 nostra
1590 1515 1772 1594 propositos,
1788 1533 1821 1578 ac

271 1611 394 1689 pietate,
416 1625 450 1670 ac
470 1608 572 1670 studio
601 1609 785 1670 christianae
807 1607 967 1684 religionis
988 1613 1019 1668 et
1074 1612 1180 1668 nostro
1202 1612 1233 1667 et
1254 1605 1408 1667 Romanae
1431 1605 1583 1669 Ecclesiae
1602 1610 1733 1672 nornine
1748 1610 1822 1671 tide-

271 1703 437 1766 catholicae
459 1701 529 1764 fidei
552 1701 630 1776 zelo,
646 1717 680 1762 ac
694 1699 902 1778 spiritualium
918 1699 1019 1778 provi·
1073 1699 1170 1760 litatis
1191 1699 1310 1761 debitae
1331 1699 1422 1762 solito
1442 1700 1630 1777 iuramento,
1650 1702 1821 1781 praelatum

271 1797 387 1872 dentia,
409 1803 440 1858 et
464 1794 681 1874 temporalium
702 1795 976 1874 circumspectione
990 1811 1021 1855 a·
1075 1807 1191 1855 munus
1213 1792 1268 1854 tibi
1299 1793 1482 1856 auctoritate
1510 1803 1614 1857 nostra
1643 1797 1823 1876 impendere

273 1891 333 1968 pud
356 1905 412 1951 nos
428 1889 489 1951 ssde
504 1889 594 1964 digna
610 1889 788 1951 testimonia
798 1887 1019 1966 perhibentur,
1075 1884 1157 1946 licite
1179 1885 1289 1960 valeat,
1314 1885 1421 1947 eadem
1445 1888 1625 1951 auctoritate
1645 1889 1770 1966 plenam
1792 1897 1823 1952 et

273 1983 377 2046 oculos
404 1982 519 2044 mentis
546 1986 669 2042 nostrae
696 1981 878 2058 direximus,
908 1983 1021 2060 quibus
1074 1978 1202 2041 liberam
1224 1977 1336 2042 harum
1356 1980 1436 2041 serie
1451 1980 1618 2044 tribuimus
1633 1982 1820 2046 facultatem.

273 2073 418 2135 omnibus
438 2071 538 2133 debita
561 2071 680 2133 ratione
699 2072 844 2148 pensatis,
866 2081 931 2134 tea
954 2072 1022 2150 qui·
1076 2071 1228 2136 Volumus
1250 2081 1366 2147 autem,
1388 2078 1481 2150 atque
1511 2075 1718 2152 deceruimus,
1740 2079 1822 2156 quod

274 2166 379 2230 busvis
399 2164 741 2239 excommunicationis,
759 2165 969 2242 suspensionis
991 2173 1023 2228 et
1076 2167 1135 2230 nisi
1158 2165 1317 2244 receptisa
1333 2171 1363 2226 te
1377 2180 1432 2243 per
1446 2164 1565 2228 dictum
1581 2168 1762 2231 antistitem
1777 2169 1825 2232 iu-

274 2260 443 2336 interdicti,
466 2258 593 2335 aliisque
613 2257 825 2320 ecclesiasticis
845 2259 1020 2334 sententiis,
1053 2251 1054 2256 ’
1075 2267 1218 2322 ramento
1232 2265 1264 2321 et
1279 2257 1551 2338 professioneddei
1568 2260 1745 2326 huiusmodi
1760 2263 1826 2342 ipse

275 2354 415 2416 censuris
435 2361 466 2414 et
493 2351 636 2430 poenisa
666 2349 734 2412 iure
760 2349 810 2412 vel
830 2351 867 2413 ab
893 2352 1021 2415 homine
1054 2346 1214 2416 'antistes
1235 2352 1475 2414 consecrationis
1497 2366 1611 2415 munus
1635 2353 1689 2415 tibi
1705 2355 1825 2433 impen-

274 2447 382 2528 quavis
403 2446 561 2508 occasione
579 2443 630 2506 vet
653 2459 739 2505 causa
762 2442 841 2520 latis,
863 2444 1022 2524 siquibus
1077 2448 1161 2522 dere,
1185 2453 1281 2524 tuque
1302 2443 1379 2508 illud
1401 2446 1558 2523 suscipere
1586 2447 1827 2526 praesumpseri-

275 2539 507 2622 quomodolibet
521 2535 686 2600 innodatus
699 2535 817 2612 existis,
829 2536 866 2599 ad
877 2537 1021 2600 ellectum
1077 2541 1126 2615 tis,
1149 2540 1233 2602 idem
1251 2537 1388 2601 antistes
1402 2555 1419 2598 a
1433 2537 1617 2616 pontificalis
1631 2539 1725 2602 otiicii
1739 2557 1827 2603 exer-

276 2633 486 2715 praesentium
508 2633 668 2719 dumtaxat
689 2629 955 2708 consequendum,
971 2633 1023 2692 ha·
1078 2633 1160 2707 citio,
1182 2640 1214 2692 et
1235 2638 1298 2692 tam
1319 2631 1384 2708 ipse
1405 2643 1500 2709 quam
1520 2639 1555 2692 tu
1576 2647 1592 2692 a
1619 2632 1774 2710 regimine
1795 2643 1827 2696 et

276 2745 348 2792 rum
375 2727 455 2790 serie
482 2722 676 2786 absolventes
705 2733 735 2784 et
759 2723 935 2786 absolutum
957 2725 1022 2786 iore
1065 2725 1346 2810 ¹administratione
1361 2723 1560 2786 ecclesiarum
1575 2732 1829 2790 vestrarumsus-

277 2829 451 2893 censentes,
481 2817 621 2880 eamdem
647 2814 945 2894 Theodosiopolitan.
977 2835 1024 2879 ar·
1078 2819 1166 2898 pensi
1186 2817 1252 2878 sitis
1274 2832 1310 2878 eo
1331 2817 1407 2896 ipso,
1427 2832 1490 2878 non
1505 2818 1699 2881 obstantibus
1713 2821 1828 2882 consti-

278 2909 533 2993 chiepisc'upalem
561 2910 728 2973 Ecclesiam
756 2912 794 2973 de
822 2925 951 2987 persona
973 2917 1024 2973 tua
1079 2909 1253 2974 tutionibus
1267 2917 1299 2971 et
1313 2909 1561 2972 ordinationibus
1574 2909 1756 2988 specialibus
1771 2927 1830 2975 nec

279 3009 367 3072 nobis
396 3012 427 3069 et
453 3005 633 3067 memoratis
659 3003 871 3069 cardinalibus
898 3004 938 3067 ob
958 3010 1025 3066 tuo·
1080 3021 1143 3080 non
1164 3004 1261 3066 dictae
1282 3002 1427 3065 ecclesiae
1442 3003 1536 3065 etiam
1551 3003 1740 3081 iuramento,
1756 3021 1830 3068 con·

279 3120 349 3167 rum
365 3099 556 3177 exigentiam
570 3097 757 3159 meritorum
775 3103 907 3175 accepta,
924 3099 962 3161 de
976 3113 1027 3158 co·
1081 3097 1256 3158 firmatione
1285 3095 1447 3176 apostolica
1469 3094 1520 3156 vel
1548 3096 1655 3174 quavis
1683 3099 1831 3162 firmitate

279 3197 424 3260 rumdem
444 3192 576 3254 lratrum
607 3189 733 3252 consilio
754 3192 934 3253 auctoritate
956 3206 1026 3269 apo·
1081 3190 1138 3252 alia
1159 3189 1310 3251 roboratis
1329 3189 1452 3251 statutis
1480 3195 1512 3250 et
1540 3190 1828 3267 consuetudinibus,

279 3289 384 3352 stolica
408 3297 516 3350 tenore
532 3282 741 3361 praesentium
757 3284 967 3362 providemus,
982 3291 1026 3346 te·
1081 3281 1272 3362 caeterisque
1292 3281 1325 3342 in
1345 3281 1539 3343 contrarium
1562 3281 1745 3346 iacientibus
1767 3298 1830 3346 non

281 3398 342 3462 que
363 3381 408 3443 illi
429 3380 462 3442 in
484 3376 758 3455 archiepiscopum
778 3377 974 3456 praeficimus
996 3383 1027 3440 et
1083 3373 1275 3437 obstantibus
1296 3373 1557 3452 quibuscumque.

280 3481 444 3555 pastorem,
472 3485 590 3545 curam,
612 3470 757 3546 regimen
783 3477 814 3532 et
835 3471 1029 3534 administra·
1124 3469 1235 3529 ltatum
1255 3466 1371 3528 Romae
1390 3466 1469 3544 apud
1492 3465 1522 3528 S.
1540 3467 1668 3530 blariam
1685 3468 1832 3532 llaiorem

282 3572 400 3634 tionem
420 3566 515 3645 ipsius
546 3563 697 3627 Ecclesiae
728 3563 1026 3642 Theodosiopolitan.
1082 3561 1141 3624 sub
1152 3560 1268 3622 annulo
1283 3558 1442 3620 Piscatoris
1456 3557 1505 3621 die
1517 3572 1560 3622 xx.
1573 3559 1640 3622 iulii
1653 3577 1830 3638 uncccxv,

284 3663 339 3728 tihi
360 3663 394 3723 in
424 3657 637 3740 spiritualibus
664 3663 696 3719 et
717 3649 936 3734 temporalibus
966 3660 1030 3736 ple·
1085 3651 1280 3732 pontificatus
1300 3650 1400 3712 nostri
1420 3666 1505 3713 anno
1524 3667 1589 3714 xvi.

284 3757 371 3821 narie
400 3750 640 3825 committendo,
670 3751 702 3812 in
724 3750 778 3812 illo
808 3752 862 3829 qui
892 3753 942 3815 dat
962 3767 1030 3830 gra-

284 3851 340 3914 tias
370 3857 402 3912 et
431 3846 562 3923 largitur
591 3846 669 3908 dona
698 3844 818 3922 confisi,
847 3849 929 3924 quod
957 3847 1030 3910 diri-

286 3950 379 4020 gente
400 3939 532 4002 Domino
546 3943 632 4000 actus
648 3941 716 3998 tuos
729 3937 882 4015 praedicta
897 3939 1031 4002 Ecclesia

286 4031 586 4110 Theodosiopolitan.
610 4045 664 4108 per
689 4037 760 4092 tuae
786 4030 1031 4109 circumspectio-

286 4131 334 4191 nis
355 4125 540 4191 industriam
562 4130 592 4187 et
612 4123 750 4187 studium
773 4123 892 4188 utiliter
910 4133 941 4186 et
962 4141 1031 4205 pro·
1080 4173 1084 4188 .

285 4239 374 4304 spere
395 4220 559 4296 dirigetur,
576 4230 723 4296 grataque
743 4217 776 4279 in
798 4217 870 4294 ipsis
890 4219 1032 4297 spiritua·

286 4318 367 4381 libus
388 4319 418 4376 et
431 4310 651 4390 temporalibus
666 4311 861 4374 incrementa
874 4312 1030 4390 suscipiet.

325 4409 388 4487 §E
402 4408 514 4483 iugum
529 4403 627 4482 igitur
637 4403 762 4465 Domini
778 4405 838 4466 tuis
853 4405 1032 4482 impositum

286 4502 426 4567 humeris
445 4506 585 4577 prompta
609 4495 775 4559 devotione
796 4497 893 4559 animi
917 4499 1032 4576 ample-

286 4605 385 4669 ctens,
400 4609 507 4656 curam
521 4598 552 4653 et
565 4589 866 4652 administrationem
886 4591 985 4669 praela
991 4601 1033 4655 tas

288 4690 331 4752 ita
344 4689 467 4751 studeas
488 4683 622 4747 fideliter
639 4683 884 4761 prudenterque,
896 4693 931 4746 ut
946 4685 1034 4749 Sedis

288 4778 477 4860 Apostolicae
507 4775 633 4838 uberius
663 4774 776 4837 exinde
800 4779 948 4856 consequi
970 4795 1033 4842 me·

289 4875 382 4938 rearis
403 4870 653 4936 benedictionem
670 4875 700 4930 et
714 4868 860 4947 gratiam;
876 4879 1034 4949 praeterea

290 4968 344 5032 tibi
360 4975 395 5030 ut
408 4965 443 5028 ad
459 4963 626 5026 Ecclesiam
640 4963 819 5043 praelatam,
835 4965 983 5042 quamdiu
997 4964 1035 5027 ab

290 5060 464 5124 infidelibus
495 5055 698 5132 detinebitur,
727 5058 871 5120 accedere
898 5064 929 5120 et
955 5057 1035 5138 apud

291 5169 359 5218 eam
378 5150 581 5233 personaliter
595 5147 730 5211 residere
744 5149 876 5211 minime
891 5152 1035 5229 tenearis,

291 5250 370 5313 dicta
400 5245 579 5309 auctoritate
598 5243 637 5305 de
658 5241 781 5322 speciali
811 5240 891 5306 dono
921 5244 1037 5320 gratiae

291 5338 488 5405 concedimus
515 5343 546 5400 et
572 5335 783 5414 indulgemus.
816 5337 980 5400 caeterum
1000 5340 1036 5400 ad

291 5452 338 5511 ea,
361 5449 439 5514 quae
460 5433 492 5494 in
515 5439 585 5496 tuae
605 5431 714 5493 cedere
728 5436 857 5507 possunt
871 5433 1039 5494 commodi-

292 5529 361 5590 tatis
373 5531 589 5604 augmentum,
602 5523 812 5586 favorabiliter
827 5525 1037 5603 respicientes,

1427 4031 1489 4094 Lll.

1161 4217 1348 4297 Detractum
1369 4218 1427 4296 Ap.
1452 4218 1489 4280 ia
1510 4215 1618 4282 Monte
1641 4219 1761 4284 Libone

1261 4308 1452 4388 Episcopum
1473 4312 1659 4375 constitnit.

1090 4494 1207 4563 Dilecto
1237 4493 1301 4561 lilio
1331 4493 1450 4576 tiaram
1481 4496 1620 4563 dandolti
1649 4497 1835 4581 Presbytero

1130 4588 1383 4672 congregationis
1406 4587 1590 4669 missionum,
1606 4595 1638 4658 et
1652 4593 1835 4658 auctoritate

1129 4681 1299 4767 apostatica·
1321 4681 1461 4766 delegata
1484 4683 1512 4750 ln
1535 4682 1637 4752 Monte
1660 4683 1785 4764 titano,
1808 4687 1835 4751 in

1131 4777 1308 4861 Episcopum
1332 4775 1492 4844 Eoolealae
1512 4775 1639 4846 toccien.
1656 4778 1683 4846 in
1700 4780 1836 4862 panibus

1131 4868 1291 4938 infidelium
1314 4869 1424 4949 electo,

1342 5053 1429 5122 PlUS
1452 5056 1512 5125 ΡΡ.
1535 5056 1592 5124 Vll.

1372 5244 1489 5312 dilecte
1508 5245 1561 5323 lili,

1127 5338 1255 5407 salutem
1277 5344 1309 5404 et
1329 5338 1526 5421 apostolicam
1553 5338 1804 5406 benedictionem.

1133 5528 1329 5608 apostolatus
1349 5527 1486 5591 olllcium
1511 5529 1632 5591 meritis
1654 5528 1724 5591 licet
1747 5528 1841 5607 impa·
1888 5549 2033 5600 mororum.

293 5621 361 5696 tibi,
383 5627 418 5683 ut
438 5637 454 5680 a
476 5632 684 5696 quocumque,
708 5633 803 5696 quem
824 5625 858 5680 tu
879 5619 1037 5696 malueris,
1094 5621 1180 5684 ribus
1202 5621 1289 5683 nobis
1311 5637 1350 5682 ex
1363 5621 1425 5683 alto
1440 5622 1654 5697 commissum,
1671 5636 1732 5700 quo
1746 5620 1842 5684 eccle·

293 5713 443 5776 catholico
473 5711 623 5774 Antistito
648 5707 776 5773 Sanmae
802 5717 925 5773 nostrae
953 5710 1039 5776 Sedis
1094 5715 1210 5777 siarum
1240 5713 1384 5776 omnium
1413 5713 1561 5790 regimini
1589 5714 1692 5777 divina
1715 5713 1843 5792 disposi-

295 5808 426 5887 gratiam
445 5813 478 5869 et
497 5805 756 5876 communionem
776 5804 911 5867 habente
930 5805 1038 5883 accito,
1083 5807 1180 5868 tione
1210 5806 1431 5885 praesidemus
1464 5806 1584 5870 utiliter
1615 5808 1728 5886 exequi
1758 5807 1843 5870 adiu·

295 5907 327 5965 et
349 5900 381 5962 in
402 5900 459 5963 hoc
480 5898 509 5962 ei
530 5897 742 5962 assistentibus
755 5897 874 5960 duobus
888 5897 954 5960 aliis
970 5897 1040 5978 Epi·
1094 5906 1189 5964 vante
1203 5899 1336 5962 Domino
1349 5900 1521 5980 cupientes,
1533 5899 1658 5963 solliciti
1668 5899 1761 5966 corde
1774 5901 1842 5966 red·
