<?xml version="1.0" encoding="UTF-8"?>
<!DOCTYPE html PUBLIC "-//W3C//DTD XHTML 1.0 Transitional//EN"
    "http://www.w3.org/TR/xhtml1/DTD/xhtml1-transitional.dtd">
<html xmlns="http://www.w3.org/1999/xhtml" xml:lang="en" lang="en">
 <head>
  <title>
</title>
<meta http-equiv="Content-Type" content="text/html;charset=utf-8" />
  <meta name='ocr-system' content='tesseract 3.04.00' />
  <meta name='ocr-capabilities' content='ocr_page ocr_carea ocr_par ocr_line ocrx_word'/>
</head>
<body>
  <div class='ocr_page' id='page_1' title='image "./iurispontificii00martgoog_0689.png"; bbox 0 0 4808 6988; ppageno 0'>
   <div class='ocr_carea' id='block_1_1' title="bbox 350 530 538 599">
    <p class='ocr_par' dir='ltr' id='par_1_1' title="bbox 350 530 538 599">
     <span class='ocr_line' id='line_1_1' title="bbox 350 530 538 599; baseline -0.021 0"><span class='ocrx_word' id='word_1_1' title='bbox 350 530 538 599; x_wconf 50' lang='lat' dir='ltr'><strong>mmmm</strong></span> 
     </span>
    </p>
   </div>
   <div class='ocr_carea' id='block_1_2' title="bbox 353 5090 566 5252">
    <p class='ocr_par' dir='ltr' id='par_1_2' title="bbox 353 5090 566 5252">
     <span class='ocr_line' id='line_1_2' title="bbox 353 5090 566 5198; baseline -0.019 0"><span class='ocrx_word' id='word_1_2' title='bbox 353 5090 566 5198; x_wconf 72' lang='lat' dir='ltr'><strong>acerbat</strong></span> 
     </span>
     <span class='ocr_line' id='line_1_3' title="bbox 353 5203 537 5252; baseline -0.027 0"><span class='ocrx_word' id='word_1_3' title='bbox 353 5209 409 5252; x_wconf 89' lang='lat' dir='ltr'><strong>tum</strong></span> <span class='ocrx_word' id='word_1_4' title='bbox 426 5203 537 5252; x_wconf 84' lang='lat' dir='ltr'><strong>lrrltans.</strong></span> 
     </span>
    </p>
   </div>
   <div class='ocr_carea' id='block_1_3' title="bbox 567 527 1331 5816">
    <p class='ocr_par' dir='ltr' id='par_1_3' title="bbox 567 527 1327 5054">
     <span class='ocr_line' id='line_1_4' title="bbox 588 527 647 604; baseline 0.017 -1"><span class='ocrx_word' id='word_1_5' title='bbox 588 527 647 604; x_wconf 83' lang='lat' dir='ltr'><strong>did</strong></span> 
     </span>
     <span class='ocr_line' id='line_1_5' title="bbox 569 671 1314 754; baseline -0.007 -15"><span class='ocrx_word' id='word_1_6' title='bbox 569 675 816 754; x_wconf 85' lang='lat' dir='ltr'><strong>promovendum</strong></span> <span class='ocrx_word' id='word_1_7' title='bbox 838 673 879 736; x_wconf 89' lang='lat' dir='ltr'><strong>ibi</strong></span> <span class='ocrx_word' id='word_1_8' title='bbox 900 673 1058 751; x_wconf 86' lang='lat' dir='ltr'><strong>religionis</strong></span> <span class='ocrx_word' id='word_1_9' title='bbox 1087 672 1206 737; x_wconf 88' lang='lat' dir='ltr'><strong>bonam</strong></span> <span class='ocrx_word' id='word_1_10' title='bbox 1226 678 1258 734; x_wconf 91' lang='lat' dir='ltr'><strong>et</strong></span> <span class='ocrx_word' id='word_1_11' title='bbox 1278 671 1314 734; x_wconf 90' lang='lat' dir='ltr'><strong>ad</strong></span> 
     </span>
     <span class='ocr_line' id='line_1_6' title="bbox 569 762 1317 848; baseline -0.011 -16"><span class='ocrx_word' id='word_1_12' title='bbox 569 770 639 835; x_wconf 88' lang='lat' dir='ltr'><strong>lldei</strong></span> <span class='ocrx_word' id='word_1_13' title='bbox 661 785 843 848; x_wconf 90' lang='lat' dir='ltr'><strong>progressus</strong></span> <span class='ocrx_word' id='word_1_14' title='bbox 857 767 1073 831; x_wconf 87' lang='lat' dir='ltr'><strong>vehementius</strong></span> <span class='ocrx_word' id='word_1_15' title='bbox 1087 765 1238 830; x_wconf 90' lang='lat' dir='ltr'><strong>iuvandos</strong></span> <span class='ocrx_word' id='word_1_16' title='bbox 1253 762 1317 826; x_wconf 92' lang='lat' dir='ltr'><strong>val-</strong></span> 
     </span>
     <span class='ocr_line' id='line_1_7' title="bbox 568 857 1315 941; baseline -0.011 -14"><span class='ocrx_word' id='word_1_17' title='bbox 568 865 606 927; x_wconf 92' lang='lat' dir='ltr'><strong>de</strong></span> <span class='ocrx_word' id='word_1_18' title='bbox 620 863 696 926; x_wconf 91' lang='lat' dir='ltr'><strong>utile</strong></span> <span class='ocrx_word' id='word_1_19' title='bbox 709 864 811 926; x_wconf 90' lang='lat' dir='ltr'><strong>visam</strong></span> <span class='ocrx_word' id='word_1_20' title='bbox 825 863 875 938; x_wconf 92' lang='lat' dir='ltr'><strong>sit,</strong></span> <span class='ocrx_word' id='word_1_21' title='bbox 888 861 1079 941; x_wconf 90' lang='lat' dir='ltr'><strong>provinciam</strong></span> <span class='ocrx_word' id='word_1_22' title='bbox 1094 859 1191 938; x_wconf 84' lang='lat' dir='ltr'><strong>ipsam</strong></span> <span class='ocrx_word' id='word_1_23' title='bbox 1206 857 1315 921; x_wconf 84' lang='lat' dir='ltr'><strong>arliae-</strong></span> 
     </span>
     <span class='ocr_line' id='line_1_8' title="bbox 567 951 1315 1032; baseline -0.011 -12"><span class='ocrx_word' id='word_1_24' title='bbox 567 957 630 1020; x_wconf 89' lang='lat' dir='ltr'><strong>cesi</strong></span> <span class='ocrx_word' id='word_1_25' title='bbox 652 965 702 1020; x_wconf 87' lang='lat' dir='ltr'><strong>tua</strong></span> <span class='ocrx_word' id='word_1_26' title='bbox 722 955 911 1032; x_wconf 81' lang='lat' dir='ltr'><strong>Qnebecensi</strong></span> <span class='ocrx_word' id='word_1_27' title='bbox 940 967 1092 1032; x_wconf 88' lang='lat' dir='ltr'><strong>separare,</strong></span> <span class='ocrx_word' id='word_1_28' title='bbox 1114 969 1149 1016; x_wconf 88' lang='lat' dir='ltr'><strong>ac</strong></span> <span class='ocrx_word' id='word_1_29' title='bbox 1169 951 1202 1014; x_wconf 95' lang='lat' dir='ltr'><strong>in</strong></span> <span class='ocrx_word' id='word_1_30' title='bbox 1224 966 1315 1028; x_wconf 92' lang='lat' dir='ltr'><strong>pecu·</strong></span> 
     </span>
     <span class='ocr_line' id='line_1_9' title="bbox 569 1044 1314 1129; baseline -0.011 -17"><span class='ocrx_word' id='word_1_31' title='bbox 569 1051 677 1114; x_wconf 87' lang='lat' dir='ltr'><strong>liarem</strong></span> <span class='ocrx_word' id='word_1_32' title='bbox 699 1050 914 1129; x_wconf 90' lang='lat' dir='ltr'><strong>Episcopatum</strong></span> <span class='ocrx_word' id='word_1_33' title='bbox 928 1063 983 1110; x_wconf 90' lang='lat' dir='ltr'><strong>sea</strong></span> <span class='ocrx_word' id='word_1_34' title='bbox 999 1046 1163 1110; x_wconf 88' lang='lat' dir='ltr'><strong>dioecesim</strong></span> <span class='ocrx_word' id='word_1_35' title='bbox 1180 1044 1314 1121; x_wconf 86' lang='lat' dir='ltr'><strong>erigere,</strong></span> 
     </span>
     <span class='ocr_line' id='line_1_10' title="bbox 569 1137 1316 1221; baseline -0.013 -13"><span class='ocrx_word' id='word_1_36' title='bbox 569 1160 636 1221; x_wconf 92' lang='lat' dir='ltr'><strong>nos,</strong></span> <span class='ocrx_word' id='word_1_37' title='bbox 658 1160 693 1207; x_wconf 91' lang='lat' dir='ltr'><strong>re</strong></span> <span class='ocrx_word' id='word_1_38' title='bbox 713 1151 837 1206; x_wconf 89' lang='lat' dir='ltr'><strong>mature</strong></span> <span class='ocrx_word' id='word_1_39' title='bbox 864 1141 1007 1215; x_wconf 87' lang='lat' dir='ltr'><strong>discussa,</strong></span> <span class='ocrx_word' id='word_1_40' title='bbox 1030 1155 1063 1202; x_wconf 93' lang='lat' dir='ltr'><strong>ac</strong></span> <span class='ocrx_word' id='word_1_41' title='bbox 1084 1137 1248 1219; x_wconf 88' lang='lat' dir='ltr'><strong>praecipue</strong></span> <span class='ocrx_word' id='word_1_42' title='bbox 1270 1153 1316 1200; x_wconf 91' lang='lat' dir='ltr'><strong>ra·</strong></span> 
     </span>
     <span class='ocr_line' id='line_1_11' title="bbox 569 1230 1314 1310; baseline -0.013 -10"><span class='ocrx_word' id='word_1_43' title='bbox 569 1239 655 1302; x_wconf 88' lang='lat' dir='ltr'><strong>tione</strong></span> <span class='ocrx_word' id='word_1_44' title='bbox 669 1236 769 1299; x_wconf 85' lang='lat' dir='ltr'><strong>habita</strong></span> <span class='ocrx_word' id='word_1_45' title='bbox 785 1240 853 1298; x_wconf 88' lang='lat' dir='ltr'><strong>tum</strong></span> <span class='ocrx_word' id='word_1_46' title='bbox 868 1234 1043 1307; x_wconf 88' lang='lat' dir='ltr'><strong>literarum,</strong></span> <span class='ocrx_word' id='word_1_47' title='bbox 1061 1231 1172 1310; x_wconf 89' lang='lat' dir='ltr'><strong>qulbus</strong></span> <span class='ocrx_word' id='word_1_48' title='bbox 1188 1230 1235 1292; x_wconf 92' lang='lat' dir='ltr'><strong>bo.</strong></span> <span class='ocrx_word' id='word_1_49' title='bbox 1253 1245 1314 1292; x_wconf 90' lang='lat' dir='ltr'><strong>me.</strong></span> 
     </span>
     <span class='ocr_line' id='line_1_12' title="bbox 569 1322 1318 1409; baseline -0.013 -15"><span class='ocrx_word' id='word_1_50' title='bbox 569 1329 677 1409; x_wconf 85' lang='lat' dir='ltr'><strong>loseph</strong></span> <span class='ocrx_word' id='word_1_51' title='bbox 707 1329 849 1394; x_wconf 83' lang='lat' dir='ltr'><strong>Octavius</strong></span> <span class='ocrx_word' id='word_1_52' title='bbox 880 1327 989 1390; x_wconf 85' lang='lat' dir='ltr'><strong>Plessis</strong></span> <span class='ocrx_word' id='word_1_53' title='bbox 1019 1326 1095 1388; x_wconf 91' lang='lat' dir='ltr'><strong>dum</strong></span> <span class='ocrx_word' id='word_1_54' title='bbox 1116 1325 1239 1386; x_wconf 91' lang='lat' dir='ltr'><strong>viveret</strong></span> <span class='ocrx_word' id='word_1_55' title='bbox 1261 1322 1318 1385; x_wconf 76' lang='lat' dir='ltr'><strong>dr·</strong></span> 
     </span>
     <span class='ocr_line' id='line_1_13' title="bbox 569 1421 1317 1502; baseline -0.013 -16"><span class='ocrx_word' id='word_1_56' title='bbox 569 1424 781 1502; x_wconf 86' lang='lat' dir='ltr'><strong>clriepiscopus</strong></span> <span class='ocrx_word' id='word_1_57' title='bbox 800 1421 1016 1499; x_wconf 82' lang='lat' dir='ltr'><strong>Qucbecensis,</strong></span> <span class='ocrx_word' id='word_1_58' title='bbox 1039 1426 1108 1481; x_wconf 90' lang='lat' dir='ltr'><strong>tam</strong></span> <span class='ocrx_word' id='word_1_59' title='bbox 1128 1430 1317 1480; x_wconf 88' lang='lat' dir='ltr'><strong>consensum</strong></span> 
     </span>
     <span class='ocr_line' id='line_1_14' title="bbox 571 1508 1317 1594; baseline -0.013 -14"><span class='ocrx_word' id='word_1_60' title='bbox 571 1533 662 1582; x_wconf 90' lang='lat' dir='ltr'><strong>suum</strong></span> <span class='ocrx_word' id='word_1_61' title='bbox 684 1519 721 1582; x_wconf 92' lang='lat' dir='ltr'><strong>de</strong></span> <span class='ocrx_word' id='word_1_62' title='bbox 742 1522 930 1580; x_wconf 76' lang='lat' dir='ltr'><strong>memoratae</strong></span> <span class='ocrx_word' id='word_1_63' title='bbox 954 1512 1129 1594; x_wconf 91' lang='lat' dir='ltr'><strong>provinciae</strong></span> <span class='ocrx_word' id='word_1_64' title='bbox 1149 1527 1165 1572; x_wconf 89' lang='lat' dir='ltr'><strong>a</strong></span> <span class='ocrx_word' id='word_1_65' title='bbox 1187 1508 1317 1573; x_wconf 87' lang='lat' dir='ltr'><strong>dioecesi</strong></span> 
     </span>
     <span class='ocr_line' id='line_1_15' title="bbox 570 1601 1318 1690; baseline -0.015 -16"><span class='ocrx_word' id='word_1_66' title='bbox 570 1628 624 1674; x_wconf 90' lang='lat' dir='ltr'><strong>sua</strong></span> <span class='ocrx_word' id='word_1_67' title='bbox 643 1611 834 1690; x_wconf 80' lang='lat' dir='ltr'><strong>separatione</strong></span> <span class='ocrx_word' id='word_1_68' title='bbox 855 1607 953 1671; x_wconf 86' lang='lat' dir='ltr'><strong>libere</strong></span> <span class='ocrx_word' id='word_1_69' title='bbox 974 1613 1004 1670; x_wconf 91' lang='lat' dir='ltr'><strong>et</strong></span> <span class='ocrx_word' id='word_1_70' title='bbox 1026 1604 1201 1669; x_wconf 87' lang='lat' dir='ltr'><strong>luculenter</strong></span> <span class='ocrx_word' id='word_1_71' title='bbox 1220 1601 1318 1664; x_wconf 89' lang='lat' dir='ltr'><strong>mani·</strong></span> 
     </span>
     <span class='ocr_line' id='line_1_16' title="bbox 571 1695 1317 1776; baseline -0.013 -8"><span class='ocrx_word' id='word_1_72' title='bbox 571 1704 705 1776; x_wconf 88' lang='lat' dir='ltr'><strong>lestavit,</strong></span> <span class='ocrx_word' id='word_1_73' title='bbox 720 1708 789 1766; x_wconf 89' lang='lat' dir='ltr'><strong>tam</strong></span> <span class='ocrx_word' id='word_1_74' title='bbox 802 1701 974 1766; x_wconf 89' lang='lat' dir='ltr'><strong>sententiae</strong></span> <span class='ocrx_word' id='word_1_75' title='bbox 989 1701 1127 1763; x_wconf 90' lang='lat' dir='ltr'><strong>eiusdem</strong></span> <span class='ocrx_word' id='word_1_76' title='bbox 1141 1715 1175 1760; x_wconf 92' lang='lat' dir='ltr'><strong>ac</strong></span> <span class='ocrx_word' id='word_1_77' title='bbox 1187 1695 1317 1760; x_wconf 90' lang='lat' dir='ltr'><strong>aliorum</strong></span> 
     </span>
     <span class='ocr_line' id='line_1_17' title="bbox 572 1790 1319 1876; baseline -0.016 -15"><span class='ocrx_word' id='word_1_78' title='bbox 572 1797 829 1876; x_wconf 87' lang='lat' dir='ltr'><strong>gravissimorum</strong></span> <span class='ocrx_word' id='word_1_79' title='bbox 850 1795 1004 1870; x_wconf 90' lang='lat' dir='ltr'><strong>virorum,</strong></span> <span class='ocrx_word' id='word_1_80' title='bbox 1020 1792 1074 1872; x_wconf 93' lang='lat' dir='ltr'><strong>qui</strong></span> <span class='ocrx_word' id='word_1_81' title='bbox 1092 1790 1231 1856; x_wconf 87' lang='lat' dir='ltr'><strong>arbitrati</strong></span> <span class='ocrx_word' id='word_1_82' title='bbox 1245 1797 1319 1851; x_wconf 91' lang='lat' dir='ltr'><strong>sunt</strong></span> 
     </span>
     <span class='ocr_line' id='line_1_18' title="bbox 572 1882 1318 1954; baseline -0.013 -1"><span class='ocrx_word' id='word_1_83' title='bbox 572 1906 670 1954; x_wconf 91' lang='lat' dir='ltr'><strong>novae</strong></span> <span class='ocrx_word' id='word_1_84' title='bbox 689 1890 782 1952; x_wconf 87' lang='lat' dir='ltr'><strong>buius</strong></span> <span class='ocrx_word' id='word_1_85' title='bbox 803 1887 949 1950; x_wconf 91' lang='lat' dir='ltr'><strong>dioecesis</strong></span> <span class='ocrx_word' id='word_1_86' title='bbox 977 1885 1166 1950; x_wconf 85' lang='lat' dir='ltr'><strong>erectionem</strong></span> <span class='ocrx_word' id='word_1_87' title='bbox 1187 1882 1318 1946; x_wconf 92' lang='lat' dir='ltr'><strong>omnino</strong></span> 
     </span>
     <span class='ocr_line' id='line_1_19' title="bbox 572 1974 1319 2060; baseline -0.019 -11"><span class='ocrx_word' id='word_1_88' title='bbox 572 1984 694 2060; x_wconf 91' lang='lat' dir='ltr'><strong>utilem,</strong></span> <span class='ocrx_word' id='word_1_89' title='bbox 723 1990 755 2046; x_wconf 86' lang='lat' dir='ltr'><strong>et</strong></span> <span class='ocrx_word' id='word_1_90' title='bbox 781 1981 941 2059; x_wconf 81' lang='lat' dir='ltr'><strong>religionis</strong></span> <span class='ocrx_word' id='word_1_91' title='bbox 971 1979 1078 2043; x_wconf 88' lang='lat' dir='ltr'><strong>maiori</strong></span> <span class='ocrx_word' id='word_1_92' title='bbox 1107 1974 1319 2053; x_wconf 89' lang='lat' dir='ltr'><strong>stabiliorique</strong></span> 
     </span>
     <span class='ocr_line' id='line_1_20' title="bbox 572 2066 1319 2158; baseline -0.015 -18"><span class='ocrx_word' id='word_1_93' title='bbox 572 2078 653 2140; x_wconf 88' lang='lat' dir='ltr'><strong>bono</strong></span> <span class='ocrx_word' id='word_1_94' title='bbox 681 2075 874 2158; x_wconf 89' lang='lat' dir='ltr'><strong>procurando</strong></span> <span class='ocrx_word' id='word_1_95' title='bbox 901 2073 990 2136; x_wconf 90' lang='lat' dir='ltr'><strong>valde</strong></span> <span class='ocrx_word' id='word_1_96' title='bbox 1009 2080 1215 2151; x_wconf 86' lang='lat' dir='ltr'><strong>opportunam</strong></span> <span class='ocrx_word' id='word_1_97' title='bbox 1236 2066 1319 2130; x_wconf 91' lang='lat' dir='ltr'><strong>lutu-</strong></span> 
     </span>
     <span class='ocr_line' id='line_1_21' title="bbox 572 2165 1319 2247; baseline -0.015 -13"><span class='ocrx_word' id='word_1_98' title='bbox 572 2187 650 2247; x_wconf 90' lang='lat' dir='ltr'><strong>ram,</strong></span> <span class='ocrx_word' id='word_1_99' title='bbox 672 2187 706 2234; x_wconf 88' lang='lat' dir='ltr'><strong>ac</strong></span> <span class='ocrx_word' id='word_1_100' title='bbox 727 2172 766 2233; x_wconf 92' lang='lat' dir='ltr'><strong>de</strong></span> <span class='ocrx_word' id='word_1_101' title='bbox 786 2167 1012 2230; x_wconf 87' lang='lat' dir='ltr'><strong>venerabilium</strong></span> <span class='ocrx_word' id='word_1_102' title='bbox 1039 2165 1170 2230; x_wconf 88' lang='lat' dir='ltr'><strong>iratrum</strong></span> <span class='ocrx_word' id='word_1_103' title='bbox 1200 2169 1319 2224; x_wconf 91' lang='lat' dir='ltr'><strong>nostro·</strong></span> 
     </span>
     <span class='ocr_line' id='line_1_22' title="bbox 572 2257 1320 2330; baseline -0.015 -3"><span class='ocrx_word' id='word_1_104' title='bbox 572 2281 645 2330; x_wconf 89' lang='lat' dir='ltr'><strong>rum</strong></span> <span class='ocrx_word' id='word_1_105' title='bbox 666 2263 795 2330; x_wconf 82' lang='lat' dir='ltr'><strong>Sanctae</strong></span> <span class='ocrx_word' id='word_1_106' title='bbox 824 2261 980 2325; x_wconf 80' lang='lat' dir='ltr'><strong>Romanae</strong></span> <span class='ocrx_word' id='word_1_107' title='bbox 1002 2259 1154 2324; x_wconf 80' lang='lat' dir='ltr'><strong>Ecclesiae</strong></span> <span class='ocrx_word' id='word_1_108' title='bbox 1176 2257 1320 2321; x_wconf 87' lang='lat' dir='ltr'><strong>Cardina-</strong></span> 
     </span>
     <span class='ocr_line' id='line_1_23' title="bbox 573 2347 1322 2434; baseline -0.015 -14"><span class='ocrx_word' id='word_1_109' title='bbox 573 2357 650 2421; x_wconf 87' lang='lat' dir='ltr'><strong>lium</strong></span> <span class='ocrx_word' id='word_1_110' title='bbox 672 2357 805 2434; x_wconf 87' lang='lat' dir='ltr'><strong>aegotiis</strong></span> <span class='ocrx_word' id='word_1_111' title='bbox 826 2353 1041 2434; x_wconf 87' lang='lat' dir='ltr'><strong>Propagandae</strong></span> <span class='ocrx_word' id='word_1_112' title='bbox 1061 2352 1146 2418; x_wconf 82' lang='lat' dir='ltr'><strong>Fidei</strong></span> <span class='ocrx_word' id='word_1_113' title='bbox 1168 2347 1322 2429; x_wconf 88' lang='lat' dir='ltr'><strong>praeposi-</strong></span> 
     </span>
     <span class='ocr_line' id='line_1_24' title="bbox 574 2446 1320 2527; baseline -0.012 -13"><span class='ocrx_word' id='word_1_114' title='bbox 574 2460 676 2515; x_wconf 88' lang='lat' dir='ltr'><strong>torum</strong></span> <span class='ocrx_word' id='word_1_115' title='bbox 692 2449 831 2524; x_wconf 90' lang='lat' dir='ltr'><strong>consilio,</strong></span> <span class='ocrx_word' id='word_1_116' title='bbox 851 2458 938 2512; x_wconf 92' lang='lat' dir='ltr'><strong>motu</strong></span> <span class='ocrx_word' id='word_1_117' title='bbox 953 2446 1078 2527; x_wconf 89' lang='lat' dir='ltr'><strong>proprio</strong></span> <span class='ocrx_word' id='word_1_118' title='bbox 1094 2452 1186 2525; x_wconf 90' lang='lat' dir='ltr'><strong>atque</strong></span> <span class='ocrx_word' id='word_1_119' title='bbox 1202 2459 1241 2506; x_wconf 86' lang='lat' dir='ltr'><strong>ex</strong></span> <span class='ocrx_word' id='word_1_120' title='bbox 1255 2457 1320 2506; x_wconf 89' lang='lat' dir='ltr'><strong>cer·</strong></span> 
     </span>
     <span class='ocr_line' id='line_1_25' title="bbox 574 2537 1318 2610; baseline -0.016 -2"><span class='ocrx_word' id='word_1_121' title='bbox 574 2553 604 2610; x_wconf 89' lang='lat' dir='ltr'><strong>ta</strong></span> <span class='ocrx_word' id='word_1_122' title='bbox 624 2545 752 2610; x_wconf 89' lang='lat' dir='ltr'><strong>scientia</strong></span> <span class='ocrx_word' id='word_1_123' title='bbox 773 2549 804 2606; x_wconf 92' lang='lat' dir='ltr'><strong>et</strong></span> <span class='ocrx_word' id='word_1_124' title='bbox 821 2551 938 2608; x_wconf 87' lang='lat' dir='ltr'><strong>matura</strong></span> <span class='ocrx_word' id='word_1_125' title='bbox 955 2540 1177 2604; x_wconf 80' lang='lat' dir='ltr'><strong>deliberatione</strong></span> <span class='ocrx_word' id='word_1_126' title='bbox 1193 2537 1318 2610; x_wconf 90' lang='lat' dir='ltr'><strong>nostris,</strong></span> 
     </span>
     <span class='ocr_line' id='line_1_26' title="bbox 574 2631 1320 2719; baseline -0.019 -15"><span class='ocrx_word' id='word_1_127' title='bbox 574 2639 673 2719; x_wconf 85' lang='lat' dir='ltr'><strong>deque</strong></span> <span class='ocrx_word' id='word_1_128' title='bbox 683 2636 864 2718; x_wconf 88' lang='lat' dir='ltr'><strong>apostolicae</strong></span> <span class='ocrx_word' id='word_1_129' title='bbox 876 2635 1031 2714; x_wconf 89' lang='lat' dir='ltr'><strong>potestatis</strong></span> <span class='ocrx_word' id='word_1_130' title='bbox 1044 2631 1240 2713; x_wconf 88' lang='lat' dir='ltr'><strong>plenitudine</strong></span> <span class='ocrx_word' id='word_1_131' title='bbox 1251 2645 1320 2708; x_wconf 91' lang='lat' dir='ltr'><strong>pro·</strong></span> 
     </span>
     <span class='ocr_line' id='line_1_27' title="bbox 575 2724 1319 2810; baseline -0.015 -16"><span class='ocrx_word' id='word_1_132' title='bbox 575 2733 708 2796; x_wconf 84' lang='lat' dir='ltr'><strong>vinciam</strong></span> <span class='ocrx_word' id='word_1_133' title='bbox 734 2730 903 2810; x_wconf 87' lang='lat' dir='ltr'><strong>superioris</strong></span> <span class='ocrx_word' id='word_1_134' title='bbox 932 2727 1068 2792; x_wconf 77' lang='lat' dir='ltr'><strong>Canariae</strong></span> <span class='ocrx_word' id='word_1_135' title='bbox 1097 2727 1128 2788; x_wconf 92' lang='lat' dir='ltr'><strong>in</strong></span> <span class='ocrx_word' id='word_1_136' title='bbox 1156 2724 1319 2788; x_wconf 88' lang='lat' dir='ltr'><strong>dioecesim</strong></span> 
     </span>
     <span class='ocr_line' id='line_1_28' title="bbox 575 2819 1319 2905; baseline -0.015 -16"><span class='ocrx_word' id='word_1_137' title='bbox 575 2825 741 2905; x_wconf 82' lang='lat' dir='ltr'><strong>propriam,</strong></span> <span class='ocrx_word' id='word_1_138' title='bbox 759 2831 790 2884; x_wconf 90' lang='lat' dir='ltr'><strong>et</strong></span> <span class='ocrx_word' id='word_1_139' title='bbox 811 2841 827 2884; x_wconf 92' lang='lat' dir='ltr'><strong>a</strong></span> <span class='ocrx_word' id='word_1_140' title='bbox 849 2833 900 2884; x_wconf 91' lang='lat' dir='ltr'><strong>tua</strong></span> <span class='ocrx_word' id='word_1_141' title='bbox 921 2820 1110 2897; x_wconf 81' lang='lat' dir='ltr'><strong>Quebeeensi</strong></span> <span class='ocrx_word' id='word_1_142' title='bbox 1132 2819 1319 2893; x_wconf 84' lang='lat' dir='ltr'><strong>distinctam,</strong></span> 
     </span>
     <span class='ocr_line' id='line_1_29' title="bbox 575 2913 1321 2994; baseline -0.009 -14"><span class='ocrx_word' id='word_1_143' title='bbox 575 2937 609 2982; x_wconf 88' lang='lat' dir='ltr'><strong>ac</strong></span> <span class='ocrx_word' id='word_1_144' title='bbox 629 2920 667 2981; x_wconf 85' lang='lat' dir='ltr'><strong>ab</strong></span> <span class='ocrx_word' id='word_1_145' title='bbox 688 2915 857 2994; x_wconf 78' lang='lat' dir='ltr'><strong>apostolica</strong></span> <span class='ocrx_word' id='word_1_146' title='bbox 886 2917 940 2976; x_wconf 88' lang='lat' dir='ltr'><strong>lrac</strong></span> <span class='ocrx_word' id='word_1_147' title='bbox 968 2913 1077 2978; x_wconf 90' lang='lat' dir='ltr'><strong>Sancta</strong></span> <span class='ocrx_word' id='word_1_148' title='bbox 1106 2914 1183 2980; x_wconf 87' lang='lat' dir='ltr'><strong>Sede</strong></span> <span class='ocrx_word' id='word_1_149' title='bbox 1212 2913 1321 2975; x_wconf 90' lang='lat' dir='ltr'><strong>imme-</strong></span> 
     </span>
     <span class='ocr_line' id='line_1_30' title="bbox 576 3006 1321 3090; baseline -0.011 -14"><span class='ocrx_word' id='word_1_150' title='bbox 576 3015 655 3076; x_wconf 83' lang='lat' dir='ltr'><strong>diate</strong></span> <span class='ocrx_word' id='word_1_151' title='bbox 675 3011 914 3090; x_wconf 86' lang='lat' dir='ltr'><strong>dependentem,</strong></span> <span class='ocrx_word' id='word_1_152' title='bbox 930 3009 1018 3070; x_wconf 89' lang='lat' dir='ltr'><strong>cuius</strong></span> <span class='ocrx_word' id='word_1_153' title='bbox 1032 3009 1118 3069; x_wconf 88' lang='lat' dir='ltr'><strong>sedes</strong></span> <span class='ocrx_word' id='word_1_154' title='bbox 1133 3023 1200 3070; x_wconf 90' lang='lat' dir='ltr'><strong>esse</strong></span> <span class='ocrx_word' id='word_1_155' title='bbox 1214 3006 1321 3069; x_wconf 90' lang='lat' dir='ltr'><strong>debeat</strong></span> 
     </span>
     <span class='ocr_line' id='line_1_31' title="bbox 577 3101 1322 3180; baseline -0.008 -12"><span class='ocrx_word' id='word_1_156' title='bbox 577 3107 649 3168; x_wconf 87' lang='lat' dir='ltr'><strong>urbs</strong></span> <span class='ocrx_word' id='word_1_157' title='bbox 670 3105 822 3180; x_wconf 89' lang='lat' dir='ltr'><strong>Kingston</strong></span> <span class='ocrx_word' id='word_1_158' title='bbox 844 3119 899 3164; x_wconf 90' lang='lat' dir='ltr'><strong>seu</strong></span> <span class='ocrx_word' id='word_1_159' title='bbox 921 3101 1088 3179; x_wconf 87' lang='lat' dir='ltr'><strong>llegipolls,</strong></span> <span class='ocrx_word' id='word_1_160' title='bbox 1112 3101 1225 3162; x_wconf 92' lang='lat' dir='ltr'><strong>limites</strong></span> <span class='ocrx_word' id='word_1_161' title='bbox 1247 3117 1322 3163; x_wconf 87' lang='lat' dir='ltr'><strong>vero</strong></span> 
     </span>
     <span class='ocr_line' id='line_1_32' title="bbox 577 3195 1320 3277; baseline -0.008 -16"><span class='ocrx_word' id='word_1_162' title='bbox 577 3201 598 3261; x_wconf 90' lang='lat' dir='ltr'><strong>ii</strong></span> <span class='ocrx_word' id='word_1_163' title='bbox 620 3199 690 3277; x_wconf 89' lang='lat' dir='ltr'><strong>ipsi,</strong></span> <span class='ocrx_word' id='word_1_164' title='bbox 712 3211 787 3276; x_wconf 90' lang='lat' dir='ltr'><strong>quos</strong></span> <span class='ocrx_word' id='word_1_165' title='bbox 808 3197 946 3258; x_wconf 83' lang='lat' dir='ltr'><strong>decessor</strong></span> <span class='ocrx_word' id='word_1_166' title='bbox 963 3204 1034 3255; x_wconf 92' lang='lat' dir='ltr'><strong>tuus</strong></span> <span class='ocrx_word' id='word_1_167' title='bbox 1049 3195 1210 3256; x_wconf 90' lang='lat' dir='ltr'><strong>constituit</strong></span> <span class='ocrx_word' id='word_1_168' title='bbox 1224 3210 1320 3272; x_wconf 92' lang='lat' dir='ltr'><strong>quum</strong></span> 
     </span>
     <span class='ocr_line' id='line_1_33' title="bbox 576 3288 1325 3370; baseline -0.008 -14"><span class='ocrx_word' id='word_1_169' title='bbox 576 3299 745 3356; x_wconf 85' lang='lat' dir='ltr'><strong>memorata</strong></span> <span class='ocrx_word' id='word_1_170' title='bbox 767 3288 924 3370; x_wconf 90' lang='lat' dir='ltr'><strong>provincia</strong></span> <span class='ocrx_word' id='word_1_171' title='bbox 947 3293 1104 3367; x_wconf 88' lang='lat' dir='ltr'><strong>tamquam</strong></span> <span class='ocrx_word' id='word_1_172' title='bbox 1121 3289 1279 3350; x_wconf 88' lang='lat' dir='ltr'><strong>districtus</strong></span> <span class='ocrx_word' id='word_1_173' title='bbox 1293 3303 1325 3350; x_wconf 89' lang='lat' dir='ltr'><strong>e·</strong></span> 
     </span>
     <span class='ocr_line' id='line_1_34' title="bbox 577 3382 1323 3466; baseline -0.005 -18"><span class='ocrx_word' id='word_1_174' title='bbox 577 3385 735 3466; x_wconf 89' lang='lat' dir='ltr'><strong>piscopalis</strong></span> <span class='ocrx_word' id='word_1_175' title='bbox 757 3382 872 3444; x_wconf 92' lang='lat' dir='ltr'><strong>vicario</strong></span> <span class='ocrx_word' id='word_1_176' title='bbox 892 3398 948 3442; x_wconf 92' lang='lat' dir='ltr'><strong>suo</strong></span> <span class='ocrx_word' id='word_1_177' title='bbox 970 3382 1106 3458; x_wconf 90' lang='lat' dir='ltr'><strong>generali</strong></span> <span class='ocrx_word' id='word_1_178' title='bbox 1128 3383 1323 3460; x_wconf 90' lang='lat' dir='ltr'><strong>sullraganeo</strong></span> 
     </span>
     <span class='ocr_line' id='line_1_35' title="bbox 577 3475 1325 3554; baseline -0.005 -12"><span class='ocrx_word' id='word_1_179' title='bbox 577 3479 717 3542; x_wconf 82' lang='lat' dir='ltr'><strong>auxiliari</strong></span> <span class='ocrx_word' id='word_1_180' title='bbox 739 3475 847 3538; x_wconf 89' lang='lat' dir='ltr'><strong>tradita</strong></span> <span class='ocrx_word' id='word_1_181' title='bbox 870 3475 927 3537; x_wconf 91' lang='lat' dir='ltr'><strong>luit</strong></span> <span class='ocrx_word' id='word_1_182' title='bbox 957 3475 1208 3552; x_wconf 88' lang='lat' dir='ltr'><strong>administranda,</strong></span> <span class='ocrx_word' id='word_1_183' title='bbox 1232 3478 1325 3554; x_wconf 86' lang='lat' dir='ltr'><strong>erigi-</strong></span> 
     </span>
     <span class='ocr_line' id='line_1_36' title="bbox 579 3569 1324 3643; baseline -0.007 -5"><span class='ocrx_word' id='word_1_184' title='bbox 579 3590 649 3638; x_wconf 90' lang='lat' dir='ltr'><strong>mus</strong></span> <span class='ocrx_word' id='word_1_185' title='bbox 670 3588 703 3633; x_wconf 88' lang='lat' dir='ltr'><strong>ac</strong></span> <span class='ocrx_word' id='word_1_186' title='bbox 722 3569 1040 3643; x_wconf 73' lang='lat' dir='ltr'><strong>consummassem</strong></span> <span class='ocrx_word' id='word_1_187' title='bbox 1057 3571 1201 3633; x_wconf 87' lang='lat' dir='ltr'><strong>omnibus</strong></span> <span class='ocrx_word' id='word_1_188' title='bbox 1215 3579 1246 3632; x_wconf 93' lang='lat' dir='ltr'><strong>et</strong></span> <span class='ocrx_word' id='word_1_189' title='bbox 1260 3573 1324 3633; x_wconf 91' lang='lat' dir='ltr'><strong>sin-</strong></span> 
     </span>
     <span class='ocr_line' id='line_1_37' title="bbox 579 3660 1324 3746; baseline -0.003 -18"><span class='ocrx_word' id='word_1_190' title='bbox 579 3667 660 3746; x_wconf 89' lang='lat' dir='ltr'><strong>gulis</strong></span> <span class='ocrx_word' id='word_1_191' title='bbox 674 3663 792 3727; x_wconf 92' lang='lat' dir='ltr'><strong>iuribus</strong></span> <span class='ocrx_word' id='word_1_192' title='bbox 807 3667 838 3723; x_wconf 88' lang='lat' dir='ltr'><strong>el</strong></span> <span class='ocrx_word' id='word_1_193' title='bbox 849 3660 1029 3738; x_wconf 89' lang='lat' dir='ltr'><strong>privilegiis,</strong></span> <span class='ocrx_word' id='word_1_194' title='bbox 1044 3661 1223 3739; x_wconf 84' lang='lat' dir='ltr'><strong>lionoriltus,</strong></span> <span class='ocrx_word' id='word_1_195' title='bbox 1239 3681 1324 3743; x_wconf 91' lang='lat' dir='ltr'><strong>prae·</strong></span> 
     </span>
     <span class='ocr_line' id='line_1_38' title="bbox 579 3755 1324 3839; baseline -0.008 -15"><span class='ocrx_word' id='word_1_196' title='bbox 579 3760 738 3839; x_wconf 80' lang='lat' dir='ltr'><strong>negativis,</strong></span> <span class='ocrx_word' id='word_1_197' title='bbox 753 3755 1014 3833; x_wconf 88' lang='lat' dir='ltr'><strong>immunitatibus,</strong></span> <span class='ocrx_word' id='word_1_198' title='bbox 1031 3757 1137 3832; x_wconf 87' lang='lat' dir='ltr'><strong>gratiis</strong></span> <span class='ocrx_word' id='word_1_199' title='bbox 1150 3765 1182 3818; x_wconf 91' lang='lat' dir='ltr'><strong>et</strong></span> <span class='ocrx_word' id='word_1_200' title='bbox 1196 3756 1324 3820; x_wconf 89' lang='lat' dir='ltr'><strong>indultis</strong></span> 
     </span>
     <span class='ocr_line' id='line_1_39' title="bbox 577 3849 1324 3935; baseline -0.011 -15"><span class='ocrx_word' id='word_1_201' title='bbox 577 3852 741 3935; x_wconf 83' lang='lat' dir='ltr'><strong>episcopali</strong></span> <span class='ocrx_word' id='word_1_202' title='bbox 762 3849 892 3914; x_wconf 90' lang='lat' dir='ltr'><strong>dioecesi</strong></span> <span class='ocrx_word' id='word_1_203' title='bbox 914 3850 951 3911; x_wconf 89' lang='lat' dir='ltr'><strong>de</strong></span> <span class='ocrx_word' id='word_1_204' title='bbox 973 3849 1052 3923; x_wconf 91' lang='lat' dir='ltr'><strong>iure,</strong></span> <span class='ocrx_word' id='word_1_205' title='bbox 1075 3865 1133 3912; x_wconf 92' lang='lat' dir='ltr'><strong>usu</strong></span> <span class='ocrx_word' id='word_1_206' title='bbox 1151 3858 1182 3911; x_wconf 91' lang='lat' dir='ltr'><strong>et</strong></span> <span class='ocrx_word' id='word_1_207' title='bbox 1196 3866 1324 3912; x_wconf 90' lang='lat' dir='ltr'><strong>consue-</strong></span> 
     </span>
     <span class='ocr_line' id='line_1_40' title="bbox 580 3943 1325 4023; baseline -0.008 -11"><span class='ocrx_word' id='word_1_208' title='bbox 580 3950 687 4012; x_wconf 90' lang='lat' dir='ltr'><strong>tudine</strong></span> <span class='ocrx_word' id='word_1_209' title='bbox 711 3943 971 4023; x_wconf 84' lang='lat' dir='ltr'><strong>competentibus,</strong></span> <span class='ocrx_word' id='word_1_210' title='bbox 993 3959 1027 4005; x_wconf 90' lang='lat' dir='ltr'><strong>ac</strong></span> <span class='ocrx_word' id='word_1_211' title='bbox 1047 3943 1212 4006; x_wconf 90' lang='lat' dir='ltr'><strong>dioecesim</strong></span> <span class='ocrx_word' id='word_1_212' title='bbox 1240 3959 1325 4023; x_wconf 89' lang='lat' dir='ltr'><strong>prae-</strong></span> 
     </span>
     <span class='ocr_line' id='line_1_41' title="bbox 580 4035 1325 4120; baseline -0.003 -16"><span class='ocrx_word' id='word_1_213' title='bbox 580 4042 694 4104; x_wconf 91' lang='lat' dir='ltr'><strong>dictam</strong></span> <span class='ocrx_word' id='word_1_214' title='bbox 713 4040 757 4100; x_wconf 89' lang='lat' dir='ltr'><strong>sic</strong></span> <span class='ocrx_word' id='word_1_215' title='bbox 777 4055 793 4099; x_wconf 91' lang='lat' dir='ltr'><strong>a</strong></span> <span class='ocrx_word' id='word_1_216' title='bbox 815 4035 901 4098; x_wconf 82' lang='lat' dir='ltr'><strong>uoltis</strong></span> <span class='ocrx_word' id='word_1_217' title='bbox 932 4044 1067 4099; x_wconf 87' lang='lat' dir='ltr'><strong>erectam</strong></span> <span class='ocrx_word' id='word_1_218' title='bbox 1099 4039 1239 4118; x_wconf 88' lang='lat' dir='ltr'><strong>Episcopi</strong></span> <span class='ocrx_word' id='word_1_219' title='bbox 1270 4057 1325 4120; x_wconf 90' lang='lat' dir='ltr'><strong>pro</strong></span> 
     </span>
     <span class='ocr_line' id='line_1_42' title="bbox 582 4129 1325 4214; baseline -0.005 -15"><span class='ocrx_word' id='word_1_220' title='bbox 582 4147 720 4214; x_wconf 88' lang='lat' dir='ltr'><strong>tempore</strong></span> <span class='ocrx_word' id='word_1_221' title='bbox 741 4133 779 4194; x_wconf 87' lang='lat' dir='ltr'><strong>ab</strong></span> <span class='ocrx_word' id='word_1_222' title='bbox 799 4131 854 4198; x_wconf 82' lang='lat' dir='ltr'><strong>itae</strong></span> <span class='ocrx_word' id='word_1_223' title='bbox 870 4129 978 4194; x_wconf 85' lang='lat' dir='ltr'><strong>Sancta</strong></span> <span class='ocrx_word' id='word_1_224' title='bbox 995 4129 1072 4196; x_wconf 86' lang='lat' dir='ltr'><strong>sede</strong></span> <span class='ocrx_word' id='word_1_225' title='bbox 1086 4132 1221 4212; x_wconf 90' lang='lat' dir='ltr'><strong>eligendi</strong></span> <span class='ocrx_word' id='word_1_226' title='bbox 1235 4134 1325 4196; x_wconf 90' lang='lat' dir='ltr'><strong>iuris·</strong></span> 
     </span>
     <span class='ocr_line' id='line_1_43' title="bbox 580 4223 1327 4307; baseline 0 -15"><span class='ocrx_word' id='word_1_227' title='bbox 580 4228 706 4292; x_wconf 90' lang='lat' dir='ltr'><strong>dictioni</strong></span> <span class='ocrx_word' id='word_1_228' title='bbox 734 4235 766 4290; x_wconf 90' lang='lat' dir='ltr'><strong>et</strong></span> <span class='ocrx_word' id='word_1_229' title='bbox 791 4225 932 4307; x_wconf 83' lang='lat' dir='ltr'><strong>potestati</strong></span> <span class='ocrx_word' id='word_1_230' title='bbox 960 4223 1133 4290; x_wconf 86' lang='lat' dir='ltr'><strong>ordinariae</strong></span> <span class='ocrx_word' id='word_1_231' title='bbox 1160 4227 1327 4305; x_wconf 90' lang='lat' dir='ltr'><strong>spirituali-</strong></span> 
     </span>
     <span class='ocr_line' id='line_1_44' title="bbox 581 4319 1325 4406; baseline -0.001 -18"><span class='ocrx_word' id='word_1_232' title='bbox 581 4341 642 4406; x_wconf 87' lang='lat' dir='ltr'><strong>que</strong></span> <span class='ocrx_word' id='word_1_233' title='bbox 669 4319 828 4397; x_wconf 89' lang='lat' dir='ltr'><strong>reglmini,</strong></span> <span class='ocrx_word' id='word_1_234' title='bbox 851 4319 1031 4380; x_wconf 86' lang='lat' dir='ltr'><strong>auctoritate</strong></span> <span class='ocrx_word' id='word_1_235' title='bbox 1057 4327 1088 4380; x_wconf 91' lang='lat' dir='ltr'><strong>et</strong></span> <span class='ocrx_word' id='word_1_236' title='bbox 1111 4327 1218 4383; x_wconf 92' lang='lat' dir='ltr'><strong>tenore</strong></span> <span class='ocrx_word' id='word_1_237' title='bbox 1241 4340 1325 4404; x_wconf 89' lang='lat' dir='ltr'><strong>prae-</strong></span> 
     </span>
     <span class='ocr_line' id='line_1_45' title="bbox 581 4417 1326 4496; baseline -0.004 -10"><span class='ocrx_word' id='word_1_238' title='bbox 581 4422 681 4495; x_wconf 91' lang='lat' dir='ltr'><strong>dictis,</strong></span> <span class='ocrx_word' id='word_1_239' title='bbox 707 4417 899 4492; x_wconf 87' lang='lat' dir='ltr'><strong>subiicimus,</strong></span> <span class='ocrx_word' id='word_1_240' title='bbox 924 4429 1054 4496; x_wconf 86' lang='lat' dir='ltr'><strong>eamque</strong></span> <span class='ocrx_word' id='word_1_241' title='bbox 1075 4432 1091 4476; x_wconf 92' lang='lat' dir='ltr'><strong>a</strong></span> <span class='ocrx_word' id='word_1_242' title='bbox 1117 4417 1245 4481; x_wconf 90' lang='lat' dir='ltr'><strong>dioecesi</strong></span> <span class='ocrx_word' id='word_1_243' title='bbox 1275 4428 1326 4483; x_wconf 89' lang='lat' dir='ltr'><strong>tua</strong></span> 
     </span>
     <span class='ocr_line' id='line_1_46' title="bbox 580 4511 1325 4590; baseline -0.001 -11"><span class='ocrx_word' id='word_1_244' title='bbox 580 4513 770 4590; x_wconf 83' lang='lat' dir='ltr'><strong>Quebecensi</strong></span> <span class='ocrx_word' id='word_1_245' title='bbox 788 4518 937 4590; x_wconf 88' lang='lat' dir='ltr'><strong>perpetuo</strong></span> <span class='ocrx_word' id='word_1_246' title='bbox 951 4511 1135 4574; x_wconf 89' lang='lat' dir='ltr'><strong>disiunctam</strong></span> <span class='ocrx_word' id='word_1_247' title='bbox 1151 4522 1182 4576; x_wconf 92' lang='lat' dir='ltr'><strong>et</strong></span> <span class='ocrx_word' id='word_1_248' title='bbox 1196 4513 1325 4578; x_wconf 90' lang='lat' dir='ltr'><strong>divisam</strong></span> 
     </span>
     <span class='ocr_line' id='line_1_47' title="bbox 581 4605 1326 4686; baseline -0.001 -13"><span class='ocrx_word' id='word_1_249' title='bbox 581 4609 782 4673; x_wconf 88' lang='lat' dir='ltr'><strong>declaramus.</strong></span> <span class='ocrx_word' id='word_1_250' title='bbox 806 4605 981 4673; x_wconf 77' lang='lat' dir='ltr'><strong>Mandantes</strong></span> <span class='ocrx_word' id='word_1_251' title='bbox 1010 4615 1170 4686; x_wconf 85' lang='lat' dir='ltr'><strong>propterea</strong></span> <span class='ocrx_word' id='word_1_252' title='bbox 1191 4609 1274 4670; x_wconf 91' lang='lat' dir='ltr'><strong>clero</strong></span> <span class='ocrx_word' id='word_1_253' title='bbox 1295 4617 1326 4672; x_wconf 91' lang='lat' dir='ltr'><strong>et</strong></span> 
     </span>
     <span class='ocr_line' id='line_1_48' title="bbox 581 4699 1327 4784; baseline 0 -20"><span class='ocrx_word' id='word_1_254' title='bbox 581 4701 696 4784; x_wconf 89' lang='lat' dir='ltr'><strong>populo</strong></span> <span class='ocrx_word' id='word_1_255' title='bbox 717 4700 815 4768; x_wconf 89' lang='lat' dir='ltr'><strong>dictae</strong></span> <span class='ocrx_word' id='word_1_256' title='bbox 837 4715 933 4764; x_wconf 87' lang='lat' dir='ltr'><strong>novae</strong></span> <span class='ocrx_word' id='word_1_257' title='bbox 954 4700 1111 4776; x_wconf 83' lang='lat' dir='ltr'><strong>dioecesis,</strong></span> <span class='ocrx_word' id='word_1_258' title='bbox 1129 4708 1162 4766; x_wconf 89' lang='grc' dir='ltr'><strong>ιιι</strong></span> <span class='ocrx_word' id='word_1_259' title='bbox 1178 4699 1327 4780; x_wconf 81' lang='lat' dir='ltr'><strong>Episcopo</strong></span> 
     </span>
     <span class='ocr_line' id='line_1_49' title="bbox 583 4791 1326 4875; baseline -0.003 -15"><span class='ocrx_word' id='word_1_260' title='bbox 583 4810 637 4875; x_wconf 90' lang='lat' dir='ltr'><strong>per</strong></span> <span class='ocrx_word' id='word_1_261' title='bbox 658 4811 714 4857; x_wconf 91' lang='lat' dir='ltr'><strong>nus</strong></span> <span class='ocrx_word' id='word_1_262' title='bbox 735 4803 766 4856; x_wconf 91' lang='lat' dir='ltr'><strong>et</strong></span> <span class='ocrx_word' id='word_1_263' title='bbox 786 4797 865 4856; x_wconf 86' lang='lat' dir='ltr'><strong>lianc</strong></span> <span class='ocrx_word' id='word_1_264' title='bbox 887 4791 1029 4856; x_wconf 88' lang='lat' dir='ltr'><strong>Sanctam</strong></span> <span class='ocrx_word' id='word_1_265' title='bbox 1051 4791 1161 4856; x_wconf 89' lang='lat' dir='ltr'><strong>Sedem</strong></span> <span class='ocrx_word' id='word_1_266' title='bbox 1177 4808 1232 4871; x_wconf 91' lang='lat' dir='ltr'><strong>pro</strong></span> <span class='ocrx_word' id='word_1_267' title='bbox 1250 4803 1326 4858; x_wconf 90' lang='lat' dir='ltr'><strong>tem·</strong></span> 
     </span>
     <span class='ocr_line' id='line_1_50' title="bbox 583 4888 1327 4973; baseline -0.001 -17"><span class='ocrx_word' id='word_1_268' title='bbox 583 4909 657 4973; x_wconf 93' lang='lat' dir='ltr'><strong>pore</strong></span> <span class='ocrx_word' id='word_1_269' title='bbox 677 4889 820 4968; x_wconf 87' lang='lat' dir='ltr'><strong>eligendo</strong></span> <span class='ocrx_word' id='word_1_270' title='bbox 850 4888 983 4950; x_wconf 88' lang='lat' dir='ltr'><strong>debitam</strong></span> <span class='ocrx_word' id='word_1_271' title='bbox 1005 4898 1162 4967; x_wconf 87' lang='lat' dir='ltr'><strong>praestent</strong></span> <span class='ocrx_word' id='word_1_272' title='bbox 1183 4891 1327 4958; x_wconf 88' lang='lat' dir='ltr'><strong>obedien·</strong></span> 
     </span>
     <span class='ocr_line' id='line_1_51' title="bbox 582 4983 948 5054; baseline -0.027 0"><span class='ocrx_word' id='word_1_273' title='bbox 582 4991 659 5054; x_wconf 89' lang='lat' dir='ltr'><strong>tiam</strong></span> <span class='ocrx_word' id='word_1_274' title='bbox 679 4995 710 5050; x_wconf 90' lang='lat' dir='ltr'><strong>et</strong></span> <span class='ocrx_word' id='word_1_275' title='bbox 731 4983 948 5049; x_wconf 86' lang='lat' dir='ltr'><strong>reverentiam.</strong></span> 
     </span>
    </p>

    <p class='ocr_par' dir='ltr' id='par_1_4' title="bbox 583 5079 1331 5816">
     <span class='ocr_line' id='line_1_52' title="bbox 623 5079 1329 5162; baseline -0.003 -13"><span class='ocrx_word' id='word_1_276' title='bbox 623 5086 643 5162; x_wconf 64' lang='grc' dir='ltr'><strong><em>ὃ</em></strong></span> <span class='ocrx_word' id='word_1_277' title='bbox 664 5083 693 5148; x_wconf 83' lang='grc'><strong>3.</strong></span> <span class='ocrx_word' id='word_1_278' title='bbox 713 5081 921 5146; x_wconf 88' lang='lat' dir='ltr'><strong>Decernentes</strong></span> <span class='ocrx_word' id='word_1_279' title='bbox 935 5079 1055 5144; x_wconf 74' lang='lat' dir='ltr'><strong>eadem</strong></span> <span class='ocrx_word' id='word_1_280' title='bbox 1070 5091 1246 5159; x_wconf 88' lang='lat' dir='ltr'><strong>praesentes</strong></span> <span class='ocrx_word' id='word_1_281' title='bbox 1262 5083 1329 5148; x_wconf 89' lang='lat' dir='ltr'><strong>lite·</strong></span> 
     </span>
     <span class='ocr_line' id='line_1_53' title="bbox 584 5173 1329 5254; baseline -0.003 -13"><span class='ocrx_word' id='word_1_282' title='bbox 584 5195 632 5242; x_wconf 90' lang='lat' dir='ltr'><strong>ras</strong></span> <span class='ocrx_word' id='word_1_283' title='bbox 651 5190 774 5254; x_wconf 90' lang='lat' dir='ltr'><strong>semper</strong></span> <span class='ocrx_word' id='word_1_284' title='bbox 794 5174 911 5248; x_wconf 89' lang='lat' dir='ltr'><strong>llrmas,</strong></span> <span class='ocrx_word' id='word_1_285' title='bbox 933 5173 1046 5236; x_wconf 88' lang='lat' dir='ltr'><strong>validas</strong></span> <span class='ocrx_word' id='word_1_286' title='bbox 1063 5183 1094 5241; x_wconf 90' lang='lat' dir='ltr'><strong>et</strong></span> <span class='ocrx_word' id='word_1_287' title='bbox 1108 5175 1245 5238; x_wconf 81' lang='lat' dir='ltr'><strong>efficaces</strong></span> <span class='ocrx_word' id='word_1_288' title='bbox 1265 5177 1329 5240; x_wconf 82' lang='lat' dir='ltr'><strong>exi·</strong></span> 
     </span>
     <span class='ocr_line' id='line_1_54' title="bbox 583 5266 1329 5346; baseline 0 -12"><span class='ocrx_word' id='word_1_289' title='bbox 583 5278 666 5336; x_wconf 86' lang='lat' dir='ltr'><strong>stare</strong></span> <span class='ocrx_word' id='word_1_290' title='bbox 686 5287 720 5334; x_wconf 91' lang='lat' dir='ltr'><strong>ac</strong></span> <span class='ocrx_word' id='word_1_291' title='bbox 734 5266 811 5344; x_wconf 89' lang='lat' dir='ltr'><strong>iore,</strong></span> <span class='ocrx_word' id='word_1_292' title='bbox 823 5281 955 5344; x_wconf 89' lang='lat' dir='ltr'><strong>suosque</strong></span> <span class='ocrx_word' id='word_1_293' title='bbox 977 5266 1131 5345; x_wconf 89' lang='lat' dir='ltr'><strong>plenarios</strong></span> <span class='ocrx_word' id='word_1_294' title='bbox 1144 5277 1176 5331; x_wconf 92' lang='lat' dir='ltr'><strong>et</strong></span> <span class='ocrx_word' id='word_1_295' title='bbox 1191 5269 1329 5346; x_wconf 89' lang='lat' dir='ltr'><strong>integros</strong></span> 
     </span>
     <span class='ocr_line' id='line_1_55' title="bbox 584 5359 1329 5443; baseline -0.007 -12"><span class='ocrx_word' id='word_1_296' title='bbox 584 5365 712 5432; x_wconf 77' lang='lat' dir='ltr'><strong>effectus</strong></span> <span class='ocrx_word' id='word_1_297' title='bbox 731 5361 837 5428; x_wconf 90' lang='lat' dir='ltr'><strong>sortiri</strong></span> <span class='ocrx_word' id='word_1_298' title='bbox 854 5370 885 5423; x_wconf 87' lang='lat' dir='ltr'><strong>et</strong></span> <span class='ocrx_word' id='word_1_299' title='bbox 899 5359 1052 5436; x_wconf 89' lang='lat' dir='ltr'><strong>obtinere,</strong></span> <span class='ocrx_word' id='word_1_300' title='bbox 1068 5377 1102 5424; x_wconf 91' lang='lat' dir='ltr'><strong>ac</strong></span> <span class='ocrx_word' id='word_1_301' title='bbox 1113 5361 1186 5437; x_wconf 91' lang='lat' dir='ltr'><strong>illis,</strong></span> <span class='ocrx_word' id='word_1_302' title='bbox 1201 5364 1236 5426; x_wconf 93' lang='lat' dir='ltr'><strong>ad</strong></span> <span class='ocrx_word' id='word_1_303' title='bbox 1252 5379 1329 5443; x_wconf 90' lang='lat' dir='ltr'><strong>quos</strong></span> 
     </span>
     <span class='ocr_line' id='line_1_56' title="bbox 583 5457 1331 5538; baseline -0.005 -16"><span class='ocrx_word' id='word_1_304' title='bbox 583 5466 699 5538; x_wconf 87' lang='lat' dir='ltr'><strong>spectat</strong></span> <span class='ocrx_word' id='word_1_305' title='bbox 720 5464 751 5519; x_wconf 93' lang='lat' dir='ltr'><strong>et</strong></span> <span class='ocrx_word' id='word_1_306' title='bbox 765 5473 820 5536; x_wconf 92' lang='lat' dir='ltr'><strong>pro</strong></span> <span class='ocrx_word' id='word_1_307' title='bbox 836 5461 976 5533; x_wconf 89' lang='lat' dir='ltr'><strong>tempore</strong></span> <span class='ocrx_word' id='word_1_308' title='bbox 990 5457 1248 5536; x_wconf 84' lang='lat' dir='ltr'><strong>quandocumque</strong></span> <span class='ocrx_word' id='word_1_309' title='bbox 1262 5473 1331 5536; x_wconf 88' lang='lat' dir='ltr'><strong>spe·</strong></span> 
     </span>
     <span class='ocr_line' id='line_1_57' title="bbox 584 5549 1331 5629; baseline -0.005 -13"><span class='ocrx_word' id='word_1_310' title='bbox 584 5553 690 5628; x_wconf 89' lang='lat' dir='ltr'><strong>ctabit,</strong></span> <span class='ocrx_word' id='word_1_311' title='bbox 707 5552 739 5614; x_wconf 93' lang='lat' dir='ltr'><strong>in</strong></span> <span class='ocrx_word' id='word_1_312' title='bbox 761 5549 903 5614; x_wconf 87' lang='lat' dir='ltr'><strong>omnibus</strong></span> <span class='ocrx_word' id='word_1_313' title='bbox 918 5557 949 5610; x_wconf 94' lang='lat' dir='ltr'><strong>et</strong></span> <span class='ocrx_word' id='word_1_314' title='bbox 964 5563 1018 5626; x_wconf 84' lang='lat' dir='ltr'><strong>per</strong></span> <span class='ocrx_word' id='word_1_315' title='bbox 1031 5550 1136 5612; x_wconf 86' lang='lat' dir='ltr'><strong>omnia</strong></span> <span class='ocrx_word' id='word_1_316' title='bbox 1150 5550 1331 5629; x_wconf 89' lang='lat' dir='ltr'><strong>plenissime</strong></span> 
     </span>
     <span class='ocr_line' id='line_1_58' title="bbox 584 5642 1331 5722; baseline -0.003 -14"><span class='ocrx_word' id='word_1_317' title='bbox 584 5645 757 5722; x_wconf 76' lang='lat' dir='ltr'><strong>suffragari,</strong></span> <span class='ocrx_word' id='word_1_318' title='bbox 771 5651 803 5708; x_wconf 90' lang='lat' dir='ltr'><strong>et</strong></span> <span class='ocrx_word' id='word_1_319' title='bbox 816 5644 854 5705; x_wconf 88' lang='lat' dir='ltr'><strong>ab</strong></span> <span class='ocrx_word' id='word_1_320' title='bbox 867 5643 911 5704; x_wconf 90' lang='lat' dir='ltr'><strong>eis</strong></span> <span class='ocrx_word' id='word_1_321' title='bbox 925 5642 1095 5719; x_wconf 88' lang='lat' dir='ltr'><strong>respective</strong></span> <span class='ocrx_word' id='word_1_322' title='bbox 1109 5643 1331 5706; x_wconf 86' lang='lat' dir='ltr'><strong>inviolabiliter</strong></span> 
     </span>
     <span class='ocr_line' id='line_1_59' title="bbox 585 5735 1331 5816; baseline -0.004 -15"><span class='ocrx_word' id='word_1_323' title='bbox 585 5737 762 5816; x_wconf 70' lang='lat' dir='ltr'><strong>observari,</strong></span> <span class='ocrx_word' id='word_1_324' title='bbox 783 5736 886 5816; x_wconf 90' lang='lat' dir='ltr'><strong>sicque</strong></span> <span class='ocrx_word' id='word_1_325' title='bbox 908 5736 941 5798; x_wconf 91' lang='lat' dir='ltr'><strong>in</strong></span> <span class='ocrx_word' id='word_1_326' title='bbox 965 5735 1139 5814; x_wconf 86' lang='lat' dir='ltr'><strong>praemissis</strong></span> <span class='ocrx_word' id='word_1_327' title='bbox 1161 5753 1218 5816; x_wconf 91' lang='lat' dir='ltr'><strong>per</strong></span> <span class='ocrx_word' id='word_1_328' title='bbox 1241 5753 1331 5816; x_wconf 93' lang='lat' dir='ltr'><strong>quos-</strong></span> 
     </span>
    </p>
   </div>
   <div class='ocr_carea' id='block_1_4' title="bbox 546 5937 1155 6020">
    <p class='ocr_par' dir='ltr' id='par_1_5' title="bbox 546 5937 1155 6020">
     <span class='ocr_line' id='line_1_60' title="bbox 546 5937 1155 6020; baseline -0.005 -15"><span class='ocrx_word' id='word_1_329' title='bbox 546 5937 550 5946; x_wconf 47' lang='lat'>¹</span> <span class='ocrx_word' id='word_1_330' title='bbox 628 5959 656 6020; x_wconf 76' lang='grc'><strong>111</strong></span> <span class='ocrx_word' id='word_1_331' title='bbox 671 5959 709 6006; x_wconf 77' lang='lat' dir='ltr'><strong>Ex</strong></span> <span class='ocrx_word' id='word_1_332' title='bbox 722 5959 785 6017; x_wconf 75' lang='lat' dir='ltr'><strong>Reg.</strong></span> <span class='ocrx_word' id='word_1_333' title='bbox 800 5955 923 6004; x_wconf 75' lang='lat' dir='ltr'><strong>licerium</strong></span> <span class='ocrx_word' id='word_1_334' title='bbox 937 5955 987 6004; x_wconf 80' lang='lat' dir='ltr'><strong>vol.</strong></span> <span class='ocrx_word' id='word_1_335' title='bbox 1003 5959 1055 6014; x_wconf 76' lang='lat'>111..</span> <span class='ocrx_word' id='word_1_336' title='bbox 1070 5969 1093 6016; x_wconf 90' lang='lat' dir='ltr'><strong>p.</strong></span> <span class='ocrx_word' id='word_1_337' title='bbox 1108 5959 1155 6002; x_wconf 81' lang='lat' dir='ltr'><strong>tot.</strong></span> 
     </span>
    </p>
   </div>
   <div class='ocr_carea' id='block_1_5' title="bbox 1090 542 1587 600">
    <p class='ocr_par' dir='ltr' id='par_1_6' title="bbox 1090 542 1587 600">
     <span class='ocr_line' id='line_1_61' title="bbox 1090 542 1587 600; baseline -0.004 -1"><span class='ocrx_word' id='word_1_338' title='bbox 1090 546 1154 599; x_wconf 85' lang='grc'><strong>11111.</strong></span> <span class='ocrx_word' id='word_1_339' title='bbox 1178 542 1269 600; x_wconf 66' lang='lat' dir='ltr'><strong>PONE·</strong></span> <span class='ocrx_word' id='word_1_340' title='bbox 1292 543 1333 599; x_wconf 71' lang='lat' dir='ltr'><strong>DE</strong></span> <span class='ocrx_word' id='word_1_341' title='bbox 1354 551 1383 597; x_wconf 73' lang='lat' dir='ltr'><strong>P·</strong></span> <span class='ocrx_word' id='word_1_342' title='bbox 1408 548 1437 600; x_wconf 67' lang='lat' dir='ltr'><strong>R·</strong></span> <span class='ocrx_word' id='word_1_343' title='bbox 1461 549 1543 600; x_wconf 70' lang='lat' dir='ltr'><strong>PARS</strong></span> <span class='ocrx_word' id='word_1_344' title='bbox 1565 549 1587 600; x_wconf 92' lang='grc'><strong>1.</strong></span> 
     </span>
    </p>
   </div>
   <div class='ocr_carea' id='block_1_6' title="bbox 1369 670 2123 2152">
    <p class='ocr_par' dir='ltr' id='par_1_7' title="bbox 1369 670 2120 1218">
     <span class='ocr_line' id='line_1_62' title="bbox 1369 670 2115 750; baseline -0.003 -16"><span class='ocrx_word' id='word_1_345' title='bbox 1369 685 1503 750; x_wconf 92' lang='lat' dir='ltr'><strong>cumque</strong></span> <span class='ocrx_word' id='word_1_346' title='bbox 1534 673 1648 739; x_wconf 86' lang='lat' dir='ltr'><strong>iudices</strong></span> <span class='ocrx_word' id='word_1_347' title='bbox 1679 671 1850 738; x_wconf 87' lang='lat' dir='ltr'><strong>ordinarios</strong></span> <span class='ocrx_word' id='word_1_348' title='bbox 1881 679 1912 735; x_wconf 90' lang='lat' dir='ltr'><strong>et</strong></span> <span class='ocrx_word' id='word_1_349' title='bbox 1943 670 2115 749; x_wconf 83' lang='lat' dir='ltr'><strong>delegatos,</strong></span> 
     </span>
     <span class='ocr_line' id='line_1_63' title="bbox 1369 765 2117 847; baseline 0.001 -19"><span class='ocrx_word' id='word_1_350' title='bbox 1369 766 1462 830; x_wconf 88' lang='lat' dir='ltr'><strong>etiam</strong></span> <span class='ocrx_word' id='word_1_351' title='bbox 1484 783 1643 830; x_wconf 88' lang='lat' dir='ltr'><strong>causarum</strong></span> <span class='ocrx_word' id='word_1_352' title='bbox 1666 766 1765 847; x_wconf 87' lang='lat' dir='ltr'><strong>palatii</strong></span> <span class='ocrx_word' id='word_1_353' title='bbox 1781 766 1881 831; x_wconf 87' lang='lat' dir='ltr'><strong>nostri</strong></span> <span class='ocrx_word' id='word_1_354' title='bbox 1894 765 2051 846; x_wconf 86' lang='lat' dir='ltr'><strong>apostolici</strong></span> <span class='ocrx_word' id='word_1_355' title='bbox 2066 782 2117 829; x_wconf 88' lang='lat' dir='ltr'><strong>au·</strong></span> 
     </span>
     <span class='ocr_line' id='line_1_64' title="bbox 1369 857 2118 936; baseline 0.003 -18"><span class='ocrx_word' id='word_1_356' title='bbox 1369 857 1495 936; x_wconf 85' lang='lat' dir='ltr'><strong>ditores,</strong></span> <span class='ocrx_word' id='word_1_357' title='bbox 1511 861 1640 924; x_wconf 89' lang='lat' dir='ltr'><strong>iudicari</strong></span> <span class='ocrx_word' id='word_1_358' title='bbox 1654 869 1686 922; x_wconf 89' lang='lat' dir='ltr'><strong>et</strong></span> <span class='ocrx_word' id='word_1_359' title='bbox 1706 860 1828 924; x_wconf 85' lang='lat' dir='ltr'><strong>deliniri</strong></span> <span class='ocrx_word' id='word_1_360' title='bbox 1849 859 1973 936; x_wconf 88' lang='lat' dir='ltr'><strong>debere,</strong></span> <span class='ocrx_word' id='word_1_361' title='bbox 1994 875 2027 922; x_wconf 89' lang='lat' dir='ltr'><strong>ac</strong></span> <span class='ocrx_word' id='word_1_362' title='bbox 2050 859 2118 921; x_wconf 90' lang='lat' dir='ltr'><strong>irri-</strong></span> 
     </span>
     <span class='ocr_line' id='line_1_65' title="bbox 1370 953 2118 1034; baseline 0.001 -21"><span class='ocrx_word' id='word_1_363' title='bbox 1370 958 1439 1016; x_wconf 89' lang='lat' dir='ltr'><strong>tum</strong></span> <span class='ocrx_word' id='word_1_364' title='bbox 1453 961 1485 1016; x_wconf 91' lang='lat' dir='ltr'><strong>et</strong></span> <span class='ocrx_word' id='word_1_365' title='bbox 1498 953 1603 1028; x_wconf 89' lang='lat' dir='ltr'><strong>inane,</strong></span> <span class='ocrx_word' id='word_1_366' title='bbox 1618 955 1643 1016; x_wconf 90' lang='lat' dir='ltr'><strong>si</strong></span> <span class='ocrx_word' id='word_1_367' title='bbox 1658 970 1745 1016; x_wconf 88' lang='lat' dir='ltr'><strong>secus</strong></span> <span class='ocrx_word' id='word_1_368' title='bbox 1762 969 1854 1034; x_wconf 88' lang='lat' dir='ltr'><strong>super</strong></span> <span class='ocrx_word' id='word_1_369' title='bbox 1868 954 1916 1016; x_wconf 85' lang='lat' dir='ltr'><strong>liis</strong></span> <span class='ocrx_word' id='word_1_370' title='bbox 1930 971 1946 1016; x_wconf 88' lang='lat' dir='ltr'><strong>a</strong></span> <span class='ocrx_word' id='word_1_371' title='bbox 1961 968 2118 1034; x_wconf 90' lang='lat' dir='ltr'><strong>quoquam</strong></span> 
     </span>
     <span class='ocr_line' id='line_1_66' title="bbox 1370 1047 2120 1126; baseline 0 -18"><span class='ocrx_word' id='word_1_372' title='bbox 1370 1047 1476 1126; x_wconf 90' lang='lat' dir='ltr'><strong>quavis</strong></span> <span class='ocrx_word' id='word_1_373' title='bbox 1499 1049 1681 1110; x_wconf 89' lang='lat' dir='ltr'><strong>auctoritate</strong></span> <span class='ocrx_word' id='word_1_374' title='bbox 1707 1047 1844 1110; x_wconf 87' lang='lat' dir='ltr'><strong>scienter</strong></span> <span class='ocrx_word' id='word_1_375' title='bbox 1866 1047 1915 1112; x_wconf 89' lang='lat' dir='ltr'><strong>vel</strong></span> <span class='ocrx_word' id='word_1_376' title='bbox 1937 1047 2120 1125; x_wconf 81' lang='lat' dir='ltr'><strong>ignoranter</strong></span> 
     </span>
     <span class='ocr_line' id='line_1_67' title="bbox 1370 1141 1712 1218; baseline -0.003 -14"><span class='ocrx_word' id='word_1_377' title='bbox 1370 1141 1536 1218; x_wconf 88' lang='lat' dir='ltr'><strong>contigerit</strong></span> <span class='ocrx_word' id='word_1_378' title='bbox 1556 1142 1712 1205; x_wconf 88' lang='lat' dir='ltr'><strong>attentari.</strong></span> 
     </span>
    </p>

    <p class='ocr_par' dir='ltr' id='par_1_8' title="bbox 1371 1232 2123 1873">
     <span class='ocr_line' id='line_1_68' title="bbox 1410 1232 2119 1314; baseline -0.001 -18"><span class='ocrx_word' id='word_1_379' title='bbox 1410 1233 1479 1310; x_wconf 70' lang='lat' dir='ltr'><strong>§b</strong></span> <span class='ocrx_word' id='word_1_380' title='bbox 1503 1232 1572 1297; x_wconf 90' lang='lat' dir='ltr'><strong>Nou</strong></span> <span class='ocrx_word' id='word_1_381' title='bbox 1601 1234 1796 1298; x_wconf 84' lang='lat' dir='ltr'><strong>obstantibus</strong></span> <span class='ocrx_word' id='word_1_382' title='bbox 1824 1234 1997 1314; x_wconf 89' lang='lat' dir='ltr'><strong>apostolicis</strong></span> <span class='ocrx_word' id='word_1_383' title='bbox 2023 1251 2058 1296; x_wconf 89' lang='lat' dir='ltr'><strong>ac</strong></span> <span class='ocrx_word' id='word_1_384' title='bbox 2085 1233 2119 1295; x_wconf 93' lang='lat' dir='ltr'><strong>in</strong></span> 
     </span>
     <span class='ocr_line' id='line_1_69' title="bbox 1371 1327 2123 1407; baseline -0.005 -17"><span class='ocrx_word' id='word_1_385' title='bbox 1371 1327 1598 1390; x_wconf 85' lang='lat' dir='ltr'><strong>universalibus</strong></span> <span class='ocrx_word' id='word_1_386' title='bbox 1616 1328 1919 1407; x_wconf 86' lang='lat' dir='ltr'><strong>provincialibusque</strong></span> <span class='ocrx_word' id='word_1_387' title='bbox 1939 1335 1969 1390; x_wconf 91' lang='lat' dir='ltr'><strong>et</strong></span> <span class='ocrx_word' id='word_1_388' title='bbox 1991 1327 2123 1406; x_wconf 76' lang='lat' dir='ltr'><strong>synoda·</strong></span> 
     </span>
     <span class='ocr_line' id='line_1_70' title="bbox 1371 1419 2121 1499; baseline -0.001 -17"><span class='ocrx_word' id='word_1_389' title='bbox 1371 1420 1452 1484; x_wconf 87' lang='lat' dir='ltr'><strong>libus</strong></span> <span class='ocrx_word' id='word_1_390' title='bbox 1479 1419 1617 1483; x_wconf 92' lang='lat' dir='ltr'><strong>conciliis</strong></span> <span class='ocrx_word' id='word_1_391' title='bbox 1643 1419 1732 1484; x_wconf 90' lang='lat' dir='ltr'><strong>editis</strong></span> <span class='ocrx_word' id='word_1_392' title='bbox 1757 1421 1954 1499; x_wconf 89' lang='lat' dir='ltr'><strong>generalibus</strong></span> <span class='ocrx_word' id='word_1_393' title='bbox 1982 1419 2033 1482; x_wconf 91' lang='lat' dir='ltr'><strong>rel</strong></span> <span class='ocrx_word' id='word_1_394' title='bbox 2053 1434 2121 1498; x_wconf 78' lang='lat' dir='ltr'><strong>spe</strong></span> 
     </span>
     <span class='ocr_line' id='line_1_71' title="bbox 1371 1511 2121 1589; baseline -0.003 -13"><span class='ocrx_word' id='word_1_395' title='bbox 1371 1513 1498 1576; x_wconf 87' lang='lat' dir='ltr'><strong>cialibus</strong></span> <span class='ocrx_word' id='word_1_396' title='bbox 1519 1512 1793 1584; x_wconf 87' lang='lat' dir='ltr'><strong>constitutionibus</strong></span> <span class='ocrx_word' id='word_1_397' title='bbox 1814 1523 1846 1577; x_wconf 91' lang='lat' dir='ltr'><strong>et</strong></span> <span class='ocrx_word' id='word_1_398' title='bbox 1861 1511 2121 1589; x_wconf 87' lang='lat' dir='ltr'><strong>ordinationibus,</strong></span> 
     </span>
     <span class='ocr_line' id='line_1_72' title="bbox 1372 1604 2123 1686; baseline -0.001 -17"><span class='ocrx_word' id='word_1_399' title='bbox 1372 1607 1563 1685; x_wconf 89' lang='lat' dir='ltr'><strong>caeterisque</strong></span> <span class='ocrx_word' id='word_1_400' title='bbox 1587 1609 1683 1670; x_wconf 88' lang='lat' dir='ltr'><strong>etiam</strong></span> <span class='ocrx_word' id='word_1_401' title='bbox 1708 1607 1831 1686; x_wconf 91' lang='lat' dir='ltr'><strong>speciali</strong></span> <span class='ocrx_word' id='word_1_402' title='bbox 1853 1614 1884 1670; x_wconf 90' lang='lat' dir='ltr'><strong>et</strong></span> <span class='ocrx_word' id='word_1_403' title='bbox 1905 1621 2050 1686; x_wconf 83' lang='lat' dir='ltr'><strong>expressa</strong></span> <span class='ocrx_word' id='word_1_404' title='bbox 2070 1604 2123 1668; x_wconf 89' lang='lat' dir='ltr'><strong>de·</strong></span> 
     </span>
     <span class='ocr_line' id='line_1_73' title="bbox 1373 1699 2123 1779; baseline -0.001 -17"><span class='ocrx_word' id='word_1_405' title='bbox 1373 1702 1533 1778; x_wconf 87' lang='lat' dir='ltr'><strong>rogatione</strong></span> <span class='ocrx_word' id='word_1_406' title='bbox 1560 1709 1592 1763; x_wconf 92' lang='lat' dir='ltr'><strong>et</strong></span> <span class='ocrx_word' id='word_1_407' title='bbox 1623 1701 1784 1765; x_wconf 90' lang='lat' dir='ltr'><strong>mentione</strong></span> <span class='ocrx_word' id='word_1_408' title='bbox 1812 1699 1927 1779; x_wconf 90' lang='lat' dir='ltr'><strong>dignis,</strong></span> <span class='ocrx_word' id='word_1_409' title='bbox 1959 1699 2123 1763; x_wconf 89' lang='lat' dir='ltr'><strong>contrariis</strong></span> 
     </span>
     <span class='ocr_line' id='line_1_74' title="bbox 1372 1793 1630 1873; baseline 0.012 -20"><span class='ocrx_word' id='word_1_410' title='bbox 1372 1793 1630 1873; x_wconf 86' lang='lat' dir='ltr'><strong>quibuscumque.</strong></span> 
     </span>
    </p>

    <p class='ocr_par' dir='ltr' id='par_1_9' title="bbox 1374 1886 2123 2152">
     <span class='ocr_line' id='line_1_75' title="bbox 1413 1886 2123 1967; baseline -0.003 -17"><span class='ocrx_word' id='word_1_411' title='bbox 1413 1888 1521 1951; x_wconf 81' lang='lat' dir='ltr'><strong>Datum</strong></span> <span class='ocrx_word' id='word_1_412' title='bbox 1544 1887 1659 1952; x_wconf 85' lang='lat' dir='ltr'><strong>Romae</strong></span> <span class='ocrx_word' id='word_1_413' title='bbox 1680 1889 1759 1967; x_wconf 88' lang='lat' dir='ltr'><strong>apud</strong></span> <span class='ocrx_word' id='word_1_414' title='bbox 1782 1887 1813 1951; x_wconf 91' lang='lat' dir='ltr'><strong>S.</strong></span> <span class='ocrx_word' id='word_1_415' title='bbox 1834 1887 1963 1952; x_wconf 86' lang='lat' dir='ltr'><strong>Petrum</strong></span> <span class='ocrx_word' id='word_1_416' title='bbox 1984 1886 2044 1950; x_wconf 89' lang='lat' dir='ltr'><strong>sub</strong></span> <span class='ocrx_word' id='word_1_417' title='bbox 2069 1902 2123 1948; x_wconf 89' lang='lat' dir='ltr'><strong>an-</strong></span> 
     </span>
     <span class='ocr_line' id='line_1_76' title="bbox 1374 1978 2122 2054; baseline -0.005 -11"><span class='ocrx_word' id='word_1_418' title='bbox 1374 1980 1449 2044; x_wconf 92' lang='lat' dir='ltr'><strong>nulo</strong></span> <span class='ocrx_word' id='word_1_419' title='bbox 1470 1981 1631 2044; x_wconf 87' lang='lat' dir='ltr'><strong>Piscatoris</strong></span> <span class='ocrx_word' id='word_1_420' title='bbox 1651 1981 1700 2044; x_wconf 84' lang='lat' dir='ltr'><strong>die</strong></span> <span class='ocrx_word' id='word_1_421' title='bbox 1721 1997 1787 2042; x_wconf 82' lang='lat' dir='ltr'><strong>xiv.</strong></span> <span class='ocrx_word' id='word_1_422' title='bbox 1810 1978 1888 2044; x_wconf 87' lang='lat' dir='ltr'><strong>lebr.</strong></span> <span class='ocrx_word' id='word_1_423' title='bbox 1906 1994 2122 2054; x_wconf 74' lang='lat' dir='ltr'><strong>neccarum,</strong></span> 
     </span>
     <span class='ocr_line' id='line_1_77' title="bbox 1374 2075 1858 2152; baseline 0.002 -16"><span class='ocrx_word' id='word_1_424' title='bbox 1374 2075 1568 2152; x_wconf 82' lang='lat' dir='ltr'><strong>pontificatus</strong></span> <span class='ocrx_word' id='word_1_425' title='bbox 1589 2075 1688 2138; x_wconf 89' lang='lat' dir='ltr'><strong>nostri</strong></span> <span class='ocrx_word' id='word_1_426' title='bbox 1707 2091 1790 2140; x_wconf 89' lang='lat' dir='ltr'><strong>anno</strong></span> <span class='ocrx_word' id='word_1_427' title='bbox 1809 2092 1858 2138; x_wconf 89' lang='grc' dir='ltr'>ιιι.</span> 
     </span>
    </p>
   </div>
   <div class='ocr_carea' id='block_1_7' title="bbox 1706 2455 1788 2520">
    <p class='ocr_par' dir='ltr' id='par_1_10' title="bbox 1706 2455 1788 2520">
     <span class='ocr_line' id='line_1_78' title="bbox 1706 2455 1788 2520; baseline -0.037 0"><span class='ocrx_word' id='word_1_428' title='bbox 1706 2455 1788 2520; x_wconf 78' lang='lat' dir='ltr'>XIV.</span> 
     </span>
    </p>
   </div>
   <div class='ocr_carea' id='block_1_8' title="bbox 1380 2638 2126 3006">
    <p class='ocr_par' dir='ltr' id='par_1_11' title="bbox 1380 2638 2126 3006">
     <span class='ocr_line' id='line_1_79' title="bbox 1380 2638 2123 2722; baseline -0.005 -18"><span class='ocrx_word' id='word_1_429' title='bbox 1380 2638 1419 2704; x_wconf 86' lang='lat' dir='ltr'><strong>dt</strong></span> <span class='ocrx_word' id='word_1_430' title='bbox 1448 2641 1642 2720; x_wconf 81' lang='lat' dir='ltr'><strong>provinciali</strong></span> <span class='ocrx_word' id='word_1_431' title='bbox 1674 2645 1821 2722; x_wconf 71' lang='lat' dir='ltr'><strong>fratrum</strong></span> <span class='ocrx_word' id='word_1_432' title='bbox 1854 2643 1930 2707; x_wconf 84' lang='lat' dir='ltr'><strong>Ord.</strong></span> <span class='ocrx_word' id='word_1_433' title='bbox 1960 2643 1995 2704; x_wconf 90' lang='grc' dir='ltr'><strong>Β.</strong></span> <span class='ocrx_word' id='word_1_434' title='bbox 2020 2642 2063 2706; x_wconf 86' lang='grc' dir='ltr'><strong>Μ.</strong></span> <span class='ocrx_word' id='word_1_435' title='bbox 2091 2639 2123 2702; x_wconf 85' lang='lat' dir='ltr'><strong>V.</strong></span> 
     </span>
     <span class='ocr_line' id='line_1_80' title="bbox 1416 2735 2123 2817; baseline -0.003 -19"><span class='ocrx_word' id='word_1_436' title='bbox 1416 2735 1453 2798; x_wconf 86' lang='lat' dir='ltr'><strong>de</strong></span> <span class='ocrx_word' id='word_1_437' title='bbox 1475 2738 1579 2802; x_wconf 81' lang='lat' dir='ltr'><strong>Macte</strong></span> <span class='ocrx_word' id='word_1_438' title='bbox 1603 2737 1747 2800; x_wconf 83' lang='lat' dir='ltr'><strong>Carmeia</strong></span> <span class='ocrx_word' id='word_1_439' title='bbox 1768 2738 1804 2799; x_wconf 86' lang='grc' dir='ltr'><strong>ιἰι</strong></span> <span class='ocrx_word' id='word_1_440' title='bbox 1820 2736 1938 2817; x_wconf 81' lang='lat' dir='ltr'><strong>Aaplia</strong></span> <span class='ocrx_word' id='word_1_441' title='bbox 1960 2735 2123 2804; x_wconf 83' lang='lat' dir='ltr'><strong>succedat,</strong></span> 
     </span>
     <span class='ocr_line' id='line_1_81' title="bbox 1417 2829 2126 2910; baseline 0 -18"><span class='ocrx_word' id='word_1_442' title='bbox 1417 2829 1533 2910; x_wconf 83' lang='lat' dir='ltr'><strong>absque</strong></span> <span class='ocrx_word' id='word_1_443' title='bbox 1567 2831 1714 2908; x_wconf 82' lang='lat' dir='ltr'><strong>Capituli</strong></span> <span class='ocrx_word' id='word_1_444' title='bbox 1746 2831 1970 2894; x_wconf 85' lang='lat' dir='ltr'><strong>ccacoccticae</strong></span> <span class='ocrx_word' id='word_1_445' title='bbox 2003 2829 2126 2892; x_wconf 83' lang='lat' dir='ltr'><strong>Guliel-</strong></span> 
     </span>
     <span class='ocr_line' id='line_1_82' title="bbox 1416 2923 1850 3006; baseline -0.002 -21"><span class='ocrx_word' id='word_1_446' title='bbox 1416 2939 1504 2986; x_wconf 87' lang='lat' dir='ltr'><strong>mum</strong></span> <span class='ocrx_word' id='word_1_447' title='bbox 1526 2926 1657 2987; x_wconf 85' lang='lat' dir='ltr'><strong>Hiaseta</strong></span> <span class='ocrx_word' id='word_1_448' title='bbox 1679 2926 1772 3006; x_wconf 74' lang='lat' dir='ltr'><strong>eligit</strong></span> <span class='ocrx_word' id='word_1_449' title='bbox 1794 2923 1850 3006; x_wconf 86' lang='lat' dir='ltr'><strong>(l).</strong></span> 
     </span>
    </p>
   </div>
   <div class='ocr_carea' id='block_1_9' title="bbox 1378 3108 2124 3386">
    <p class='ocr_par' dir='ltr' id='par_1_12' title="bbox 1378 3108 2124 3386">
     <span class='ocr_line' id='line_1_83' title="bbox 1378 3108 2123 3181; baseline -0.003 -5"><span class='ocrx_word' id='word_1_450' title='bbox 1378 3108 1496 3178; x_wconf 79' lang='lat' dir='ltr'><strong>Dilecto</strong></span> <span class='ocrx_word' id='word_1_451' title='bbox 1518 3109 1582 3178; x_wconf 90' lang='lat' dir='ltr'><strong>lilia</strong></span> <span class='ocrx_word' id='word_1_452' title='bbox 1601 3110 1747 3179; x_wconf 73' lang='lat' dir='ltr'><strong>Gulielno</strong></span> <span class='ocrx_word' id='word_1_453' title='bbox 1767 3111 1891 3180; x_wconf 85' lang='lat' dir='ltr'><strong>llinsela</strong></span> <span class='ocrx_word' id='word_1_454' title='bbox 1910 3111 2036 3181; x_wconf 85' lang='lat' dir='ltr'><strong>lralrurn</strong></span> <span class='ocrx_word' id='word_1_455' title='bbox 2053 3110 2123 3178; x_wconf 82' lang='lat' dir='ltr'><strong>ord.</strong></span> 
     </span>
     <span class='ocr_line' id='line_1_84' title="bbox 1417 3204 2124 3290; baseline 0 -18"><span class='ocrx_word' id='word_1_456' title='bbox 1417 3204 1451 3272; x_wconf 88' lang='grc' dir='ltr'><strong>Β.</strong></span> <span class='ocrx_word' id='word_1_457' title='bbox 1477 3205 1515 3270; x_wconf 89' lang='grc'><strong>11.</strong></span> <span class='ocrx_word' id='word_1_458' title='bbox 1540 3205 1573 3271; x_wconf 87' lang='grc'><strong>11.</strong></span> <span class='ocrx_word' id='word_1_459' title='bbox 1598 3207 1634 3273; x_wconf 89' lang='lat' dir='ltr'><strong>de</strong></span> <span class='ocrx_word' id='word_1_460' title='bbox 1661 3206 1763 3274; x_wconf 78' lang='lat' dir='ltr'><strong>Ecnle</strong></span> <span class='ocrx_word' id='word_1_461' title='bbox 1792 3207 1930 3275; x_wconf 80' lang='lat' dir='ltr'><strong>Corneio</strong></span> <span class='ocrx_word' id='word_1_462' title='bbox 1961 3210 2124 3290; x_wconf 85' lang='lat' dir='ltr'><strong>nuncupat.</strong></span> 
     </span>
     <span class='ocr_line' id='line_1_85' title="bbox 1418 3300 1978 3386; baseline -0.002 -19"><span class='ocrx_word' id='word_1_463' title='bbox 1418 3301 1591 3386; x_wconf 88' lang='lat' dir='ltr'><strong>provinciae</strong></span> <span class='ocrx_word' id='word_1_464' title='bbox 1614 3300 1775 3369; x_wconf 79' lang='lat' dir='ltr'><strong>Hiberniae</strong></span> <span class='ocrx_word' id='word_1_465' title='bbox 1797 3301 1978 3385; x_wconf 85' lang='lat' dir='ltr'><strong>proleesorl,</strong></span> 
     </span>
    </p>
   </div>
   <div class='ocr_carea' id='block_1_10' title="bbox 1629 3486 1873 3556">
    <p class='ocr_par' dir='ltr' id='par_1_13' title="bbox 1629 3486 1873 3556">
     <span class='ocr_line' id='line_1_86' title="bbox 1629 3486 1873 3556; baseline 0 -3"><span class='ocrx_word' id='word_1_466' title='bbox 1629 3487 1707 3556; x_wconf 88' lang='grc' dir='ltr'><strong>1.Εο</strong></span> <span class='ocrx_word' id='word_1_467' title='bbox 1730 3487 1790 3555; x_wconf 84' lang='grc' dir='ltr'><strong>ΡΡ.</strong></span> <span class='ocrx_word' id='word_1_468' title='bbox 1815 3486 1873 3555; x_wconf 70' lang='lat' dir='ltr'><strong>xil.</strong></span> 
     </span>
    </p>
   </div>
   <div class='ocr_carea' id='block_1_11' title="bbox 1420 3677 2089 3856">
    <p class='ocr_par' dir='ltr' id='par_1_14' title="bbox 1420 3677 2089 3856">
     <span class='ocr_line' id='line_1_87' title="bbox 1659 3677 1852 3758; baseline 0.01 -15"><span class='ocrx_word' id='word_1_469' title='bbox 1659 3677 1777 3746; x_wconf 83' lang='lat' dir='ltr'><strong>Dilecle</strong></span> <span class='ocrx_word' id='word_1_470' title='bbox 1798 3677 1852 3758; x_wconf 87' lang='lat' dir='ltr'><strong>lili,</strong></span> 
     </span>
     <span class='ocr_line' id='line_1_88' title="bbox 1420 3771 2089 3856; baseline 0.004 -17"><span class='ocrx_word' id='word_1_471' title='bbox 1420 3771 1548 3840; x_wconf 87' lang='lat' dir='ltr'><strong>salutern</strong></span> <span class='ocrx_word' id='word_1_472' title='bbox 1568 3777 1601 3839; x_wconf 89' lang='lat' dir='ltr'><strong>el</strong></span> <span class='ocrx_word' id='word_1_473' title='bbox 1619 3773 1817 3856; x_wconf 84' lang='lat' dir='ltr'><strong>apostoticam</strong></span> <span class='ocrx_word' id='word_1_474' title='bbox 1837 3771 2089 3842; x_wconf 83' lang='lat' dir='ltr'><strong>benedictionem.</strong></span> 
     </span>
    </p>
   </div>
   <div class='ocr_carea' id='block_1_12' title="bbox 1381 3963 2132 4791">
    <p class='ocr_par' dir='ltr' id='par_1_15' title="bbox 1381 3963 2132 4791">
     <span class='ocr_line' id='line_1_89' title="bbox 1419 3963 2132 4043; baseline -0.001 -16"><span class='ocrx_word' id='word_1_475' title='bbox 1419 3966 1484 4041; x_wconf 83' lang='lat' dir='ltr'><strong>Quo</strong></span> <span class='ocrx_word' id='word_1_476' title='bbox 1506 3964 1646 4026; x_wconf 89' lang='lat' dir='ltr'><strong>stabilius</strong></span> <span class='ocrx_word' id='word_1_477' title='bbox 1678 3965 1853 4043; x_wconf 86' lang='lat' dir='ltr'><strong>provinciae</strong></span> <span class='ocrx_word' id='word_1_478' title='bbox 1884 3965 2051 4030; x_wconf 86' lang='lat' dir='ltr'><strong>Hiberniae</strong></span> <span class='ocrx_word' id='word_1_479' title='bbox 2071 3963 2132 4027; x_wconf 85' lang='lat' dir='ltr'><strong>lra-</strong></span> 
     </span>
     <span class='ocr_line' id='line_1_90' title="bbox 1383 4057 2132 4122; baseline 0.003 -2"><span class='ocrx_word' id='word_1_480' title='bbox 1383 4066 1466 4120; x_wconf 92' lang='lat' dir='ltr'><strong>tram</strong></span> <span class='ocrx_word' id='word_1_481' title='bbox 1481 4057 1552 4122; x_wconf 88' lang='lat' dir='ltr'><strong>Ord.</strong></span> <span class='ocrx_word' id='word_1_482' title='bbox 1568 4057 1601 4118; x_wconf 90' lang='lat' dir='ltr'><strong>B.</strong></span> <span class='ocrx_word' id='word_1_483' title='bbox 1612 4058 1652 4120; x_wconf 90' lang='grc' dir='ltr'><strong>Μ.</strong></span> <span class='ocrx_word' id='word_1_484' title='bbox 1663 4057 1700 4120; x_wconf 84' lang='lat' dir='ltr'><strong>V.</strong></span> <span class='ocrx_word' id='word_1_485' title='bbox 1714 4058 1752 4120; x_wconf 90' lang='lat' dir='ltr'><strong>de</strong></span> <span class='ocrx_word' id='word_1_486' title='bbox 1768 4057 1872 4121; x_wconf 82' lang='lat' dir='ltr'><strong>Monte</strong></span> <span class='ocrx_word' id='word_1_487' title='bbox 1888 4059 2031 4122; x_wconf 88' lang='lat' dir='ltr'><strong>Carmeia</strong></span> <span class='ocrx_word' id='word_1_488' title='bbox 2047 4077 2132 4122; x_wconf 92' lang='lat' dir='ltr'><strong>nun-</strong></span> 
     </span>
     <span class='ocr_line' id='line_1_91' title="bbox 1381 4151 2131 4233; baseline 0.001 -18"><span class='ocrx_word' id='word_1_489' title='bbox 1381 4160 1481 4230; x_wconf 90' lang='lat' dir='ltr'><strong>cupat.</strong></span> <span class='ocrx_word' id='word_1_490' title='bbox 1506 4151 1658 4228; x_wconf 88' lang='lat' dir='ltr'><strong>regularis</strong></span> <span class='ocrx_word' id='word_1_491' title='bbox 1679 4151 1872 4214; x_wconf 89' lang='lat' dir='ltr'><strong>observantia</strong></span> <span class='ocrx_word' id='word_1_492' title='bbox 1894 4151 2036 4216; x_wconf 88' lang='lat' dir='ltr'><strong>ordinate</strong></span> <span class='ocrx_word' id='word_1_493' title='bbox 2058 4170 2131 4233; x_wconf 91' lang='lat' dir='ltr'><strong>pro·</strong></span> 
     </span>
     <span class='ocr_line' id='line_1_92' title="bbox 1381 4241 2131 4318; baseline 0.001 -12"><span class='ocrx_word' id='word_1_494' title='bbox 1381 4245 1477 4318; x_wconf 89' lang='lat' dir='ltr'><strong>cedat,</strong></span> <span class='ocrx_word' id='word_1_495' title='bbox 1500 4241 1631 4305; x_wconf 89' lang='lat' dir='ltr'><strong>sollicite</strong></span> <span class='ocrx_word' id='word_1_496' title='bbox 1652 4257 1808 4317; x_wconf 88' lang='lat' dir='ltr'><strong>curamus,</strong></span> <span class='ocrx_word' id='word_1_497' title='bbox 1828 4250 1863 4305; x_wconf 90' lang='lat' dir='ltr'><strong>ut</strong></span> <span class='ocrx_word' id='word_1_498' title='bbox 1884 4243 1988 4305; x_wconf 90' lang='lat' dir='ltr'><strong>statim</strong></span> <span class='ocrx_word' id='word_1_499' title='bbox 2002 4261 2036 4306; x_wconf 92' lang='lat' dir='ltr'><strong>ac</strong></span> <span class='ocrx_word' id='word_1_500' title='bbox 2052 4253 2131 4307; x_wconf 89' lang='lat' dir='ltr'><strong>tem-</strong></span> 
     </span>
     <span class='ocr_line' id='line_1_93' title="bbox 1382 4332 2129 4417; baseline -0.003 -17"><span class='ocrx_word' id='word_1_501' title='bbox 1382 4353 1438 4417; x_wconf 87' lang='lat' dir='ltr'><strong>pus</strong></span> <span class='ocrx_word' id='word_1_502' title='bbox 1460 4336 1552 4398; x_wconf 86' lang='lat' dir='ltr'><strong>cilicii</strong></span> <span class='ocrx_word' id='word_1_503' title='bbox 1573 4332 1768 4414; x_wconf 88' lang='lat' dir='ltr'><strong>provincialis</strong></span> <span class='ocrx_word' id='word_1_504' title='bbox 1783 4335 1921 4398; x_wconf 89' lang='lat' dir='ltr'><strong>eiusdem</strong></span> <span class='ocrx_word' id='word_1_505' title='bbox 1939 4337 2129 4414; x_wconf 86' lang='lat' dir='ltr'><strong>provinciae,</strong></span> 
     </span>
     <span class='ocr_line' id='line_1_94' title="bbox 1381 4427 2131 4509; baseline 0 -16"><span class='ocrx_word' id='word_1_506' title='bbox 1381 4429 1461 4509; x_wconf 90' lang='lat' dir='ltr'><strong>quod</strong></span> <span class='ocrx_word' id='word_1_507' title='bbox 1485 4429 1546 4490; x_wconf 87' lang='lat' dir='ltr'><strong>iam</strong></span> <span class='ocrx_word' id='word_1_508' title='bbox 1568 4428 1666 4490; x_wconf 82' lang='lat' dir='ltr'><strong>terme</strong></span> <span class='ocrx_word' id='word_1_509' title='bbox 1687 4427 1719 4490; x_wconf 94' lang='lat' dir='ltr'><strong>in</strong></span> <span class='ocrx_word' id='word_1_510' title='bbox 1749 4430 1836 4492; x_wconf 78' lang='lat' dir='ltr'><strong>exitu</strong></span> <span class='ocrx_word' id='word_1_511' title='bbox 1862 4436 1919 4504; x_wconf 91' lang='lat' dir='ltr'><strong>est,</strong></span> <span class='ocrx_word' id='word_1_512' title='bbox 1943 4428 2074 4492; x_wconf 87' lang='lat' dir='ltr'><strong>dilectus</strong></span> <span class='ocrx_word' id='word_1_513' title='bbox 2096 4430 2131 4492; x_wconf 87' lang='lat' dir='ltr'><strong>d·</strong></span> 
     </span>
     <span class='ocr_line' id='line_1_95' title="bbox 1382 4521 2132 4602; baseline -0.005 -14"><span class='ocrx_word' id='word_1_514' title='bbox 1382 4525 1441 4588; x_wconf 88' lang='lat' dir='ltr'><strong>lius</strong></span> <span class='ocrx_word' id='word_1_515' title='bbox 1463 4523 1594 4586; x_wconf 83' lang='lat' dir='ltr'><strong>vuomas</strong></span> <span class='ocrx_word' id='word_1_516' title='bbox 1625 4521 1773 4584; x_wconf 90' lang='lat' dir='ltr'><strong>Culeman</strong></span> <span class='ocrx_word' id='word_1_517' title='bbox 1803 4523 1974 4585; x_wconf 87' lang='lat' dir='ltr'><strong>hodiernus</strong></span> <span class='ocrx_word' id='word_1_518' title='bbox 2002 4522 2132 4602; x_wconf 91' lang='lat' dir='ltr'><strong>provin·</strong></span> 
     </span>
     <span class='ocr_line' id='line_1_96' title="bbox 1382 4614 2131 4691; baseline 0.001 -12"><span class='ocrx_word' id='word_1_519' title='bbox 1382 4615 1465 4680; x_wconf 90' lang='lat' dir='ltr'><strong>clalis</strong></span> <span class='ocrx_word' id='word_1_520' title='bbox 1487 4616 1617 4678; x_wconf 90' lang='lat' dir='ltr'><strong>omnino</strong></span> <span class='ocrx_word' id='word_1_521' title='bbox 1636 4614 1815 4691; x_wconf 87' lang='lat' dir='ltr'><strong>absolverit,</strong></span> <span class='ocrx_word' id='word_1_522' title='bbox 1838 4616 1917 4677; x_wconf 91' lang='lat' dir='ltr'><strong>alius</strong></span> <span class='ocrx_word' id='word_1_523' title='bbox 1938 4617 1965 4677; x_wconf 90' lang='lat' dir='ltr'><strong>el</strong></span> <span class='ocrx_word' id='word_1_524' title='bbox 1988 4615 2131 4680; x_wconf 87' lang='lat' dir='ltr'><strong>succedat</strong></span> 
     </span>
     <span class='ocr_line' id='line_1_97' title="bbox 1381 4707 2131 4791; baseline -0.003 -19"><span class='ocrx_word' id='word_1_525' title='bbox 1381 4711 1435 4791; x_wconf 89' lang='lat' dir='ltr'><strong>qui</strong></span> <span class='ocrx_word' id='word_1_526' title='bbox 1454 4708 1636 4772; x_wconf 90' lang='lat' dir='ltr'><strong>auctoritate</strong></span> <span class='ocrx_word' id='word_1_527' title='bbox 1651 4714 1754 4770; x_wconf 88' lang='lat' dir='ltr'><strong>nostra</strong></span> <span class='ocrx_word' id='word_1_528' title='bbox 1768 4708 1930 4788; x_wconf 87' lang='lat' dir='ltr'><strong>apostolica</strong></span> <span class='ocrx_word' id='word_1_529' title='bbox 1945 4707 2060 4787; x_wconf 87' lang='lat' dir='ltr'><strong>absque</strong></span> <span class='ocrx_word' id='word_1_530' title='bbox 2076 4711 2131 4773; x_wconf 87' lang='lat' dir='ltr'><strong>Ca·</strong></span> 
     </span>
    </p>
   </div>
   <div class='ocr_carea' id='block_1_13' title="bbox 2143 537 2295 604">
    <p class='ocr_par' dir='ltr' id='par_1_16' title="bbox 2143 537 2295 604">
     <span class='ocr_line' id='line_1_98' title="bbox 2143 537 2295 604; baseline 0.086 -13"><span class='ocrx_word' id='word_1_531' title='bbox 2143 537 2194 594; x_wconf 73' lang='lat' dir='ltr'><strong>Aa.</strong></span> <span class='ocrx_word' id='word_1_532' title='bbox 2205 542 2230 596; x_wconf 87' lang='lat' dir='ltr'><strong>C.</strong></span> <span class='ocrx_word' id='word_1_533' title='bbox 2245 547 2295 604; x_wconf 85' lang='lat' dir='ltr'><strong>lttt</strong></span> 
     </span>
    </p>
   </div>
   <div class='ocr_carea' id='block_1_14' title="bbox 2146 1249 2311 1304">
    <p class='ocr_par' dir='ltr' id='par_1_17' title="bbox 2146 1249 2311 1304">
     <span class='ocr_line' id='line_1_99' title="bbox 2146 1249 2311 1304; baseline -0.018 -11"><span class='ocrx_word' id='word_1_534' title='bbox 2146 1249 2311 1304; x_wconf 69' lang='lat' dir='ltr'><strong>beromtlocal.</strong></span> 
     </span>
    </p>
   </div>
   <div class='ocr_carea' id='block_1_15' title="bbox 2138 1301 2267 1350">
    <p class='ocr_par' dir='ltr' id='par_1_18' title="bbox 2138 1301 2267 1350">
     <span class='ocr_line' id='line_1_100' title="bbox 2138 1301 2267 1350; baseline 0 -2"><span class='ocrx_word' id='word_1_535' title='bbox 2138 1301 2267 1350; x_wconf 66' lang='lat' dir='ltr'><strong>gadorum</strong></span> 
     </span>
    </p>
   </div>
   <div class='ocr_carea' id='block_1_16' title="bbox 1383 4799 2211 4882">
    <p class='ocr_par' dir='ltr' id='par_1_19' title="bbox 1383 4799 2211 4882">
     <span class='ocr_line' id='line_1_101' title="bbox 1383 4799 2211 4882; baseline -0.001 -18"><span class='ocrx_word' id='word_1_536' title='bbox 1383 4802 1472 4882; x_wconf 90' lang='lat' dir='ltr'><strong>pituli</strong></span> <span class='ocrx_word' id='word_1_537' title='bbox 1488 4799 1682 4879; x_wconf 91' lang='lat' dir='ltr'><strong>provincialis</strong></span> <span class='ocrx_word' id='word_1_538' title='bbox 1698 4799 1918 4862; x_wconf 88' lang='lat' dir='ltr'><strong>convocatione</strong></span> <span class='ocrx_word' id='word_1_539' title='bbox 1933 4808 1963 4862; x_wconf 90' lang='lat' dir='ltr'><strong>et</strong></span> <span class='ocrx_word' id='word_1_540' title='bbox 1975 4801 2129 4864; x_wconf 83' lang='lat' dir='ltr'><strong>vocalium</strong></span> <span class='ocrx_word' id='word_1_541' title='bbox 2208 4845 2211 4850; x_wconf 84' lang='lat'>-</span> 
     </span>
    </p>
   </div>
   <div class='ocr_carea' id='block_1_17' title="bbox 1382 4891 2132 5813">
    <p class='ocr_par' dir='ltr' id='par_1_20' title="bbox 1382 4891 2132 5813">
     <span class='ocr_line' id='line_1_102' title="bbox 1382 4891 2128 4971; baseline -0.001 -13"><span class='ocrx_word' id='word_1_542' title='bbox 1382 4893 1533 4971; x_wconf 78' lang='lat' dir='ltr'><strong>suffragiis</strong></span> <span class='ocrx_word' id='word_1_543' title='bbox 1555 4891 1671 4956; x_wconf 91' lang='lat' dir='ltr'><strong>electus</strong></span> <span class='ocrx_word' id='word_1_544' title='bbox 1700 4909 1816 4956; x_wconf 90' lang='lat' dir='ltr'><strong>munus</strong></span> <span class='ocrx_word' id='word_1_545' title='bbox 1843 4893 2036 4970; x_wconf 88' lang='lat' dir='ltr'><strong>praedictum</strong></span> <span class='ocrx_word' id='word_1_546' title='bbox 2056 4910 2128 4957; x_wconf 91' lang='lat' dir='ltr'><strong>cum</strong></span> 
     </span>
     <span class='ocr_line' id='line_1_103' title="bbox 1383 4985 2127 5052; baseline -0.005 -2"><span class='ocrx_word' id='word_1_547' title='bbox 1383 4988 1508 5052; x_wconf 78' lang='lat' dir='ltr'><strong>adnexis</strong></span> <span class='ocrx_word' id='word_1_548' title='bbox 1523 4985 1717 5050; x_wconf 77' lang='lat' dir='ltr'><strong>facultatibus</strong></span> <span class='ocrx_word' id='word_1_549' title='bbox 1731 4993 1762 5047; x_wconf 90' lang='lat' dir='ltr'><strong>et</strong></span> <span class='ocrx_word' id='word_1_550' title='bbox 1781 4986 1901 5048; x_wconf 87' lang='lat' dir='ltr'><strong>iuribus</strong></span> <span class='ocrx_word' id='word_1_551' title='bbox 1915 4986 2003 5048; x_wconf 88' lang='lat' dir='ltr'><strong>obire</strong></span> <span class='ocrx_word' id='word_1_552' title='bbox 2017 4985 2127 5048; x_wconf 88' lang='lat' dir='ltr'><strong>valeat.</strong></span> 
     </span>
     <span class='ocr_line' id='line_1_104' title="bbox 1383 5078 2131 5161; baseline -0.004 -17"><span class='ocrx_word' id='word_1_553' title='bbox 1383 5081 1445 5144; x_wconf 89' lang='lat' dir='ltr'><strong>Nos</strong></span> <span class='ocrx_word' id='word_1_554' title='bbox 1466 5083 1571 5161; x_wconf 86' lang='lat' dir='ltr'><strong>itaque</strong></span> <span class='ocrx_word' id='word_1_555' title='bbox 1593 5089 1634 5154; x_wconf 88' lang='lat' dir='ltr'><strong>te,</strong></span> <span class='ocrx_word' id='word_1_556' title='bbox 1651 5081 1703 5159; x_wconf 91' lang='lat' dir='ltr'><strong>qui</strong></span> <span class='ocrx_word' id='word_1_557' title='bbox 1722 5079 1861 5142; x_wconf 89' lang='lat' dir='ltr'><strong>eiusdem</strong></span> <span class='ocrx_word' id='word_1_558' title='bbox 1877 5078 2000 5142; x_wconf 87' lang='lat' dir='ltr'><strong>Ordinis</strong></span> <span class='ocrx_word' id='word_1_559' title='bbox 2015 5085 2046 5142; x_wconf 90' lang='lat' dir='ltr'><strong>et</strong></span> <span class='ocrx_word' id='word_1_560' title='bbox 2060 5095 2131 5157; x_wconf 90' lang='lat' dir='ltr'><strong>pra-</strong></span> 
     </span>
     <span class='ocr_line' id='line_1_105' title="bbox 1382 5172 2128 5260; baseline -0.001 -25"><span class='ocrx_word' id='word_1_561' title='bbox 1382 5175 1501 5238; x_wconf 86' lang='lat' dir='ltr'><strong>vinciae</strong></span> <span class='ocrx_word' id='word_1_562' title='bbox 1522 5173 1676 5252; x_wconf 81' lang='lat' dir='ltr'><strong>professor</strong></span> <span class='ocrx_word' id='word_1_563' title='bbox 1689 5172 1807 5260; x_wconf 81' lang='lat' dir='ltr'><strong>existis,</strong></span> <span class='ocrx_word' id='word_1_564' title='bbox 1823 5175 1861 5236; x_wconf 91' lang='lat' dir='ltr'><strong>de</strong></span> <span class='ocrx_word' id='word_1_565' title='bbox 1875 5174 1964 5236; x_wconf 92' lang='lat' dir='ltr'><strong>culus</strong></span> <span class='ocrx_word' id='word_1_566' title='bbox 1978 5173 2128 5249; x_wconf 88' lang='lat' dir='ltr'><strong>doctriua,</strong></span> 
     </span>
     <span class='ocr_line' id='line_1_106' title="bbox 1383 5266 2131 5350; baseline -0.005 -18"><span class='ocrx_word' id='word_1_567' title='bbox 1383 5271 1496 5350; x_wconf 91' lang='lat' dir='ltr'><strong>pietate</strong></span> <span class='ocrx_word' id='word_1_568' title='bbox 1524 5277 1555 5330; x_wconf 92' lang='lat' dir='ltr'><strong>et</strong></span> <span class='ocrx_word' id='word_1_569' title='bbox 1584 5266 1747 5348; x_wconf 91' lang='lat' dir='ltr'><strong>prudentia</strong></span> <span class='ocrx_word' id='word_1_570' title='bbox 1775 5267 1932 5329; x_wconf 87' lang='lat' dir='ltr'><strong>luculenta</strong></span> <span class='ocrx_word' id='word_1_571' title='bbox 1957 5266 2131 5346; x_wconf 90' lang='lat' dir='ltr'><strong>accepimus</strong></span> 
     </span>
     <span class='ocr_line' id='line_1_107' title="bbox 1384 5361 2130 5440; baseline -0.005 -15"><span class='ocrx_word' id='word_1_572' title='bbox 1384 5363 1573 5438; x_wconf 90' lang='lat' dir='ltr'><strong>testimonia,</strong></span> <span class='ocrx_word' id='word_1_573' title='bbox 1596 5369 1682 5423; x_wconf 92' lang='lat' dir='ltr'><strong>motu</strong></span> <span class='ocrx_word' id='word_1_574' title='bbox 1709 5361 1833 5439; x_wconf 88' lang='lat' dir='ltr'><strong>proprio</strong></span> <span class='ocrx_word' id='word_1_575' title='bbox 1861 5365 1954 5440; x_wconf 88' lang='lat' dir='ltr'><strong>atque</strong></span> <span class='ocrx_word' id='word_1_576' title='bbox 1982 5376 2021 5422; x_wconf 89' lang='lat' dir='ltr'><strong>ex</strong></span> <span class='ocrx_word' id='word_1_577' title='bbox 2047 5366 2130 5423; x_wconf 86' lang='lat' dir='ltr'><strong>certa</strong></span> 
     </span>
     <span class='ocr_line' id='line_1_108' title="bbox 1384 5452 2131 5528; baseline -0.008 -8"><span class='ocrx_word' id='word_1_578' title='bbox 1384 5456 1510 5520; x_wconf 87' lang='lat' dir='ltr'><strong>scientia</strong></span> <span class='ocrx_word' id='word_1_579' title='bbox 1525 5462 1557 5518; x_wconf 90' lang='lat' dir='ltr'><strong>et</strong></span> <span class='ocrx_word' id='word_1_580' title='bbox 1572 5453 1691 5516; x_wconf 83' lang='lat' dir='ltr'><strong>matura</strong></span> <span class='ocrx_word' id='word_1_581' title='bbox 1706 5453 1927 5520; x_wconf 87' lang='lat' dir='ltr'><strong>deliberatione</strong></span> <span class='ocrx_word' id='word_1_582' title='bbox 1943 5452 2068 5528; x_wconf 88' lang='lat' dir='ltr'><strong>nostris,</strong></span> <span class='ocrx_word' id='word_1_583' title='bbox 2080 5453 2131 5516; x_wconf 91' lang='lat' dir='ltr'><strong>de·</strong></span> 
     </span>
     <span class='ocr_line' id='line_1_109' title="bbox 1385 5545 2132 5629; baseline -0.007 -17"><span class='ocrx_word' id='word_1_584' title='bbox 1385 5565 1445 5629; x_wconf 91' lang='lat' dir='ltr'><strong>que</strong></span> <span class='ocrx_word' id='word_1_585' title='bbox 1466 5547 1646 5628; x_wconf 90' lang='lat' dir='ltr'><strong>apostolicae</strong></span> <span class='ocrx_word' id='word_1_586' title='bbox 1667 5547 1824 5625; x_wconf 91' lang='lat' dir='ltr'><strong>potestatis</strong></span> <span class='ocrx_word' id='word_1_587' title='bbox 1837 5545 2033 5626; x_wconf 88' lang='lat' dir='ltr'><strong>plenitudine</strong></span> <span class='ocrx_word' id='word_1_588' title='bbox 2048 5561 2132 5608; x_wconf 92' lang='lat' dir='ltr'><strong>nunc</strong></span> 
     </span>
     <span class='ocr_line' id='line_1_110' title="bbox 1385 5619 2131 5724; baseline -0.007 -18"><span class='ocrx_word' id='word_1_589' title='bbox 1385 5659 1440 5724; x_wconf 90' lang='lat' dir='ltr'><strong>pro</strong></span> <span class='ocrx_word' id='word_1_590' title='bbox 1461 5650 1536 5706; x_wconf 92' lang='lat' dir='ltr'><strong>tunc</strong></span> <span class='ocrx_word' id='word_1_591' title='bbox 1554 5657 1652 5721; x_wconf 91' lang='lat' dir='ltr'><strong>quam</strong></span> <span class='ocrx_word' id='word_1_592' title='bbox 1667 5640 1837 5703; x_wconf 87' lang='lat' dir='ltr'><strong>hodiernus</strong></span> <span class='ocrx_word' id='word_1_593' title='bbox 1852 5639 2049 5718; x_wconf 85' lang='lat' dir='ltr'><strong>provincialis</strong></span> <span class='ocrx_word' id='word_1_594' title='bbox 2062 5619 2131 5702; x_wconf 78' lang='lat' dir='ltr'><strong>m&#39;u-</strong></span> 
     </span>
     <span class='ocr_line' id='line_1_111' title="bbox 1386 5731 2132 5813; baseline -0.004 -14"><span class='ocrx_word' id='word_1_595' title='bbox 1386 5752 1446 5799; x_wconf 92' lang='lat' dir='ltr'><strong>nus</strong></span> <span class='ocrx_word' id='word_1_596' title='bbox 1467 5751 1559 5798; x_wconf 88' lang='lat' dir='ltr'><strong>suum</strong></span> <span class='ocrx_word' id='word_1_597' title='bbox 1580 5733 1758 5809; x_wconf 88' lang='lat' dir='ltr'><strong>coniecerit,</strong></span> <span class='ocrx_word' id='word_1_598' title='bbox 1773 5731 1808 5795; x_wconf 95' lang='lat' dir='ltr'><strong>in</strong></span> <span class='ocrx_word' id='word_1_599' title='bbox 1825 5734 2047 5812; x_wconf 82' lang='lat' dir='ltr'><strong>provincialem</strong></span> <span class='ocrx_word' id='word_1_600' title='bbox 2061 5749 2132 5813; x_wconf 91' lang='lat' dir='ltr'><strong>pro-</strong></span> 
     </span>
    </p>
   </div>
   <div class='ocr_carea' id='block_1_18' title="bbox 0 0 2431 6980">
    <p class='ocr_par' dir='ltr' id='par_1_21' title="bbox 0 0 2431 6980">
     <span class='ocr_line' id='line_1_112' title="bbox 0 0 2431 6980; baseline 0 0"><span class='ocrx_word' id='word_1_601' title='bbox 0 0 2431 6980; x_wconf 95' lang='lat' dir='ltr'><strong> </strong></span> 
     </span>
    </p>
   </div>
  </div>
 </body>
</html>
