4754 6966
2135 548 2187 612 An.
2203 559 2242 612 G.
2268 554 2347 609 1768

1079 568 1143 620 tun.
1167 559 1259 618 dour.
1282 565 1323 618 bn
1344 561 1373 616 b.
1397 561 1426 618 l.
1451 563 1534 619 bans
1555 568 1576 618 ι.

341 549 395 607 Au.
410 548 440 607 0.
462 545 530 606 1768
581 546 638 620 156

560 695 653 775 idque
675 711 738 758 non
766 693 824 758 alia
845 698 882 760 de
907 709 1005 772 causa,
1028 711 1120 775 quam
1149 694 1231 774 quod
1251 709 1303 756 re·
1358 707 1451 772 quam
1473 693 1604 756 babeant
1619 693 1768 773 conqueri
1782 688 1889 772 inquo
1911 708 1944 754 se
1964 689 2043 754 laedi
2057 707 2102 755 ar·
2121 717 2154 770 pe
2168 709 2265 755 aarum
2289 705 2357 752 unce

560 788 667 852 rebare
693 805 733 852 ne
759 805 886 866 graecus
917 790 1083 871 Episcopus
1110 792 1196 854 omni
1217 798 1303 854 meto
1358 788 1525 864 bitrentur,
1547 803 1602 866 per
1616 803 1709 870 quam
1724 787 1811 852 facile
1824 795 1871 850 est
1886 786 1943 865 ipsi
1957 785 2101 865 Agriensi
2120 759 2358 864 'eigssfftffr‘ffl

560 881 717 958 liberatus,
741 890 773 945 et
793 884 829 946 ab
851 883 937 946 omni
964 884 1147 948 Latinorum
1177 901 1250 947 cura
1270 902 1303 947 ac
1359 881 1507 962 Episcopo
1535 897 1642 944 eorum
1671 883 1778 946 sedare
1806 882 1957 962 querelas,
1986 891 2018 944 et
2044 883 2101 960 ipsi
2119 879 2178 924 ⁸¹¹⁰·

559 974 718 1052 vigilantia
740 977 920 1054 subductus,
944 994 1007 1040 non
1028 978 1100 1041 satis
1121 985 1303 1043 retenturus
1357 977 1419 1039 Nos
1440 977 1544 1056 regiae
1565 975 1713 1039 maiestati
1736 984 1805 1040 tuae
1826 975 2022 1056 apostolicam
2042 977 2101 1039 sol-

560 1078 641 1130 esset
660 1068 796 1132 debitam
817 1086 889 1148 erga
912 1079 942 1134 te
967 1072 1070 1146 ladem,
1093 1079 1123 1133 et
1145 1072 1177 1133 in
1200 1081 1301 1135 sancta
1358 1069 1550 1134 licitudinem
1582 1077 1720 1133 nostram
1751 1079 1783 1132 et
1813 1085 1920 1133 curam
1946 1069 2100 1133 adhibitu-

364 2777 429 2821 llaeo
448 2776 536 2822 omnia

324 2827 378 2874 deri
406 2829 535 2876 declarat

324 2882 421 2939 absque
439 2883 536 2929 iniuria

324 2937 536 2991 Graecor.‚suom-

324 2999 375 3044 qne
409 3001 425 3036 e
443 2989 535 3036 ostoli-

323 3052 380 3088 cam
400 3053 415 3088 n
434 3043 535 3092 bibitu-

323 3097 535 3206 itt'lalllalll}

559 1162 676 1224 unione
704 1164 918 1227 constantiam.
953 1165 1085 1245 ldeoque
1113 1167 1302 1231 adliciendos

559 1255 604 1318 illi
625 1255 684 1319 luit
706 1273 828 1334 eorum,
851 1275 929 1337 quae
949 1258 1080 1322 subinde
1102 1267 1300 1337 gererentur,

558 1350 658 1413 veluti
679 1352 802 1430 quidam
826 1351 990 1432 inspector,
1006 1355 1094 1416 cuius
1116 1354 1147 1416 in
1171 1361 1201 1417 te
1222 1363 1301 1418 tuas·

559 1461 702 1522 queres,
725 1445 878 1509 carissima
901 1447 932 1510 iu
954 1449 1078 1512 Christo
1099 1449 1160 1510 lilia
1183 1459 1300 1528 nostra,

559 1537 614 1600 tibi
634 1546 715 1601 esset
736 1541 1018 1620 perspectissimum
1039 1543 1178 1606 studium
1190 1551 1221 1608 et
1232 1561 1302 1624 pro-

558 1633 710 1696 batissima
732 1634 817 1696 sides.
839 1635 912 1709 Quis
934 1636 1030 1714 igitur
1050 1637 1219 1700 commodis
1236 1647 1300 1700 tua-

558 1743 693 1807 rumque
714 1743 821 1790 rerum
848 1730 1007 1794 securitati
1028 1741 1182 1807 repugnat
1210 1733 1300 1795 Grae·

557 1838 623 1884 cam
647 1823 804 1886 nationem
829 1840 893 1887 non
920 1824 1051 1904 amplius
1079 1823 1233 1905 Episcopis
1262 1827 1301 1888 Α·

558 1917 732 1992 griensibus
753 1917 785 1980 in
800 1923 959 1997 posterum
974 1933 1039 1980 esse
1053 1917 1233 1995 subiectam,
1246 1922 1299 2000 qui

557 2010 589 2073 in
621 2013 848 2075 conservandae
876 2012 1035 2090 religionis
1066 2013 1132 2076 zelo
1164 2022 1196 2077 et
1224 2030 1298 2092 erga

555 2120 650 2166 suum
670 2121 778 2182 regem
800 2106 923 2184 egregia
945 2107 1005 2169 fide
1019 2123 1176 2170 summam
1190 2124 1298 2172 omnes

556 2196 679 2260 laudem
706 2205 779 2261 suut
809 2200 975 2262 consecuti.
1000 2200 1114 2264 Contra
1139 2203 1165 2262 si
1186 2201 1298 2264 Graeca

557 2290 641 2352 natio
661 2291 803 2368 potestati
826 2293 926 2369 graeci
946 2293 1086 2373 Episcopi
1104 2294 1296 2369 subiiciatur,

557 2383 626 2446 vide
650 2401 846 2464 quaesumus,
862 2385 1015 2449 carissima
1037 2387 1068 2450 in
1092 2386 1215 2449 Gbrrsto
1236 2387 1298 2449 lilia

556 2484 671 2553 nostra,
688 2493 728 2539 ne
748 2495 764 2539 a
786 2478 910 2541 natione
931 2480 1041 2542 Latino
1062 2479 1183 2542 nomini
1197 2486 1302 2542 tanto-

554 2583 628 2646 pere
647 2571 773 2634 adversa
795 2580 961 2650 perpetuus
983 2581 1085 2636 metus
1106 2574 1213 2637 debeat
1233 2575 1297 2636 ani-

555 2680 607 2728 mo
629 2671 681 2725 tuo
703 2665 848 2728 insidere.

594 2759 663 2835 §5-
686 2760 749 2834 Qua
770 2759 803 2822 iu
825 2777 860 2823 re
880 2759 963 2824 nulla
979 2763 1013 2824 lit
1034 2763 1156 2825 Graecis
1170 2761 1294 2826 iniuria.

553 2854 725 2927 Quamnam
738 2854 825 2916 enim
843 2854 1087 2917 existimabimus
1100 2856 1200 2919 lacere
1215 2857 1296 2921 iniu-

554 2946 632 3008 riam
651 2963 722 3010 cum
737 2965 799 3024 res,
815 2964 876 3026 quo
897 2949 929 3010 in
951 2949 1018 3012 loco
1038 2956 1123 3025 sunt,
1140 2950 1172 3011 in
1187 2953 1296 3014 eodem

554 3039 702 3103 volumus
729 3047 930 3120 permaneret
955 3044 1088 3119 Quodsi
1115 3045 1221 3107 Graeci
1242 3045 1295 3107 ali-

554 3133 678 3213 quando
688 3136 765 3214 apud
776 3138 894 3214 regiam
910 3139 1101 3202 maiestatem
1113 3147 1197 3200 tuam
1208 3139 1296 3217 quid-

1357 1180 1407 1226 ros
1438 1164 1667 1242 promittimus,
1700 1179 1762 1243 quo
1793 1162 2099 1228 convenientioribus

1356 1257 1604 1337 quibuscumque
1619 1257 1717 1321 modis
1738 1257 1926 1321 Graecorum
1941 1256 1973 1318 in
1989 1264 2040 1319 tua
2055 1256 2098 1320 di·

1357 1352 1441 1414 ticue
1466 1351 1647 1428 degentium
1674 1351 1892 1430 tranquillitati
1920 1351 2098 1414 consultum

1354 1447 1411 1523 sit;
1443 1453 1538 1534 atqqe
1559 1445 1601 1508 ita
1631 1452 1732 1509 sancta
1759 1445 1834 1508 unic
1861 1445 2000 1508 firmiore
2024 1460 2100 1524 quo

1355 1539 1517 1603 dammodo
1533 1540 1655 1617 glutine
1670 1545 1904 1618 coagmentetur
1917 1539 1951 1602 in
1969 1540 2045 1614 dies,
2068 1547 2099 1601 et

1355 1633 1387 1695 in
1409 1649 1519 1696 eorum
1548 1633 1658 1696 animis
1689 1633 1827 1695 alacritas
1847 1634 1883 1696 ad
1904 1632 1962 1694 sibi
1989 1647 2098 1710 paren·

1355 1727 1426 1790 dum
1447 1736 1598 1804 augeatur
1623 1735 1654 1790 et
1668 1728 1753 1790 fides.
1776 1727 1844 1790 lluc
1858 1726 1943 1788 enim
1964 1725 2098 1806 denique

1355 1820 1387 1884 in
1409 1821 1463 1884 hac
1484 1836 1519 1884 re
1539 1828 1677 1901 spectant
1691 1819 1891 1898 cogitationes
1906 1825 2040 1883 nostrae.
2052 1819 2097 1881 Tu

1354 1932 1441 1991 vero,
1464 1915 1670 1978 carissimam
1699 1915 1823 1978 Christo
1848 1913 1909 1976 lilia
1935 1912 2097 1990 nostrast

1355 2011 1391 2072 ad
1407 2011 1499 2072 buius
1514 2010 1560 2071 rei
1575 2018 1719 2074 nolttram
1739 2016 1907 2084 attentum,
1919 2017 1950 2072 et
1963 2008 2001 2070 ab
2012 2007 2097 2071 omni

1354 2103 1538 2182 praeiudicio
1560 2120 1692 2166 vacuum
1713 2105 1855 2166 animum
1875 2102 2007 2178 adiicias,
2030 2117 2098 2181 pro-

1354 2196 1432 2260 lecto
1450 2197 1631 2278 comperies,
1654 2204 1685 2260 et
1707 2197 1872 2260 catholicae
1893 2195 2046 2273 Religioni
2066 2202 2107 2280 et

1353 2289 1446 2367 regiis
1466 2290 1560 2353 rebus
1582 2290 1753 2354 tuismultc
1775 2291 1841 2353 lore
1861 2288 2096 2364 conducibilius,

1352 2383 1378 2444 si
1399 2383 1506 2446 Graeci
1527 2384 1613 2447 nulla
1633 2401 1725 2460 nora,
1747 2384 1801 2446 sed
1826 2383 1944 2459 eadem,
1966 2399 2026 2461 qua
2048 2397 2097 2443 us-

1353 2491 1413 2554 que
1437 2477 1535 2541 adbuc
1559 2478 1697 2553 ratione,
1729 2493 1854 2557 semper
1877 2477 1910 2539 iu
1938 2483 2096 2556 posterum

1354 2569 1582 2646 gubernentur.
1614 2572 1653 2634 Et
1680 2571 1781 2648 regiae
1813 2570 1964 2634 maiestati
1995 2570 2094 2644 Tuae,

1353 2679 1411 2740 qua
1439 2663 1599 2744 praecipua
1624 2664 1842 2743 prosequimur
1867 2663 2003 2738 caritate,
2025 2678 2095 2739 apo·

1352 2758 1489 2821 stolicam
1522 2758 1771 2822 benedictionem
1800 2756 2009 2820 amantissime
2039 2756 2096 2818 im·

1352 2852 1516 2931 pertimur.

1392 2950 1505 3011 llatum
1534 2947 1650 3010 Romae
1677 2947 1758 3026 apud
1787 2946 1817 3010 S.
1848 2946 1975 3009 Mariam
2004 2945 2095 3008 llaio-

1352 3061 1418 3107 rem
1445 3043 1503 3106 sub
1529 3042 1645 3104 annulo
1673 3041 1832 3104 Piscatoris
1859 3037 2094 3101 diex111.iulii

1351 3153 1565 3212 uncccxvur,
1581 3135 1778 3215 pontificatus
1793 3133 1892 3196 nostri
1912 3146 2053 3195 annom.
