4722 6976
10 589 11 594 ,
79 539 160 598 133.
179 533 245 592 tote

80 685 201 754 3333333
213 695 256 748 ao
313 677 332 753 ἓ
352 675 382 739 l.
405 675 466 740 Nos
481 674 588 754 igitur,
603 673 657 754 qui
672 673 804 752 gratiora
819 673 852 735 in
866 672 1014 751 diospon-

71 740 256 848 ⁷,}}‚“¹³¹‘¹¹'⁰¹¹⁰'
276 771 384 834 tiliciae
406 770 640 834 benevolentiae
666 769 841 832 testimonia
870 767 1015 846 praebere

275 881 337 926 non
358 863 534 927 dubitamus
561 864 617 942 ipsi
645 863 792 926 catholico
820 861 899 938 regi,
921 875 1014 938 quem

273 958 400 1021 sollicita
420 975 494 1021 cura
515 960 695 1036 intentaque
722 956 915 1036 providentia
935 955 1015 1019 mul·

276 1058 342 1114 tum
363 1052 483 1114 conniti
505 1052 661 1127 novimus
677 1060 712 1115 ut
727 1053 759 1115 in
774 1051 836 1115 suis
851 1050 1015 1113 ditionibus

276 1143 427 1208 Ecclesiae
453 1145 560 1208 lloreat
587 1146 721 1221 libertas,
745 1145 909 1208 christiana
930 1145 1018 1206 inva-

275 1239 367 1302 lescat
385 1240 543 1312 securitas,
564 1257 598 1302 ac
623 1257 696 1302 vera
716 1239 901 1323 populorum
923 1235 1017 1298 131131-

276 1343 332 1406 tas‚
354 1349 432 1410 quae
453 1333 485 1395 in
500 1333 553 1396 liei
568 1334 682 1397 timore
695 1340 752 1408 est,
769 1331 936 1396 immobilis
949 1346 1018 1409 per·

274 1437 407 1500 sereret,
440 1429 535 1508 ipsios
565 1429 705 1507 precibus
735 1425 939 1490 libentissime
965 1440 1017 1486 an·

276 1523 416 1598 nuimus,
438 1523 566 1601 eiusque
587 1521 653 1584 zelo
673 1528 868 1584 accurrentes
883 1535 920 1582 ex
935 1525 1017 1582 certa

275 1616 403 1692 scientia
432 1623 464 1678 et
491 1621 610 1678 matura
638 1613 860 1678 deliberatione
884 1613 1016 1688 nostris,

276 1712 376 1790 deque
389 1709 577 1788 ¹apostolicae
590 1708 749 1786 potestatis
763 1706 956 1787 plenitudine
969 1724 1018 1769 su·

276 1803 445 1881 predictam
465 1799 502 1864 de
524 1803 679 1866 Portorico
699 1801 902 1881 episcopalem
925 1800 1020 1863 ecclo-

275 1900 353 1960 siam
375 1914 391 1958 3
411 1913 606 1976 quacumque
631 1897 820 1960 subiectione
842 1893 1021 1973 metropoli·

277 1991 341 2053 tani
369 1991 407 2054 de
427 1992 511 2055 cuba
535 2008 661 2069 prorsus
688 1991 863 2054 eximentes
891 2007 925 2052 ac
945 1989 1020 2051 libe·

277 2091 394 2159 rantes,
417 2083 643 2162 metropolitico
664 2085 737 2159 iuri,
761 2082 1020 2188 superioritati0et

277 2177 481 2240 iurisdictioni
497 2192 552 2254 pro
567 2187 705 2257 tempore
719 2178 879 2240 existentis
893 2177 1020 2238 133133-

278 2269 392 2348 piscopi
414 2270 517 2332 Sancti
539 2271 699 2346 Dominici,
715 2271 762 2334 uti
780 2271 863 2333 illius
876 2269 1021 2346 suffraga-

278 2379 382 2438 neam,
404 2371 553 2442 perpetuo
574 2366 682 2442 vigore
702 2365 912 2442 praesentium
929 2363 1020 2426 subii-

279 2459 378 2519 cimus
398 2464 491 2535 atque
510 2459 724 2536 supponimus

91 2554 259 2654 'qfnqrmauo
318 2551 390 2626 §h
423 2551 521 2630 lpsam
551 2565 626 2612 vero
656 2551 943 2632 archiepiscopalem
974 2567 1021 2613 ec·

68 2619 260 2726 iiiitiifuffs‘iniii
278 2645 402 2708 clesiam
429 2645 526 2708 sancti
546 2646 699 2709 Dominici
722 2655 765 2710 tot
791 2648 946 2728 tantisque
967 2663 1021 2710 ne·

68 2721 180 2762 ⁰⁰¹¹¹¹¹¹¹⁰¹·
280 2739 417 2801 minibus
437 2740 694 2814 commendatam,
723 2757 821 2820 eoque
842 2741 1021 2819 praesertim

279 2831 533 2910 praeclarissimo,
555 2835 636 2912 quod
658 2834 700 2896 ibi
720 2829 857 2914 primum
869 2827 910 2897 'ex
925 2835 1023 2912 regio·

281 2930 373 2991 nibus
394 2933 478 2990 trans
505 2943 654 2992 oceanum
682 2928 871 2992 Atlanticum
897 2927 1023 2990 detectis

281 3023 510 3086 sanctissimum
531 3023 599 3086 1333
621 3023 734 3086 Christi
762 3038 875 3084 nomen
895 3029 927 3084 et
948 3022 1022 3083 tides

282 3117 467 3190 insonuerit,
490 3133 524 3178 ac
553 3116 682 3193 proinde
703 3133 719 3177 a
740 3116 875 3178 romanis
902 3114 1023 3194 pontifi-

281 3211 368 3273 cibus
388 3208 670 3288 praedecessoribus
691 3211 804 3272 nostris
818 3209 959 3288 pluribus
973 3225 1026 3271 cu·

282 3303 432 3366 mulatam
454 3302 636 3382 privilegiis,
658 3303 759 3382 iisque
778 3303 892 3366 iniuria
907 3311 1026 3381 tempo-

282 3414 354 3460 rum
375 3395 509 3461 fortassis
530 3396 696 3472 minutam,
712 3406 743 3459 et
758 3414 843 3460 nuuc
857 3399 971 3460 iterum
986 3413 1025 3458 ex

281 3491 421 3555 eiusdem
442 3491 581 3555 catholici
595 3492 676 3570 regis
691 3491 814 3570 pietate,
831 3499 923 3570 prout
937 3498 1024 3553 antea

283 3585 416 3660 extabat,
438 3585 583 3664 capitulo,
603 3593 635 3646 et
657 3586 801 3662 congruis
822 3585 944 3648 dotibus
970 3584 1024 3645 ho·

283 3688 436 3744 nestatam
456 3683 519 3740 3313
538 3678 681 3741 omnibus
695 3679 826 3754 iuribus,
842 3677 1024 3757 privilegiis,

284 3772 517 3852 praerogativis,
532 3772 782 3849 praeeminentiis
803 3788 836 3833 ac
856 3771 946 3833 titulo
962 3769 1026 3831 Pri·

284 3868 374 3930 matis
395 3866 563 3940 indiarum,
579 3865 690 3943 quibus
703 3865 831 3940 iamdiu,
842 3871 877 3927 ut
892 3863 1011 3944 praeter

285 3957 360 4035 tur,
374 3959 557 4038 potiebatur,
580 3961 682 4021 denuo
704 3961 908 4037 imposterum
929 3957 1025 4020 libere

284 4054 347 4117 lrui
373 4063 465 4132 atque
494 4053 539 4114 uti
566 4068 652 4132 posse
678 4053 875 4116 decernimus
903 4069 935 4115 ec
965 4058 1027 4113 sta-

285 4148 412 4211 tuimus.

6 4289 7 4292 ,
77 4243 265 4301 papatuum-
324 4242 344 4316 ς
364 4242 393 4303 6.
423 4241 580 4316 Quocirca,
596 4248 641 4304 ,ut
670 4240 791 4318 singula
812 4241 844 4302 in
866 4241 1026 4302 13133333-

6 4317 8 4336 »
67 4300 149 4346 tutoris
163 4301 265 4354 aposto-

6 4363 7 4402 1
66 4353 107 4398 33.
284 4336 355 4398 stris
365 4333 462 4396 literis
473 4333 930 4414 dispositaexecntionidebitae
940 4349 1027 4395 man-

285 4431 411 4503 dentur,
423 4427 592 4489 venerabili
613 4426 699 4489 tratri
715 4428 875 4490 Francisco
890 4426 1026 4489 lintanio

286 4521 396 4583 Sil-E.
408 4520 590 4598 presbytero
600 4520 754 4583 Cardinali
763 4520 893 4583 (lebrian
904 4538 922 4599 y
934 4519 1027 4583 llalda

285 4622 464 4694 nuncupato
488 4614 678 4677 Patriarchae
706 4614 863 4677 indiarum
887 4613 1028 4677 commit·

286 4709 391 4784 timus,
414 4715 449 4770 ut
469 4707 535 4770 sive
557 4723 674 4787 perse,
697 4708 763 4770 sive
784 4724 840 4787 per
856 4708 958 4784 aliam,
975 4715 1028 4771 aut

284 4801 355 4864 alias
376 4801 591 4866 ecclesiasticas
611 4818 756 4881 personas
777 4803 865 4864 abeo
879 4803 1028 4880 deputan-

286 4896 367 4970 dam,
382 4896 433 4958 331
449 4895 648 4974 deputandas,
670 4896 829 4975 exquisitis
844 4895 1028 4958 Antistitum

286 4997 317 5051 et
344 4989 549 5066 capitulorum
577 4991 613 5052 de
640 4991 724 5052 Guba
750 4997 780 5052 et
807 4991 845 5051 de
871 4989 1028 5052 Portorico

286 5083 496 5160 consensibus,
518 5099 551 5144 ea
573 5085 677 5146 omnia
699 5092 795 5162 gerat,
818 5101 897 5162 quae
915 5083 951 5145 ad
966 5083 1028 5162 pte·

287 5177 409 5239 narium
437 5176 613 5238 huiusmodi
641 5193 749 5240 rerum
775 5178 1028 5256 consequendum

287 5271 430 5334 ellectum
458 5271 624 5334 necessaria
650 5272 826 5349 dignoverit
854 5281 946 5350 atque
976 5285 1028 5347 op-

287 5374 428 5445 portuna.
447 5363 508 5427 Nos
530 5365 626 5442 enim,
641 5367 667 5426 si
689 5366 851 5427 memorati
868 5363 1028 5426 antistites

287 5467 317 5521 et
337 5458 465 5537 capitula
494 5459 526 5521 in
552 5459 581 5520 id
612 5459 752 5522 assentiri
780 5457 1030 5521 irrationabiliter

287 5553 462 5630 renuerint,
486 5567 596 5615 eorum
617 5561 648 5616 et
669 5552 800 5615 aliorum
819 5551 1030 5631 quorumlibet

286 5646 562 5710 ecclesiasticorum
590 5646 781 5725 supplentes,
813 5645 859 5707 illi
880 5661 919 5706 ex
947 5660 1030 5707 nunc

287 5741 449 5819 apostolica
479 5739 660 5803 auctoritate
690 5741 872 5816 derogatum
893 5753 959 5799 esse
980 5738 1030 5798 de·

287 5833 448 5908 eieramus,
471 5834 688 5913 praedictoque
714 5833 875 5900 Francisco
896 5831 1030 5892 Antonio

288 5927 440 5992 Cardinali
462 5934 492 5988 et
517 5927 707 5990 Patriarchae
734 5925 866 6004 amplam
888 5925 925 5988 ad
945 5939 1030 6006 prae·

934 541 1004 593 PIUS
1025 543 1074 593 ΡΙ).
1099 543 1153 594 Vll.

1732 524 1789 592 5151
1839 527 1938 587 136.
1960 525 2029 584 18111

1070 669 1160 733 missa
1181 671 1303 771 integre
1331 674 1507 752 exequenda
1534 673 1701 738 tribuimus
1726 679 1811 752 pote·

1070 771 1222 828 testatam.

1109 859 1128 932 ὃ
1149 858 1177 921 7.
1201 859 1310 923 Omnia
1340 869 1444 924 autem
1473 868 1504 926 et
1527 865 1649 942 singula
1673 865 1706 927 in
1728 864 1811 930 bisce
1850 875 1970 923 clausura
1983 875 2041 922 vuo-

1070 952 1184 1014 nostris
1206 953 1303 1016 literis
1323 961 1480 1032 contenta,
1502 958 1596 1019 etiam
1617 975 1654 1020 ex
1675 974 1711 1022 eo
1730 957 1812 1036 quod
1829 928 1885 1032 iffi
1903 929 2041 1030 iiiiii?

1070 1044 1200 1121 quilibet
1220 1047 1253 1107 in
1275 1045 1336 1108 illis
1351 1047 1499 1112 interesse
1513 1051 1673 1126 habentes,
1687 1068 1743 1116 seu
1761 1052 1812 1114 ha·

1072 1137 1144 1198 bere
1171 1141 1407 1215 praetendentes
1434 1144 1533 1206 vocati
1565 1155 1595 1206 et
1621 1145 1718 1208 auditi
1748 1160 1811 1208 non

1072 1231 1200 1307 tuerint,
1217 1231 1303 1295 nullo
1318 1249 1466 1312 umquam
1490 1227 1629 1316 tempore
1649 1237 1687 1301 de
1706 1239 1812 1302 subre-

1072 1325 1197 1403 ptionis,
1221 1327 1272 1389 vel
1293 1328 1493 1408 obreptionis,
1515 1339 1567 1394 aut
1595 1332 1746 1396 nullitatis
1768 1332 1813 1393 vi-

1075 1419 1127 1494 tio,
1142 1435 1197 1482 seu
1213 1420 1395 1484 intentionis
1415 1433 1548 1502 nostrae,
1565 1426 1616 1488 331
1630 1427 1740 1505 quovis
1754 1425 1814 1488 alio

1072 1513 1166 1574 etiam
1194 1515 1386 1578 substantiali
1413 1517 1534 1582 deiectu
1565 1521 1684 1594 notari,
1716 1520 1814 1598 impu-

1073 1608 1173 1684 gnari,
1184 1608 1358 1687 invalidari,
1371 1613 1420 1674 vel
1434 1614 1507 1676 alias
1521 1613 1754 1692 quomodolibet
1768 1615 1815 1676 in-

1073 1699 1180 1777 iringi,
1202 1703 1360 1778 retardari,
1381 1707 1549 1784 annullari,
1571 1725 1624 1771 seu
1647 1708 1815 1788 quidquam

1073 1793 1155 1857 aliud
1177 1795 1208 1857 in
1228 1798 1420 1862 contrarium
1441 1802 1562 1880 disponi
1578 1803 1734 1866 ullatenus
1748 1819 1815 1882 pos-

1073 1904 1117 1961 se,
1132 1887 1184 1950 sed
1205 1903 1255 1950 eas
1275 1905 1397 1969 semper
1418 1894 1531 1956 validas
1552 1903 1582 1958 et
1602 1897 1738 1962 efficaces
1753 1895 1815 1958 exi-

1073 1989 1156 2044 stere
1178 1991 1216 2044 et
1245 1982 1322 2059 lore,
1343 2002 1476 2066 suosque
1504 1989 1657 2068 plenarios
1677 2001 1709 2055 et
1736 1995 1815 2056 inte-

1075 2091 1145 2152 gros
1160 2076 1285 2139 effectus
1297 2073 1403 2142 'sortiri
1424 2089 1454 2144 et
1477 2082 1618 2147 obtinere
1631 2085 1744 2150 dehere
1757 2093 1816 2149 sta-

1076 2172 1210 2248 tuimus,
1233 2179 1264 2234 et
1283 2173 1308 2234 si
1329 2189 1416 2237 secus
1437 2191 1530 2254 super
1552 2179 1598 2241 his
1622 2197 1637 2241 a
1659 2197 1815 2261 quoquam

1076 2265 1183 2342 quavis
1203 2265 1384 2328 auctoritate
1411 2269 1545 2332 scienter
1566 2272 1616 2334 vel
1637 2274 1817 2350 ignoranter

1075 2358 1242 2433 contigerit
1270 2361 1425 2436 tatentari,
1454 2364 1581 2428 irritum
1601 2373 1633 2428 et
1653 2367 1745 2432 inane
1766 2369 1817 2432 de-

1075 2465 1243 2513 cernimus.

1116 2546 1134 2619 ἓ
1155 2542 1184 2605 8.
1201 2543 1270 2608 Ν33
1285 2546 1487 2627 obstantibus,
1508 2563 1660 2632 quatenus
1676 2573 1752 2636 opus
1766 2556 1817 2634 sit,
1844 2561 2047 2626 3333313303-
2105 2628 2107 2634 y

1077 2645 1180 2700 nostra
1201 2645 1232 2700 et
1253 2642 1450 2706 cancellariae
1464 2649 1646 2725 apostolicae
1660 2651 1767 2728 regula
1781 2652 1819 2715 de
1835 2621 1982 2665 pariorum.

1076 2732 1146 2794 iure
1166 2734 1303 2811 quaesito
1318 2751 1381 2798 non
1398 2737 1546 2816 tollendo,
1562 2759 1595 2806 ac
1610 2759 1819 2822 supramemo-

1078 2826 1150 2888 ratis
1161 2827 1274 2889 nostris
1284 2826 1380 2891 literis
1391 2834 1649 2898 annomillesimo
1659 2837 1820 2915 octingen-

1079 2921 1188 2983 tesimo
1209 2922 1301 2984 tertio
1314 2923 1372 2985 sub
1386 2924 1513 3002 plumbo
1528 2929 1690 3007 expeditis,
1706 2939 1737 2993 et
1751 2931 1820 3010 qui·

1079 3015 1184 3077 1333313
1195 3015 1260 3078 31113
1276 3016 1368 3079 etiam
1381 3019 1413 3080 iu
1428 3023 1637 3100 synodalibus,
1648 3025 1819 3103 provincia·

1077 3107 1171 3184 libus,
1191 3109 1385 3185 generalibus
1410 3114 1699 3197 universalibusque
1720 3118 1820 3181 conci-

1079 3200 1128 3263 liis
1142 3202 1232 3264 editis
1246 3204 1517 3270 constitutionibus
1534 3217 1564 3273 et
1575 3211 1821 3274 ordinationibus

1079 3294 1267 3372 apostolicis,
1294 3314 1327 3359 ac
1353 3301 1596 3378 supradictarum
1623 3305 1821 3367 ecclesiarum

1080 3389 1172 3452 etiam
1196 3391 1383 3470 iuramento,
1399 3398 1633 3462 confirmatione
1647 3399 1820 3478 apostolica,

1080 3484 1131 3546 vel
1151 3481 1259 3562 quavis
1280 3488 1426 3552 firmitate
1447 3491 1502 3552 alia
1525 3491 1673 3554 roboratis
1686 3493 1820 3568 statutis,

1080 3586 1112 3641 et
1123 3579 1415 3658 consuetudinibus3
1431 3583 1613 3662 privilegiiis
1628 3602 1763 3664 quoquc,
1775 3585 1822 3646 in·

1080 3673 1185 3748 dultrs,
1208 3680 1238 3734 et
1260 3672 1358 3736 literis
1386 3675 1556 3754 apostolicis
1577 3677 1610 3740 in
1631 3679 1822 3741 contrarium

1080 3767 1319 3844 praemissorum
1340 3769 1569 3846 quomodolibet
1583 3769 1684 3833 lorsan
1701 3785 1822 3834 conces-

1080 3860 1131 3933 sis,
1149 3860 1260 3939 quibus
1281 3861 1423 3924 omnibus
1437 3871 1469 3925 et
1481 3864 1613 3941 singulis
1627 3866 1664 3928 ad
1678 3864 1823 3928 ellectum

1081 3954 1290 4031 praesentium
1310 3954 1468 4018 dumtaxat
1482 3960 1747 4036 consequendum,
1763 3956 1823 4020 illis

1080 4046 1152 4108 alias
1173 4047 1205 4108 in
1235 4064 1291 4110 suo
1320 4048 1430 4111 robore
1457 4053 1683 4128 permansuris,
1714 4052 1823 4114 harum

1081 4155 1205 4219 quoque
1226 4141 1307 4204 33313
1327 4141 1522 4220 derogamus,
1541 4146 1731 4224 caeterisque
1752 4160 1824 4208 con·

1082 4233 1182 4294 trariis
1203 4233 1459 4314 quibuscumque.

1122 4327 1191 4402 §9-
1215 4327 1366 4390 Volumus
1396 4338 1520 4408 autem,
1552 4339 1586 4394 ut
1613 4332 1823 4410 praesentium
1855 4342 2053 4408 vruasnaopnoa

1082 4421 1243 4483 literarum
1260 4425 1470 4501 transumptis,
1482 4425 1548 4487 sive
1559 4426 1720 4504 exemplis,
1731 4425 1824 4488 etiam
1841 4401 2016 4455 transumptis.

1083 4513 1251 4594 impressis,
1285 4531 1380 4578 manu
1411 4525 1513 4580 tamen
1548 4519 1677 4582 alicuius
1712 4519 1843 4582 notarii

1083 4608 1197 4686 publici
1224 4609 1415 4688 subscriptis,
1442 4618 1473 4672 et
1498 4612 1599 4688 sigillo
1625 4629 1770 4692 personae
1792 4613 1825 4675 in

1082 4701 1282 4764 ecclesiastica
1309 4703 1459 4780 dignitate
1480 4706 1665 4770 constitutae
1685 4707 1826 4782 munitis,

1084 4795 1190 4874 eadem
1221 4812 1346 4875 prorsus
1375 4799 1449 4862 sides
1476 4800 1509 4864 in
1537 4801 1650 4863 iudicio
1677 4810 1708 4864 et
1740 4807 1826 4864 extra

1083 4891 1273 4967 adhibeatur,
1295 4908 1372 4971 quae
1391 4895 1464 4973 ipsis
1478 4896 1690 4973 praesentibus
1704 4895 1827 4958 adhibe-

1084 4992 1183 5060 retur,
1205 4987 1231 5046 si
1250 4987 1353 5050 iorent
1373 4989 1527 5050 exhibitae
1547 4988 1598 5051 vel
1620 4995 1771 5050 ostensae.

1124 5081 1144 5155 5
1166 5079 1211 5142 ld.
1226 5078 1310 5142 Nulli
1325 5096 1400 5158 ergo
1414 5083 1543 5145 omnino
1557 5083 1721 5145 hominum
1737 5082 1826 5143 liceat
1876 5094 1980 5158 sancito
1998 5104 2055 5150 poe-

1085 5176 1163 5234 hanc
1183 5173 1327 5251 paginam
1349 5181 1527 5238 nostrarum
1547 5175 1765 5254 exemptionis,
1792 5174 1828 5236 li·
1844 5148 1919 5194 ”³¹¹⁵

1086 5267 1263 5341 berationis,
1285 5265 1493 5344 subiectionis,
1515 5269 1746 5348 suppositionis,
1767 5277 1827 5330 sta·

1086 5361 1157 5436 tuti,
1183 5361 1419 5438 commissionis
1445 5362 1667 5435 declarationis,
1699 5361 1826 5436 decreti,

1085 5453 1292 5531 derogationis
1319 5472 1352 5518 ac
1373 5456 1751 5541 voluntatisiulrigere,
1777 5454 1828 5516 vel

1085 5549 1114 5611 ei
1141 5565 1218 5610 ausu
1248 5550 1413 5611 temerario
1438 5550 1608 5613 contraire:
1632 5550 1657 5611 si
1679 5550 1748 5628 quis
1775 5565 1827 5610 au·

1086 5648 1150 5704 tem
1171 5642 1229 5704 hoc
1250 5649 1402 5705 attentare
1420 5643 1671 5723 praesumpserit,
1687 5643 1828 5720 indigna-

1085 5733 1206 5796 tionem
1226 5735 1448 5814 omnipoteutis
1463 5735 1528 5810 liei,
1548 5752 1581 5797 ac
1601 5736 1760 5798 beatorum
1774 5735 1829 5795 Pe-

1086 5827 1127 5887 tri
1148 5832 1180 5888 et
1200 5825 1286 5888 Pauli
1307 5827 1523 5905 Apostolorum
1549 5827 1627 5904 eius,
1649 5843 1682 5890 se
1704 5825 1827 5889 noverit

1087 5923 1296 5986 incursurum.
