4808 6988
72 567 129 624 Aa.
144 570 179 624 0.
203 561 270 624 1828

61 772 177 832 collegii.

967 585 1024 645 tto
1045 597 1095 645 ra.
1119 589 1177 645 xil.

108 723 146 767 oe
171 728 281 778 patrono
338 715 358 790 ἓ
378 714 408 778 9.
432 714 585 780 Volumus
612 715 751 793 demum,
774 719 882 796 utqui
905 725 1044 796 tempore

299 809 410 887 quovis
431 810 488 872 erit
510 811 544 874 in
566 811 643 874 urbo
664 811 833 875 cardinalis
859 812 993 889 negotiis
1015 819 1045 874 el

299 903 577 966 consultationibus
598 905 810 984 Propagandae
828 904 912 968 Fidei
928 905 1043 984 praele-

300 1003 377 1072 ctus,
390 998 510 1075 patroni
526 998 680 1061 Hibernae
694 998 866 1061 iuventutis
880 1004 981 1077 partes
993 1013 1044 1075 ge-

299 1099 357 1166 rat,
372 1098 404 1153 et
418 1092 498 1169 quod
516 1091 546 1154 in
561 1092 731 1170 praesentia
746 1093 929 1154 eorumdem
949 1109 1044 1170 nego-

299 1184 415 1246 tiorum
437 1185 637 1262 congregatio
653 1201 709 1246 suo
724 1193 806 1246 caret
821 1184 985 1265 praelecto,
1002 1187 1045 1248 di·

279 1275 399 1360 ,lectus
421 1276 503 1339 tilius
524 1283 629 1340 noster
648 1278 828 1340 Franciscus
843 1277 972 1342 Sanctae
986 1279 1046 1342 Ho-

300 1386 408 1432 manae
429 1369 580 1433 Ecclesiae
601 1371 763 1450 presbyter
784 1371 951 1434 Cardinalis
973 1373 1044 1434 Ber-

301 1462 447 1526 tazzolius
477 1472 683 1542 nuncupatus,
713 1465 861 1544 quamdiu
890 1466 953 1528 vita
973 1483 1045 1547 sup·

299 1565 380 1635 petat
412 1559 533 1634 patroni
567 1573 697 1621 munere
729 1560 945 1638 perfungatur.
977 1561 1044 1622 Erit

299 1659 457 1729 praeterea
479 1668 579 1715 sacrae
594 1653 688 1731 ipsius
708 1654 962 1730 congregationis
979 1662 1046 1716 tum

300 1745 520 1821 ecclesiasticis,
543 1752 610 1808 turn
632 1748 818 1826 pecuniariis
838 1755 869 1812 et
890 1747 1047 1810 familiari-

299 1839 356 1901 bus
378 1841 505 1903 lruiusoe
525 1841 648 1918 collegii
671 1842 763 1904 rebus
783 1857 936 1919 praeesse,
954 1859 987 1904 ac
1001 1859 1045 1903 sa-

299 1931 455 1995 cerdotem
485 1949 609 1997 morum
640 1935 830 2012 integritate,
861 1935 986 1998 virtutis
1012 1951 1046 1998 ac

299 2027 458 2090 doctrinae
488 2028 584 2106 copia,
606 2026 736 2106 aliisque
766 2028 943 2092 nominibus
973 2029 1046 2090 insi·

299 2135 431 2197 gnoma
453 2130 585 2200 quatuor·
616 2121 783 2184 Hiberniae
804 2122 1046 2202 brobiepiscopis

298 2215 332 2276 in
356 2230 455 2276 unum
476 2215 742 2278 consentientibus
769 2216 922 2280 adlectum
945 2217 978 2278 in
1000 2233 1047 2278 re-

299 2317 416 2371 ctorem
445 2310 646 2383 constituere,
680 2309 936 2389 quotiescumque
957 2312 992 2373 ad
1016 2310 1044 2372 id

297 2401 438 2464 muneris
460 2403 607 2465 idoneum
629 2403 778 2465 censebit.
802 2404 924 2466 Hectori
940 2413 1044 2466 autem

298 2494 385 2557 liceat
414 2495 590 2558 studiorum
619 2495 808 2575 praelectum
837 2503 867 2560 et
894 2496 1045 2558 contessa-

298 2588 380 2649 rium
411 2590 585 2664 nominare,
614 2606 748 2668 quorum
780 2597 910 2669 uterque
932 2609 948 2651 a
971 2591 1040 2654 Car·

298 2679 392 2742 dinali
414 2688 553 2758 patrono,
576 2681 599 2742 si
622 2683 649 2743 ei
671 2682 839 2755 ridebitur,
856 2683 916 2744 erit
930 2682 1043 2745 deinde

298 2773 528 2852 adprobandum
552 2775 691 2854 itemque
712 2776 866 2852 alumnos,
888 2777 1044 2838 convicte-

298 2877 347 2929 res
365 2884 404 2931 ex
417 2868 558 2931 eiusdem
572 2871 694 2948 patroni
708 2871 856 2949 sapientia
871 2872 1043 2946 admittere,

298 2960 349 3022 rel
365 2961 467 3024 minus
484 2961 607 3024 idoneos
622 2979 736 3026 arcere.
750 2961 796 3025 Ne
810 2979 885 3026 vero
899 2963 1045 3026 Umbriae

297 3055 455 3133 provincia
475 3056 649 3118 huiusmodi
664 3057 791 3119 consilio
807 3065 914 3120 nostro
928 3057 1043 3136 aliquid

297 3149 407 3212 habeat
427 3148 621 3228 detrimenti,
637 3152 751 3230 quippe
765 3166 842 3230 quae
857 3166 1044 3215 commemo

299 3251 397 3304 ratam
418 3242 545 3306 domum
568 3244 840 3308 Umbro-Hucciuli
854 3261 975 3308 summa
990 3262 1044 3309 no·

299 3351 371 3398 vem
384 3335 518 3398 millium
529 3345 560 3399 et
572 3337 746 3402 biscentum
758 3355 963 3403 nummorum
977 3358 1044 3403 scu·

299 3438 432 3492 talorum
447 3429 504 3492 sibi
519 3433 718 3511 comparavit,
736 3434 923 3497 thesaurario
938 3443 1044 3497 nostro

297 3523 519 3588 committimus
541 3531 571 3586 et
593 3526 785 3604 mandamus,
801 3535 836 3590 ut
854 3545 870 3589 a
886 3529 1043 3608 pontificio

296 3617 413 3679 aerario
436 3619 565 3681 huiusce
585 3634 726 3682 summae
747 3623 899 3700 pendatur
919 3639 1043 3686 annuus

297 3711 414 3776 tructus
435 3727 639 3774 nummorum
660 3719 851 3776 scutatorum
867 3724 1041 3779 tercentum

295 3807 463 3882 sexaginta,
488 3813 522 3868 ut
543 3807 705 3868 necessarii
726 3807 762 3868 ad
776 3807 893 3870 rictum
908 3808 1044 3872 cultum·

297 3915 355 3978 que
377 3898 460 3961 illius
488 3900 664 3977 provinciae
690 3901 887 3964 instruantur
907 3904 1038 3980 alumni,

297 3993 350 4070 qui
372 4008 427 4071 pro
448 4009 482 4054 re
501 4000 532 4053 et
554 3999 693 4072 tempore
714 3995 746 4055 in
768 3995 930 4073 episcopali
945 3995 1043 4059 liler-

297 4087 358 4149 nati
380 4085 547 4148 seminario
568 4085 698 4163 degunt,
714 4086 807 4166 idque
827 4088 924 4151 donec
942 4090 1043 4152 eidem

297 4180 442 4242 Umbriae
464 4181 640 4258 provinciae
657 4180 778 4257 integra
791 4197 914 4244 summa
929 4199 1041 4246 novem

296 4273 434 4336 millium
458 4281 489 4336 et
511 4273 683 4336 biscentum
706 4283 926 4352 argenteorum
950 4275 1044 4340 luerit

298 4367 451 4441 restituta,
467 4367 516 4428 vel
531 4381 619 4430 secus
640 4368 668 4429 ei
690 4368 880 4432 consuletur.
904 4372 1042 4450 Denique

298 4460 538 4538 congregationi
559 4461 644 4524 Fidei
667 4461 881 4540 Propagandae
902 4479 981 4526 onus
997 4468 1044 4529 in-

297 4556 457 4632 iungimus
488 4570 539 4616 eos
567 4554 668 4616 alendi
698 4555 862 4620 Hiberniae
888 4558 1041 4637 alumnos,

297 4649 350 4728 qui
365 4650 397 4710 in
410 4647 533 4710 Urbano
546 4647 676 4725 collegio
692 4665 776 4712 nunc
787 4660 873 4728 sunt,
886 4662 931 4728 ut,
943 4655 1042 4732 prius-

297 4757 390 4820 quam
412 4741 541 4820 patriam
563 4742 713 4818 revisent,
735 4743 913 4808 divinarum
934 4762 1042 4810 rerum

296 4852 422 4898 cursum
443 4835 619 4910 conficiant,
641 4837 767 4916 suisque
787 4839 969 4902 muneribus
990 4840 1042 4902 ob-

296 4929 406 4992 eundis
426 4928 531 4991 idonei
552 4929 680 4990 omnino
700 4932 840 4995 evadant.
873 4932 952 4995 Haec
972 4951 1040 5013 apo-

295 5024 398 5087 stolica
413 5029 517 5085 nostra
533 5030 683 5101 potestate
697 5025 917 5089 constituimus
931 5037 962 5090 et
973 5047 1042 5092 san·

294 5133 405 5180 cimus.

86 5221 206 5269 clausura
219 5221 278 5268 auo
335 5211 354 5286 ἓ
378 5211 423 5273 ld.
441 5212 647 5273 Decernentes
662 5211 789 5291 insuper
805 5215 856 5275 nas
872 5213 975 5278 literas
989 5218 1040 5278 tir·

68 5272 119 5323 lata
138 5281 163 5322 et
188 5276 278 5323 decre-

67 5331 119 5378 tum
136 5331 249 5378 irritans.

295 5320 372 5382 mas,
397 5306 511 5367 validas
539 5310 570 5365 et
591 5305 725 5367 efficaces
756 5307 889 5369 existere
911 5317 942 5370 ot
962 5309 1039 5388 lore,

294 5415 428 5478 suosque
448 5399 601 5479 plenarios
622 5407 653 5459 et
673 5399 810 5476 integros
829 5401 955 5464 ellectus
976 5421 1041 5466 sor-

296 5493 348 5555 tiri
369 5502 400 5554 et
428 5492 586 5568 obtinere,
618 5498 649 5552 et
678 5507 787 5556 eorum
814 5511 932 5572 causae,
962 5515 1039 5577 quae

295 5601 455 5741 exgpressae
470 5595 555 5661 sunt,
572 5585 629 5648 lrou
650 5583 827 5665 futurisque
850 5590 1040 5670 temporibus

294 5680 326 5757 pl
346 5681 475 5743 nissime
495 5680 670 5756 sullragari3
692 5680 797 5759 sicque
817 5680 851 5742 in
865 5686 1039 5760 praemissis

294 5789 351 5852 per
371 5789 584 5853 quoscumque
610 5774 724 5836 iudices
745 5773 916 5838 ordinarios
937 5786 969 5840 et
989 5781 1038 5841 de·

295 5868 421 5945 legatos,
437 5869 531 5930 etiam
545 5884 705 5930 causarum
727 5869 829 5946 palatii
851 5872 949 5934 nostri
968 5889 1039 5953 apo-

294 5961 393 6026 stolici
409 5962 574 6038 auditores,
590 5962 716 6025 iudicari
731 5970 762 6025 et
776 5964 899 6026 definiri
914 5966 1037 6045 debere,

1099 735 1132 780 ac
1154 718 1280 781 irritum
1300 724 1333 780 et
1354 718 1458 794 inane,
1483 713 1509 780 si
1533 734 1620 782 secus
1644 733 1737 797 super
1760 715 1844 778 nisa

1099 828 1266 890 quoquam,
1292 812 1399 890 quavis
1424 811 1617 886 auctoritate,
1639 811 1774 874 scienter
1795 809 1846 873 rel

1098 905 1279 982 ignoranter
1298 905 1464 982 contigerit
1487 906 1643 968 attentari.

1138 999 1157 1074 ἓ
1181 998 1228 1060 ll·
1246 998 1314 1061 Non
1329 999 1804 1063 obstantibusconstitutionibus
1816 1005 1847 1060 et
1864 991 2077 1106 fflffifflwn'
2178 1029 2182 1038 ι

1098 1093 1309 1156 sanctionibus
1320 1093 1502 1172 apostolicis,
1516 1111 1550 1155 ac
1562 1092 1682 1169 legibus
1693 1091 1846 1155 fundatio·

1099 1188 1147 1250 nis
1158 1188 1308 1266 primaevi
1324 1187 1489 1250 Hiberniae
1503 1185 1639 1264 collegii,
1650 1192 1681 1250 et
1693 1186 1784 1247 etiam
1801 1185 1846 1247 iu-

1099 1290 1250 1356 ramento,
1267 1281 1502 1343 confirmatione
1519 1280 1691 1357 apostolica,
1707 1278 1758 1340 rel
1774 1295 1847 1357 qua-

1099 1375 1147 1436 vis
1169 1375 1314 1436 firmitate
1336 1374 1393 1435 alia
1415 1375 1566 1438 roboratis
1588 1373 1710 1435 statutis
1728 1378 1759 1434 et
1774 1387 1847 1435 con·

1098 1468 1329 1546 suetudinibus;
1355 1467 1467 1547 quibus
1487 1466 1633 1530 omnibus
1661 1475 1692 1528 et
1713 1465 1846 1544 singulis

1099 1561 1226 1624 illorum
1250 1572 1372 1625 tenores
1393 1561 1604 1640 praesentibus
1626 1575 1680 1639 pro
1702 1559 1793 1640 plene
1813 1567 1845 1621 et

1098 1655 1289 1718 sufficienter
1310 1656 1472 1734 expressis,
1491 1661 1522 1716 et
1543 1655 1580 1716 de
1602 1653 1698 1716 verbo
1719 1654 1756 1716 ad
1777 1669 1846 1715 rer·

1099 1748 1174 1811 bum
1189 1749 1314 1811 insertis
1327 1748 1486 1823 trabentes,
1503 1747 1564 1809 illis
1585 1746 1658 1809 alias
1679 1747 1712 1808 in
1727 1760 1782 1806 suo
1797 1762 1845 1806 ro-

1100 1842 1174 1904 bore
1200 1843 1422 1921 permansuris,
1448 1844 1483 1904 ad
1507 1841 1749 1919 praemissorum
1774 1839 1847 1902 elle-

1100 1943 1185 1998 ctum
1207 1936 1261 1998 bac
1283 1935 1350 1998 vice
1372 1937 1530 1998 dumtaxat
1552 1933 1725 2015 specialiter
1746 1939 1846 1994 etex·

1100 2043 1203 2106 presse
1233 2029 1431 2105 derogamus,
1463 2028 1653 2105 caeterisque
1685 2025 1846 2088 contrariis

1099 2120 1356 2200 quibuscumque.
1380 2120 1488 2183 Enixis
1510 2121 1637 2183 interim
1651 2119 1794 2196 precibus
1809 2119 1846 2180 ab

1099 2215 1160 2277 lleo
1182 2214 1386 2293 exposcimus,
1410 2221 1445 2276 ut
1465 2219 1611 2291 congerat
1627 2214 1658 2275 in
1675 2212 1780 2277 Sancti
1794 2212 1846 2274 Pa·

1101 2309 1179 2372 trioii
1202 2308 1351 2387 apostolos
1367 2308 1456 2386 plena
1471 2323 1567 2370 manu
1583 2307 1763 2369 charismata
1779 2321 1846 2382 gra·

1100 2403 1224 2479 Harum,
1240 2412 1271 2464 et
1289 2403 1340 2466 (let
1354 2403 1415 2466 illis
1429 2402 1574 2481 spiritum
1589 2401 1770 2479 sapientiae,
1787 2417 1845 2478 qua

1099 2496 1272 2560 elucescere
1293 2496 1409 2574 possint
1431 2496 1463 2556 in
1486 2496 1577 2557 domo
1595 2493 1659 2568 llei,
1676 2502 1707 2555 ot
1729 2494 1782 2555 lux
1796 2508 1846 2554 eo·

1100 2606 1169 2652 rum
1192 2588 1291 2652 luceat
1318 2591 1500 2668 praesertim
1522 2601 1625 2650 coram
1651 2586 1782 2661 civibus,
1805 2587 1864 2674 ita·

1099 2689 1134 2744 ut
1145 2698 1221 2761 quos
1235 2681 1291 2744 sibi
1306 2684 1402 2759 patria
1415 2683 1535 2744 iunctos
1551 2680 1583 2741 in
1595 2680 1687 2742 terris
1699 2679 1845 2756 habuere,

1099 2783 1250 2855 perpetuo
1271 2775 1469 2837 beatitudinis
1490 2773 1632 2835 coelestis
1653 2772 1785 2834 habeant
1799 2787 1847 2834 so·

1099 2869 1170 2931 cios

1139 2963 1251 3026 batum
1275 2963 1400 3040 Homae,
1424 2961 1504 3041 apud
1526 2962 1556 3026 S.
1574 2962 1702 3024 Petrum
1724 2960 1846 3024 suban-

1100 3057 1175 3121 nulo
1197 3058 1369 3132 Piscatoris,
1387 3057 1437 3120 die
1457 3072 1522 3118 xrr.
1539 3055 1616 3118 lebr.
1632 3071 1845 3132 uncccxxrr,

1099 3152 1296 3232 pontificatus
1319 3151 1419 3214 nostri
1443 3165 1526 3212 anno
1547 3166 1595 3212 tlt.

1357 3351 1596 3364 n—-n——n--n-——a-

1430 3533 1509 3596 xlii.

1100 3719 1345 3785 Hiemembrotio
1361 3723 1546 3801 provinciae
1565 3719 1747 3788 uaaauaea
1763 3719 1845 3783 dioe-

1138 3816 1199 3877 cesi
1224 3813 1422 3892 Quebecorasa',
1444 3815 1596 3895 illiusque
1611 3816 1726 3878 erectio
1742 3815 1777 3877 ia
1792 3831 1846 3876 rto-

1136 3925 1211 3970 oum
1232 3910 1450 3988 episcopatum
1478 3909 1614 3972 Sanctae
1642 3909 1716 3973 Scdi
1738 3910 1845 3971 immo·

1138 4002 1225 4066 dioto
1246 4001 1437 4068 subiectum.

1171 4187 1340 4257 Venerabili
1362 4188 1450 4256 tratri
1473 4188 1627 4257 bernardo
1649 4188 1771 4258 claudio

1237 4282 1475 4368 llrolriepisoopo
1498 4283 1705 4368 Quebeoenst

1348 4471 1425 4538 1.Εο
1448 4470 1509 4539 ΡΡ.
1534 4469 1592 4538 ΧΙΙ.

1312 4660 1503 4729 Venerabilis
1522 4661 1632 4742 trater,

1134 4752 1263 4822 coloten
1286 4758 1319 4820 et
1341 4755 1539 4838 apostolicam
1562 4754 1810 4825 benedictionem.

1136 4943 1154 5018 5
1178 4942 1203 5003 l.
1224 4944 1310 5006 lnter
1331 4943 1519 5023 multiplices
1541 4947 1799 5026 gravissimasque
1814 4965 1843 5010 a·

1095 5037 1262 5116 postulatus
1284 5039 1381 5099 nostri
1403 5055 1492 5101 curas
1513 5055 1575 5102 non
1598 5040 1741 5118 exiguam
1759 5051 1844 5104 tenet

1096 5137 1214 5206 partem
1232 5145 1278 5205 ea,
1294 5146 1372 5208 quae
1387 5131 1574 5194 dioecesium
1589 5148 1644 5210 per
1659 5134 1843 5198 universum

1095 5225 1202 5287 orbem
1233 5225 1467 5288 distributorum
1499 5227 1622 5304 respicit
1647 5235 1781 5306 statum3
1804 5229 1844 5290 si·

1094 5321 1220 5397 quidem
1240 5335 1403 5398 supremae
1424 5321 1584 5398 potestatis
1607 5321 1774 5399 iudiciique
1788 5337 1843 5384 no-

1093 5413 1149 5475 stri
1172 5421 1217 5474 est
1238 5412 1306 5474 illos
1336 5412 1501 5489 moderari,
1530 5429 1699 5493 earumque
1726 5409 1842 5478 limites

1094 5507 1281 5568 constituere
1313 5507 1363 5568 rel
1394 5506 1573 5582 immutare,
1605 5513 1709 5587 prout,
1739 5507 1841 5570 babila

1096 5604 1272 5677 temporum
1290 5615 1323 5660 ac
1337 5600 1644 5662 circumstantiarum
1659 5601 1790 5677 ratione,
1808 5601 1842 5662 li-

1093 5690 1210 5753 delium
1232 5691 1357 5754 utilitati
1379 5693 1550 5755 conducere
1571 5694 1791 5770 dignoscimus.

1767 563 1827 641 669
1876 573 1930 631 Au.
1944 576 1976 634 G.
1996 571 2064 631 leet

1889 4963 2058 5011 Prooemium.

1131 5785 1151 5858 ἓ
1171 5783 1199 5844 2.
1224 5784 1325 5859 Quum
1347 5785 1547 5864 insuperiori
1564 5787 1700 5849 Canadae
1715 5789 1841 5866 provin·
1882 5809 1957 5856 natio
1973 5821 2073 5858 conma-

1860 5863 1942 5910 slonis
1966 5869 1993 5911 et
2015 5875 2073 5912 ere-

1092 5877 1137 5939 cia
1152 5878 1303 5958 copiosior
1316 5879 1493 5958 quotannis,
1505 5878 1629 5942 favente
1640 5881 1783 5959 Domino,
1795 5901 1841 5945 ca-
1860 5917 1953 5964 ettonis
1968 5920 2049 5968 uuor.

1095 5970 1282 6035 tholicorum
1303 5987 1454 6034 numerus
1474 5973 1600 6050 eradat3
1622 5991 1784 6062 quumque
1805 5979 1841 6046 ad
