4776 6974
331 556 385 611 hn.
400 559 430 610 c.
452 557 522 610 1784
571 552 630 616 aab

552 694 614 761 tur,
638 686 734 764 gratia
765 693 797 748 et
817 685 1026 750 misericordia
1056 685 1207 763 procedat.
1237 686 1300 748 Hoc

551 777 653 855 ipsum
674 779 829 857 cupimus,
852 787 887 841 ut
907 797 923 840 a
944 779 1032 840 vobis
1053 779 1201 841 habeatur
1224 784 1298 840 tam-

550 886 641 948 quam
664 887 782 933 novum
804 878 950 950 paternae
972 877 1095 934 nostrae
1117 886 1190 948 erga
1204 871 1299 933 Maro·

551 963 687 1026 nitarum
709 965 869 1027 nationem
883 963 1048 1041 singularis
1063 964 1299 1026 benevolentiae

549 1064 784 1132 argumentum,
807 1064 900 1136 atque
920 1059 987 1120 eius
1002 1057 1239 1119 existimationis
1255 1058 1299 1134 pi·

550 1163 641 1225 gnus,
664 1167 723 1229 qua
744 1149 828 1212 illam
851 1148 890 1211 ob
910 1166 964 1212 sua
986 1150 1019 1211 in
1034 1150 1236 1212 orthodoxam
1251 1166 1298 1212 rc-

551 1242 700 1319 ligionem
722 1243 831 1318 studia,
849 1250 880 1305 ct
893 1250 1091 1306 constantem
1106 1257 1179 1320 erga
1194 1242 1227 1303 B.
1245 1243 1301 1304 Pe-

551 1337 591 1396 tri
613 1336 796 1400 cathedram
824 1336 1063 1412 observantiam,
1094 1337 1298 1413 magnacum

549 1444 621 1490 suae
636 1429 734 1491 laudis
749 1429 974 1507 praedicatione
989 1430 1219 1508 prosequimur.
1240 1429 1299 1490 Hos

550 1522 681 1583 eximios
699 1522 874 1600 pontificiae
889 1523 1057 1584 voluntatis
1072 1539 1183 1584 sensus
1197 1537 1300 1584 coram

550 1613 666 1676 deleret
687 1615 945 1694 confirmabitque
967 1616 1051 1677 vobis
1072 1615 1300 1693 universaeque

550 1707 669 1769 nationi
680 1707 845 1784 Delegatus
861 1709 942 1772 idem
957 1717 1076 1784 noster,
1088 1723 1182 1788 quem
1198 1716 1233 1770 ut
1245 1722 1299 1768 no-

549 1808 630 1862 strae
656 1802 846 1863 auctoritatis
874 1802 1108 1876 administrum,
1132 1801 1172 1864 ita
1194 1808 1228 1862 ut
1249 1816 1299 1878 pa·

550 1893 630 1955 terni
652 1896 753 1957 cordis
774 1894 853 1971 apud
875 1910 929 1956 vos
957 1895 1163 1972 interpretem
1186 1895 1301 1957 consti-

549 1987 679 2048 tuimus.
704 1987 746 2050 Ac
767 1988 854 2050 vobis
876 1988 979 2049 omnia
995 2004 1011 2048 a
1027 1989 1089 2049 Deo
1104 1987 1252 2064 praesidia
1267 2003 1300 2048 ac

549 2080 704 2142 virtutum
726 2088 908 2143 ornamenta
922 2088 1094 2158 precantes,
1110 2079 1143 2140 in
1159 2079 1298 2141 eiusdem
1347 2091 1349 2098 ·

549 2171 749 2248 benignitatis
771 2175 941 2252 auspicium
964 2173 1159 2253 apostolicam
1175 2173 1299 2234 benedi·

549 2265 686 2327 ctionem
707 2267 805 2342 vobis,
828 2282 924 2329 venn.
949 2266 1060 2328 fratres
1086 2273 1117 2327 et
1138 2266 1242 2327 dilecti
1265 2266 1300 2326 h-

549 2355 593 2433 lii,
616 2360 853 2439 universaeque,
886 2360 974 2422 cuius
1005 2358 1221 2422 studiosissimi
1249 2375 1301 2420 su·

548 2466 630 2527 mus,
658 2453 775 2515 nationi
808 2459 927 2515 vestrae
958 2460 1157 2531 peramanter
1185 2453 1299 2529 imper·

549 2545 656 2608 timur.

588 2639 699 2700 Datum
720 2639 836 2700 Romae
857 2641 939 2718 apud
961 2640 992 2702 S.
1010 2640 1137 2703 hiarium
1152 2639 1299 2701 Maiorem

547 2732 604 2794 sub
618 2731 735 2793 annulo
752 2733 908 2810 piscatoris
924 2733 972 2796 die
985 2749 1100 2795 xxvru.
1114 2731 1298 2812 septembris

549 2817 781 2901 accentuum„
797 2827 996 2905 pontificatus
1017 2825 1116 2889 nostri
1138 2841 1221 2889 anno
1244 2841 1276 2887 x.

804 3031 1044 3040 -——--—-—

895 3209 957 3272 htt.

552 3401 727 3482 Cottfirvtct
760 3397 922 3460 decretum
952 3395 1217 3476 congregationis
1244 3392 1299 3454 Ri-

553 3493 565 3520 '
590 3501 685 3559 tnunt
696 3511 792 3572 sopor
803 3490 1032 3573 approbatione
1044 3490 1208 3551 electionis
1222 3489 1299 3550 Son-

587 3591 633 3652 cti
661 3587 783 3666 loccplti
813 3589 849 3648 in
877 3591 1053 3664 patronum
1086 3583 1299 3661 principalem

591 3683 723 3747 Ordinis
743 3679 1055 3743 Bethlcbcmitnrttm
1071 3678 1105 3738 in
1123 3677 1225 3739 ltttliis
1244 3677 1299 3738 Oc-

588 3773 804 3838 cidentalibns
826 3773 1052 3834 arcisteis-tinne.

802 3942 888 4011 etus
913 3942 973 4008 ΡΡ.
1000 3942 1047 4010 vt.

688 4065 1156 4133 mmmmmmm

348 4263 430 4306 aanor
448 4261 529 4306 decre·
588 4245 650 4320 §h
669 4243 834 4305 Emanavit
846 4258 947 4321 nuper
959 4261 974 4304 a
986 4240 1235 4318 congregatione
1246 4256 1299 4301 ve-

316 4314 336 4359 ti
353 4313 413 4360 editi
429 4325 442 4359 a
457 4325 529 4360 sacra

316 4371 463 4424 congregat.
485 4368 528 4413 m.
548 4337 733 4403 nerabiiium
755 4335 886 4397 fratrum
903 4343 1080 4397 nostrorum
1097 4335 1226 4398 Sanctae
1241 4335 1299 4396 Ro-

315 4423 400 4467 tuum.

548 4447 656 4494 manae
678 4428 829 4492 Ecclesiae
845 4428 1052 4490 Cardinalium
1068 4428 1161 4490 sacris
1176 4427 1298 4490 ititibus

548 4523 794 4606 praepositorum
816 4523 976 4584 decretum
999 4522 1117 4583 tenoris
1138 4521 1298 4601 sequentis

548 4618 707 4681 videlicet:
732 4649 769 4662 -
791 4615 913 4679 Ordinis
939 4614 1243 4679 bethlehemitarum
1264 4616 1297 4676 in

547 4708 641 4773 indiis
662 4705 908 4770 Occidentalibus
928 4705 1100 4783 praefectus
1130 4705 1296 4782 generalis,

546 4812 578 4864 et
599 4801 776 4864 assistentes
797 4799 919 4863 Ordinis
936 4797 1155 4862 Bethlehemiti
1170 4801 1296 4862 sanctis·

546 4897 625 4958 simo
646 4895 773 4957 domino
794 4899 901 4956 nostro
916 4893 969 4954 Pio
984 4893 1039 4954 ΡΡ.
1053 4892 1101 4958 Vl.
1119 4893 1297 4955 humillime

546 4988 759 5068 supplicarunt
787 5003 843 5063 pro
870 4987 1043 5050 elevatione
1065 4988 1144 5049 ritus
1171 4987 1204 5048 in
1226 4987 1297 5050 uni·

546 5099 638 5147 verso
659 5099 716 5144 suo
742 5080 851 5143 ordine
881 5079 973 5142 oflicii
1001 5087 1031 5142 et
1054 5081 1164 5142 missae
1184 5081 1297 5142 Beatae

546 5177 658 5240 Mariae
679 5173 817 5251 Virginis
831 5171 869 5234 de
883 5173 1026 5235 Bethlem
1041 5191 1056 5235 a
1072 5174 1185 5254 duplici
1202 5175 1296 5235 maio-

546 5271 573 5332 ri
595 5271 632 5332 ad
653 5268 810 5348 duplicem
830 5268 983 5330 secundae
1010 5268 1129 5344 classis,
1153 5283 1295 5331 necnon

547 5378 601 5442 pro
622 5362 768 5424 facultate
790 5359 965 5424 celebrandi
986 5362 1117 5439 singulis
1139 5363 1212 5424 anni
1231 5361 1296 5422 sab-

546 5456 623 5517 batis
644 5456 768 5517 missam
798 5454 952 5532 propriam
982 5456 1080 5518 dictae
1107 5457 1216 5518 Beatac
1236 5457 1294 5519 itia·

546 5549 610 5611 riae
631 5548 771 5626 Virginis
791 5549 828 5610 de
850 5548 1004 5624 Bethlem,
1022 5549 1082 5610 iam
1098 5548 1295 5628 adprobatam

546 5650 705 5721 tamquam
726 5643 881 5718 votivam,
904 5647 936 5702 et
958 5641 1107 5705 Sanctitas
1127 5641 1199 5719 Sua,
1216 5641 1296 5704 rele-

546 5743 637 5798 rente
658 5751 710 5798 me
730 5734 924 5815 infrascripto
955 5737 1134 5812 secretario,
1164 5737 1294 5813 gratiam

546 5829 674 5909 petitam
696 5835 728 5890 et
748 5828 848 5906 quoad
868 5829 1004 5912 ‚missam
1035 5830 1185 5905 votivam,
1208 5845 1295 5892 exce·

546 5923 606 6002 ptis
627 5921 758 5984 sabbatis
787 5921 1051 5985 hebdomadarum
1079 5921 1215 5998 maioris,
1243 5923 1295 5984 Pa·

1078 567 1143 614 lUR.
1167 569 1258 614 PONT.
1282 565 1323 612 bt:
1344 567 1373 613 P.
1397 565 1425 613 Β.
1451 565 1533 614 PARS
1555 567 1576 614 1.

2092 545 2116 586 ο
2138 544 2214 596 An.
2235 535 2275 590 C.
2304 531 2383 585 1784

1354 688 1465 754 schatis
1487 695 1517 751 et
1539 690 1745 764 Pentecostes,
1761 686 1891 768 aliisque
1904 687 1990 750 festis
2005 686 2104 766 dupli·

1354 782 1440 845 cibus
1462 783 1581 861 primae
1602 790 1633 845 et
1654 782 1807 846 secundae
1833 783 1945 858 classis,
1968 781 2105 857 benigne

1356 875 1503 938 concessit
1525 876 1576 939 die
1596 892 1663 938 uxr.
1687 875 1755 938 iulii
1778 891 1996 969 uoccuxxxrv.

1435 1000 1515 1062 Loco
1528 998 1549 1077 †
1563 995 1650 1074 Signi

1515 1123 1537 1184 l.
1562 1121 1650 1184 Gard.
1675 1119 1843 1182 Archintus
1864 1119 2037 1198 praelectus

1516 1215 1612 1278 lulius
1627 1215 1665 1276 Μ.
1683 1215 1721 1276 de
1736 1211 1867 1275 Somalia
1884 1213 1914 1278 S.
1926 1215 1961 1277 n.
1972 1214 2007 1275 Ε.
2022 1214 2101 1276 secr.

1395 1354 1414 1427 ἓ
1435 1354 1464 1415 2.
1483 1353 1690 1427 Cumautem,
1703 1350 1782 1414 sicut
1796 1349 1901 1413 dilecti
1917 1351 1971 1413 sulii
1988 1366 2105 1412 memo·
2140 1364 2255 1422 ‚aanor
2274 1355 2386 1450 ³¹13ssssss

1356 1447 1413 1508 rati
1435 1445 1608 1524 praefectus
1636 1444 1789 1522 generalis
1811 1451 1842 1506 et
1863 1445 2039 1507 assistentes
2061 1442 2106 1504 di·
2124 1414 2296 1515 {32²5}sz

1355 1539 1397 1601 cti
1418 1537 1539 1602 Ordinis
1571 1538 1659 1599 nobis
1681 1553 1782 1616 nuper
1813 1537 1925 1615 erponi
1952 1536 2105 1608 fecerunt,

1357 1631 1413 1708 ipsi
1434 1631 1596 1693 decretum
1619 1630 1797 1692 huiusmodi
1819 1647 1880 1708 quo
1900 1631 2021 1692 firmius
2034 1631 2105 1692 suh

1355 1723 1441 1786 sistat
1462 1731 1493 1785 et
1515 1730 1659 1786 servetur
1672 1723 1821 1799 exactius,
1838 1723 2020 1801 apostolicae
2034 1739 2107 1786 con·

1357 1817 1539 1879 firmationis
1570 1824 1695 1878 nostrae
1726 1815 1896 1896 patrocinio
1918 1816 2106 1878 communiri

1355 1926 1554 1988 summopere
1584 1908 1779 1972 desiderent:
1808 1909 1869 1970 Nos
1892 1909 1987 1974 dictos
2013 1925 2105 1986 espo-

1356 2011 1466 2065 nentes
1489 2002 1670 2081 specialibus
1692 2001 1798 2080 gratiis
1820 2011 1851 2064 et
1866 2001 2022 2064 favoribus
2037 2019 2106 2080 pro·

1355 2097 1441 2173 sequi
1465 2095 1618 2170 volentes,
1645 2103 1676 2157 et
1700 2111 1812 2158 eorum
1837 2095 2014 2171 singulares
2038 2111 2105 2172 per-

1355 2205 1480 2252 sonasa
1509 2189 1670 2268 quibusvis
1691 2189 2032 2263 excommunicationis,
2056 2207 2106 2251 su·

1355 2283 1526 2362 spensionis
1538 2290 1568 2345 et
1581 2282 1749 2357 interdicti,
1760 2282 1886 2361 aliisque
1899 2281 2107 2344 ecclesiasticis

1355 2377 1504 2450 censuris,
1527 2377 1691 2438 sententiis
1712 2383 1743 2438 et
1764 2376 1873 2454 poenis
1888 2375 1999 2452 quovis
2016 2377 2106 2438 modo

1355 2479 1387 2531 et
1400 2483 1596 2548 quacumque
1611 2467 1649 2530 de
1670 2484 1757 2530 causa
1779 2467 1858 2544 latis,
1881 2469 1907 2529 si
1929 2486 2003 2547 quas
2026 2467 2105 2529 forte

1355 2559 1559 2634 incurrerint,
1583 2561 1677 2622 huius
1699 2566 1822 2623 tantum
1837 2560 1883 2622 rei
1899 2561 1995 2637 gratia
2010 2558 2106 2622 absol·

1355 2663 1464 2716 ventes
1486 2661 1517 2717 et
1538 2654 1693 2715 absolutos
1711 2652 1777 2714 fore
1799 2661 1974 2729 censentes,
1991 2653 2107 2733 suppli-

1355 2746 1526 2810 cationibus
1548 2762 1658 2808 eorum
1684 2747 1813 2809 nomine
1834 2745 1922 2808 nobis
1944 2745 2107 2808 humiliter

1356 2841 1504 2920 porrectis
1527 2839 1679 2916 inclinati,
1702 2839 1930 2917 praeinsertum
1946 2839 2106 2902 decretum

1356 2933 1524 3012 omniaque
1545 2940 1577 2995 et
1598 2932 1721 3010 singula
1739 2933 1775 2995 in
1797 2948 1835 2994 co
1849 2938 1994 2995 contenta
2009 2939 2040 2993 et
2054 2947 2107 2993 er-

1356 3043 1458 3106 pressa
1483 3027 1665 3089 auctoritate
1695 3027 1858 3104 apostolica
1888 3033 1999 3089 tenore
2020 3041 2105 3104 prae-

1356 3121 1495 3183 sentium
1515 3120 1718 3198 approbamus
1737 3125 1769 3180 et
1784 3120 2015 3194 confirmamus,
2031 3119 2106 3180 illis-

1356 3231 1418 3293 que
1439 3213 1625 3277 inviolabilis
1641 3215 1825 3294 apostolicae
1840 3214 1996 3275 firmitatis
2013 3214 2107 3276 robur

1356 3307 1529 3382 adiicimus,
1561 3323 1731 3386 omnesque
1752 3315 1784 3369 ct
1805 3307 1946 3384 singulos
1978 3307 2054 3368 iuris
2075 3315 2106 3369 et

1357 3400 1425 3463 facti
1448 3401 1597 3476 defectus,
1612 3401 1637 3462 si
1660 3401 1713 3479 qui
1728 3403 1859 3480 desuper
1874 3399 2106 3479 quomodolibet

1357 3496 1598 3569 intervenerint,
1611 3494 1791 3573 supplemus
1806 3503 1837 3556 et
1852 3509 2008 3568 sanamus,
2022 3493 2104 3554 salva

1357 3595 1460 3650 tamen
1472 3603 1595 3666 semper
1607 3590 1640 3649 in
1652 3587 1824 3666 praemissis
1837 3588 2017 3651 auctoritate
2030 3589 2106 3650 Con-

1357 3681 1544 3758 gregationis
1566 3682 1749 3743 eorumdem
1772 3681 1993 3744 Cardinalium.

1396 3775 1415 3849 ἓ
1436 3776 1465 3836 3.
1487 3775 1698 3836 Decernentes
1719 3776 1840 3837 easdem
1869 3782 2048 3852 praesentes
2069 3775 2106 3836 li·
2144 3788 2301 3834 clausura
2317 3791 2380 3835 sun-

1358 3877 1436 3930 teras
1468 3883 1593 3946 semper
1621 3867 1738 3943 firmas,
1770 3868 1885 3930 validas
1906 3877 1937 3930 et
1969 3869 2105 3931 efficaces
2125 3840 2187 3940 iffi
2208 3844 2380 3942 Oedi?

1357 3961 1492 4022 existere
1514 3959 1646 4036 actore,
1668 3977 1800 4040 suosque
1826 3962 1979 4040 plenarios
2006 3971 2038 4024 et
2060 3963 2106 4024 in-

1357 4062 1461 4132 tegros
1484 4055 1611 4117 effectus
1632 4056 1783 4118 sortiriet
1804 4054 1958 4131 obtinere,
1975 4073 2008 4118 ac
2031 4055 2104 4131 iliis,

1356 4152 1392 4212 ad
1414 4166 1491 4228 quos
1512 4157 1641 4227 spectat,
1664 4159 1694 4214 et
1716 4166 1772 4228 pro
1801 4158 1941 4228 tempore
1964 4151 2101 4228 quando-

1357 4259 1492 4321 cumque
1505 4243 1665 4322 spectabit,
1679 4243 1710 4305 in
1723 4243 1869 4305 omnibus
1884 4251 1915 4305 et
1930 4258 1985 4320 per
1999 4243 2104 4304 omnia

1356 4339 1535 4418 plenissime
1557 4338 1730 4415 suffragari,
1753 4347 1786 4399 et
1808 4337 1910 4400 abeis
1932 4337 2105 4416 respective

1356 4432 1578 4494 inviolabiliter
1593 4431 1766 4519 observari3
1789 4432 1896 4510 sicque
1911 4432 1941 4492 in
1958 4430 2107 4509 praemis·

1356 4527 1396 4587 sis
1418 4541 1473 4604 per
1494 4541 1706 4604 quoscumque
1731 4524 1849 4586 iudices
1879 4524 2053 4586 ordinarios
2074 4533 2106 4585 et

1355 4618 1522 4696 delegatos,
1539 4619 1633 4680 etiam
1648 4633 1814 4680 causarum
1831 4618 1935 4696 palatii
1949 4617 2105 4696 apostolici

1356 4712 1522 4788 auditores,
1545 4719 1576 4774 et
1608 4711 1735 4775 Sanctae
1768 4712 2106 4775 Romanae‘Ecclesiac

1357 4806 1531 4868 Cardinales
1549 4805 1643 4867 etiam
1659 4807 1696 4868 de
1711 4806 1808 4868 latere
1823 4807 1964 4883 Legatos,
1981 4813 2012 4867 ct
2026 4804 2105 4881 ripo-

1354 4899 1478 4960 stolicae
1500 4896 1585 4960 Sedis
1614 4899 1755 4975 nuncios,
1778 4899 1897 4961 sublata
1922 4899 1978 4969 cis,
2002 4905 2032 4960 ct
2054 4914 2104 4959 eo-

1354 5007 1426 5053 rum
1448 4992 1574 5053 cuilibet
1596 4993 1703 5070 quavis
1724 4992 1813 5054 aliter
1835 4990 1989 5054 iudicandi
2010 4997 2042 5052 et
2058 4991 2104 5053 in-

1355 5083 1543 5162 terpretandi
1558 5083 1702 5146 facultate
1717 5091 1748 5146 ct
1765 5085 1959 5159 auctoritate,
1976 5084 2105 5146 iudicari

1354 5186 1384 5239 et
1405 5177 1529 5240 definiri
1551 5179 1674 5254 debere,
1696 5195 1729 5240 ac
1750 5177 1876 5240 irritum
1899 5185 1930 5238 et
1952 5177 2055 5253 insano,
2078 5178 2104 5238 si

1353 5287 1441 5334 secus
1462 5286 1555 5348 super
1584 5270 1631 5331 his
1653 5287 1669 5330 a
1692 5286 1848 5349 quoquam
1870 5271 1978 5348 quavis
2001 5276 2108 5332 aucto·

1353 5365 1444 5426 ritate
1458 5364 1593 5425 scienter
1609 5364 1659 5426 vel
1676 5365 1859 5440 ignoranter
1880 5362 2047 5438 contigerit
2062 5370 2107 5425 at-

1354 5457 1478 5519 tentari.

1394 5552 1461 5626 §ln
1486 5550 1554 5612 Non
1577 5551 1768 5614 obstantibus
1783 5552 2060 5613 constitutionibus
2074 5559 2105 5612 et
2134 5571 2370 5632 berngattocon-

1352 5643 1598 5707 ordinationibus
1619 5643 1803 5723 apostolicis,
1825 5643 1963 5722 dictique
1983 5643 2105 5705 Ordinis
2124 5623 2299 5690 ‘'m-‘⁰¹¹¹-

1352 5745 1383 5800 et
1397 5743 1612 5799 conventuum
1628 5737 1720 5798 etiam
1737 5735 1924 5811 iuramento,
1941 5737 2106 5798 confirma·

1354 5831 1438 5893 tione
1460 5828 1636 5909 apostolica,
1660 5830 1712 5891 vel
1735 5828 1843 5907 quavis
1864 5829 2011 5890 firmitate
2032 5828 2106 5890 alias

1352 5923 1503 5986 roboratis
1524 5921 1648 5986 statutis
1670 5928 1700 5984 et
1722 5921 2020 6000 consuetudinibus,
2043 5921 2106 5999 pri-
