4734 7004
304 515 358 577 An.
372 501 403 577 (t.
424 516 492 576 1759

318 4985 406 5029 Preces
426 4985 495 5028 Pon-

281 5035 494 5094 tmmmm

282 5101 328 5146 pro
356 5089 495 5136 conflrma-

281 5143 495 5190 Hmmmm

283 5208 345 5242 num
373 5199 494 5260 §.con-

282 5256 439 5314 gpegauours
462 5253 495 5295 Ε-

281 5307 493 5414 rattruut

281 5410 494 5528 ltldccttcl

357 5519 494 5628 eitrtac

280 5581 401 5672 artata.

541 516 581 587 22

522 660 736 739 generalatum
766 662 965 738 idoneorum,
988 671 1023 726 nt
1047 663 1081 724 in
1110 679 1179 725 casu
1202 677 1264 724 non

521 756 722 820 interventus
753 773 865 820 novem
892 757 1045 819 vocalium
1074 759 1166 835 pessit
1194 772 1266 818 cum

520 851 679 930 apostolica
702 853 941 931 dispensatione,
957 852 982 914 si
1006 853 1046 913 ita
1068 849 1266 914 Sanctissimo

521 943 689 1021 videbitur,
713 947 802 1008 etiarn
827 946 957 1026 quilibet
979 947 1086 1009 absens
1102 963 1116 1006 a
1132 944 1266 1023 capitulo

520 1038 551 1098 in
575 1038 752 1114 generalem
779 1039 864 1116 eligi.
898 1039 930 1102 Si
955 1055 1030 1100 vero
1058 1047 1120 1100 tres
1146 1038 1265 1100 vocales

520 1131 643 1210 Hispani
660 1133 690 1195 in
704 1133 836 1212 capitulo
852 1133 990 1211 generali
1012 1131 1188 1210 praesentes
1201 1147 1264 1194 non

520 1233 624 1300 erunt,
641 1241 695 1303 pro
717 1241 750 1288 ea
766 1227 833 1288 vice
854 1227 1034 1304 provinciae
1054 1227 1204 1304 Hispanae
1219 1243 1265 1287 ca-

519 1319 593 1379 alant
614 1319 683 1379 iure
705 1319 908 1381 alternativae
930 1321 964 1382 ad
987 1319 1120 1382 formam
1143 1320 1265 1382 consti·

519 1411 649 1473 tutionis
663 1428 728 1474 san.
745 1427 838 1474 mem.
855 1413 1012 1474 Benedicti
1026 1411 1103 1475 xlv.
1118 1444 1135 1457 -
1147 1413 1261 1474 Tertio.

518 1503 642 1565 Praevia
664 1505 864 1582 derogatione
887 1507 983 1584 capit.
1004 1507 1130 1570 Xllllll.
1149 1507 1263 1585 primae

518 1597 612 1674 partis
627 1598 888 1661 constitutionum
908 1598 1134 1678 Hispaniarum,
1155 1599 1264 1661 Vicarii

518 1692 671 1766 generalis
686 1693 821 1754 officium
838 1693 871 1754 in
888 1693 1031 1771 Hispania
1049 1695 1179 1755 omnino
1194 1708 1264 1771 sup-

518 1786 695 1863 primimus,
713 1785 853 1864 illudque
875 1787 907 1848 in
924 1787 1007 1848 ltalia
1023 1786 1111 1850 nullo
1126 1802 1262 1864 unquam

518 1885 658 1955 tempore
688 1879 952 1942 introducendum
987 1881 1146 1954 volumus,
1173 1889 1263 1960 atque

518 1971 710 2034 mandamus.
725 1973 878 2047 -Quarto
893 1973 951 2034 Pro
966 1975 1202 2036 manutentione
1213 1974 1264 2035 ab·

518 2064 595 2126 batis
618 2067 771 2142 generalis
792 2084 848 2145 pro
871 2075 1012 2146 tempore
1040 2067 1264 2144 cuiuscumque

518 2159 651 2221 nationis
672 2176 781 2222 omnes
802 2168 833 2222 et
854 2161 972 2237 singuli
993 2161 1112 2223 fructus
1127 2161 1263 2223 abbatiae

517 2251 555 2313 de
576 2252 741 2314 Rosarnoa
759 2253 867 2315 Sancta
890 2254 969 2317 Sede
990 2254 1135 2330 assignati
1150 2255 1264 2332 absque

517 2346 578 2406 ulla
601 2346 809 2408 diminutione
833 2347 959 2423 cedant;
982 2347 1017 2407 ad
1047 2345 1263 2409 substinendas

516 2445 621 2500 autem
643 2439 716 2500 alias
738 2440 894 2517 impensas
915 2439 950 2501 ad
972 2441 1262 2504 officiumnecessa-

516 2533 586 2608 rias,
603 2533 866 2612 quemadmodum
888 2535 983 2595 etiam
999 2536 1035 2596 ad
1051 2536 1262 2597 manutentio-

516 2630 589 2688 nem
611 2625 787 2688 olficialium
820 2628 1034 2702 generalium,
1057 2630 1261 2707 pecuniarum

515 2736 688 2794 summam,
711 2736 804 2800 quam
827 2721 922 2782 'laxas
945 2730 1066 2797 vocant,
1095 2723 1262 2784 modernus

514 2814 604 2875 abbas
626 2813 779 2890 generalis
808 2815 840 2875 in
863 2815 1000 2890 generali
1028 2815 1205 2877 visitatione
1226 2814 1262 2876 ab

515 2911 580 2987 ipso
601 2909 774 2986 peragenda
803 2909 926 2986 pacifice
954 2915 1067 2970 statuat
1094 2915 1187 2986 atque
1212 2909 1264 2970 de-

515 3011 631 3065 cernat.
646 3036 663 3049 -
677 3003 801 3076 Quinto.
819 3002 1013 3064 lnbaerendo
1034 3003 1189 3064 dictarum
1211 3018 1261 3079 ge·

517 3099 670 3160 neralium
699 3097 828 3159 decretis
859 3103 889 3158 et
921 3098 1073 3158 constanti
1103 3096 1262 3173 religionis

515 3192 614 3270 praxi,
637 3193 818 3254 mandamus
846 3198 939 3268 atque
966 3191 1144 3267 statuimus,
1167 3190 1260 3269 quod,

515 3283 777 3369 quemadmodum
799 3285 983 3345 secretarius
1016 3284 1170 3361 generalis
1205 3285 1261 3345 lta-

514 3376 585 3452 liae,
608 3377 747 3438 absoluto
768 3376 912 3438 triennali
935 3377 1001 3438 eius
1022 3377 1132 3452 officio,
1155 3376 1191 3437 ad
1212 3377 1262 3438 ab·

515 3472 627 3533 baliam
655 3477 874 3548 promovetur,
898 3471 939 3530 ita
960 3472 1142 3533 secretarius
1169 3488 1262 3549 gene-

515 3564 587 3626 ralis
608 3564 762 3641 Hispanus
783 3562 816 3625 in
840 3564 980 3624 turnoad
996 3562 1172 3641 Hispanicas
1192 3580 1262 3643 pro·

515 3659 630 3722 vincias
652 3660 844 3736 pertinente,
867 3659 989 3736 quoties
1011 3673 1065 3736 per
1088 3659 1261 3720 triennium

514 3753 707 3832 praedictum
729 3752 863 3813 officium
879 3750 1071 3812 laudabiliter
1090 3751 1262 3828 expleverit

515 3855 546 3910 et
567 3855 636 3908 actu
658 3845 751 3907 luerit
773 3845 870 3908 lector
892 3843 1088 3920 theologiae,
1111 3845 1161 3905 vel
1184 3844 1261 3916 iubi-

515 3925 755 4014 latu·s,obt1neat
769 3937 882 4014 absque
894 3937 952 3998 alio
964 3938 1178 4014 experimento
1193 3953 1262 4013 gra-

515 4034 590 4096 dum
619 4031 788 4108 magisterii
817 4032 852 4092 ad
879 4030 1009 4092 titulum
1036 4031 1197 4093 cathedrae
1227 4032 1260 4093 in

515 4127 624 4188 ordine
645 4127 680 4188 ad
703 4125 902 4201 gaudendum
917 4123 1061 4186 omnibus
1083 4126 1201 4200 gratiis,
1218 4124 1261 4185 lo-

514 4237 549 4282 co
570 4217 709 4293 sedendi,
722 4228 753 4280 et
768 4216 949 4295 privilegiis,
967 4219 1123 4293 magistris
1144 4225 1181 4282 de
1202 4236 1259 4280 nu·

514 4329 612 4388 mero,
635 4313 720 4373 iuxta
746 4311 915 4389 peculiares
943 4311 1157 4387 Hispaniarum
1181 4313 1260 4375 Gon-

513 4407 704 4480 stitutiones,
727 4405 991 4483 competentibus;
1016 4405 1056 4465 ita
1079 4413 1194 4480 tameo,
1212 4413 1257 4479 ut,

513 4499 627 4578 absque
652 4499 835 4577 antiquioris
867 4497 1070 4575 praeiudicio,
1098 4500 1161 4560 suis
1193 4499 1259 4560 loco

513 4601 545 4655 et
568 4603 725 4672 tempore,
749 4592 781 4651 in
811 4591 1032 4667 magistrorum
1061 4593 1099 4653 de
1126 4607 1258 4653 numero

513 4688 655 4750 ordinem
687 4694 778 4764 atque
808 4701 976 4746 numerum
998 4692 1169 4762 cooptetur.
1201 4685 1259 4745 llo-

514 4798 581 4844 mae
609 4781 665 4842 bac
690 4779 739 4841 dle
761 4795 836 4840 xxv.
867 4779 1046 4840 novembris
1078 4795 1255 4840 xocccvni.

514 4876 546 4936 P.
571 4874 741 4938 Cardinalis
762 4873 913 4935 Columna
937 4875 974 4934 de
996 4870 1159 4934 Sciarra.»

554 4967 622 5044 §ln
649 4970 728 5030 cum
749 4979 864 5041 autem,
881 4967 959 5028 sicut
981 4968 1086 5028 eadem
1109 4967 1258 5044 expositio

513 5063 730 5138 subiungebat,
746 5059 846 5123 dictus
866 5060 1039 5120 Alexander
1054 5059 1143 5120 abbas
1165 5074 1258 5135 gerie-

514 5159 586 5218 ralis
608 5156 768 5235 praemissa
793 5155 907 5228 omnia,
921 5168 1033 5230 nempe
1057 5161 1118 5213 tant
1139 5153 1258 5214 resolu-

515 5251 632 5312 tionem
662 5257 693 5310 et
721 5248 965 5309 moderationem
998 5246 1096 5307 dictae
1122 5247 1258 5323 congre·

513 5345 645 5422 gationis
666 5341 877 5404 cardinalium
898 5338 935 5400 ad
953 5339 1173 5402 resolutionem
1195 5341 1257 5402 die-

514 5447 562 5499 tae
582 5436 703 5509 factam,
722 5449 815 5512 quam
837 5435 960 5495 decreta
983 5433 1173 5506 huiusmodi,
1196 5449 1258 5510 quo

514 5531 633 5592 firmius
659 5528 827 5589 subsistant
844 5535 885 5597 ,et
913 5538 1081 5590 serventur
1109 5527 1256 5600 exactius,

511 5624 694 5702 apostolicae
714 5621 961 5683 confirmationis
984 5633 1106 5682 nostrae
1129 5622 1257 5698 patroci-

512 5717 565 5778 nio
583 5715 770 5777 communiri
787 5728 984 5790 summopere
1005 5715 1176 5789 desideret,
1200 5730 1257 5775 nos

511 5808 568 5887 piis
603 5810 741 5871 eiusdem
775 5807 941 5868 Alexandri
977 5808 1093 5869 abbatis
1129 5823 1258 5883 genera-

512 5901 549 5968 lis
580 5901 661 5970 votis
693 5901 748 5962 bac
778 5901 811 5961 in
840 5915 888 5978 re,
916 5909 1069 5981 quantum
1099 5917 1169 5962 cum
1200 5901 1257 5962 Do·

1037 533 1542 588 immmmmbbnmffl.

1325 660 1410 721 mino
1431 677 1605 739 possumus,
1625 660 1833 726 favorabiliter
1854 677 1994 725 annuere
2014 677 2068 724 vo·
2093 691 2095 698 1

1324 752 1434 828 lentes,
1458 755 1667 832 eumdemque
1689 754 1900 817 Alexandrum
1927 755 2067 818 abbatem

1324 846 1500 922 generalem
1520 863 1535 907 a
1551 848 1712 924 quibusvis
1727 849 2066 922 excommunicationis,

1322 940 1531 1018 suspensionis
1559 949 1590 1003 et
1622 941 1789 1016 interdicti,
1819 942 1947 1020 aliisque
1973 942 2069 1004 eccle·

1321 1034 1449 1096 siasticis
1480 1035 1661 1109 sententiis,
1691 1035 1833 1096 censuris
1859 1043 1889 1096 et
1916 1035 2024 1113 poenis
2051 1051 2067 1097 a

1321 1128 1390 1191 iure
1411 1129 1461 1191 vel
1483 1128 1520 1190 ab
1541 1129 1680 1201 bernice,
1706 1127 1814 1206 quavis
1836 1128 1993 1192 occasione
2017 1129 2067 1190 vel

1321 1237 1408 1282 causa
1430 1221 1515 1296 latis,
1537 1222 1562 1282 si
1584 1222 1697 1299 quibus
1726 1221 1957 1299 quomodolibet
1979 1223 2068 1284 iuno·

1320 1314 1408 1376 datus
1430 1313 1545 1389 existit,
1558 1317 1593 1376 ad
1609 1315 1753 1377 ellectum
1776 1315 1986 1393 praesentium
2002 1324 2067 1379 tan·

1322 1414 1388 1469 tum
1404 1409 1671 1487 consequendum,
1687 1408 1799 1471 barum
1812 1410 1892 1472 serie
1907 1409 2069 1472 absolven-

1322 1509 1366 1562 tes
1387 1511 1419 1564 et
1440 1501 1616 1564 absolutum
1638 1503 1704 1564 fore
1724 1511 1897 1579 censentes,
1918 1504 2067 1582 supplica·

1321 1593 1458 1656 tionibus
1480 1595 1547 1657 eius
1569 1597 1696 1658 nomine
1719 1597 1806 1659 nobis
1827 1598 1990 1677 superbos
2010 1599 2066 1660 bu-

1321 1687 1437 1749 militer
1457 1690 1606 1767 porrectis
1623 1689 1773 1765 inclinati,
1798 1693 1987 1769 praeinserta
2003 1708 2068 1756 me-

1319 1789 1455 1844 moratae
1477 1783 1688 1846 cardinalium
1711 1785 1978 1863 congregationis,
2009 1803 2067 1851 nec

1320 1876 1461 1938 nonalia
1484 1893 1499 1936 a
1521 1876 1657 1954 praefato
1687 1879 1836 1956 Prospero
1859 1881 2013 1943 cardinali
2035 1890 2066 1946 et

1320 1977 1494 2049 protectore
1526 1969 1648 2032 condita
1679 1971 1813 2046 decreta,
1843 1989 1876 2035 ac
1903 1976 2007 2037 omnia
2035 1984 2067 2038 et

1319 2064 1442 2141 singula
1458 2065 1490 2124 in
1512 2064 1556 2125 eis
1578 2072 1722 2126 contenta
1744 2074 1775 2126 et
1794 2081 1948 2144 expressa,
1964 2077 2067 2133 aucto-

1319 2161 1411 2221 ritate
1425 2158 1588 2238 apostolica
1604 2165 1713 2222 tenore
1726 2161 1938 2237 praesentium
1953 2164 2067 2225 concr-

1319 2270 1440 2317 mamus
1456 2263 1487 2316 et
1501 2255 1716 2332 approbamus,
1733 2253 1856 2333 illisque
1876 2255 2067 2318 inviolabilis

1319 2349 1501 2427 apostolicae
1523 2347 1676 2408 firmitatis
1698 2349 1792 2410 robur
1812 2348 1984 2424 adiicimus,
2001 2367 2066 2412 om-

1320 2460 1437 2522 nesque
1458 2451 1489 2504 et
1510 2443 1662 2518 singulos,
1687 2450 1748 2504 tam
1772 2443 1859 2518 iuris,
1875 2460 1966 2523 quam
1983 2443 2064 2520 facti,

1319 2537 1410 2598 etiam
1433 2536 1648 2598 substantiales
1670 2535 1818 2610 delectus,
1831 2537 1911 2615 siqui
1933 2539 2066 2617 desuper

1318 2628 1550 2709 quomodolibet
1572 2629 1816 2703 intervenerint,
1833 2631 2013 2709 supplemus
2032 2637 2066 2694 et

1318 2737 1478 2796 sanamus,
1508 2722 1669 2800 quibusvis
1694 2721 1970 2785 constitutionibus
1993 2723 2065 2786 dicti

1319 2815 1449 2889 ordinis,
1465 2814 1648 2877 auctoritate
1667 2814 1831 2892 apostolica
1847 2815 1939 2878 etiam
1955 2817 2067 2880 confir·

1318 2909 1417 2982 matis,
1432 2909 1465 2970 in
1482 2908 1673 2972 contrarium
1685 2909 1920 2987 disponentibus
1935 2927 1997 2973 noo
2014 2912 2066 2974 ob

1317 3003 1482 3074 stantibus,
1505 3002 1617 3080 quibus
1639 3010 1766 3064 cautum
1789 3002 1890 3065 forsan
1906 3012 1951 3065 est
1966 3013 1997 3066 et
2018 3021 2068 3067 re-

1317 3097 1448 3176 peritur,
1465 3098 1545 3174 quod
1569 3111 1649 3158 nova
1671 3096 1792 3159 decreta
1815 3105 1918 3160 contra
1942 3098 2066 3162 illarum

1318 3191 1553 3270 dispositionem
1575 3206 1639 3251 non
1661 3192 1845 3265 condantur,
1860 3192 1918 3254 nisi
1933 3193 2066 3270 particu-

1318 3283 1389 3345 laris
1411 3285 1529 3345 mentio
1551 3282 1671 3344 deilfis
1692 3290 1724 3345 et
1746 3283 1871 3347 illorum
1897 3295 2003 3347 tenore
2024 3286 2066 3348 fa-

1318 3384 1364 3440 cta
1386 3376 1492 3451 luerit,
1515 3378 1628 3455 quibus
1650 3377 1795 3440 omuibus
1811 3393 1865 3456 per
1887 3388 2063 3456 praesentes

1318 3472 1353 3534 ad
1376 3472 1617 3550 praemissorum
1645 3471 1791 3534 effectum
1813 3472 1973 3534 dumtaxat
1998 3488 2067 3551 spe-

1317 3565 1435 3628 cialiter
1457 3567 1653 3641 derogamus,
1668 3565 1750 3626 salva
1773 3571 1874 3626 tamen
1896 3581 2018 3645 semper
2032 3569 2065 3630 in

1318 3659 1493 3735 praemissis
1514 3658 1697 3720 auctoritate
1719 3667 1907 3720 memoratae
1929 3659 2066 3738 congre·

1317 3751 1451 3828 gationis
1478 3752 1692 3814 cardinalium
1713 3752 1811 3830 quoad
1840 3752 2064 3816 resolutionem

1316 3863 1330 3905 a
1353 3845 1432 3907 dicta
1454 3845 1705 3922 congregatione
1718 3844 1930 3908 cardinalium
1951 3847 2065 3910 editam

1316 3938 1394 4000 circa
1410 3939 1602 4000 vacationem
1618 3938 1789 4001 officiorum
1806 3948 1868 4000 tam
1882 3940 1998 4002 abbatis
2013 3955 2064 4017 ge

1317 4031 1450 4106 neralis,
1472 4049 1566 4109 quam
1594 4032 1782 4108 assistentis,
1805 4039 1836 4096 et
1856 4035 2064 4111 procuratoris

1317 4125 1522 4202 generalium.

1354 4220 1423 4292 §b
1448 4220 1656 4282 Decernentes
1680 4222 1802 4282 easdem
1829 4229 2006 4299 praesentes
2026 4221 2063 4283 li-

1316 4318 1406 4386 teras,
1431 4313 1550 4389 fxrmas,
1580 4314 1692 4376 validas
1714 4322 1745 4376 et
1766 4314 1901 4376 efficaces
1929 4317 2063 4378 existere

1315 4413 1346 4466 et
1367 4405 1444 4480 fore,
1474 4422 1607 4484 suosque
1629 4406 1781 4484 plenarios
1806 4416 1837 4469 et
1858 4409 1998 4484 integros
2018 4409 2062 4470 ef·

1315 4497 1412 4561 fectus
1433 4499 1534 4561 sortiri
1558 4508 1589 4560 et
1610 4499 1763 4573 obtinere,
1788 4517 1821 4562 ac
1843 4499 1915 4574 illis,
1928 4501 1963 4561 ad
1985 4517 2062 4578 quos

1314 4599 1440 4671 spectat,
1454 4602 1484 4655 et
1495 4608 1550 4670 pro
1567 4601 1707 4670 tempore
1721 4595 1980 4671 quandocumque
1993 4609 2062 4674 spe·

1315 4685 1419 4760 mabit,
1442 4685 1620 4765 plenissime
1641 4684 1868 4763 suflragariet
1892 4688 1930 4749 ab
1950 4689 1993 4749 eis
2015 4689 2064 4750 in·

1315 4779 1502 4842 violabiliter
1523 4780 1691 4842 obsecrari.

1355 4874 1373 4947 5
1394 4873 1423 4935 6.
1442 4873 1555 4952 Sisque
1575 4874 1607 4935 in
1630 4874 1805 4952 praemissis
1827 4890 1880 4952 per
1895 4889 2060 4951 quoscum·

1314 4984 1375 5046 que
1394 4968 1509 5030 iudices
1529 4967 1700 5028 ordinarios
1721 4977 1752 5029 et
1773 4967 1940 5045 delegatos,
1968 4969 2061 5030 etiam

1313 5076 1475 5122 causarum
1504 5061 1607 5139 palatii
1638 5060 1795 5139 apostolici
1823 5062 1995 5138 auditores,
2027 5079 2061 5124 ac

1314 5152 1443 5215 Sanctae
1464 5153 1619 5216 Romanae
1641 5154 1792 5217 Ecclesiae
1814 5154 1965 5233 praefatae
1988 5156 2061 5218 car-

1314 5247 1442 5320 dinales,
1472 5248 1566 5308 etiam
1588 5249 1626 5308 de
1648 5247 1741 5308 latere
1771 5247 1898 5324 legatos,
1920 5257 1952 5310 et
1973 5245 2060 5312 Sedis

1313 5339 1505 5416 apostolicae
1528 5339 1674 5412 Nuncios,
1691 5340 1809 5402 sublata
1831 5341 1875 5402 eis
1896 5350 1927 5403 et
1948 5356 2060 5424 eorum

1313 5432 1440 5494 cuilibet
1468 5435 1576 5511 quavis
1606 5435 1695 5496 aliter
1720 5434 1875 5496 iudicandi
1904 5443 1935 5494 et
1964 5435 2062 5496 inter·

2114 4242 2296 4292 mmmm

2081 4295 2170 4346 ψῃ

2102 4903 2293 4952 mmmm

2080 4956 2140 5004 lm

1314 5525 1456 5602 pretandi
1488 5525 1630 5588 facultate
1654 5536 1684 5588 et
1712 5528 1905 5603 auctoritate,
1931 5527 2060 5590 iudicari
2093 5600 2095 5604 .

1314 5625 1344 5680 et
1366 5620 1489 5681 deliniri
1513 5621 1636 5697 debere,
1659 5637 1692 5682 ac
1716 5622 1838 5682 irritum
1860 5629 1893 5682 et
1914 5621 2018 5696 inane,
2033 5621 2060 5682 si

1313 5728 1399 5774 secus
1419 5729 1512 5792 super
1534 5713 1580 5774 liis
1601 5729 1617 5772 a
1638 5729 1804 5791 quoquam,
1826 5715 1934 5791 quavis
1955 5723 2058 5776 auoto-

1313 5805 1415 5880 ritate,
1447 5807 1582 5868 scienter
1607 5805 1658 5866 vel
1682 5806 1865 5881 ignoranter
1892 5807 2060 5884 contigerit

1313 5899 1468 5962 attentari.
