4722 6976
10 527 12 588 J
60 569 134 629 lud,
152 561 214 620 teat

240 695 450 763 dinationibus
463 697 634 780 apostolicis
646 719 709 767 non
725 708 913 782 repugnent,
927 701 984 776 uti,

240 793 314 868 lrui,
330 793 434 873 potiri,
456 804 488 858 et
508 799 641 874 gaudere
662 797 759 862 libere
780 805 811 859 et
831 796 914 861 licite
936 814 986 859 va·

241 887 342 964 leant,
368 890 529 968 apostoliea
559 893 623 969 pari
654 891 849 967 auctoritate,
878 899 987 956 tenore

240 984 453 1060 praesentium
472 986 668 1048 concedimus
687 993 719 1048 et
740 988 947 1066 impertimur.

53 1073 221 1181 „ffllssssgssss
280 1075 348 1150 §b
372 1077 577 1140 Decernentes
602 1081 790 1143 erectionem
813 1088 843 1143 et
864 1081 988 1143 institu-

53 1183 194 1236 tuntardus.
240 1168 357 1232 tionem
380 1170 505 1250 capituli
525 1173 700 1235 huiusmodi
716 1191 731 1234 a
746 1182 916 1237 memorato
930 1175 986 1236 Fo-

239 1264 405 1340 garasiensi
435 1263 593 1345 Episcopo,
617 1277 651 1329 ut
677 1268 860 1345 praefertur,
883 1267 986 1341 lactas,

239 1366 422 1438 nostrasque
449 1367 623 1436 praesentes
648 1361 891 1424 conllrmaticnis
919 1361 986 1423 lite·

238 1470 288 1516 ras
308 1467 431 1530 semper
452 1460 483 1514 et
504 1460 652 1532 perpetuo
674 1455 787 1518 validas
808 1462 899 1534 atque
921 1455 985 1517 elir-

239 1562 322 1609 caces
343 1546 478 1608 existere
499 1555 529 1610 et
546 1545 623 1622 lore,
639 1564 772 1627 suosque
788 1547 940 1628 plenarios
954 1556 985 1611 et

237 1641 380 1718 integros
400 1641 528 1704 allectus
544 1643 647 1703 sortiri
664 1652 695 1705 et
710 1644 863 1718 obtinere,
878 1663 910 1706 ac
926 1645 986 1707 illis

238 1737 275 1796 ad
297 1751 375 1813 quos
395 1740 511 1813 spectat
524 1745 555 1796 et
570 1750 626 1812 pro
642 1742 782 1815 tempore
796 1737 985 1815 quomodoli-

238 1828 291 1891 bet
306 1829 466 1906 spectabit,
484 1830 515 1891 in
531 1831 675 1894 omnibus
690 1837 720 1892 et
735 1832 906 1910 peremnia
922 1833 986 1911 ple-

238 1923 369 1984 nissime
391 1923 562 2002 suflragari
578 1925 681 2003 sicque
696 1926 728 1987 in
743 1927 915 2004 praemissis
931 1944 984 2007 per

238 2033 453 2096 quoscumque
468 2018 582 2080 iudices
597 2019 765 2082 ordinarios
777 2026 808 2081 et
819 2019 983 2098 delegatos,

237 2113 332 2174 etiam
355 2128 515 2175 causarum
534 2112 637 2191 palatii
653 2114 750 2175 nostri
765 2114 919 2193 apostolici
935 2131 986 2178 au-

238 2207 366 2281 ditores,
381 2205 499 2269 sublata
521 2207 564 2267 eis
586 2213 746 2268 eteorum
767 2207 892 2271 cuilibet
913 2225 986 2288 qua·

238 2300 286 2361 ris
308 2299 399 2362 aliter
422 2299 574 2364 iudicandi
593 2309 624 2363 et
648 2301 873 2380 interpretandi
895 2290 988 2367 iacul'·

239 2399 304 2455 tate
319 2400 350 2455 et
370 2395 563 2470 auctoritate,
587 2395 712 2458 iudicari
735 2404 766 2458 et
787 2399 909 2461 deliniri
935 2402 986 2463 de-

239 2487 326 2558 bere,
349 2503 383 2550 ac
403 2488 529 2551 irritum
550 2497 581 2550 et
603 2489 712 2565 inane,
738 2493 764 2552 si
786 2508 872 2554 secus
894 2511 986 2572 super

239 2582 290 2643 lris
312 2599 327 2643 a
349 2597 506 2661 quoquam
521 2584 629 2660 quavis
650 2587 830 2648 auctoritate
852 2587 986 2650 scienter

8 2723 10 2746 ,
239 2674 293 2737 rel
315 2676 497 2752 ignoranter
518 2676 683 2753 contigerit
702 2681 856 2741 attentari.

8 2755 10 2802 t
52 2769 221 2869 aiffissmm
281 2769 351 2846 §d
374 2768 589 2831 Praesentibus
620 2777 724 2833 autem
756 2771 852 2836 literis
874 2776 987 2838 nostris

121 2857 127 2870 '
240 2864 322 2927 nibil
353 2864 501 2925 innovare
531 2862 723 2927 intendimus
744 2864 782 2927 de
802 2867 850 2943 iis,
873 2886 950 2947 quae
973 2888 989 2931 a

238 2957 523 3036 praedecessoribus
538 2958 650 3019 nostris
665 2959 781 3036 optime
794 2969 907 3025 statuta
923 2963 988 3026 lue-

239 3060 319 3115 runt
339 3053 418 3114 circa
438 3052 576 3126 Graecos,
592 3053 646 3130 qui
661 3053 778 3116 Latinis
792 3055 929 3118 immixti
944 3059 988 3118 ri·

240 3152 335 3222 runt,
357 3152 389 3206 et
416 3145 578 3224 praecipue
608 3145 729 3208 decreta
758 3148 795 3210 ab
826 3151 988 3212 enunciata

239 3239 490 3316 Congregatione
520 3239 745 3302 venerabilium
770 3242 906 3313 ¹fratrum
934 3262 988 3308 no·

239 3340 380 3396 atrorum
402 3332 540 3394 eiusdem
557 3332 586 3406 S,
603 3333 639 3395 ll.
657 3333 691 3396 Ε.
709 3335 919 3400 cardinalium
934 3355 987 3402 ne·

240 3425 336 3504 gotiis
367 3425 580 3504 Propagandae
611 3428 694 3490 Fidei
726 3430 987 3509 praepositorum,

240 3519 360 3599 pluries
388 3535 483 3598 super
503 3519 610 3582 iisdem
641 3529 791 3596 emanata,
816 3525 914 3599 firma,
937 3541 987 3586 ra-

241 3613 314 3690 lida,
338 3629 371 3675 ae
392 3613 425 3674 in
445 3628 557 3676 eorum
571 3612 749 3690 plenissimo
764 3614 875 3679 ellectu
891 3634 989 3680 rema·

241 3723 321 3769 nere
341 3707 486 3770 volumus
506 3715 598 3784 atque
621 3710 811 3771 mandamus.

283 3801 303 3877 §
324 3801 352 3862 7.
375 3799 460 3864 Nulli
481 3815 554 3878 ergo
576 3803 705 3864 omnino
721 3805 883 3867 bominum
900 3806 988 3870 liceat

241 3897 321 3958 banc
341 3895 483 3974 paginam
512 3899 633 3956 nostrae
660 3896 917 3974 confirmationis,
940 3917 989 3978 ap-

241 3988 442 4068 probationis,
465 3987 681 4063 concessionis,
704 3991 830 4066 decreti,
847 3992 988 4055 volunta-

240 4081 281 4143 tis
304 4088 335 4142 et
356 4079 491 4144 mandati
516 4079 698 4158 intringere,
722 4083 772 4144 vel
794 4083 821 4145 ei
850 4101 924 4148 ausu
946 4092 989 4147 te-

241 4173 376 4237 merario
391 4174 561 4250 contraire;
577 4174 602 4235 si
618 4175 687 4253 quis
701 4185 805 4239 autem
820 4179 876 4240 boc
890 4186 989 4241 atterr-

240 4273 310 4330 taro
338 4268 589 4346 praesumpserit,
613 4267 859 4346 indignationem
890 4275 988 4335 omni-

241 4361 379 4440 potentis
409 4361 474 4436 Dei,
496 4377 529 4422 ac
557 4361 716 4424 beatorum
747 4363 829 4426 Petri
851 4375 882 4446 et
904 4367 988 4430 Pauli

241 4453 463 4534 Apostolorum
477 4454 543 4516 eius
557 4470 590 4516 se
612 4457 734 4517 norerit
753 4459 964 4522 incursurum.

283 4548 396 4610 Datum
417 4548 531 4609 Romae
545 4548 625 4626 apud
641 4549 671 4611 S.
689 4550 814 4614 Mariam
829 4553 985 4631 Maiorem,

241 4657 325 4703 anno
354 4639 575 4702 incarnationis
605 4641 777 4706 dominicae
808 4663 988 4724 uncccrrr,

241 4734 382 4799 kalendis
403 4733 584 4809 decembris,
606 4737 802 4812 pontificatus
824 4741 921 4804 nostri
936 4757 987 4804 an-

242 4845 285 4892 no
304 4843 373 4891 vrrr.

52 3793 153 3892 ruffinam
168 3805 222 3851 poc·

499 4987 737 5000 fi———n—

550 5205 675 5271 XXXV.

243 5391 281 5452 lo
292 5389 467 5470 [cederetis
478 5394 639 5456 Amor-icae
649 5395 910 5472 septentrionalis
922 5401 990 5457 sta·

284 5481 370 5546 tabas
392 5491 533 5562 quotuor
554 5486 653 5567 cripit
671 5488 816 5550 ccclesias
832 5488 987 5567 cpiscopo-

284 5575 339 5648 les,
355 5593 462 5656 nempe
484 5580 803 5654 Neo-abortionem,
829 5581 989 5646 Pittaca-

284 5667 453 5745 pbieaaeat,
473 5671 704 5736 Bostarieasem
726 5681 756 5735 et
777 5674 988 5748 Bardamana

284 5762 988 5849 unicuiqueterritoriamoasiqacteternacs

285 5978 315 6033 (lt
331 5977 393 6023 vide
408 5978 476 6025 intra
490 5983 565 6036 drag.
581 5984 642 6027 xvi.
658 5987 685 6028 et
699 5983 774 6028 Pium
789 5987 829 6030 lx.

905 572 976 628 erus
997 572 1048 628 et).
1071 571 1126 627 vrl.

1706 554 1766 628 app
1815 559 1913 620 auc.
1935 549 2005 622 raca

1079 699 1213 764 subiicit
1235 701 1286 763 uti
1308 694 1529 780 suffraganeos
1549 697 1696 764 ecclcsiae
1712 701 1784 764 Bal·

1082 795 1247 858 tt'moreasi
1269 795 1324 873 (l).

1287 963 1373 1034 etus
1396 965 1456 1034 ΡΡ.
1481 965 1539 1034 llll.

1161 1090 1197 1157 ad
1219 1095 1391 1174 perpetuen
1417 1092 1460 1158 rei
1483 1093 1663 1160 nenorian.

1080 1267 1099 1342 ἓ
1123 1268 1149 1328 l.
1174 1267 1221 1329 En
1242 1267 1345 1330 debito
1366 1267 1522 1346 pastoralis
1543 1268 1634 1332 officii
1653 1283 1787 1345 superna
1833 1277 1999 1324 erooamtun.

1041 1360 1095 1422 Dei
1116 1359 1311 1437 providentia
1341 1361 1481 1423 bumeris
1509 1362 1623 1424 nostris
1651 1362 1787 1438 impositi

1041 1470 1119 1516 onus
1140 1452 1274 1516 terentes
1302 1454 1393 1517 totius
1421 1455 1524 1532 gregis
1545 1453 1702 1530 dominici,
1725 1455 1786 1518 illis

1041 1549 1202 1627 praecipue
1225 1549 1333 1611 oribus
1353 1565 1431 1626 quae
1450 1550 1593 1626 regiones
1608 1569 1624 1612 a
1640 1550 1718 1613 Sede
1732 1554 1788 1614 bac

1039 1642 1214 1721 apostolica,
1237 1643 1290 1704 ubi
1310 1643 1476 1705 catholicae
1495 1651 1642 1707 centrum
1656 1653 1702 1706 est
1718 1648 1788 1708 uni·

1041 1735 1122 1808 tatis,
1138 1734 1230 1812 longe
1244 1734 1362 1798 dissitas
1383 1735 1535 1811 incolunt,
1553 1738 1661 1799 maiori
1678 1755 1788 1802 consu-

1041 1827 1169 1890 lendum
1187 1828 1348 1891 sedulitate
1362 1845 1536 1904 censemus,
1552 1831 1635 1893 utin
1651 1833 1787 1895 adventu

1041 1925 1170 2001 pastoris
1191 1924 1309 1986 aeterni
1328 1925 1409 1986 intra
1425 1941 1536 1987 verum
1552 1925 1635 1988 ovile
1649 1942 1704 2006 per
1718 1943 1787 2006 apo-

1040 2017 1176 2080 stolicam
1200 2034 1305 2080 curam
1337 2028 1487 2097 repertae,
1510 2019 1545 2080 ad
1574 2021 1714 2086 coelestia
1737 2038 1787 2082 ra·

1040 2111 1124 2173 leant
1145 2127 1252 2189 pascua
1275 2113 1375 2173 vocari
1397 2111 1589 2191 leliciterque
1614 2114 1749 2193 perduci.

1080 2205 1148 2280 §2
1173 2203 1281 2281 llagna
1300 2205 1454 2281 siquidem
1475 2223 1548 2269 curu
1568 2207 1682 2271 laetitia
1705 2227 1788 2272 acce-
1842 2217 1916 2265 natio
1938 2217 2020 2263 dacer-

1041 2298 1142 2377 pimus
1163 2298 1340 2360 catholicam
1362 2298 1547 2375 religionem
1574 2301 1606 2362 in
1629 2304 1788 2366 Americae
1807 2272 2019 2373 ἓῗὲέῗῗοθηῆὲῗονεθ

1041 2393 1202 2455 foederatis
1223 2391 1391 2470 provinciis
1412 2393 1550 2470 quotidie
1573 2395 1669 2472 magis
1685 2397 1786 2458 virere

1041 2502 1075 2547 ac
1099 2485 1301 2558 efflorescere,
1324 2499 1554 2563 numerumque
1569 2487 1720 2566 fidelium,
1734 2495 1787 2570 qui

1041 2581 1127 2642 suavi
1137 2581 1204 2642 eius
1217 2579 1288 2654 iugo
1300 2578 1375 2640 oolla
1386 2578 1586 2655 submittunt,
1597 2582 1787 2662 frequentio-

1041 2688 1109 2734 rem
1130 2672 1252 2733 tarenta
1283 2671 1344 2733 Deo
1366 2671 1503 2751 undique
1531 2676 1613 2738 cerni
1636 2687 1665 2740 et
1687 2679 1788 2758 copio-

1041 2767 1166 2828 siorem.
1188 2766 1290 2841 Quum
1313 2766 1414 2844 itaque
1436 2770 1598 2846 unus,qui
1617 2772 1789 2838 incivitate

1042 2859 1259 2921 Baltimorensi
1288 2858 1454 2936 Episcopus
1482 2863 1669 2926 constitutus
1691 2876 1736 2929 est
1758 2878 1788 2931 et

1042 2961 1144 3031 pastor
1172 2952 1289 3026 existit,
1321 2961 1405 3016 tanto
1436 2961 1627 3035 tantumque¹
1650 2959 1734 3022 inter
1756 2979 1788 3023 se

1042 3045 1201 3109 disiunctis
1223 3046 1295 3107 locis
1316 3048 1521 3110 succrescenti
1537 3051 1625 3127 gregi
1640 3055 1789 3130 pascendo

1042 3139 1113 3202 satis
1134 3155 1199 3200 esse
1220 3155 1284 3200 non
1305 3141 1411 3218 possit,
1435 3159 1489 3204 nos
1507 3160 1568 3222 quo
1583 3145 1679 3223 magis
1695 3165 1790 3225 agnos

1030 3234 1157 3326 ‘Christi
1179 3233 1318 3296 novellos
1339 3235 1479 3311 pastorali
1501 3238 1637 3300 custodia
1659 3248 1689 3302 et
1704 3243 1790 3304 aurii·

1042 3328 1083 3390 lio
1113 3328 1252 3404 indigere
1283 3329 1506 3404 cognoscimus,
1536 3347 1572 3393 eo
1600 3335 1731 3400 celerius
1753 3340 1788 3402 ad

1042 3429 1137 3488 mres
1152 3433 1297 3501 pastores,
1316 3439 1369 3503 per
1385 3441 1460 3502 quos
1474 3433 1506 3486 et
1520 3428 1660 3494 locorum
1675 3431 1788 3496 distan-
1812 3481 1814 3486 ,

1045 3518 1102 3580 tiae
1123 3517 1317 3593 minuantur,
1341 3525 1371 3580 et
1392 3519 1561 3597 spiritualia
1583 3524 1693 3601 pabula
1708 3529 1789 3592 mul-

1042 3616 1232 3694 tiplicentur,
1255 3616 1409 3691 augendos
1431 3633 1639 3696 properamus.

1081 3710 1100 3784 ὃ
1121 3709 1150 3770 3.
1174 3709 1252 3771 Hinc
1273 3723 1306 3770 re
1329 3718 1448 3773 mature
1470 3728 1618 3790 perpensa
1640 3735 1712 3780 cum
1735 3736 1788 3782 ve·
1848 3729 1929 3772 aanor
1947 3736 2022 3789 aava·

1043 3803 1230 3866 natabilibus
1250 3800 1396 3864 iratribus
1410 3806 1523 3866 nostris
1539 3807 1665 3872 Sanctae
1680 3811 1789 3874 Roma·
1809 3784 2021 3880 {fflf'fflm'

1042 3913 1101 3960 nae
1132 3896 1282 3958 Ecclesiae
1310 3898 1523 3965 Cardinalibus
1544 3903 1787 3983 Congregationi

1042 3993 1080 4054 de
1100 3992 1294 4070 Propaganda
1310 3992 1384 4054 Fide
1399 3997 1587 4074 praepositis,
1605 4002 1641 4063 de
1656 4001 1786 4066 fratrum

1042 4085 1223 4148 eorumdem
1245 4087 1384 4162 consilio,
1407 4098 1540 4166 quatuor
1560 4109 1654 4156 noras
1676 4097 1791 4175 episco-

1042 4178 1124 4258 pales
1142 4179 1228 4242 sedes
1244 4180 1275 4240 in
1291 4181 1450 4243 recensitis
1464 4185 1631 4262 provinciis
1646 4203 1701 4267 pro
1716 4209 1789 4271 qua·

1044 4282 1114 4337 tuor
1128 4273 1298 4354 respective
1314 4277 1481 4355 Episcopis,
1498 4291 1627 4344 nuncet
1643 4283 1675 4344 in
1691 4296 1791 4362 poste·

1043 4384 1125 4442 rum,
1148 4367 1406 4448 quandocumque
1431 4372 1607 4437 huiusmodi
1629 4379 1716 4440 sedes
1737 4395 1789 4440 ra-

1043 4478 1110 4524 oare
1131 4461 1307 4538 contigerit,
1330 4479 1385 4542 per
1399 4480 1454 4527 nos
1470 4475 1500 4528 et
1515 4467 1719 4545 Apostolicam
1736 4472 1789 4536 Sc-

1042 4556 1111 4617 dem
1131 4554 1283 4632 eligendis
1298 4565 1390 4634 atque
1407 4559 1641 4639 constituendis,
1658 4567 1789 4628 auctori-

1043 4657 1103 4711 tate
1117 4648 1279 4727 apostolica
1296 4655 1404 4712 tenore
1415 4655 1624 4729 praesentium
1640 4657 1790 4735 erigimus

1042 4749 1132 4821 atque
1154 4744 1389 4807 constituimus:
1413 4747 1528 4811 scilicet
1551 4751 1682 4828 primam
1705 4755 1792 4818 Neo-

1042 4835 1180 4911 Eboraci,
1195 4853 1273 4915 quae
1296 4844 1391 4900 totam
1406 4841 1498 4904 lruius
1514 4845 1649 4906 nominis
1665 4849 1789 4926 provin·

1041 4928 1118 4990 ciam
1138 4937 1168 4991 et
1184 4940 1301 5007 partem
1322 4933 1507 4997 orientalem
1518 4939 1694 5014 provinciae
1705 4941 1792 5005 Neo-

1043 5024 1203 5088 Caesareae
1221 5026 1317 5103 priori
1332 5027 1499 5100 finitimam
1515 5030 1623 5094 babeat
1637 5049 1693 5111 pro
1708 5035 1790 5098 dioe-

1042 5117 1117 5192 cesi,
1133 5120 1301 5181 secundam
1316 5119 1552 5200 Philadelpbiae,
1569 5126 1656 5188 cuius
1670 5127 1792 5190 dioece-

1041 5210 1083 5270 sis
1102 5210 1324 5289 complectatur
1355 5215 1428 5277 duas
1460 5216 1596 5294 integras
1620 5221 1791 5298 provincias

1041 5303 1255 5366 Pensilvaniae
1275 5315 1306 5367 et
1328 5307 1484 5385 belarare,
1502 5327 1534 5372 ac
1554 5319 1711 5392 praeterea
1725 5328 1791 5390 par·

1043 5403 1107 5459 tem
1129 5399 1348 5462 occidentalem
1369 5411 1399 5464 et
1416 5403 1650 5466 meridionalem
1665 5407 1790 5484 provin·

1041 5491 1104 5553 ciae
1121 5491 1386 5570 Neo-Caesaream
1405 5497 1527 5558 tertiam
1544 5499 1705 5560 Bostoniae
1717 5515 1789 5562 cum
1818 5549 1819 5552 ,

1041 5583 1182 5660 dioecesi,
1206 5587 1286 5649 intra
1307 5603 1400 5665 quarn
1422 5589 1492 5650 istas
1514 5590 1701 5653 includimus
1719 5609 1789 5671 pro-

1042 5676 1169 5754 vincias,
1193 5695 1307 5758 nempe
1334 5697 1448 5743 noram
1470 5683 1662 5747 Stantoniaur
1685 5686 1792 5749 Massa-

1042 5771 1229 5848 cbatensem,
1253 5773 1388 5836 insulam
1409 5775 1520 5852 llbodi,
1540 5777 1743 5852 Connecticut
1762 5790 1792 5844 et
