4856 7010
345 503 533 560 Amo-1828
582 503 641 566 690
1080 519 1145 565 run.
1169 521 1259 566 conr.
1284 519 1324 565 ns
1346 519 1375 564 r.
1399 520 1428 566 r.
1452 520 1533 566 rans
1555 521 1576 565 1.

601 639 712 704 Datum
733 639 859 715 Romae,
882 639 960 718 apud
982 640 1012 703 S.
1031 637 1157 702 Petrum
1178 639 1304 702 suban·
1359 653 1374 700 a
1395 637 1518 718 propria
1548 637 1679 703 dioecesi
1708 637 1978 718 Philadelpbieusi,
2008 647 2039 702 et
2066 641 2102 702 ad

562 733 638 796 nulo
658 731 813 812 piscatoris
835 732 884 796 die
908 749 938 792 v.
962 731 1039 794 lebr.
1063 745 1302 809 acccersunt,
1360 741 1503 794 nostrum
1517 740 1548 794 et
1561 731 1647 796 Sedis
1659 732 1848 812 apostolicae
1862 731 2101 812 beneplacitum,

561 825 757 905 pontificatus
781 825 878 889 nostri
903 839 985 887 anno
1004 841 1033 888 v.
1244 839 1247 846 ’
1359 824 1515 890 vicarium
1536 826 1747 905 hpostolicum
1766 826 1950 890 Generalem
1964 826 2103 890 eiusdem

1359 917 2103 999 dioecesis,auctoritatcapostolica,tenoreprae-

1358 1013 1508 1090 sentium,
1526 1015 1720 1093 deputamus,
1736 1014 1817 1077 salvi
1832 1027 1955 1092 semper
1970 1014 2003 1076 in
2018 1029 2103 1092 prae·

877 1108 989 1172 lilith.
1360 1107 1460 1170 missis
1487 1107 1670 1170 auctoritate
1698 1106 1953 1184 ‹tongregattonis
1981 1123 2103 1170 eorum·

1359 1203 1430 1266 dem
1452 1200 1672 1267 cardinalium.

562 1294 710 1358 Derceto
724 1293 870 1360 absentio
886 1297 1034 1375 Episcopi
1048 1295 1305 1376 Philadelphieo·
1399 1297 1419 1372 5
1438 1297 1467 1359 2.
1481 1297 1658 1360 blandamus
1670 1303 1833 1377 propterea
1844 1297 1989 1361 omnibus
2000 1304 2030 1360 et
2041 1297 2104 1360 sin-

600 1389 644 1450 sis
667 1390 702 1450 in
716 1389 891 1469 foederatis
905 1391 1070 1455 Americuc
1083 1387 1238 1462 statibus,
1258 1389 1305 1451 Vi·
1360 1389 1441 1466 gulis
1461 1391 1497 1452 ad
1519 1406 1596 1469 quos
1615 1399 1731 1469 spectat
1751 1408 1785 1454 ac
1806 1406 1862 1470 pro
1884 1398 2023 1470 tempore
2037 1407 2104 1470 spe-

601 1483 725 1546 ccrium
749 1482 932 1546 deneratam
953 1481 1171 1562 Apostolicum
1189 1483 1305 1546 dicere·
1359 1483 1463 1558 ctabit,
1487 1492 1521 1546 ut
1543 1491 1575 1546 te
1593 1483 1628 1544 ad
1644 1485 1862 1548 demandatum
1879 1484 1933 1546 tibi
1948 1499 2003 1562 per
2017 1500 2104 1564 prae-

600 1576 645 1638 sis
666 1575 805 1638 ciusdem
823 1576 996 1640 coratituit
1013 1575 1208 1642 Gatictmcm
1224 1577 1306 1643 Mot-
1359 1586 1462 1641 sentes
1484 1576 1597 1642 llicarii
1614 1578 1771 1642 Generalis
1785 1579 1952 1658 Apostolici
1968 1579 2103 1642 odicium

602 1669 708 1734 theros.
1360 1670 1505 1751 illiusque
1526 1671 1664 1736 liberum
1692 1672 1889 1748 exercitium,
1912 1673 1997 1735 iusta
2019 1681 2103 1734 teno-

1360 1779 1428 1827 rem
1457 1766 1669 1842 praesentium
1699 1765 1849 1844 recipiant
1876 1771 1907 1828 et
1928 1767 2102 1841 admittant,

563 1857 680 1924 ltilerto
697 1855 761 1923 lilio
780 1854 924 1923 (tulletum
946 1854 1109 1924 Mattheus
1129 1856 1306 1942 presbytero
1359 1858 1477 1938 tibique
1498 1857 1530 1919 in
1551 1858 1696 1921 omnibus
1716 1859 1751 1921 ad
1774 1859 1856 1922 idem
1877 1859 2015 1922 officium
2035 1875 2105 1938 pcr-

623 1950 799 2018 amaricare
822 1953 854 2018 el
875 1949 1009 2036 parocho
1032 1950 1245 2036 hallington,
1361 1953 1533 2016 liuentibus
1547 1951 1679 2027 faveant,
1692 1961 1818 2031 pareant
1832 1959 1864 2014 et
1874 1953 2026 2027 assistam,
2039 1960 2104 2016 tua-

843 2055 847 2062 '
1177 2115 1179 2122 ,
1360 2062 1422 2124 que
1440 2046 1574 2109 salubria
1594 2047 1713 2109 monita
1735 2057 1766 2109 et
1787 2047 1928 2110 mandata
1944 2045 2104 2114 humiliter

815 2137 892 2205 1.Εο
915 2138 974 2207 ΡΡ.
997 2137 1054 2206 llll.
1359 2139 1537 2220 suscipiant,
1559 2146 1590 2201 et
1611 2138 1775 2202 efficaciter
1794 2138 1964 2217 adimplere
1979 2149 2102 2214 curent,

1359 2232 1496 2312 alioquin
1525 2233 1723 2307 sententiam,
1751 2232 1818 2294 sive
1844 2247 1987 2310 poenam,
2010 2247 2105 2310 quam

834 2326 951 2395 Dileole
973 2326 1033 2406 tut,
1361 2325 1420 2388 rite
1447 2325 1555 2388 tuleris
1576 2325 1609 2386 in
1631 2324 1772 2401 rebelles,
1795 2333 1892 2388 ratam
1921 2325 2103 2387 habebimus

596 2425 724 2494 salutern
747 2430 778 2492 el
801 2423 998 2507 apostoticam
1021 2422 1270 2496 benedictiorem.
1361 2426 1392 2482 et
1412 2418 1570 2495 iaciemus,
1585 2425 1711 2480 auctore
1732 2418 1989 2498 imminensque
2007 2417 2104 2480 adsa-

1361 2511 1564 2574 tisiactionem
1593 2511 1778 2588 condignam
1809 2511 2030 2574 inviolabiliter
2052 2512 2105 2574 ob-

602 2617 620 2692 §
644 2616 670 2676 l.
695 2618 774 2680 Cum
797 2630 869 2679 ven.
890 2615 984 2679 irater
1000 2616 1152 2680 llenricus
1167 2612 1305 2678 Convell
1359 2604 1488 2666 serveri-

562 2711 730 2791 Episcopus
758 2709 1030 2790 Philadelphiensis
1056 2727 1110 2790 per
1132 2710 1304 2784 congrega·
1399 2697 1468 2773 §3-
1492 2696 1559 2761 Non
1578 2698 1768 2761 obstantibus
1785 2697 2058 2761 ⁰⁰118til11li⁰ssibt1⁸
2071 2705 2105 2760 θῑ

564 2806 679 2867 etonem
701 2819 796 2867 venn,
819 2804 951 2867 fratrum
967 2811 1148 2866 nostrorum
1164 2801 1195 2866 s.
1213 2802 1249 2866 R.
1267 2802 1302 2864 Ε.
1359 2793 1605 2855 ordinationibus
1626 2790 1808 2870 apostolicis,
1820 2792 2012 2872 caeterisque
2032 2808 2104 2855 con·

563 2898 772 2962 Cardinalium
807 2898 942 2975 negociis
975 2895 1190 2976 Propagandae
1219 2895 1305 2959 Eidei
1361 2885 1461 2948 trariis
1481 2885 1740 2965 quibuscumque.

562 2993 806 3072 praepositorum
829 2991 978 3054 invitatus
1004 2991 1132 3053 Romam
1153 2995 1305 3052 venturus
1399 2981 1509 3042 Datum
1532 2980 1646 3072 Romae
1667 2979 1746 3058 apud
1769 2979 1800 3042 S.
1824 2979 1953 3042 Petrum
1973 2980 2031 3044 sub
2051 2998 2107 3044 an-

562 3102 653 3166 quam
683 3087 821 3165 primum
849 3086 900 3160 sit,
923 3099 1083 3164 quumque
1114 3099 1187 3146 ven.
1212 3083 1305 3145 irater
1359 3071 2105 3152 nuluPisoatoris,diexxvr.iebuncccxxvnn,

561 3181 740 3244 Ambrosius
769 3178 918 3243 hlarechal
938 3178 1193 3258 hrchiepiscopus
1215 3175 1305 3238 Balli-
1360 3168 1554 3249 pontificatus
1575 3166 1674 3230 nostri
1695 3180 1778 3228 anno
1793 3181 1823 3226 v·

561 3275 726 3350 morensis,
757 3275 811 3354 qui
838 3274 984 3338 dioecesis
1015 3273 1186 3353 praedictae
1207 3271 1305 3335 Phila·
1607 3279 1858 3340 ...g-..-

561 3369 747 3447 delphieusis
774 3367 1013 3432 Administrator
1042 3365 1223 3429 auctoritate
1250 3381 1304 3426 no·

560 3461 623 3526 stra
644 3460 805 3540 apostolica
831 3461 933 3524 luerat
960 3461 1147 3538 designatus,
1173 3459 1212 3523 ob
1239 3473 1305 3536 gra·
1462 3475 1467 3486 ·
1683 3450 1781 3516 XXX.

561 3556 731 3630 vissimum,
748 3571 807 3634 qua
825 3555 968 3630 allicitur,
984 3553 1211 3628 infirmitatem,
1227 3551 1305 3616 illud

562 3665 677 3712 munus
698 3650 853 3728 suscipere
873 3649 1003 3712 omnino
1030 3663 1093 3711 non
1115 3647 1225 3727 possit;
1250 3663 1305 3709 nos
1364 3639 1538 3719 Confirmet
1553 3639 1735 3703 electionem
1748 3639 1895 3720 Grcqorii
1908 3639 1997 3702 Patri
2011 3641 2105 3704 Giar-

562 3743 888 3823 praedictaedioecesis
898 3741 1085 3818 necessitati,
1098 3741 1230 3803 durante
1243 3755 1305 3802 me·
1399 3751 1434 3797 ve
1455 3735 1491 3796 in
1513 3732 1743 3798 Potricrchcm
1760 3732 1997 3798 Antiochenam
2012 3732 2106 3811 scro-

562 3837 673 3900 morati
695 3836 818 3899 ilenrici
834 3835 970 3899 Convell
986 3834 1126 3914 Episcopi
1139 3833 1305 3897 absentiae
1401 3843 1475 3890 rum
1494 3826 1692 3905 pelliumque
1712 3827 1742 3888 ei
1763 3826 1905 3888 concedit
1923 3823 1979 3908 (l).

563 3931 685 4009 propria
706 3927 838 3992 Ecclesia
863 3927 1133 4006 Philadelphiensi,
1157 3937 1187 3990 et
1209 3930 1306 3990 donec
1768 3945 1773 3956 ·

563 4023 653 4086 aliter
673 4023 711 4084 ab
730 4024 785 4084 hac
807 4019 838 4084 S.
860 4023 938 4086 Sede
959 4023 1175 4096 constituatur,
1197 4037 1306 4083 consu·
1361 4012 1531 4082 Venerabili
1552 4011 1640 4081 tratri
1671 4010 1783 4097 ignatio
1807 4011 1900 4081 Petro
1921 4011 2029 4082 (iletre
2051 4014 2106 4080 hr-

564 4117 627 4179 lere
643 4115 792 4191 volentes,
808 4133 842 4178 ac
857 4117 907 4178 tua
923 4115 1045 4194 pietate,
1064 4113 1239 4192 prudentii,
1255 4116 1306 4176 do·
1401 4108 1595 4192 ohieptscopo
1610 4122 1705 4191 nuper
1720 4106 1988 4192 hierosolymitano
2004 4108 2032 4174 in
2049 4106 2106 4175 Pa·

563 4209 662 4274 ctrint
689 4210 807 4284 conlisi,
837 4217 966 4288 tequea
993 4207 1153 4286 quibusvis
1185 4222 1305 4270 excom·
1400 4201 1562 4270 triorchem
1578 4199 1792 4270 huiloohettttrtt
1815 4199 1953 4285 Syrorum
1975 4201 2084 4282 eleeto,

563 4303 799 4379 municationis,
831 4301 1040 4382 suspensionis
1071 4308 1102 4364 et
1132 4301 1305 4377 interdicti,

563 4400 692 4477 aliisque
712 4397 920 4460 ecclesiasticis
934 4396 1107 4469 sententiis,
1123 4394 1262 4458 censuris
1276 4401 1306 4457 et
1575 4386 1652 4456 teo
1675 4386 1893 4458 zelatores

564 4493 672 4572 poenis
692 4508 709 4552 a
729 4491 808 4568 iure,
823 4490 875 4554 vel
896 4491 933 4554 ab
950 4490 1088 4565 homine,
1104 4491 1209 4568 quavis
1224 4506 1307 4553 occa·
1902 4541 1909 4555 .

563 4587 650 4649 sione
671 4585 721 4649 vel
741 4602 830 4648 causa
851 4585 929 4662 latis,
944 4585 970 4646 si
988 4584 1100 4663 quibus
1115 4583 1307 4662 quomodoli·
1547 4555 1656 4608 ⁸⁰fv¹¹⁸
1678 4555 1832 4608 ⁸⁰⁹V⁰f¹⁸¹¹¹
1855 4539 1918 4620 ⁰⁰¹*

564 4682 616 4744 bet
636 4681 802 4744 innodatus
824 4680 940 4755 existis,
955 4679 990 4742 ad
1006 4678 1150 4740 ehectum
1166 4693 1307 4756 praesen-
1394 4675 1523 4744 salutem
1545 4680 1577 4742 et
1599 4673 1796 4757 apostolicam
1821 4675 2071 4744 benedictionem.

565 4776 643 4839 tium
665 4774 824 4837 dumtaxat
844 4775 1111 4851 consequendum,
1129 4772 1239 4834 harum
1260 4787 1307 4833 se·

565 4869 608 4930 rie
630 4868 823 4931 absolventes
844 4873 875 4930 et
896 4867 1070 4930 absolutum
1092 4865 1159 4929 lore
1179 4879 1308 4929 censen·
1402 4864 1534 4928 humani
1555 4865 1722 4944 Pontitlcis,
1738 4883 1833 4946 quem
1847 4867 1952 4930 Pastor
1974 4867 2027 4930 ille
2041 4883 2107 4931 cae·

566 4969 621 5038 tes,
638 4963 675 5026 de
689 4962 871 5024 eorumdem
886 4960 1095 5024 Cardinalium
1110 4959 1250 5034 consilio,
1265 4967 1305 5035 te,
1361 4958 1447 5021 lestis
1460 4967 1492 5020 et
1507 4958 1673 5037 Episcopus
1688 4960 1862 5024 animarum
1878 4961 2032 5041 potestatis
2044 4961 2107 5041 ple·

565 5054 696 5118 durante
716 5054 853 5118 absentia
867 5054 1013 5132 praedicti
1029 5053 1153 5117 Henrici
1168 5053 1308 5117 Convell
1362 5053 1505 5117 nitudine
1525 5051 1583 5114 sibi
1604 5053 1714 5114 tradita
1729 5053 1864 5116 ecclesiis
1877 5052 2023 5132 praetulit
2037 5055 2107 5117 uni-

605 5311 634 5366 (1)
651 5314 714 5356 cum
732 5313 840 5368 propter
860 5311 1086 5358 renunciationem
1107 5311 1308 5358 patriarchatus
1362 5311 1629 5370 hierosolymitanum
1644 5311 1826 5358 ratrmrcham
1840 5311 1987 5368 elegerunt,
2001 5311 2047 5369 qui
2058 5311 2109 5358 sibi

565 5377 721 5423 antiocheni
735 5377 851 5424 nationis
866 5381 993 5435 Syrorum
1007 5379 1153 5425 catholicae
1163 5379 1196 5425 ab
1206 5381 1236 5424 lt.
1246 5381 1271 5424 Ρ.
1280 5383 1306 5423 l).
1362 5391 1501 5426 reservans
1515 5379 1773 5426 administrationem
1793 5379 1862 5426 sedis
1876 5379 2108 5438 archiepiscopalis

565 5446 648 5492 electo
662 5445 817 5490 patriarchii
830 5445 933 5502 lgnatio
948 5446 1052 5493 Simone
1065 5451 1091 5493 s.
1107 5445 1310 5504 congregationi
1363 5447 1618 5504 hierosolymitanae
1633 5459 1728 5494 nomen
1743 5448 1887 5506 assumpsit
1902 5447 1999 5505 1gnatii
2013 5447 2092 5493 Petri.

565 5516 596 5560 de
610 5519 683 5572 Prop.
699 5515 761 5560 nida
775 5515 900 5572 oblatam,
914 5520 995 5574 atque
1009 5517 1146 5564 abeodem
1162 5520 1185 5562 S.
1197 5520 1222 5562 (t.
1234 5517 1277 5562 die
1291 5528 1308 5562 r.
1402 5516 1458 5562 Etsi
1473 5527 1535 5564 vero
1550 5519 1712 5562 memoratae
1727 5515 1842 5562 nationis
1854 5515 1975 5572 Episcopi
1984 5513 2108 5562 catholici

565 5583 634 5630 iunii
647 5595 687 5630 an.
700 5593 860 5629 nncccxvnr.
875 5589 1046 5642 acceptatam,
1058 5585 1132 5632 sedes
1141 5585 1189 5631 illa
1199 5584 1310 5642 patriar·
1361 5583 1487 5630 continuo
1501 5585 1533 5630 ad
1548 5585 1572 5628 S.
1588 5584 1824 5641 congregationem
1838 5583 1932 5628 literas
1942 5581 2107 5638 scripserint,

505 5675 515 5690 ·
565 5649 648 5697 chalis
658 5651 820 5697 antiochena
829 5654 954 5706 vacasset,
966 5653 1083 5709 Episcopi
1094 5657 1257 5699 memoratae
1267 5664 1309 5698 na·
1364 5655 1394 5697 ut
1407 5651 1542 5698 electionis
1556 5663 1573 5697 a
1587 5663 1615 5696 se
1636 5651 1719 5697 iactae
1739 5649 1912 5708 apostolicam
1930 5649 2108 5696 confirmatio·

567 5719 646 5764 tionis
666 5719 788 5764 catholici
810 5719 852 5764 dis
870 5731 932 5765 xxv.
949 5720 1076 5766 februarii
1094 5731 1163 5766 anno
1177 5732 1308 5767 uncccxx.
1363 5731 1422 5765 nem
1443 5719 1632 5776 impetrarent3
1653 5718 1686 5764 ob
1700 5719 1828 5766 excitatas
1850 5721 1939 5764 tamen
1957 5718 2062 5774 aliquas
2076 5717 2107 5764 de

566 5785 593 5830 in
608 5785 770 5830 monasterio
784 5789 807 5830 S.
823 5787 920 5832 Mariae
941 5787 1110 5832 liberatricis
1124 5787 1151 5831 in
1170 5789 1257 5832 Monte
1271 5787 1310 5833 ni·
1363 5787 1452 5834 eadem
1468 5797 1497 5832 re
1511 5785 1704 5833 controversias
1724 5787 1824 5832 absolvi
1843 5785 1978 5843 negotium
1993 5785 2042 5830 hoc
2055 5785 2108 5832 nisi

568 5852 642 5907 bano,
656 5863 724 5909 quae
737 5853 922 5909 patriarchalis
937 5854 1080 5900 residentia
1093 5859 1142 5910 est,
1156 5856 1310 5912 congregati
1362 5859 1421 5913 post
1435 5854 1541 5911 longam
1554 5853 1772 5899 deliberationem
1787 5865 1839 5899 non
1853 5852 1947 5910 potuit.

567 5923 596 5964 lt.
607 5922 633 5964 P.
643 5923 670 5965 D.
681 5921 837 5978 Gregorium
850 5923 958 5967 Petrum
973 5922 1066 5968 (tiarve
1077 5921 1310 5980 'archiepiscopum
1403 5921 1541 5968 Referente
1556 5921 1662 5967 undem
1677 5918 1741 5967 Erico
1754 5931 1785 5968 ac
1799 5917 1901 5968 ltmol).
1911 5920 2051 5967 Francisco
2060 5922 2108 5966 xa·
