4740 6962
344 523 443 579 Aac.
465 527 531 580 raet
582 529 642 596 333

563 672 712 734 meritum
723 671 865 735 videatur
879 673 999 749 electio,
1014 688 1120 735 sanare
1133 671 1313 735 auctoritate

562 765 666 827 nostrai
688 782 902 846 quaecumque
923 765 1059 829 indebite
1074 773 1166 845 atque
1189 765 1314 842 illegiti-

562 873 613 920 me
634 867 697 922 acta
720 867 808 922 erant
830 861 1044 935 iudicavimus,
1069 860 1154 922 iuxta
1177 860 1312 950 prudeq-

563 959 626 1016 tem
648 953 740 1014 etiam
764 961 886 1017 nostrae
908 952 1167 1030 Congregationis
1181 953 1218 1014 de
1241 953 1311 1014 Pro·

561 1047 696 1124 pagandi
717 1047 791 1110 Fide
811 1046 1017 1122 sententiam,
1047 1055 1077 1109 et
1097 1047 1247 1108 electores
1268 1051 1311 1106 at-

561 1156 622 1219 que
643 1139 777 1202 electum
798 1141 835 1202 ab
856 1141 1000 1202 omnibus
1022 1141 1176 1203 canonicis
1191 1139 1308 1218 poenit,

561 1233 674 1311 quibus
685 1233 838 1296 obillicite
853 1234 904 1296 sed
922 1241 1027 1296 tamen
1043 1235 1142 1296 valide
1157 1243 1309 1312 peractam

560 1325 708 1390 Gabrielis
739 1325 852 1390 Gazzul
887 1328 1149 1391 consecrationem
1185 1326 1310 1390 obnoxii

561 1419 631 1482 lacti
646 1427 731 1495 sunt,
744 1421 912 1484 absolvere.
929 1423 1146 1484 Condonamus
1158 1421 1309 1482 nimirum

561 1529 701 1575 errorem
724 1513 813 1576 illum
836 1515 944 1590 bonae,
961 1521 1052 1593 prout
1066 1498 1233 1587 credimus,
1250 1513 1311 1576 ele·

561 1614 683 1668 uturum
700 1607 781 1681 fidei,
793 1608 1040 1686 eorumdemque
1055 1609 1087 1670 in
1103 1606 1308 1685 Apostolieam

562 1699 640 1760 hanc
655 1696 765 1761 Sedem
780 1709 953 1778 perspectae
968 1702 1194 1774 observantiae,
1209 1699 1309 1761 multo

562 1800 665 1855 tamen
685 1793 783 1855 acrius
797 1795 997 1872 severiusque
1017 1795 1137 1857 moneri
1155 1811 1208 1871 per
1229 1808 1309 1853 eam·

562 1889 631 1950 dem
648 1887 929 1964 congregationem
946 1888 1091 1950 volumus
1106 1905 1139 1948 ac
1154 1887 1308 1960 iubemus,

562 1995 602 2040 ne
623 1979 655 2040 in
678 1989 835 2058 posterum
849 1981 978 2043 omnino
994 1978 1183 2057 reprobanda
1206 1979 1311 2039 huius-

563 2072 646 2135 modi
667 2073 809 2152 exempla
831 2081 1061 2138 consectentur.

604 2167 666 2228 lam
680 2168 760 2245 quod
775 2168 810 2230 ad
826 2167 928 2246 ipsum
940 2167 1087 2230 Basiliam
1100 2166 1236 2247 pertinet
1250 2163 1311 2226 ele·

562 2267 648 2321 ctum
670 2260 887 2336 Patriarcham,
904 2271 994 2324 natus
1009 2262 1074 2340 ipse
1089 2261 1197 2341 Aleppi
1213 2269 1260 2322 est
1274 2258 1311 2321 ab

562 2353 734 2416 illustribus
745 2354 962 2434 catholicisque
978 2356 1155 2433 parentibus
1166 2355 1197 2416 in
1214 2354 1311 2432 eique

562 2449 687 2524 familiai,
703 2465 781 2528 quae
799 2466 871 2528 erga
887 2450 1091 2530 Apostolicam
1106 2451 1185 2511 hanc
1200 2448 1309 2511 Sedent

562 2543 674 2622 pietate
693 2543 814 2622 fideque
836 2546 997 2624 praecipue
1012 2545 1128 2620 lloruit,
1142 2545 1234 2622 idque
1250 2559 1311 2604 ma·

563 2640 647 2700 nime
667 2646 824 2716 postremo
850 2639 973 2701 iubilaei
996 2655 1090 2714 anuo,
1117 2639 1214 2700 nostri
1235 2651 1310 2715 pon-

564 2734 695 2796 tificatus
718 2734 829 2812 primu,
853 2733 1076 2811 corrrprobavit‚
1106 2747 1177 2794 curn
1200 2747 1238 2792 er
1261 2729 1311 2791 ille

562 2828 654 2890 domo
676 2827 820 2890 nonnulli
841 2829 970 2890 Romam
989 2843 1052 2888 non
1075 2826 1142 2888 sine
1164 2825 1249 2904 gravi
1266 2823 1311 2884 in-

561 2923 723 2986 commodo
738 2939 770 2984 ac
785 2930 912 3001 sumptu
923 2924 958 2983 ad
970 2922 1187 3000 Apostolorum
1203 2921 1310 2982 linriua

562 3017 756 3094 aliorumque
775 3031 931 3078 sacrorum
948 3015 1086 3078 lucorum
1102 3014 1311 3077 visitationem

562 3110 769 3172 advenissent.
800 3110 872 3186 Agit
900 3125 984 3172 nunc
1006 3109 1058 3170 ille
1085 3110 1309 3186 sexagesimum

562 3203 668 3266 aetatis
689 3219 820 3277 annum,
836 3202 895 3264 iant
912 3204 1042 3265 amulio
1062 3211 1201 3282 tempore
1214 3219 1311 3265 sacer-

563 3299 633 3375 dos,
660 3313 783 3376 semper
804 3296 940 3373 caelebs,
970 3299 1076 3360 doctor
1103 3305 1257 3376 praeterea
1278 3315 1312 3360 ac

564 3393 711 3470 magister
733 3392 885 3470 praeclaro
907 3390 988 3453 illius
1010 3391 1143 3454 nationis
1165 3392 1311 3455 vocabulo

566 3485 731 3552 l’oriubiet
763 3492 969 3563 nuncupatus.
1002 3484 1108 3549 Socius
1139 3486 1311 3548 Abrahamo

562 3584 653 3645 Petro
673 3579 774 3658 primo
789 3573 980 3641 Patriarchae
999 3579 1031 3641 in
1047 3581 1311 3656 persecutionibus

562 3694 596 3740 ac
616 3674 770 3737 laboribus
785 3673 855 3736 luit.
876 3671 1001 3750 Aliquot
1023 3681 1090 3752 post
1104 3689 1200 3736 annos
1216 3673 1312 3738 lactus

563 3769 702 3834 Amasiae
723 3765 987 3844 Arcbiepiscopus,
1010 3783 1081 3829 cum
1101 3767 1215 3830 ibidem
1238 3769 1311 3830 resi-

563 3866 636 3927 dere
651 3876 715 3924 non
730 3870 840 3941 posset,
852 3867 989 3922 moratus
1003 3869 1050 3922 est
1064 3861 1096 3922 iu
1112 3861 1310 3937 Castrovano,

563 3956 714 4019 nimirum
738 3955 770 4015 in
792 3963 948 4015 conventu
964 3953 1114 4016 Ecclesiae
1130 3955 1313 4033 patriarcha·

564 4051 601 4112 lis
628 4050 662 4110 B.
685 4047 796 4110 Mariae
818 4045 954 4122 Virginis
978 4046 1009 4108 in
1038 4047 1159 4109 coelum
1187 4049 1312 4110 Assum·

563 4150 644 4222 ptae.
667 4141 732 4204 lllic
747 4141 858 4204 Vicarii
874 4157 989 4202 munus
1004 4141 1083 4219 apud
1098 4140 1175 4202 duos
1196 4150 1312 4219 postre-

564 4253 630 4300 mos
651 4235 840 4298 Patriarchas
869 4233 966 4296 multi
994 4250 1066 4296 cum
1088 4233 1177 4296 laude
1199 4237 1310 4312 gessit,

564 4333 664 4411 iisque
685 4329 810 4406 egregie
831 4327 992 4402 satisfecit,
1022 4343 1092 4390 cum
1117 4327 1157 4390 ob
1178 4329 1312 4407 prudeu-

565 4427 636 4489 tiam
659 4441 693 4486 ac
713 4423 909 4487 sedulitatem
933 4423 964 4485 iu
985 4423 1103 4500 agendo
1123 4438 1222 4499 suam,
1246 4431 1312 4486 tum

563 4519 726 4599 praecipue
747 4517 786 4578 ob
807 4516 931 4592 linguae
952 4515 1096 4578 Arabicae
1116 4516 1312 4579 3333331333-

565 4631 625 4694 333
638 4611 791 4690 peritiam,
808 4623 939 4689 quarum
955 4624 1028 4671 usus
1044 4608 1141 4670 estiis
1157 4609 1229 4672 locis
1244 4626 1313 4690 per·

564 4705 754 4769 necessarios
775 4704 809 4766 in
830 4701 922 4765 sacris
944 4701 1125 4780 peragendis
1147 4703 1258 4767 ritibus
1279 4723 1313 4769 ac

564 4803 597 4863 iu
619 4797 827 4878 spiritualium
842 4811 972 4874 operum
987 4797 1223 4876 officiorumque
1245 4815 1313 4876 per-

564 4895 735 4959 hrnctione.
759 4889 890 4953 Proinde
911 4905 983 4954 cum
1004 4890 1029 4952 is
1051 4891 1099 4951 vir
1114 4893 1313 4968 pastoralibus

565 4985 742 5053 huiusmodi
770 4983 892 5048 dotibus
914 4989 1074 5062 tantopere
1096 4985 1250 5061 praeditus
1271 4996 1313 5048 at-

565 5101 625 5163 que
646 5083 816 5144 instructus
836 5080 888 5154 sit,
911 5079 1041 5140 minime
1062 5079 1200 5156 prolecto
1226 5080 1315 5142 dubi-

567 5185 631 5240 tare
653 5191 824 5254 possumus,
848 5172 924 5252 quin
946 5173 1067 5234 easdem
1081 5187 1186 5235 secum
1209 5174 1243 5235 ad
1262 5175 1314 5236 Pa·

567 5270 748 5332 triarchatus
771 5267 873 5328 locum
894 5265 1017 5340 evehat,
1038 5267 1220 5346 summique
1241 5283 1313 5330 cum

567 5363 670 5441 populi
691 5363 748 5425 sibi
769 5361 923 5425 commissi
943 5376 1080 5439 suaeque
1098 5360 1232 5422 nationis
1254 5361 1314 5422 uti-

566 5457 650 5519 litate
661 5459 697 5518 ad
711 5455 877 5518 catholicae
891 5454 1071 5532 praesertim
1083 5453 1253 5530 Religionis
1269 5453 1314 5516 in·

566 5557 763 5614 crementum
776 5547 925 5610 illustrius
936 5547 1099 5626 multoque
1109 5547 1314 5625 opportunius

567 5644 710 5707 exhibeat
720 5651 812 5722 atque
826 5649 977 5705 exerceat.
991 5643 1097 5720 ltaque
1111 5643 1214 5704 audito
1229 5643 1314 5720 prius

568 5737 824 5815 congregationis
845 5738 883 5798 de
904 5735 1098 5815 Propagandi
1114 5737 1187 5798 Fide
1208 5736 1315 5800 sutiru-

609 5953 639 6010 (3)
655 5955 691 5997 Ex
706 5956 858 6008 Roscovany
872 5951 929 5998 coll.
945 5963 1004 5998 curn
1019 5955 1082 6010 Reg.
1098 5955 1153 6000 vat.

1087 551 1149 596 lUfl.
1174 552 1265 596 runt.
1290 553 1329 598 DE
1353 553 1380 598 P.
1406 553 1434 598 F·
1460 553 1542 598 PARS
1565 555 1585 597 l.

1370 669 1432 748 gio,
1456 687 1547 750 quam
1569 689 1584 731 a
1607 671 1695 735 nobis
1718 673 1797 751 ipse,
1827 671 1967 750 legitime
1997 688 2037 735 ne
2057 673 2114 734 Ro-

1369 781 1451 827 mam
1473 765 1629 828 accederet
1645 765 1822 845 impeditus,
1839 781 1911 830 cum
1925 767 1989 828 suis
2004 765 2115 828 electo-

1368 859 1453 922 ribus
1472 860 1651 939 suppliciter
1671 860 1710 922 de
1730 876 1818 923 more
1832 861 1932 939 petiit,
1955 860 2116 924 electionis

1369 953 1399 1014 in
1424 952 1629 1016 Patriarcham
1650 969 1706 1016 seu
1722 955 1939 1033 postulationis
1953 954 2117 1017 coufirma-

1369 1045 1498 1120 tionem,
1521 1047 1661 1108 eamdem
1684 1046 1743 1121 illi,
1771 1063 1866 1126 quern
1887 1047 1947 1110 iam
1969 1048 2006 1109 ab
2026 1048 2116 1110 Ania-

1367 1139 1464 1200 sensis
1486 1135 1637 1201 Ecclesiae
1656 1139 1782 1202 vinculo
1797 1139 1995 1214 absolvimus,
2019 1138 2117 1202 liben-

1368 1238 1416 1292 ter
1438 1231 1648 1310 impertimur,
1673 1239 1892 1312 praetereaque
1914 1235 1995 1312 pallii
2018 1237 2117 1298 hono·

1366 1339 1445 1400 rem,
1469 1333 1560 1402 prout
1581 1326 1689 1388 absens
1704 1342 1865 1406 persuum
1883 1336 2116 1407 procuratorem

1366 1434 1381 1478 a
1404 1418 1491 1480 nubis
1505 1419 1633 1496 llagitat,
1649 1419 1784 1498 benigne
1799 1419 2006 1484 concedimus.
2029 1425 2116 1500 Quod

1367 1519 1450 1573 certe
1465 1512 1651 1575 beneficium
1664 1521 1806 1576 nostrum
1821 1517 2007 1581 confidimus
2017 1520 2118 1582 adhuc

1367 1604 1466 1666 maius
1488 1604 1532 1666 illi
1555 1605 1720 1668 allaturum
1737 1623 1802 1669 esse
1818 1609 2068 1688 incitamentum,
2085 1622 2117 1676 et

1366 1697 1401 1757 ad
1412 1699 1578 1760 curandam
1594 1699 1726 1762 salutem
1742 1704 1978 1766 commissarum
1994 1707 2114 1781 ovium,

1365 1806 1441 1868 quas
1464 1795 1621 1868 tamquam
1643 1793 1707 1854 suis
1727 1793 1867 1857 humeris
1883 1798 2039 1876 impositas
2052 1803 2116 1864 exi·

1366 1884 1520 1959 stimabit,
1549 1893 1579 1946 et
1607 1885 1642 1946 ad
1672 1894 1796 1963 gratum
1825 1890 2016 1968 Apostolicae
2043 1894 2116 1958 Sedi

1367 1980 1586 2056 praestandum
1608 1980 1760 2057 animum,
1784 1983 1814 2043 in
1835 1985 1962 2064 eiusque
1984 1989 2054 2063 333,
2071 1990 2115 2051 33-

1368 2070 1435 2132 ticio
1457 2079 1549 2149 atque
1570 2071 1766 2136 observantii
1787 2087 1937 2154 perpetuo
1952 2078 2115 2145 inhaeren-

1367 2162 1452 2226 dum.
1477 2165 1556 2226 llaec
1576 2175 1662 2240 sunt,
1678 2183 1774 2230 veun.
1793 2167 1914 2247 iratres,
1930 2188 2009 2250 quae
2030 2175 2115 2238 vobis

1367 2256 1526 2335 aliquanto
1546 2257 1695 2337 prolixius
1708 2261 1910 2337 significanda
1924 2267 2113 2345 censuimus,

1367 2364 1430 2427 quo
1450 2351 1550 2412 maius
1564 2351 1597 2412 iu
1621 2367 1673 2412 vos
1687 2368 1725 2413 ex
1740 2363 1900 2418 constante
1914 2365 1977 2420 tam
1993 2361 2117 2439 longin-

1367 2457 1444 2520 quae
1467 2443 1602 2504 nationis
1632 2444 1786 2522 religione
1806 2465 1840 2510 ac
1861 2451 2023 2514 nobiscum
2043 2470 2115 2517 con-

1369 2533 1529 2596 iunctione
1550 2537 1700 2612 gaudium
1722 2537 1915 2604 redundaret.
2104 2549 2105 2552 ’

1407 2683 1483 2758 Ouid
1509 2683 1599 2748 Vobis
1620 2687 1761 2750 videturt

1408 2819 1598 2882 Auctoritate
1619 2823 1840 2901 omnipotentis
1863 2829 1934 2907 liei,
1957 2831 2011 2897 SS.
2035 2838 2115 2915 Apu·

1367 2912 1520 2974 stolorum
1536 2913 1615 2976 Petri
1639 2924 1670 2977 et
1686 2917 1770 2979 Pauli
1785 2937 1817 2982 ac
1833 2925 1935 2985 nostri
1951 2930 2115 2992 confirma-

1368 3020 1436 3066 mus
1458 3017 1489 3068 33
1509 3009 1711 3087 approbamus
1732 3012 1917 3078 electionem
1935 3035 1991 3083 seu
2012 3030 2117 3102 postu·

1368 3099 1516 3162 lationem
1545 3118 1676 3164 avenn.
1706 3104 1851 3168 iratribus
1873 3107 2116 3196 Arcbiepiscopis

1368 3200 1399 3254 et
1420 3192 1575 3273 Episcopis
1595 3197 1762 3260 Armeniae
1787 3201 1916 3264 minoris
1938 3215 1969 3268 et
1989 3208 2116 3274 Ciliciae

1368 3287 1508 3348 unanimi
1529 3304 1681 3352 consensu
1703 3290 1812 3354 iactam
1827 3295 1865 3357 33
1879 3301 2009 3374 personi
2032 3318 2116 3380 prae·

1367 3379 1440 3442 dicti
1463 3380 1566 3442 Basilii
1590 3382 1671 3444 Petri
1693 3384 1932 3467 Arcbiepiscopi,
1948 3409 2043 3470 quem
2065 3398 2115 3459 ab·

1366 3473 1517 3536 solvimus
1538 3492 1553 3536 a
1575 3475 1710 3552 vincula,
1734 3495 1795 3557 quo
1812 3486 1946 3559 tenetur,
1964 3485 2116 3555 Ecclesiae

1368 3569 1550 3642 Amasenae,
1581 3585 1614 3631 ac
1637 3570 1851 3636 transierimus
1872 3577 1906 3638 ad
1929 3579 2116 3646 Patriarcba·

1369 3660 1430 3722 lem
1441 3660 1607 3723 Ecclesiam
1624 3663 1800 3742 praelatam,
1812 3670 2027 3745 praeficientes
2041 3692 2115 3740 eum

1369 3754 1400 3815 in
1422 3753 1626 3816 Patriarcham
1649 3766 1680 3818 et
1694 3767 1848 3834 pastorem
1862 3763 2002 3828 eiusdem
2017 3770 2116 3832 tratio-

1369 3847 1427 3922 nis,
1450 3855 1541 3925 prout
1563 3848 1596 3909 iu
1618 3849 1740 3912 decreto
1755 3862 1785 3913 et
1800 3855 1946 3919 schedula
1967 3863 2115 3925 consisto-

1370 3939 1494 4002 rialibus
1516 3941 1721 4020 exprimetur.
1746 3944 1780 4006 ln
1803 3949 1926 4013 nomine
1941 3953 2039 4017 Patris
2054 3964 2112 4020 etc.

1666 4607 1820 4671 xxxvii.

1370 4796 1569 4876 Respondeas
1591 4796 1740 4860 Prueauli
1767 4799 1946 4865 Trevireosi
1960 4811 1991 4866 33
2006 4810 2115 4886 Augu·

2147 530 2208 582 an.
2222 529 2254 582 c.
2277 530 2338 584 rrer
2355 599 2356 604 Ν

1408 4897 1501 4953 33333
1522 4891 1655 4970 petenti,
1680 4893 1809 4956 iutuitu
1831 4895 1934 4976 loquor
1954 4897 2114 4973 civilium,
2152 4883 2158 4892 ’

1409 4983 1602 5065 fucultatem
1621 4987 1826 5065 dispensandi
1841 5007 1860 5051 3
1876 4989 2043 5067 quibusvis
2060 4992 2117 5053 iru-

1409 5078 1597 5154 pcdimcutis
1629 5081 1928 5145 matrimonialibus
1950 5085 2036 5147 iuris
2058 5086 2116 5148 ltu·

1409 5174 1510 5243 oraui,
1543 5172 1631 5235 dccci
1654 5176 1688 5235 io
1719 5175 1846 5253 primis,
1878 5177 1919 5239 od
1941 5177 2116 5243 Ecclesiam

1411 5266 1462 5327 itta
1475 5267 1638 5343 pertinere
1656 5269 1874 5332 corratitucndi
1892 5269 2116 5348 impedimenta

1410 5358 1612 5428 dirimentis,
1629 5365 1660 5420 33
1676 5361 1844 5439 Episcopus
1864 5364 1898 5424 ic
1921 5364 1962 5425 iis
1983 5366 2116 5444 proprii

1409 5452 1610 5514 auctoritate
1624 5453 1807 5531 dispensare
1820 5475 1883 5520 333
1893 5474 1991 5537 posse,
2005 5459 2116 5524 deinde

1410 5545 1569 5610 rationem
1585 5545 1678 5626 uffart
1697 5566 1757 5612 cur
1771 5553 1906 5629 petitum
1922 5553 2116 5634 facultatem

1411 5641 1472 5720 ipsi
1502 5643 1666 5704 concedere
1695 5649 1910 5722 3333333333
1939 5665 2003 5710 333
2031 5647 2116 5710 iudi·
2207 5653 2209 5656 ’

1410 5743 1457 5799 333
1478 5733 1533 5818 (l).
