4750 6980
44 469 46 508 l

85 579 158 636 M·
177 567 233 626 tttl
915 567 987 622 tuos
1008 569 1056 622 er.
1081 571 1123 626 tr.
1686 610 1687 613 ¹
1717 563 1774 644 tos
1825 581 1878 632 An.
1892 583 1922 634 0·
1945 581 2014 634 1794

44 718 46 772 r
291 701 308 774 g
327 699 383 759 21,
1050 698 1171 776 aliquod
1192 703 1323 780 speciale
1346 705 1566 788 ministerium,
1591 714 1688 792 qualis
1709 731 1795 794 prae

44 793 45 796 ’
554 792 686 860 xtvttt.
1028 797 1161 874 ‚scripta
1183 806 1228 861 est
1250 800 1281 862 in
1305 802 1443 867 Concilio
1468 806 1701 870 calcedonensi:
1725 813 1796 874 sub-

44 931 45 944 ,
1026 891 1160 969 iunges
1190 893 1222 973 (ἓ
1243 893 1286 974 6),
1319 900 1465 976 quamdiu
1494 900 1627 963 Ecclesia
1657 921 1723 966 sese
1748 906 1795 969 bis

44 945 46 1072 Ι
291 978 363 1042 ltem
386 995 465 1057 quae
487 979 679 1057 pronuntiat,
702 979 853 1040 inutilem
883 993 920 1038 oa
941 993 994 1037 aa·
1050 985 1208 1064 principiis
1225 989 1255 1050 in
1271 991 1390 1054 delecta
1406 1009 1564 1056 sacrorum
1579 997 1795 1060 ministrorum

44 1083 45 1094 ¹
256 1088 324 1136 nom
343 1088 408 1133 esse
423 1072 595 1151 formulam
617 1072 783 1134 nonnullis
799 1070 993 1133 alabincsae·
1050 1078 1270 1157 conformavit,
1303 1084 1540 1149 ecclesiasticum
1572 1091 1713 1153 ordinem
1743 1094 1795 1154 tlo-

257 1165 332 1227 anlis
353 1165 521 1228 inductam
540 1165 719 1228 absolvendi
741 1164 934 1246 peneraliter
955 1161 994 1225 ab
1052 1172 1162 1248 ruisse,
1186 1190 1296 1238 verum
1319 1178 1422 1241 beatos
1450 1181 1519 1242 illos
1541 1184 1605 1245 dies
1626 1185 1794 1262 transiisse,

257 1256 650 1328 eccmnnvaniaolioaibns,
674 1260 710 1320 in
731 1275 808 1337 paras
829 1257 930 1336 fidelis
946 1257 996 1316 in-
1052 1281 1194 1344 novaque
1214 1270 1362 1349 principia
1376 1273 1507 1336 subinde
1529 1277 1714 1354 introducta,
1729 1280 1797 1358 qni-

258 1351 352 1412 ridere
373 1353 551 1429 potuisset,-
1052 1358 1109 1420 bos
1130 1369 1274 1440 corrupta
1290 1362 1349 1426 luit
1370 1366 1528 1444 disciplina
1550 1369 1582 1431 in
1603 1372 1723 1434 delectu
1740 1375 1798 1435 mi·

1032 1448 1223 1516 ¹nistrornm
1247 1459 1424 1520 sanctuarii.

314 1538 420 1608 Falso,
444 1541 628 1609 temerario,
651 1541 751 1618 pram
777 1539 936 1602 Ecclesiae

44 1679 46 1712 ,
536 1634 709 1694 iniurioso.

44 1731 46 1740 ¹
1091 1739 1110 1813 ἓ
1131 1740 1163 1798 7.

44 1439 46 1526 Ι

1370 1616 1477 1628 -ι--,

1390 1839 1465 1904 Llll.

44 1873 79 1986 f,
294 1919 388 1994 §24-

570 2009 674 2074 xttx.
1093 2021 1170 2083 ltem
1192 2023 1272 2101 quod
1295 2025 1379 2089 inter
1405 2030 1479 2094 baec
1501 2034 1562 2112 ipsa
1588 2040 1798 2118 corruptionis

1053 2114 1201 2192 principia
1217 2116 1324 2193 retest,
1340 2125 1421 2200 quod
1437 2142 1592 2191 recessum
1607 2131 1646 2192 sit
1660 2149 1676 2193 a
1691 2141 1797 2198 vetere
1881 2159 1884 2172 ¹

294 2200 369 2260 ltem
391 2213 470 2276 quae
491 2197 617 2258 damnat
632 2205 667 2258 nt
682 2197 782 2260 nullas
796 2205 827 2259 ot
849 2195 997 2259 invalidas
1054 2206 1208 2282 instituto,
1230 2226 1303 2288 quo,
1333 2221 1367 2274 ut
1388 2216 1430 2277 ait
1452 2218 1483 2298 (5
1505 2220 1547 2300 3),
1571 2223 1703 2288 Ecclesia
1725 2227 1798 2290 insi·

259 2291 471 2368 suspensiones
493 2305 532 2350 esa
555 2289 736 2368 informato
757 2291 964 2359 conscientie,
1053 2307 1138 2362 stens
1159 2303 1288 2380 apostoli
1309 2309 1458 2387 vestigiis,
1475 2314 1635 2378 neminem
1651 2318 1686 2379 ad
1700 2339 1798 2384 sacer-

1053 2392 1174 2456 dotium
1201 2395 1430 2464 admittendum
1461 2413 1626 2485 statuerat,
1657 2413 1714 2474 nisi
1744 2417 1797 2493 qui

297 2477 400 2548 Falsa,
413 2477 607 2555 perniciosa,
624 2477 659 2536 in
680 2474 766 2537 Trid.
780 2477 954 2539 iniuriosa.
1053 2499 1262 2552 conservasset
1284 2492 1492 2560 innocentiam
1515 2499 1736 2580 baptismalem.

573 2633 678 2642 „-
1029 2657 1030 2660 ¹
1092 2581 1247 2655 Quatenus
1269 2583 1373 2648 innuit
1394 2599 1569 2670 corruptam
1597 2594 1690 2661 luisse
1710 2600 1800 2664 disci-

1053 2672 1168 2749 plinam
1191 2691 1247 2753 per
1267 2676 1387 2741 decreta
1410 2690 1441 2744 ot
1462 2683 1615 2764 instituta,

297 2759 373 2823 lbid.
507 2765 516 2788 ⁸
1095 2767 1121 2828 Ι.
1145 2766 1217 2832 Sive
1237 2772 1350 2849 quibus
1371 2775 1581 2844 ordinationes
1610 2799 1663 2862 per
1684 2787 1796 2850 saltum

611 2854 645 2915 L.
1054 2861 1168 2924 vetitae
1188 2872 1279 2942 sunt:

1092 2956 1121 3017 2·
1147 2957 1218 3020 Sive
1239 2959 1351 3036 qulbus
1372 2979 1428 3042 pro
1449 2967 1646 3034 ecclesiarum
1668 2977 1799 3038 necessi-

296 3042 370 3104 ltem
392 3041 425 3103 in
447 3057 483 3102 eo
505 3041 585 3118 quod
612 3038 749 3102 insinuat
773 3039 829 3101 soli
850 3040 998 3120 Episcopo
1054 3053 1116 3111 tate
1137 3059 1168 3112 et
1188 3053 1406 3117 commoditate
1421 3060 1564 3136 probatae
1585 3073 1658 3127 sunt
1679 3069 1799 3132 ordina-

258 3135 298 3197 las
319 3152 380 3197 non
403 3149 469 3197 esse
491 3133 537 3196 uti
559 3139 719 3214 potestate,
736 3149 829 3211 quam
851 3141 955 3197 tamen
970 3136 999 3196 ei
1055 3143 1153 3206 tiones
1167 3145 1236 3207 sine
1251 3147 1342 3210 titulo
1355 3152 1493 3227 specialis
1513 3157 1618 3232 olllcii,
1634 3159 1720 3224 velut
1733 3179 1800 3242 spe·

258 3227 354 3292 delent
375 3228 594 3291 'iridentinum
615 3225 702 3307 (sess.
721 3226 770 3303 tt,
785 3245 811 3290 c.
831 3228 846 3289 l
869 3230 906 3292 de
927 3227 1000 3309 rei.)
1055 3236 1157 3299 ciatim
1180 3255 1195 3299 a
1221 3240 1405 3305 Tridentino
1431 3246 1582 3311 ordinatio
1610 3254 1646 3315 ad
1673 3255 1802 3319 titulum

257 3321 465 3400 suspensionis
486 3337 524 3383 cac
545 3320 724 3400 informato
747 3321 943 3385 conscientia
958 3322 1000 3384 le·
1054 3331 1247 3408 patrimonii:
1272 3333 1354 3397 salva
1375 3338 1635 3424 obedientiaque
1656 3347 1699 3410 sic
1719 3348 1799 3412 ordi·

260 3415 368 3492 gitime
389 3414 587 3492 infligendae,
1056 3423 1120 3485 nati
1152 3425 1349 3490 ecclesiarum
1382 3433 1614 3499 necessitatibus
1644 3440 1801 3506 deservire

1056 3517 1169 3582 debent
1184 3520 1220 3582 iis
1235 3521 1386 3586 obeundis
1401 3525 1517 3602 officiis,
1536 3530 1648 3609 quibus
1664 3547 1719 3611 pro
1734 3533 1799 3599 loco

296 3600 537 3667 iurisdictionis
558 3599 779 3677 praelatarum
802 3600 961 3665 Ecclesiae
1056 3629 1089 3673 ac
1110 3621 1250 3692 tempore
1276 3614 1313 3677 ab
1338 3615 1486 3698 Episcopo
1518 3621 1633 3687 admoti
1661 3627 1798 3707 luerint,

562 3694 691 3758 loesioa.
1055 3706 1317 3785 quemadmodum
1327 3711 1365 3772 ab
1375 3713 1547 3790 apostolicis
1563 3721 1752 3799 temporibus
1768 3724 1800 3786 in

574 3849 680 3860 ,m
1056 3799 1213 3877 primitiva
1235 3801 1368 3865 Ecclesia
1390 3805 1457 3868 ficri
1480 3813 1658 3890 consuevit:

1095 3893 1124 3956 3.
1150 3893 1220 3956 Sive
1246 3895 1358 3973 quibus
1384 3899 1453 3963 iure
1480 3907 1626 3998 canonico
1652 3909 1728 3972 lacta
1754 3919 1801 3974 ost

536 3995 576 4040 on
598 3997 724 4044 onovnn.
1056 3987 1226 4051 criminum
1239 3989 1407 4069 distinctio,
1419 4011 1496 4074 quae
1508 3997 1725 4079 delinquentes
1735 4005 1802 4069 red·

429 4129 434 4140 ,
1057 4081 1136 4142 dunt
1151 4081 1351 4160 irregulares:
1370 4089 1455 4166 quasi
1469 4105 1525 4168 per
1540 4093 1619 4156 banc
1633 4094 1801 4160 distinctio·

300 4127 342 4191 De
362 4129 474 4192 ‘'rdme
494 4131 513 4204 5
534 4130 567 4192 4·
1058 4189 1131 4234 nem
1144 4174 1278 4237 Ecclesia
1292 4180 1455 4243 recesserit
1468 4199 1483 4242 a
1498 4185 1609 4262 spiritu
1624 4191 1799 4270 apostolico,

608 4265 654 4327 ιι,
1058 4283 1122 4330 non
1145 4268 1335 4332 excludendo
1357 4275 1545 4348 generaliter
1573 4288 1603 4343 et
1623 4281 1802 4348 indistincte

920 4413 922 4418 ,
1057 4362 1094 4424 ab
1108 4362 1310 4426 ecclesiastico
1326 4367 1500 4432 ministerio
1517 4387 1626 4436 amnes
1639 4391 1802 4454 quoscum·

96 4451 243 4512 limorum·
299 4453 379 4530 542.
403 4452 552 4516 Doctrina
562 4450 683 4529 synodi,
700 4469 778 4530 quae
799 4456 952 4532 perbibet,
969 4457 1001 4520 in
1058 4471 1130 4534 que,
1143 4457 1195 4534 qui
1212 4456 1422 4536 baptismalem
1435 4462 1642 4529 innocentiam
1654 4485 1717 4534 non
1730 4488 1801 4535 con-

89 4504 129 4549 Μ’
263 4545 477 4627 promovendis
498 4544 533 4606 ad
556 4545 680 4608 ordines
700 4546 778 4609 bano
799 4553 838 4611 de
859 4565 946 4612 more
973 4560 1003 4612 et
1058 4557 1243 4611 servassent:

264 4639 403 4703 instituta
423 4636 540 4700 veteris
563 4639 741 4717 disciplinae
766 4642 920 4705 rationem
940 4661 1003 4708 ser-

262 4734 323 4795 vari
345 4731 602 4807 consuevissent
617 4732 719 4811 siquis
735 4734 925 4798 elericorum
940 4737 1002 4800 dis·
1059 4737 1217 4800 Doctrina
1237 4740 1377 4819 sinpnlis
1392 4744 1461 4806 sais
1475 4745 1625 4823 partibas
1646 4749 1742 4828 salsa,
1760 4757 1802 4814 te·

264 4824 473 4906 tinpuebatnr
499 4825 675 4888 sanctitate
703 4828 800 4897 oilae,
823 4835 852 4891 et
885 4829 1002 4910 dipnns
1099 4833 1252 4903 meroria,
1271 4833 1395 4896 ordinis
1409 4851 1466 4913 pra
1481 4838 1686 4903 ecclesiarum
1702 4859 1803 4906 neees-

263 4916 506 4990 aestimabatnr,
518 4918 573 4995 qai
585 4919 625 4982 od
638 4919 765 4982 ordines
777 4939 884 4986 sacros
896 4941 1005 4986 ascea—
1098 4923 1197 4986 silete
1225 4932 1253 4986 et
1277 4925 1497 4991 commoditate
1519 4930 1646 4994 inducti
1673 4941 1802 5012 pertur-

264 5012 357 5083 deret,
382 5011 436 5073 ille
456 5010 573 5074 solitus
588 5019 658 5075 emt
679 5017 857 5090 promoveri
878 5016 920 5080 ad
934 5017 1004 5081 diu·
1100 5015 1218 5090 balian,
1243 5019 1505 5100 indisciplinam
1525 5041 1581 5102 per
1603 5043 1748 5099 canones,
1772 5037 1801 5093 ot

263 5111 408 5168 canolam
422 5105 470 5166 ael
483 5106 711 5177 sacerdotium,
728 5109 856 5170 etiamsi
872 5111 1004 5190 inferio·
1099 5113 1266 5189 speciatim
1287 5127 1344 5191 per
1365 5116 1450 5177 Trid.
1475 5117 1601 5183 decreta
1620 5121 1800 5198 probatam,

264 5215 309 5260 res
330 5198 456 5261 ordines
485 5215 547 5260 non
574 5201 783 5278 suscepisset:
811 5217 907 5282 nepne
933 5213 1003 5266 tum
1065 5247 1067 5252 ,
1099 5207 1273 5269 iniuriosa.

44 5365 46 5368 Ι
265 5291 337 5354 talis
359 5293 523 5355 ordinatio
545 5292 713 5357 dicebatur
732 5297 943 5374 persalsum,
965 5305 1004 5361 ol

44 5369 46 5486 Ι
263 5393 367 5464 postea
389 5385 512 5450 dictum
532 5391 602 5459 est,-

579 5515 684 5526 —-—
1064 5489 1196 5563 s52E

299 5617 317 5691 ἓ
339 5619 372 5678 5·
1392 5587 1469 5651 Ltv.

597 5707 659 5773 ιη’
1102 5771 1176 5834 ltem
1199 5788 1277 5850 qnae
1304 5773 1391 5836 velut
1420 5783 1542 5853 turpem
1567 5778 1696 5842 abusum
1719 5789 1804 5846 notat

302 5856 378 5918 ltem
400 5872 479 5935 quae
495 5857 599 5922 innuit
614 5874 678 5920 non
693 5859 788 5921 alium
812 5861 940 5923 titulum
956 5879 1005 5924 or·
1060 5880 1208 5944 umquam
1227 5869 1429 5944 praetendere
1445 5868 1673 5950 eleemosynam
1688 5892 1744 5954 pro
1757 5894 1805 5939 ce·

266 5947 458 6013 dinationum
480 5950 585 6027 luisse,
606 5967 699 6030 quam
721 5953 954 6031 deputationem
968 5957 1003 6020 ad
1061 5957 1215 6021 lebrandis
1243 5958 1360 6034 missis,
1390 5966 1421 6022 et
1444 5966 1643 6028 sacramentis
1674 5967 1804 6032 admini-

1378 5365 1483 5378 *aa*
