4722 6976
355 565 410 624 11.
424 571 454 624 0.
477 571 545 622 1816

595 571 654 632 hit

1100 587 1165 634 lttn.
1189 587 1280 632 PONT.
1304 587 1345 631 DE
1366 586 1396 632 P·
1418 585 1447 632 F.
1472 586 1553 632 PARS
1576 586 1597 630 1.

344 715 557 774 11111111-
575 703 752 766 Postremus
780 703 1025 784 Hierapolitanos
1049 705 1320 782 Archiepiscopus,
1375 703 1507 781 strisque
1527 703 1633 767 officiis
1647 705 1779 781 incitati,
1797 705 1944 768 libentius
1958 705 2123 768 efficacius-

344 772 416 816 ctum
428 771 558 818 interdici·

343 824 393 869 tur.

343 2749 555 2848 1111111111

343 2853 473 2954 Sinaafrrcfflls
483 2855 555 2902 sedis

575 795 748 858 Germanus
769 796 946 875 11111111
968 797 1167 860 villicationis
1188 811 1320 858 111111-

574 887 693 950 tionem
716 889 838 952 Christo
860 890 990 953 Domino
1005 890 1065 952 iam
1080 889 1225 962 reddidit,
1242 893 1323 950 cate·

574 981 727 1044 chismum
747 983 879 1061 scripsit,
902 983 1040 1062 aliosque
1060 983 1154 1045 libros
1170 981 1322 1058 vulgavit,

574 1075 713 1155 quinon
736 1091 799 1137 uno
821 1077 918 1154 capite
948 1083 1054 1138 contra
1084 1089 1190 1137 sanam
1212 1074 1322 1136 doctri-

575 1183 648 1228 nam
669 1183 793 1246 peccare
814 1169 871 1230 visi
892 1176 976 1231 suut.
997 1168 1202 1244 Quamobrem
1219 1175 1322 1230 nostra

574 1259 612 1322 de
633 1261 829 1338 Propagauda
851 1261 924 1324 11111
952 1247 1159 1338 Congregatio
1181 1261 1270 1322 nobis
1291 1277 1321 1322 e·

574 1352 648 1414 nixa
668 1354 861 1431 supplicavit,
878 1363 912 1417 ut
933 1355 1112 1416 catechismi
1126 1353 1322 1431 aliorumque

574 1445 719 1508 Germani
742 1447 837 1509 Adam
859 1463 990 1526 operum
1011 1447 1177 1510 lectionem
1197 1447 1256 1508 sub
1270 1462 1321 1507 ex·

573 1539 866 1602 communicationis
886 1556 984 1619 poena
1003 1540 1145 1604 fidelibus
1160 1539 1322 1602 interdice-

573 1649 690 1708 remus,
713 1635 811 1696 donec
837 1633 1035 1696 definitivum
1061 1634 1099 1696 de
1120 1636 1229 1696 iisdem
1251 1649 1321 1712 ope·

1376 811 1436 874 que
1464 797 1573 858 vineae
1605 797 1728 858 Domini
1760 797 1945 866 excolendae
1965 799 2124 860 vobiscum

1376 887 1610 964 adlaborabunt,
1623 897 1658 952 11
1674 889 1817 952 lectiores
1834 890 2058 968 uberioresque
2073 891 2123 952 bo-

1377 995 1490 1042 norum
1512 996 1642 1058 operum
1661 981 1780 1044 tructus
1795 981 1905 1044 1111111
1919 983 2048 1060 possint.
2066 983 2124 1046 llac

1376 1071 1467 1134 etiarn
1483 1074 1604 1135 ratione
1620 1074 1870 1136 benevolentiam
1882 1075 1971 1136 vobis
1986 1084 2123 1138 nostram

1377 1165 1474 1241 magis
1502 1167 1662 1244 magisque
1690 1167 1900 1244 obstringetis,
1932 1168 2124 1230 venerabiles

1376 1256 1498 1332 iratres,
1520 1259 1631 1336 quibus
1659 1259 1854 1340 apostolicam
1877 1261 2123 1324 benedictionem

1376 1365 1414 1410 eu
1438 1350 1548 1412 intimo
1569 1351 1668 1412 cordis
1689 1351 1915 1432 depromptam,
1938 1353 2033 1415 etiam
2055 1368 2123 1428 gre·

1376 1443 1465 1520 gibos
1488 1445 1597 1505 vestris
1618 1445 1907 1507 communicandam
1927 1451 2123 1522 peramanter

1376 1536 1584 1615 impertimur.

1417 1630 1527 1691 Datum
1556 1629 1688 1706 Romae,
1720 1632 1800 1709 apud
1828 1631 1859 1693 S.
1883 1632 2122 1694 1111111111-

565 1725 658 1804 ribus
680 1726 828 1787 iudicium
844 1743 859 1785 a
875 1726 953 1790 Sede
968 1727 1139 1806 Apostolica
1155 1726 1252 1788 latum
1268 1727 1318 1788 sit.
1347 1726 1350 1840 1
1377 1738 1455 1797 rem,
1481 1723 1539 1784 sub
1559 1723 1675 1785 annulo
1700 1724 1872 1799 Piscatoris,
1899 1726 1948 1787 die
1972 1742 2020 1787 ιιι.
2046 1726 2123 1788 iunii

575 1817 758 1880 Huiusmodi
789 1819 907 1895 rogatio
938 1819 1118 1896 dignissima
1146 1819 1234 1882 nobis
1257 1821 1322 1882 visa
1378 1833 1568 1892 andecave,
1589 1817 1783 1894 pontificatus
1805 1819 1903 1879 nostri
1925 1834 2008 1881 anno
2025 1835 2102 1880 uvrr.

574 1916 631 1986 est,
654 1911 703 1971 cui
730 1926 850 1972 morem
882 1927 1072 1988 gereremus.
1097 1913 1196 1974 Nemo
1225 1914 1321 1990 igitur

574 2003 801 2084 Archiepiscopi
823 2004 919 2067 Adam
948 2021 1040 2084 opera
1068 2005 1171 2082 legere
1198 2007 1323 2084 posthac

574 2099 698 2158 audeat:
722 2097 837 2175 siquis
858 2114 945 2160 secus
966 2098 1086 2176 iecerit,
1102 2117 1135 2160 se
1156 2115 1255 2177 poena
1271 2115 1322 2161 er·

573 2189 863 2254 communicationis
874 2191 1023 2253 multatus
1034 2193 1117 2254 sciat.
1131 2193 1322 2255 Catechismo

574 2283 612 2344 de
624 2298 686 2361 quo
701 2283 814 2358 agitur,
828 2299 899 2346 ven.
913 2285 996 2346 servi
1009 2285 1062 2346 liei
1075 2285 1244 2348 cardinalis
1256 2285 1322 2346 Bel-

574 2372 698 2437 larmini
709 2377 913 2438 catechismus
927 2393 989 2456 quo
1001 2378 1226 2456 Hierapolitana
1240 2377 1321 2439 dioe-

573 2464 649 2529 cesis
664 2469 710 2529 uti
724 2477 812 2532 antea
827 2469 954 2545 solebat,
967 2471 1148 2547 sufficiatur,
1161 2471 1197 2534 ad
1213 2470 1322 2549 ipsius·

574 2573 635 2637 que
655 2574 797 2622 normam
815 2561 919 2624 tideles
934 2562 966 2622 in
982 2562 1150 2625 orthodoxa
1167 2562 1227 2624 fide
1242 2569 1323 2640 post·

573 2652 629 2714 hac
649 2653 845 2716 erudiantur.

614 2747 633 2818 5
655 2745 683 2808 7.
707 2747 785 2810 llaec
806 2765 821 2808 a
845 2749 932 2811 nobis
963 2749 1126 2829 praecipue
1154 2751 1271 2826 agenda
1293 2767 1324 2812 e-
1350 2734 1352 2751 '

573 2847 656 2914 rant,
679 2847 715 2901 ut
736 2840 983 2920 hierapolitanae
1006 2843 1158 2905 Ecclesiae
1174 2843 1324 2921 tranquil·

573 2931 651 2994 litati
684 2941 715 2995 et
744 2933 901 2996 securitati
932 2934 1176 2997 consuleremus.
1211 2936 1324 3013 Super·

574 3031 632 3101 est,
655 3026 846 3088 venerabiles
867 3026 987 3099 iratres,
1004 3035 1038 3088 ut
1056 3035 1203 3090 consueto
1219 3037 1323 3091 vestro

574 3119 607 3180 in
629 3133 685 3181 nos
707 3124 738 3180 et
759 3118 871 3182 Sedem
888 3119 1095 3198 Apostolicam
1110 3120 1257 3200 obsequio
1272 3122 1323 3184 de·

573 3210 666 3273 cretis
687 3211 801 3272 nostris
824 3219 977 3288 parentes,
995 3213 1108 3289 quibus
1129 3221 1160 3275 et
1182 3220 1321 3276 ortanum

1626 2017 1877 2030 oe———an—

1712 2196 1788 2259 cxl.
1809 2259 1812 2266 .

1381 2384 1500 2446 Contra
1516 2379 1700 2444 Societatem
1717 2382 1865 2444 biblicam
1880 2381 1994 2446 scribit
2010 2387 2051 2448 od
2067 2390 2125 2451 Ar·

1419 2475 1652 2553 chicpiscopcm
1676 2475 1843 2544 Gnesncn„
1861 2491 1918 2553 per
1932 2494 2064 2558 crineque
2085 2481 2125 2544 od

1419 2566 1570 2630 Polooicc
1593 2567 1761 2643 Episcopos
1780 2565 1837 2646 (l).

1624 2748 1712 2816 etus
1733 2750 1793 2817 ΡΡ.
1818 2751 1877 2818 llll.

1591 2936 1910 3020 lmmmmc

1412 3033 1540 3102 salutem
1562 3038 1594 3100 et
1615 3033 1815 3116 apostolicam
1838 3036 2090 3128 benedictionem.

1417 3223 1584 3286 Postremis
1606 3223 1717 3285 litteris
1738 3225 1850 3287 nostris
1871 3225 2001 3304 polliciti
2018 3245 2125 3294 sumus

573 3303 731 3366 intervos
753 3302 976 3368 discordiarum
1005 3307 1106 3383 potior
1127 3322 1216 3370 causa
1237 3324 1322 3387 prae·
1378 3317 1432 3379 tibi
1456 3331 1638 3394 responsum
1657 3315 1783 3379 daturos
1804 3319 2035 3398 quamprimum
2052 3323 2123 3400 tuis,
2162 3371 2171 3388 .

574 3397 703 3472 cidatur,
720 3403 761 3472 et,
778 3397 802 3458 si
825 3413 904 3476 quae
924 3413 1025 3476 sparsa
1046 3408 1131 3476 sunt,
1154 3401 1228 3462 istos
1251 3399 1322 3462 nde·
1377 3412 1408 3472 in
1425 3411 1537 3489 quibus
1553 3411 1587 3472 acl
1607 3409 1685 3472 hanc
1701 3409 1731 3474 S.
1750 3408 1873 3485 Sedem,
1888 3415 2017 3476 nomine
2031 3415 2124 3479 etiam

528 3501 530 3508 ’
573 3490 618 3552 les
640 3505 781 3553 errorum
795 3489 915 3552 semina
929 3491 1131 3556 suffocentur.
1153 3493 1322 3556 Hortamur
1376 3513 1550 3568 ceremiam
1583 3502 1725 3566 Potoniaa
1755 3505 1990 3583 Episcoporum,
2020 3507 2056 3570 de
2077 3525 2123 3571 sc.

362 5077 556 5124 commendatio

343 5130 429 5176 lavoro
443 5130 556 5176 sacerdo

343 5187 400 5231 tum
417 5183 556 5230 missorum

343 5247 358 5282 1
368 5237 556 5300 8111111111-

343 5295 446 5346 patrone
457 5290 489 5335 de
499 5293 556 5337 Pro·

344 5343 463 5400 pacanda
474 5343 541 5390 Fido.

574 3583 667 3645 etiarn
686 3599 810 3662 vesper
824 3584 940 3646 viscera
956 3585 1183 3650 misericordiae
1197 3587 1250 3648 nei
1267 3602 1321 3648 no·
1376 3591 1546 3671 cietalibus,
1563 3613 1637 3674 quas
1652 3607 1774 3672 vocant,
1792 3598 1914 3660 nihileis
1929 3601 2073 3676 retulisti,
2093 3611 2124 3664 et

572 3677 642 3751 stri,
659 3684 705 3750 ut,
718 3676 886 3738 levioribus
901 3677 994 3738 etiam
1010 3679 1247 3756 praeteritarum
1263 3679 1323 3740 dis·
1376 3691 1450 3768 qnid
1471 3689 1526 3756 hac
1549 3689 1580 3749 in
1603 3705 1637 3750 re
1652 3705 1743 3766 agere
1758 3691 1911 3753 deberetis
1926 3709 1942 3752 1
1957 3693 2046 3756 nobis
2060 3704 2124 3758 stu·

573 3769 753 3831 sensionum
775 3769 913 3846 vestigiis
929 3770 1057 3832 0111111110
1073 3769 1238 3848 (1111111111111
1254 3786 1322 3833 mu·
1348 3819 1350 3887 i
1376 3783 1460 3845 diosc
1480 3782 1650 3859 postulasti.
1674 3781 1735 3844 Nos
1750 3784 1876 3860 quidem
1892 3785 1992 3848 multo
2006 3794 2080 3850 ante
2095 3788 2124 3850 id
2192 3802 2195 3810 ’

574 3871 636 3936 111,
646 3877 739 3940 quam
753 3862 929 3939 redemptor
944 3872 1050 3924 noster
1066 3871 1226 3942 tantopere
1240 3880 1322 3926 corn-

573 3955 744 4028 mendavit,
774 3954 920 4015 charitate
953 3955 1077 4030 vivatis,
1100 3956 1167 4018 sine
1195 3974 1265 4036 qua,
1289 3965 1323 4020 ut

573 4047 709 4126 Apostoli
732 4047 835 4108 verbis
857 4055 995 4126 1111111,
1018 4049 1097 4110 nihil
1125 4050 1211 4111 vobis
1233 4051 1322 4128 prod·

573 4141 644 4214 erit,
667 4156 708 4203 ne
730 4140 803 4202 fides
836 4143 963 4220 quidem
994 4143 1068 4221 ipsa,
1091 4143 1178 4205 cuius
1200 4159 1323 4222 quoque

573 4235 760 4296 amittendae
775 4234 949 4311 periculum
965 4236 1059 4311 subit,
1073 4236 1125 4313 qui
1142 4237 1322 4298 charitatem

1376 3874 1475 3937 lacere
1505 3875 1721 3950 voluissemus,
1744 3879 1796 3938 sed
1829 3877 2016 3940 incredibilis
2037 3897 2124 3942 cura-

1376 3983 1447 4030 rum
1470 3965 1608 4046 undique
1622 3969 1883 4032 succrescentium
1900 3970 2068 4034 multitudo
2083 3971 2125 4034 11-

1376 4059 1460 4135 lecit,
1482 4069 1517 4123 ut
1540 4077 1636 4139 usque
1658 4061 1692 4122 ad
1709 4063 1787 4124 hanc
1802 4063 1884 4124 diem
1899 4063 2041 4140 petitioni
2057 4073 2126 4129 tuae

1376 4154 1550 4216 satisfacere
1571 4169 1635 4215 non
1657 4155 1861 4230 potuerimus.

1416 4241 1601 4309 Horr'uimus
1622 4263 1696 4308 sane
1716 4246 1922 4310 veterrimum
1945 4251 2124 4328 inventum,

573 4328 697 4389 amittit.
721 4327 908 4389 Tristissima
930 4329 1015 4390 enim
1031 4328 1221 4408 experientia
1235 4329 1322 4391 doce·
1348 4320 1350 4388 l
1375 4355 1436 4417 quo
1458 4338 1508 4400 vel
1530 4338 1592 4415 ipsa
1621 4339 1782 4416 religionis
1813 4341 2015 4406 fundamenta
2045 4344 2125 4407 labe·

575 4420 871 4494 mur,obtenebratis
880 4429 1018 4484 aestuosa
1027 4423 1227 4484 contentione
1237 4437 1322 4484 men·

575 4511 667 4585 tibus,
691 4511 792 4588 ipsum
813 4528 939 4590 quoque
960 4513 1099 4574 veritatis
1128 4513 1235 4576 lumen
1259 4513 1323 4576 lan-

574 4619 730 4682 guescere,
747 4621 780 4667 ac
795 4605 921 4667 demum
944 4606 1098 4682 extingui.
1118 4606 1246 4670 Sincere
1268 4609 1322 4669 ita-

574 4713 635 4776 que
650 4694 803 4775 alacrique
816 4699 921 4759 animo
938 4699 1192 4775 reconciliamini,
1205 4707 1240 4762 ut
1250 4701 1320 4762 scis-

573 4805 659 4851 suras
672 4805 737 4851 esse
753 4790 835 4852 inter
851 4807 915 4867 vos,
928 4807 1007 4869 quae
1019 4797 1181 4868 paternum
1198 4809 1321 4872 quoque

573 4899 626 4945 cor
643 4889 786 4945 nostrum
808 4898 897 4946 saeve
913 4883 1090 4958 dilacerant,
1107 4885 1320 4948 1111111111-

574 4974 654 5052 plius
675 4991 739 5037 non
760 4977 868 5038 simus.

614 5068 633 5142 5
654 5067 682 5130 8.
707 5068 875 5147 Reliquum
897 5077 953 5144 est,
975 5079 1009 5132 ut
1031 5071 1136 5148 pietati
1159 5081 1189 5135 et
1212 5071 1321 5135 libera-

575 5161 653 5224 litati
685 5169 805 5224 vestrae
835 5161 1008 5240 plurimum
1033 5165 1065 5225 in
1088 5166 1218 5228 Domino
1239 5184 1320 5229 com·

575 5257 759 5317 mendemus
781 5255 905 5318 dilectos
928 5255 1006 5317 filios
1020 5258 1191 5321 sacerdotes
1206 5260 1320 5323 Cuttan

575 5356 605 5409 et
620 5349 749 5424 hggiuri
765 5353 886 5409 nostrae
901 5350 939 5411 de
953 5350 1149 5428 Propaganda
1165 5353 1225 5414 lide
1240 5355 1321 5416 Gon-

576 5441 748 5516 gregationi
765 5455 962 5520 summopere
977 5449 1126 5521 acceptos,
1143 5447 1321 5526 optimeque

575 5535 612 5594 de
633 5535 696 5610 ipsa
724 5534 862 5596 meritos.
887 5533 997 5598 Vestro
1022 5537 1108 5598 enim
1129 5537 1246 5614 lavore,
1269 5557 1321 5602 ve-

616 5799 646 5856 11)
662 5802 698 5845 iix
712 5801 779 5846 Bull.
796 5805 867 5848 Pont.
883 5804 914 5849 de
929 5807 955 5850 P.
967 5809 993 5850 11.
1009 5807 1094 5854 collat.
1107 5809 1154 5852 elc.
1170 5811 1221 5854 Has
1236 5809 1276 5855 lit.
1287 5811 1320 5856 ad

574 5867 694 5924 Archiep.
705 5871 831 5914 Gnesuen.
842 5871 986 5918 retulimus
999 5877 1090 5930 utpote
1100 5875 1247 5922 indicantes
1257 5878 1319 5934 quid

575 5936 655 5983 etiarn
669 5935 696 5981 in
711 5935 773 5982 locis
795 5937 951 5984 missionum
974 5939 1009 5986 sit
1030 5942 1170 5998 agendum,
1186 5947 1215 5990 ut
1230 5944 1319 5990 fideles

1375 4433 1539 4508 lactantur,
1574 4432 1781 4510 adhibitisque
1812 4434 1845 4494 in
1873 4436 2039 4499 consilium
2071 4454 2125 4516 pro

1376 4525 1422 4586 rei
1439 4524 1590 4602 pravitate
1605 4525 1833 4587 venerabilibus
1853 4525 1997 4590 iratribus
2012 4533 2125 4594 nostris

1376 4617 1408 4681 S.
1431 4616 1467 4678 11.
1492 4617 1527 4678 Ε.
1552 4616 1782 4693 cardinalibus,
1816 4635 1969 4697 quaenam
2001 4624 2125 4699 pontiti-

1375 4710 1438 4772 ciae
1460 4717 1584 4773 nostrae
1613 4710 1801 4772 atrctoritatis
1833 4713 1966 4775 remedia
1998 4714 2036 4776 ad
2058 4732 2124 4777 eam

1375 4811 1507 4881 pestem,
1530 4801 1627 4881 quoad
1658 4803 1724 4864 fieri
1751 4804 1856 4880 possit,
1885 4807 2054 4869 curandam
2075 4809 2126 4872 de-

1375 4894 1561 4972 lendamque
1582 4893 1803 4971 opportuniora
1825 4896 1929 4958 lutura
1945 4897 2019 4972 sint,
2037 4900 2123 4962 omni

1375 4987 1511 5050 adhibito
1532 4987 1634 5049 studio
1655 4993 1685 5048 et
1707 4986 1915 5051 sollicitudine
1942 4991 2124 5055 deliberavi-

1375 5095 1455 5142 mus.
1481 5080 1599 5142 lnterea
1621 5079 1815 5156 gratulamur
1835 5081 1900 5157 tibi,
1923 5099 1996 5147 ven.
2018 5085 2121 5161 irater,

1376 5181 1480 5252 teque,
1504 5181 1538 5234 11
1564 5189 1618 5251 par
1645 5177 1702 5248 est,
1730 5173 1823 5236 etiam
1857 5182 1950 5254 atque
1976 5179 2069 5240 etiam
2091 5177 2122 5240 in

1376 5265 1508 5327 Domino
1529 5267 1794 5342 commendamus,
1817 5268 1898 5346 quod
1922 5271 1953 5332 in
1976 5277 2063 5332 tanto
2078 5271 2121 5332 rei

1375 5357 1559 5420 christianae
1591 5357 1770 5421 discrimine
1800 5361 1991 5438 singularem
2019 5364 2123 5426 zelum

1376 5465 1534 5526 exercens,
1569 5465 1701 5528 eamque
1732 5453 1804 5514 lidei
1836 5452 1948 5529 labem,
1981 5456 2124 5532 gravissi·

1376 5556 1527 5621 mumque
1553 5545 1729 5606 animarum
1761 5545 1936 5623 periculum
1959 5548 2030 5611 Sedi
2052 5549 2123 5610 huic

1376 5811 1543 5858 1111111111
1558 5812 1638 5858 huius
1653 5823 1704 5858 soc.
1720 5815 1899 5860 reserventur.
1914 5813 2056 5861 1111111111
2066 5819 2123 5862 Gre-

1376 5889 1431 5934 gor.
1446 5883 1508 5924 11111.
1525 5883 1600 5924 Inter
1610 5884 1783 5936 praecipuas.
