4722 6976
347 532 445 587 suc.
468 537 538 591 1804
588 540 647 604 ιιι

336 681 465 730 cardinali
489 686 550 734 con·
570 681 687 742 taraus
702 681 759 764 (l),
776 684 905 748 dilectus
920 689 1004 752 clius
1018 688 1187 751 modernus
1200 687 1231 748 ιι
1244 703 1313 764 pro-

337 735 426 782 salvio.

568 773 668 834 vincia
680 775 876 840 Urbinatensi
888 782 1046 858 delegatus
1058 789 1162 844 noster
1174 780 1314 859 apostoli·

523 865 526 874 '
568 881 621 926 cus
634 865 879 934 iurisdictionem
891 873 1108 936 territorialem
1119 871 1312 951 personalem

569 975 661 1036 quam
683 970 755 1024 ante
775 964 949 1028 notissimas
975 966 1172 1046 superiorum
1195 971 1313 1044 tempo-

568 1068 639 1114 rum
652 1055 799 1131 procellas
813 1058 981 1134 collegium
992 1058 1213 1121 Germanicum
1227 1058 1313 1120 Hun-

569 1145 708 1222 garicum
730 1149 767 1211 de
788 1151 877 1227 urbe,
893 1169 926 1214 ac
947 1169 1003 1231 pro
1025 1169 1060 1213 eo
1081 1151 1176 1231 ipsius
1191 1151 1312 1228 collegii

568 1247 735 1318 protector,
768 1249 828 1304 tam
850 1245 881 1305 in
910 1244 1026 1320 lundis,
1053 1260 1147 1322 quam
1173 1243 1313 1322 personis

568 1332 603 1392 ad
622 1333 772 1397 abbatiam
784 1336 913 1400 Sanctae
928 1339 1034 1402 crucis
1049 1339 1155 1402 Fontis
1170 1339 1207 1400 de
1222 1337 1314 1400 Avel·

569 1424 636 1487 lana
665 1426 901 1504 Senogattiensts
930 1438 960 1492 et
987 1432 1168 1507 Eugubinae
1196 1448 1251 1493 seu
1272 1431 1312 1494 al·

568 1518 666 1580 terius
686 1520 831 1583 dioecesis
854 1524 1085 1600 pertinentibus
1099 1525 1137 1587 ab
1151 1525 1314 1585 immemo-

569 1611 657 1674 rabili
674 1620 813 1692 temporc
829 1623 1019 1691 exercuerat,
1037 1617 1243 1680 iamcessasse
1257 1632 1313 1694 pu·

570 1710 662 1780 taret;
696 1722 830 1784 cumque
862 1710 1049 1772 venerabilis
1080 1709 1174 1771 irater
1206 1714 1313 1770 noster

569 1797 711 1875 aloysius
727 1799 893 1878 Episcopus
905 1801 1087 1864 albanensis
1102 1800 1133 1864 S.
1145 1802 1179 1862 tt.
1192 1801 1227 1862 Ε.
1242 1802 1313 1864 car·

569 1890 679 1952 dinalis
701 1891 821 1955 Valenti
834 1895 975 1972 conzaga
993 1903 1189 1974 nuncupatus
1210 1895 1313 1956 zelan-

570 1985 706 2046 tissimus
727 1986 865 2049 eiusdem
880 1987 1001 2065 collegii
1016 1989 1095 2067 apud
1111 2005 1166 2051 nos
1188 1995 1218 2050 et
1239 1985 1312 2050 San·

569 2087 648 2139 ctam
664 2078 775 2140 Sedem
791 2089 945 2158 protector
960 2083 1047 2143 nobis
1061 2082 1224 2146 humiliter
1242 2096 1313 2159 sup-

568 2171 719 2249 plicasset,
732 2181 767 2235 ut
783 2173 882 2252 ipsum
899 2175 1065 2250 collegium
1080 2175 1113 2236 in
1129 2173 1312 2237 iurisdictio-

568 2279 644 2326 num
657 2264 833 2328 huiusmodi
846 2266 1035 2344 possessione
1044 2266 1313 2329 manutenendum

567 2355 633 2418 iore
655 2358 881 2434 mandaremus,
910 2375 978 2435 nos,
1000 2368 1045 2433 ιι,
1069 2377 1127 2440 qua
1149 2377 1203 2439 par
1234 2369 1311 2437 erat,

568 2451 804 2528 procederemus
826 2453 1014 2529 maturitate,
1030 2469 1099 2516 rem
1121 2471 1248 2516 omnem
1269 2455 1313 2517 di·

568 2542 646 2604 lecto
668 2544 731 2604 tilio
754 2553 858 2606 nostro
881 2534 1006 2608 Herculi
1028 2549 1166 2609 eiusdem
1184 2546 1215 2609 S.
1228 2547 1262 2608 li.
1275 2547 1310 2609 E.

567 2637 699 2698 Diacono
722 2637 876 2700 cardinali
898 2637 1040 2701 consalvi
1069 2646 1245 2718 nuncupato
1266 2653 1312 2699 se-

567 2730 698 2791 cretario
727 2737 824 2792 status
852 2731 1092 2807 dignoscendam
1121 2732 1310 2807 remisimus,

568 2832 602 2884 ut
631 2824 695 2901 ipse
723 2839 779 2902 pro
805 2840 862 2886 suo
892 2825 953 2886 acri
982 2825 1109 2901 ingenio
1140 2841 1313 2903 eorumque

568 2933 626 2978 usu
638 2916 827 2991 consuleret,
839 2926 931 2995 prout
942 2918 1054 2980 rationi
1068 2927 1312 2981 consentaneum

567 3019 656 3074 esset.
670 3011 727 3086 Qui
742 3011 889 3074 Hercules
900 3010 1070 3074 cardinalis
1083 3019 1214 3089 utraque
1227 3019 1313 3090 parte

567 3106 601 3167 in
621 3105 743 3183 scriptis
763 3105 874 3180 audita,
898 3121 930 3167 ac
955 3104 1126 3167 rationibus
1147 3105 1219 3166 binc
1240 3104 1314 3166 inde

568 3198 882 3276 deductisdiligenter
892 3197 1180 3278 expensispraevio
1191 3205 1313 3260 nostrae

567 3293 658 3354 vivae
680 3292 763 3354 vocis
791 3291 926 3367 oraculo,
955 3292 1063 3354 sentiit
1087 3299 1179 3369 atque
1199 3291 1313 3352 delibe-

568 3386 649 3448 ravit
664 3385 909 3450 iurisdictionem
925 3384 1044 3461 collegii
1061 3385 1246 3464 praedictam
1258 3400 1312 3462 per

568 3486 705 3542 nostram
726 3484 928 3541 memoratam
949 3477 1205 3540 constitutionem
1221 3477 1313 3538 mini-

568 3590 619 3636 me
639 3573 732 3635 luisse
753 3572 940 3648 abrogatam.
962 3571 996 3633 lu
1012 3572 1074 3651 ipsa
1095 3587 1313 3650 namquecon-

567 3667 730 3729 stitutione
751 3681 800 3728 eas
823 3672 945 3726 tantum
966 3665 1193 3728 iurisdictiones
1214 3665 1313 3726 abole-

547 3754 612 3823 ἰιι
640 3775 707 3821 esse
737 3758 907 3833 voluimus,
936 3774 1015 3836 quae
1045 3758 1135 3821 alicui
1165 3757 1313 3836 peculiari

567 3851 758 3931 exemptioni
779 3860 810 3914 et
832 3849 995 3930 privilegio
1016 3851 1169 3929 personali
1198 3850 1248 3912 vel
1270 3851 1313 3911 lo-

567 3947 624 4009 cali
645 3941 834 4018 niterentur,
847 3952 950 4006 auten
964 3943 1064 4005 allicio
1085 3944 1187 4022 aliquo
1203 3943 1235 4005 in
1251 3959 1314 4006 ma·

568 4040 654 4101 tertis
681 4047 712 4101 et
740 4037 858 4101 delictis
882 4035 1102 4099 communibus
1127 4037 1312 4114 penderent,

568 4150 631 4196 non
644 4141 748 4195 autom
763 4131 828 4193 illas
843 4129 1060 4206 abnegavimus
1073 4129 1311 4206 iurisdictiones,

568 4242 647 4305 quae
661 4231 764 4288 essent
780 4220 981 4286 territoriales
996 4239 1030 4284 ιι
1044 4221 1190 4296 feudales,
1213 4221 1313 4300 qualis

570 4319 702 4381 indicta
729 4317 844 4379 abbatia
865 4315 961 4394 ipsius
988 4314 1109 4392 collegii
1142 4315 1312 4378 iurisdictio

569 4413 663 4476 inisse
683 4413 885 4489 dignoscitur.

385 4513 550 4560 contrrmsrro
609 4513 628 4587 g
649 4507 677 4570 3.
695 4505 757 4569 Nos
773 4505 886 4583 itaque,
899 4511 934 4566 ut
945 4503 1060 4566 multos
1070 4502 1223 4565 Romanos
1235 4503 1313 4564 Pon·

338 4565 400 4612 dicti
419 4566 522 4613 decreti.

569 4604 664 4667 ticoet
674 4601 921 4681 praedecessores
936 4607 1057 4661 nostros
1071 4598 1244 4671 imitemur,
1260 4597 1313 4676 (ιιι

568 4701 651 4762 idem
676 4694 844 4771 collegium
875 4693 1019 4756 maximis
1042 4691 1199 4755 favoribus
1227 4707 1315 4756 orna-

568 4801 654 4869 runt,
677 4791 791 4868 quippe
817 4790 888 4870 quia
909 4805 948 4850 ιι
972 4787 1038 4849 eius
1059 4788 1178 4863 gremio
1206 4803 1313 4865 quam-

568 4888 697 4969 plurimi
712 4887 854 4965 prodiere
869 4886 899 4950 S.
911 4884 946 4948 li.
958 4885 992 4947 ll.
1011 4884 1186 4949 cardinales
1200 4882 1230 4947 S.
1241 4885 1277 4948 ll.
1289 4888 1311 4948 l.

569 4984 727 5056 electores,
751 4980 989 5059 archiepiscopi,
1011 4979 1162 5059 Episcopi,
1179 4979 1311 5056 abbates,

568 5075 674 5154 aliiqui
695 5074 749 5152 qui
768 5082 799 5136 et
814 5073 965 5151 probitate
986 5087 1112 5135 morum
1130 5078 1161 5133 et
1174 5071 1313 5136 doctrina

568 5184 632 5230 non
654 5166 852 5229 mediocriter
880 5166 1025 5240 floruere,
1048 5181 1081 5226 ac
1102 5164 1194 5226 etiam
1217 5165 1313 5227 eccle-

568 5260 695 5323 siasticis
716 5257 917 5334 dignitatibus
939 5256 1180 5334 praefulgentes,
1200 5257 1314 5319 delibe-

568 5353 721 5415 rationem
754 5351 895 5414 Herculis
927 5348 1095 5413 cardinalis
1128 5349 1313 5426 praedictam

568 5444 749 5523 apostolicae
770 5450 893 5506 nostrae
913 5441 1156 5504 confirmationis
1177 5440 1313 5502 subsidio

569 5539 705 5611 munire,
718 5537 863 5615 idemque
877 5535 1041 5611 collegium
1052 5533 1235 5613 specialibus
1245 5548 1312 5609 gra-

570 5629 620 5691 tiis
641 5639 672 5691 et
693 5629 849 5691 fauoribus
870 5627 1013 5706 prosequi
1034 5625 1187 5700 volentes,
1203 5641 1237 5686 ac
1251 5625 1313 5687 sin-

1093 569 1158 614 lUR·
1181 568 1272 614 nont.
1296 566 1336 612 bn
1358 567 1388 612 P·
1412 569 1441 615 F·
1465 570 1548 616 bans
1570 571 1591 615 l.

1368 687 1492 763 gulares
1506 699 1662 766 personas,
1675 690 1789 768 quibus
1803 697 1980 768 praesentes
1994 697 2119 752 nostrae

1370 781 1477 844 literae
1504 783 1621 858 lavent,
1648 800 1663 843 a
1685 784 1845 862 quibusvis
1866 785 2119 848 excommunica·

1372 874 1463 936 tionis
1490 883 1521 937 et
1549 875 1724 951 interdicti,
1750 876 1879 955 aliisque
1907 877 2118 941 ecelesiasticis

1369 969 1518 1043 censuris,
1533 969 1698 1031 sententiis
1716 977 1746 1031 et
1761 971 1879 1048 poenis,
1901 969 2012 1048 quovis
2027 971 2119 1032 modo

1369 1067 1400 1122 et
1422 1077 1617 1138 quacumque
1637 1063 1675 1124 de
1690 1079 1777 1124 causa
1800 1062 1881 1138 latis,
1896 1064 1922 1123 si
1942 1079 2017 1141 quas
2039 1062 2119 1124 iorte

1370 1153 1572 1227 incurrerint,
1585 1154 1677 1215 buius
1698 1161 1820 1217 tantum
1836 1156 1882 1217 rei
1903 1157 1999 1232 gratia
2022 1155 2119 1218 absol-

1369 1253 1478 1307 ventes
1503 1253 1534 1308 et
1558 1245 1711 1308 absolutos
1736 1247 1802 1309 iore
1822 1256 1996 1324 censentes,
2030 1260 2117 1312 motu

1369 1339 1505 1417 proprio,
1527 1355 1561 1400 ac
1581 1347 1663 1402 certa
1688 1341 1826 1417 scientia,
1848 1359 1882 1404 ιι
1903 1351 2026 1405 maturo
2046 1355 2116 1406 con-

1369 1430 1436 1491 silio
1450 1433 1575 1507 nostris,
1591 1433 1779 1510 praedictam
1792 1435 1932 1497 Herculis
1948 1435 2118 1499 Cardinalis

1369 1523 1625 1588 deliberationem
1639 1542 1693 1588 seu
1707 1527 1981 1606 sententiamque
1995 1527 2033 1591 de
2048 1529 2117 1592 iure

1368 1616 1523 1678 sancitum
1544 1626 1575 1680 et
1586 1619 1773 1682 declaratum
1788 1619 1858 1695 luit,
1875 1623 1911 1684 ad
1926 1623 2116 1700 praedictum

1368 1709 1537 1784 collegium
1568 1710 1788 1774 Germanicum
1820 1714 2051 1792 Hungaricum,
2084 1735 2117 1780 aa

1370 1817 1424 1878 pro
1446 1803 1511 1880 ipso
1526 1804 1561 1865 ad
1577 1805 1644 1866 eius
1660 1805 1835 1868 cardinales
1858 1815 2045 1884 protectores
2061 1825 2116 1888 pro

1371 1900 1511 1972 tempore
1532 1896 1711 1970 existentes,
1723 1905 1859 1974 spectare
1880 1897 1928 1960 ius
1950 1903 2116 1965 exercendi

1369 1986 1493 2065 plenam
1520 2006 1553 2050 ac
1582 1990 1754 2051 absolutam
1781 1990 2027 2057 iurisdictionem
2049 1997 2117 2060 leu-

1369 2080 1468 2142 dalem
1490 2089 1521 2142 et
1537 2083 1758 2145 territorialem
1773 2085 1806 2145 in
1822 2087 1975 2162 praedicta
1997 2089 2115 2152 abbatia

1370 2174 1402 2234 in
1424 2175 1570 2238 omnibus
1591 2177 1690 2238 causis
1717 2177 1872 2255 civilibus,
1901 2180 2115 2246 criminalibus

1369 2275 1400 2328 et
1421 2268 1539 2343 mixtis,
1561 2285 1640 2347 quae
1661 2269 1826 2349 respiciant
1840 2273 1974 2335 actiones
1996 2282 2026 2337 et
2048 2277 2115 2339 iura

1369 2361 1403 2422 ad
1419 2360 1559 2422 eamdem
1576 2361 1726 2424 abbatiam
1737 2365 1937 2441 pertinentia,
1949 2367 1999 2428 vel
2012 2369 2115 2430 crimi-

1370 2467 1408 2514 na
1430 2453 1523 2514 etiam
1545 2456 1736 2532 communia,
1758 2471 1836 2534 quae
1857 2456 1938 2520 intra
1966 2461 2043 2522 lines
2066 2463 2117 2524 ab·

1370 2542 1466 2606 batiae
1481 2546 1518 2608 ab
1532 2547 1599 2608 eius
1613 2549 1776 2624 ministris,
1789 2550 1905 2611 colonis
1921 2550 2061 2632 aliisque,
2079 2556 2115 2616 li-

1368 2644 1418 2699 cet
1433 2639 1559 2715 exteris,
1572 2641 1724 2702 committi
1740 2643 1868 2718 possint,
1882 2659 1919 2706 eo
1931 2645 1996 2722 ipso
2010 2649 2113 2722 modo,

1369 2747 1430 2808 quo
1451 2733 1564 2800 caeteri
1591 2732 1722 2795 barones
1742 2751 1776 2796 ac
1802 2734 1964 2799 feudatarii
1990 2740 2115 2804 ditionis

1369 2833 1491 2886 nostrae
1513 2826 1688 2903 pontificiae
1709 2843 1796 2890 suam
1814 2829 1994 2908 inpropriis
2016 2832 2115 2897 leudis

1369 2925 1515 2980 exercent
1527 2919 1786 2996 iurisdictionem,
1799 2925 1983 2987 auctoritate
1997 2936 2115 3004 aposto·

1369 3009 1424 3071 lica
1455 3020 1564 3073 tenore
1595 3014 1803 3090 praesentium
1835 3016 2056 3081 confirmamus
2083 3028 2115 3083 et

1369 3103 1583 3182 approbamus,
1610 3105 1717 3183 illique
1745 3107 1933 3170 inviolabilis
1955 3117 1987 3172 et
2007 3126 2115 3190 perpe·

1371 3202 1441 3257 tuae
1463 3196 1618 3258 firmitatis
1639 3199 1734 3260 robur
1756 3198 1926 3272 adiicimus,
1950 3219 1984 3264 ac
2005 3220 2114 3268 omnes

1369 3297 1400 3350 et
1420 3288 1560 3366 singulos
1586 3289 1664 3352 ioris
1684 3299 1715 3352 ιι
1739 3289 1811 3354 iacti
1838 3292 1992 3371 delectus,
2014 3298 2115 3377 siqui

1369 3381 1501 3461 desuper
1522 3383 1554 3444 in
1569 3397 1604 3444 ea
1619 3383 1849 3461 quomodolibet
1869 3387 2113 3464 intervenerint,

1370 3476 1551 3553 supplemus
1566 3485 1597 3538 et
1609 3492 1768 3540 sanamus:
1787 3478 1923 3558 itemque
1937 3482 1962 3542 si
1978 3490 2008 3544 ιι
2019 3500 2117 3562 quan-

1369 3570 1408 3631 do
1429 3571 1462 3630 in
1483 3575 1643 3647 posterum
1664 3587 1764 3632 novae
1785 3587 1878 3650 super
1894 3574 2116 3640 iurisdictionis

1370 3662 1547 3725 huiusmodi
1562 3663 1710 3726 exercitio
1723 3671 1755 3725 et
1770 3667 1968 3742 pertinentiis
1988 3686 2116 3748 quomo·

1370 3755 1485 3818 dulibet
1495 3755 1714 3819 suborirentur
1728 3757 1935 3823 dubitationes
1950 3769 1980 3823 et
1994 3772 2116 3827 contro·

1369 3849 1499 3923 versiae,
1518 3857 1579 3909 tarn
1601 3865 1673 3912 cum
1694 3849 1833 3928 delegato
1854 3855 2017 3930 apostolico
2032 3874 2116 3936 prae·

1369 3941 1463 4016 dicto,
1479 3957 1572 4019 quam
1587 3957 1657 4004 cum
1672 3943 1732 4004 alio
1750 3960 1948 4024 quocumque
1962 3948 2116 4013 iusdicen-

1370 4040 1412 4109 te,
1435 4051 1492 4114 pro
1515 4033 1622 4096 iisdem
1638 4035 1737 4098 dubiis
1759 4037 1903 4100 tollendis
1917 4056 1950 4102 ac
1963 4045 2115 4121 quaestio·

1370 4127 1461 4189 nibus
1481 4126 1657 4190 decidendis
1679 4143 1764 4192 nunc
1785 4136 1816 4191 et
1836 4145 1891 4208 pro
1913 4139 2054 4213 ternpore
2082 4138 2114 4198 in

1369 4227 1557 4298 perpetuum
1572 4219 1757 4283 existentem
1773 4222 1966 4288 Cardinalem
1987 4239 2116 4293 secreta-

1369 4313 1453 4376 rium
1475 4319 1572 4374 status
1594 4313 1627 4373 in
1648 4313 1782 4376 iudicem
1803 4315 1992 4394 privativum
2015 4329 2045 4384 et
2066 4341 2116 4387 oe·

1369 4407 1576 4482 conomicum,
1599 4409 1654 4486 qui
1674 4409 1712 4470 de
1732 4409 1823 4486 plano
1843 4427 1877 4472 ac
1896 4413 1964 4475 sine
1984 4416 2116 4497 strepitu

1370 4500 1556 4576 iudiciali,et
1566 4517 1760 4580 quacumque
1771 4503 1976 4581 appellatione
1987 4520 2115 4587 remota,

1369 4597 1491 4659 easdem
1511 4597 1739 4659 controversias
1759 4595 1886 4658 deliniat
1907 4606 1938 4660 et
1954 4599 2045 4661 dubia
2060 4602 2116 4665 bu-

1369 4689 1514 4762 iusmodi,
1538 4699 1631 4770 prout
1650 4689 1763 4752 rationi
1784 4697 2028 4755 consentaneum
2044 4697 2116 4774 erit,

1370 4787 1513 4862 resolvat,
1537 4788 1578 4848 ιιι
1600 4796 1635 4849 ιι
1655 4785 1848 4864 quaestiones
1877 4785 1927 4848 vei
1948 4787 2039 4851 dubia
2060 4790 2117 4854 bu-

1369 4880 1504 4944 iusmodi
1525 4896 1628 4942 coram
1644 4896 1842 4959 quocumque
1862 4881 1921 4942 alio
1942 4880 2043 4944 iudice
2064 4893 2117 4947 aut

1371 4974 1530 5047 tribunali,
1547 4972 1599 5035 vel
1613 4973 1706 5034 etiam
1732 4973 1762 5036 S.
1783 4973 1819 5036 ll.
1841 4974 1877 5036 li.
1902 4974 2116 5040 cardinalium

1370 5067 1612 5144 congregationi
1634 5067 1764 5144 proponi
1780 5083 1843 5128 non
1866 5067 1994 5144 possint,
2012 5079 2116 5134 aucto-

1370 5161 1502 5224 ritateet
1518 5167 1626 5220 tenore
1647 5159 1811 5236 praedictis
1832 5161 2051 5226 constituimus
2072 5171 2117 5226 at-

1369 5270 1430 5332 que
1450 5251 1644 5332 deputamus.

1409 5347 1477 5420 §le
1513 5347 1722 5409 Decernentes
1748 5329 1826 5424 ipsas
1847 5353 2023 5423 praesentes
2048 5348 2116 5411 lite·
2134 5360 2313 5466 lactgauestudaegrrq

2134 5477 2187 5520 tom
2203 5471 2293 5518 irritans.

1369 5456 1417 5502 ras
1439 5440 1553 5514 sirmas,
1577 5438 1690 5501 validas
1715 5445 1746 5500 et
1767 5439 1902 5501 efficaces
1930 5442 2064 5504 existere
2084 5450 2115 5506 et

1370 5533 1447 5607 lore,
1470 5548 1605 5610 suosque
1619 5530 1772 5609 plenarios
1787 5539 1818 5594 ιι
1832 5533 1971 5609 integros
1988 5536 2117 5599 effectus

1369 5624 1472 5687 sortiri
1484 5631 1515 5686 et
1526 5625 1687 5700 obtinere3
1704 5623 1809 5703 sicque
1824 5624 1856 5686 in
1872 5626 2045 5704 praemissis
2060 5643 2117 5707 per

609 5869 638 5928 (1)
653 5869 779 5914 Omnibus
799 5866 926 5913 adhibitis
940 5867 1011 5914 curis
1025 5867 1052 5912 in
1067 5869 1208 5916 tabulario
1222 5871 1315 5926 congr.
1326 5869 1374 5916 bas
1388 5869 1482 5915 literas
1496 5878 1548 5913 nou
1563 5865 1722 5921 invenimus,
1731 5865 1846 5911 inueniri
1861 5867 1951 5913 tamen
1965 5873 2076 5924 possunt
2091 5868 2117 5914 in

568 5937 640 5982 arch.
656 5935 717 5982 coll.
733 5934 889 5986 Germanici,
