4734 7004
352 592 405 657 Διι.
420 601 450 658 (l.
471 595 539 657 tate
588 592 627 668 3ss

568 748 706 804 catorum
733 739 837 804 minus
866 737 957 806 dubie
985 744 1156 823 poenitere,
1181 759 1252 806 cum
1275 759 1308 804 se

569 835 738 914 impunitos
760 851 825 898 esse
839 851 902 897 non
924 835 1037 912 sinant,
1050 837 1070 898 ii
1087 837 1222 915 proiecto
1238 851 1308 914 poe·

569 927 719 990 nitentiae
742 943 846 988 amore
868 929 961 1005 capti,
990 927 1205 1003 laetabuntur,
1234 945 1309 1006 qua·

569 1020 761 1097 dragesimali
777 1028 916 1100 tempore
932 1023 1121 1100 caeterisque
1141 1023 1232 1084 certis
1247 1020 1308 1083 die·

569 1112 640 1190 hus,
673 1130 744 1176 cum
778 1114 886 1178 Sancta
923 1115 1018 1177 Mater
1052 1115 1185 1178 Ecclesia
1219 1114 1309 1176 edicit

569 1207 711 1270 fidelibus
745 1209 964 1284 ieiunandum,
993 1209 1126 1272 oblatam
1151 1209 1208 1271 sihi
1243 1225 1308 1270 esse

569 1303 774 1377 occasionem,
797 1319 855 1380 qua
877 1301 988 1379 dignos
1012 1303 1223 1380 poenitentiae
1246 1301 1309 1364 fru-

568 1402 635 1456 ctus
659 1394 783 1457 faciant:
815 1411 948 1474 cumque
971 1396 1059 1458 nullo
1080 1412 1143 1457 non
1172 1401 1310 1473 tempore

569 1496 706 1566 oporteat
737 1490 867 1551 domitas
892 1490 1005 1552 habere
1031 1489 1308 1569 concupiscentias;

567 1583 784 1661 scriptumest
805 1584 902 1658 enim,
934 1589 1006 1661 poet
1036 1582 1309 1661 concupiscentias

568 1693 632 1737 nen
653 1680 761 1746 coeat
782 1693 802 1738 o
823 1676 991 1740 volentate
1013 1685 1071 1738 tua
1092 1684 1253 1747 averterer
1268 1675 1310 1736 la-

568 1769 625 1830 cile
646 1769 786 1830 animum
809 1770 968 1846 inducant,
990 1769 1191 1832 sacratissimo
1213 1770 1309 1832 totius

568 1863 642 1924 anni
662 1863 855 1940 potissimum
879 1863 1176 1942 tempore,corporis
1197 1863 1309 1925 intem-

568 1956 739 2034 perantiam
762 1957 903 2034 mitigare
925 1957 1059 2034 ieiunio;
1083 1965 1117 2018 ut
1132 1956 1245 2032 anima,
1261 1973 1309 2018 co-

569 2049 709 2125 gnitione
729 2049 778 2112 sui
799 2057 931 2130 recepta,
955 2049 1125 2126 intelligat,
1148 2065 1206 2128 qua
1227 2065 1310 2112 com·

568 2144 736 2218 punctione
757 2159 862 2223 parare
883 2160 915 2206 se
936 2143 1044 2206 debeat
1064 2145 1100 2206 ad
1120 2143 1309 2205 sanctissima

569 2237 733 2312 passionis,
766 2238 875 2298 mortis
908 2245 939 2300 et
974 2235 1210 2299 resurrectionis
1241 2237 1309 2298 lesu

570 2327 684 2391 Christi
706 2328 866 2394 recolenda
895 2330 1052 2407 mysteria.
1079 2329 1183 2408 ltaque
1203 2329 1310 2406 poeni-

570 2424 685 2484 tentiae
704 2423 841 2486 stimulis
857 2423 938 2498 tacti,
952 2423 1055 2486 minus
1077 2423 1244 2485 suavitates
1258 2437 1309 2484 en-

568 2519 693 2597 quirant
714 2518 748 2578 in
770 2515 907 2594 dapibus,
923 2515 1027 2577 minus
1048 2523 1208 2577 sectentur
1224 2531 1311 2576 men-

568 2628 672 2674 sarum
694 2610 832 2685 delicias,
856 2627 933 2690 quae
958 2609 1101 2688 quamvis
1122 2625 1193 2671 cum
1219 2609 1311 2672 absti-

569 2706 676 2767 nentia
707 2720 723 2765 a
745 2705 849 2766 vetitis
870 2704 944 2767 cibis
970 2719 1033 2766 non
1062 2703 1234 2781 discrepare
1263 2704 1309 2764 vi·

569 2800 713 2872 deantur,
742 2806 846 2860 tamen
874 2814 924 2860 eas
951 2799 1003 2877 qui
1032 2813 1156 2859 mensae
1177 2806 1309 2876 apponat

568 2909 652 2967 suae,
669 2892 758 2954 illum
780 2907 843 2953 non
865 2892 1023 2955 immerito
1038 2891 1151 2954 dixeris
1167 2908 1230 2954 non
1244 2900 1309 2954 tam

569 2987 696 3049 usitatas
717 2986 861 3048 abiecisse
882 2985 1018 3058 delicias,
1045 3001 1139 3064 quam
1163 2987 1309 3064 cupidita-

569 3090 633 3143 tem
653 3095 741 3143 suam
754 3078 790 3141 ad
805 3080 965 3142 inusitatas
983 3079 1138 3143 illecebras
1160 3081 1310 3143 traduxis-

568 3189 616 3234 se:
640 3173 744 3236 minus
765 3171 911 3251 deniqne,
932 3181 996 3248 aut,
1012 3172 1124 3252 quibus
1144 3189 1177 3234 se
1197 3172 1311 3235 subdu-

610 3391 639 3446 llt
654 3393 735 3446 Leges
748 3390 902 3436 Academiae
923 3389 1060 3436 cervariae
1081 3390 1108 3435 in
1127 3391 1311 3438 cathaloniae

569 3456 689 3514 Philippo
706 3459 733 3502 v.
753 3459 823 3514 Rege
844 3457 976 3503 catholico
995 3456 1136 3518 institutae
1156 3459 1310 3514 approbavit

570 3525 687 3570 clemens
696 3527 749 3568 xli.
758 3526 840 3569 const.
851 3525 912 3570 edit.
923 3535 965 3570 an.
976 3535 1119 3578 trucem,
1129 3525 1257 3570 decembr.
1274 3537 1309 3570 rv.

569 3593 640 3636 lianc
653 3591 807 3647 liturgicum
825 3590 983 3636 colimbriae
997 3590 1163 3637 Academiam
1182 3591 1266 3636 erexit
1284 3593 1311 3637 et

568 3657 868 3703 testamenmentum
882 3659 963 3703 const.
978 3657 1040 3702 edit.
1055 3669 1124 3704 anno
1139 3667 1310 3714 mnccxnvrrr,

569 3728 618 3771 oct.
634 3725 686 3771 kal.
701 3724 777 3781 april.
793 3723 945 3771 tectoribus
966 3724 1047 3770 huius
1067 3724 1217 3770 academiae
1233 3724 1311 3770 facul-

570 3796 652 3840 tatem
673 3792 777 3850 legendi
796 3803 973 3849 quoscumque
992 3792 1138 3848 prohibitos
1153 3793 1234 3838 libros
1250 3792 1310 3838 fecit

569 3861 686 3906 Pontifex
700 3859 770 3906 idem
784 3859 972 3905 constitutione
986 3859 1072 3905 altera
1085 3859 1148 3904 anni
1159 3871 1310 3915 moocxnrx,

570 3927 632 3973 febr.
643 3938 708 3982 xxa,
722 3937 789 3984 quae
803 3925 831 3970 in
842 3926 922 3971 huius
932 3924 1065 3971 Pontificis
1074 3925 1191 3971 Bullario
1201 3926 1310 3971 minime

569 3994 742 4052 reperiuntur
755 3992 907 4050 impressae,
915 4003 962 4038 nec
975 4003 1020 4038 aas
1034 3991 1152 4038 iuvenire
1167 3992 1309 4049 potuimus,

609 4063 632 4106 S.
648 4063 720 4106 Pont.
736 4060 767 4105 de
781 4060 831 4106 hac
844 4058 992 4114 Academia,
1006 4061 1094 4104 erecta
1111 4070 1190 4116 penes
1205 4059 1311 4115 Presby-

569 4132 641 4173 teros
661 4129 738 4184 cong.
760 4126 892 4172 Miseionis
912 4129 1019 4180 Romae,
1038 4125 1075 4171 eic
1095 4126 1215 4183 loquitur
1229 4127 1256 4171 in
1271 4139 1309 4182 ep.

569 4197 715 4248 Postquam
734 4197 923 4242 intellecturus,
939 4194 972 4238 ad
986 4197 1055 4238 loen.
1071 4196 1098 4238 V.
1114 4194 1257 4250 Portugall.
1273 4205 1312 4239 re·

569 4272 627 4318 gem
642 4265 673 4306 aa
688 4271 758 4305 noea
771 4263 957 4312 Marturotontt
970 4263 1044 4304 Rom.
1060 4265 1180 4310 caillone,
1193 4271 1272 4317 quam
1282 4261 1310 4305 in

569 4328 695 4384 supplem.
713 4329 775 4372 torn.
791 4325 866 4371 tertii
880 4325 1037 4372 retulimus:
1051 4329 1106 4371 «lit
1120 4338 1210 4372 sacrae
1225 4328 1311 4372 erudi-

569 4394 649 4440 tionis
662 4405 693 4439 ac
707 4393 870 4448 theologicae
884 4393 1018 4439 facultatis
1038 4393 1127 4440 studia
1141 4394 1226 4450 magis
1240 4404 1312 4439 exce

568 4461 667 4517 lentur,
681 4460 849 4506 instituimus
864 4459 1029 4506 academiam
1043 4461 1134 4518 quavis
1147 4461 1213 4506 feria
1222 4472 1311 4507 secun·

569 4529 602 4574 da
615 4528 804 4584 cuiuscumque
825 4526 995 4572 hebdomadis
1016 4539 1104 4573 coram
1124 4528 1197 4572 nobis
1216 4529 1312 4574 haben·

569 4595 638 4650 dam,
649 4599 686 4650 ut,
696 4598 826 4652 quotquot
839 4595 872 4640 ad
886 4605 945 4640 eam
954 4594 1112 4640 conveniunt
1121 4595 1191 4639 docti
1200 4606 1230 4641 ac
1239 4606 1312 4652 prae·

569 4665 671 4709 stames
688 4662 748 4718 viri,
762 4664 833 4708 stata
846 4661 902 4708 vice
921 4663 1001 4718 atque
1015 4661 1114 4715 ordine,
1129 4673 1191 4707 suas
1210 4662 1264 4707 sire
1279 4662 1310 4706 de

569 4730 747 4776 ecclesiastica
768 4728 893 4785 historie,
914 4728 968 4774 sive
988 4728 1020 4773 de
1043 4739 1071 4774 re
1093 4728 1232 4786 liturgica,
1256 4729 1311 4788 siva

569 4797 651 4842 etiam
665 4796 697 4842 de
711 4795 793 4842 sacris
806 4795 950 4842 canonibus
960 4806 990 4841 ac
1000 4794 1154 4852 theologicis
1163 4799 1312 4842 controver-

570 4865 617 4911 siis
631 4864 764 4922 proferent
776 4863 980 4910 lucubrationes.
992 4879 1005 4904 »

610 4937 666 4992 seq.
681 4933 722 4979 lit.
738 4936 761 4978 S.
772 4936 797 4977 Ρ.
812 4931 967 4979 Academiae
980 4931 1196 4978 constitutionem
1207 4943 1223 4978 a
1233 4943 1260 4977 se
1270 4942 1312 4988 ap

570 5001 707 5060 probatam
723 4999 862 5056 significat.

571 5138 674 5180 Dttectte
694 5137 757 5188 talita
779 5136 918 5178 Oanontctr
939 5135 1117 5186 uenumrtena
1131 5135 1314 5177 Lateranenst·

611 5205 659 5246 baca
673 5204 814 5253 Lttnratets
824 5203 983 5245 elementata
997 5204 1027 5246 ln
1041 5203 1203 5246 monasterie
1213 5201 1236 5244 S.
1250 5202 1314 5244 Cru-

611 5273 647 5314 cta
660 5271 861 5316 Cotttnbrtcnsle.

786 5405 930 5450 CLEMENS
944 5407 1024 5449 Papa
1037 5407 1101 5450 x111.

862 5541 954 5586 nancta
967 5544 1023 5596 nata,

662 5611 777 5657 salutem
790 5614 814 5655 et
827 5613 1000 5664 apostaticam
1015 5613 1225 5655 benedictionem.
1267 5631 1268 5634 =

357 5761 482 5812 Benedicti
495 5761 552 5810 m⁸
611 5745 683 5792 inter
697 5748 803 5791 caetera
817 5741 944 5790 moeroris
958 5746 1124 5800 argumenta,
1134 5753 1200 5799 quae
1213 5740 1315 5799 pontill-

343 5819 448 5865 virtuter
468 5819 490 5864 et
507 5828 555 5863 me·
572 5813 612 5859 cio
625 5813 714 5858 animo
728 5817 819 5858 nostro
833 5811 938 5858 assidue
956 5810 1138 5864 obversantur,
1152 5809 1218 5856 illud
1233 5811 1314 5856 etiem

343 5873 397 5920 rl'la
419 5870 554 5934 laudibus
573 5891 620 5925 nos
634 5877 753 5937 percellit
766 5881 793 5924 et
807 5879 891 5936 angit,
905 5878 974 5935 quod
995 5876 1100 5922 eximiis
1114 5877 1155 5922 fel.
1171 5889 1222 5924 rec.
1238 5881 1316 5922 Bene·

343 5927 511 6008 WWWW·
573 5946 636 5992 dicti
649 5949 693 5991 PP.
704 5949 766 5990 xlv.
781 5945 990 6002 praedecessoris
1004 5943 1089 5989 nostri
1104 5943 1250 5990 virtutibus
1265 5955 1316 5988 me·

574 6013 685 6078 pilisque
700 6013 776 6071 longe
786 6013 910 6072 impares,
921 6013 947 6058 in
958 6012 1042 6071 ipsius
1051 6011 1139 6058 locum
1148 6009 1316 6068 dignitatem·

1084 619 1148 671 tun.
1173 616 1264 670 rond.
1287 615 1327 669 DE
1348 615 1377 669 P.
1401 615 1430 670 li·
1454 617 1537 670 taus
1557 616 1580 669 l.

2141 591 2201 652 An.
2217 599 2249 651 (l.
2270 595 2335 650 tvae

1361 750 1431 806 cant
1446 760 1461 804 a
1476 742 1604 817 ieiunio,
1617 749 1766 822 quaerant
1776 738 1900 821 effugia,
1912 747 1965 804 aut
1976 740 2107 814 argutiis

1361 835 1504 898 studeant
1524 836 1757 898 ecclesiasticam
1778 835 1882 912 legem
1899 834 2082 910 infringere.

1401 929 1420 1003 5
1442 929 1472 989 l.
1486 928 1634 992 Vestrum
1651 929 1745 1006 igitur
1761 936 1818 1004 est,
1831 927 1897 990 ll.
1911 929 1983 1004 Fu,
1999 943 2104 1004 erem·
2126 933 2349 1085 exoniaiffgss‘i'tffl

1362 1024 1412 1105 plo
1434 1034 1530 1104 aeque
1552 1041 1585 1086 ac
1612 1024 1724 1098 verbo,
1747 1023 1866 1102 populis
1895 1023 2104 1102 poenitentiae
2125 1042 2179 1141 33„
2193 1042 2349 1140 &megi

1361 1118 1499 1180 studium
1528 1123 1558 1179 et
1579 1133 1718 1179 amorem
1741 1116 1878 1191 iniicere,
1901 1124 1936 1178 ut
1963 1116 2105 1180 alacriter
2124 1147 2246 1194 dmm
2260 1149 2348 1194 aarum,

1362 1211 1516 1273 ieiunium
1538 1210 1685 1288 aggressi,
1699 1216 1729 1272 et
1751 1208 1824 1271 illud
1845 1210 1882 1271 ad
1904 1209 2104 1288 praescriptas
2125 1203 2349 1302 ‘r'i'vifflrffimm

1363 1320 1378 1363 a
1391 1303 1542 1366 catholica
1556 1303 1687 1366 Ecclesia
1699 1303 1782 1380 leges
1793 1303 1970 1377 observent,
1983 1309 2014 1364 et
2026 1303 2104 1365 elee-

1364 1397 1500 1474 mosynis
1521 1397 1614 1458 etiam
1635 1403 1727 1473 atque
1746 1395 1885 1457 oratione
1899 1397 2102 1471 sanctificent,

1363 1497 1394 1552 et
1414 1491 1469 1573 (id,
1491 1507 1551 1569 quo
1573 1489 1707 1552 manime
1727 1496 1842 1569 spectat
1858 1485 2004 1568 Ecclesia)
2018 1490 2105 1553 deni·

1363 1601 1423 1662 que
1445 1593 1686 1663 cousequantur,
1709 1593 1754 1658 ut,
1771 1599 1898 1663 corpore
1927 1585 2103 1647 mortificati

1364 1688 1394 1740 et
1410 1679 1531 1742 Christo
1545 1677 1730 1756 consepulti,
1743 1678 1778 1739 ad
1795 1692 1907 1740 novam
1929 1678 1961 1740 in
1974 1679 2106 1758 paschali

1363 1773 1559 1835 solemnitate
1586 1773 1660 1834 novi
1681 1771 1817 1834 hominis
1838 1772 1935 1834 vitam
1956 1773 2103 1847 revocati,

1364 1882 1558 1944 magnacum
1570 1867 1679 1928 fiducia
1696 1865 1895 1927 reviviscenti
1910 1866 2033 1928 Christo
2049 1866 2105 1927 [lo-

1364 1961 1449 2022 mina
1471 1959 1587 2039 possint
1602 1975 1773 2021 occurrere.
1797 1959 1899 2022 Gratia
1913 1959 2036 2021 Domini
2051 1975 2106 2021 no-

1362 2053 1418 2114 stri
1440 2055 1511 2116 lesu
1534 2053 1647 2116 Christi
1667 2067 1740 2114 cum
1762 2052 1848 2114 vobis
1868 2052 2025 2127 omnibus,
2038 2054 2105 2131 qui-

1363 2145 1419 2207 bus
1441 2147 1638 2226 apostolicam
1653 2145 1901 2208 benedictionem
1918 2143 2106 2207 benevolen-

1364 2237 1422 2300 tiae
1435 2239 1467 2301 in
1483 2254 1537 2300 vos
1551 2246 1582 2300 et
1593 2238 1727 2300 caritatis
1741 2247 1863 2300 nostrae
1875 2238 1988 2316 pignus
2002 2255 2106 2300 aman-

1364 2333 1483 2394 tissime
1504 2332 1714 2411 impertimur.

1403 2425 1513 2486 Datum
1525 2424 1650 2500 Romae,
1667 2425 1746 2502 apud
1763 2423 1794 2488 S.
1808 2423 1934 2486 hieriam
1947 2426 2105 2502 lllaiorem,

1362 2518 1421 2580 suh
1441 2518 1557 2581 annulo
1579 2519 1750 2593 Piscatoris,
1777 2518 1827 2581 die
1855 2535 1910 2580 xx.
1934 2520 2106 2582 decembris

1364 2627 1530 2686 uaccam,
1553 2609 1662 2690 pontii.
1687 2611 1786 2672 nostri
1807 2627 1889 2673 anno
1912 2629 1945 2673 u.

1697 2855 1775 2920 lllll.

1367 2987 1540 3069 Confirmat
1562 2991 1825 3053 constitutionem
1845 2998 1876 3054 et
1891 2996 2020 3054 statuta
2034 3007 2107 3054 aaa·

1405 3083 1525 3145 demine
1546 3082 1721 3164 liturgicac
1742 3085 1807 3147 ioan
1827 3090 1949 3147 erectae
1971 3103 1990 3146 a
2013 3085 2108 3146 Bene-

1406 3175 1491 3238 uen
1513 3176 1590 3240 ιιι.
1613 3177 1626 3259 (
1647 3180 1670 3257 ).

1364 3403 1415 3450 que
1430 3391 1532 3438 suffecti
1546 3391 1637 3438 eirnus.
1660 3395 1730 3437 Hanc
1746 3394 1836 3438 autem
1858 3391 2008 3437 molestiam
2022 3391 2060 3436 ita
2074 3391 2109 3436 le·

1365 3460 1422 3505 nire
1437 3459 1592 3516 satagimus,
1604 3463 1634 3504 ut
1648 3459 1725 3514 nihil,
1738 3458 1807 3514 quod
1822 3457 1895 3503 nobis
1910 3459 2043 3516 integrum
2059 3459 2108 3514 est,

1364 3527 1621 3582 praetermittamus,
1628 3538 1679 3582 quo
1688 3525 1730 3571 sin
1740 3525 1827 3570 minus
1837 3525 1895 3570 eius
1903 3526 2042 3584 praeclara
2051 3535 2108 3581 ope-

1365 3605 1395 3638 re
1409 3604 1564 3651 exaequare,
1578 3594 1672 3639 saltem
1687 3593 1778 3638 eadem
1798 3603 1953 3638 conservare
1967 3595 1994 3637 et
2008 3601 2109 3648 promo·

1364 3672 1425 3706 vere
1439 3661 1582 3708 valeamus.
1598 3663 1743 3717 eapropter
1758 3669 1817 3705 curn
1833 3659 1903 3704 inter
1917 3659 1991 3704 illins
2001 3659 2109 3716 egregia

1364 3728 1433 3774 facta
1447 3728 1542 3774 merito
1564 3731 1720 3772 numeretur
1740 3730 1852 3780 vestrae,
1868 3725 1957 3775 dilecti
1974 3725 2031 3781 lilii,
2046 3725 2108 3771 insi·

1364 3795 1423 3852 gnis
1437 3793 1589 3840 Academiae
1603 3793 1746 3848 institutio,
1761 3804 1871 3850 eamme
1891 3783 1940 3838 sarit
1954 3792 2109 3839 immediata

1348 3915 1349 3918 Ἴ
1366 3862 1526 3920 spostolicae
1541 3861 1621 3907 huius
1631 3863 1750 3906 sanctae
1772 3861 1845 3907 Sedis
1865 3861 2027 3917 protectione
2043 3860 2109 3905 loce·

1363 3930 1408 3985 rit,
1423 3924 1496 3975 decet
1510 3939 1581 3983 sene,
1595 3932 1625 3973 ut
1645 3927 1732 3973 nullas
1747 3927 1819 3972 vohis
1838 3926 1986 3983 patrocinii,
2001 3927 2108 3972 benevo-

1363 3995 1461 4042 lentiae
1476 4007 1506 4041 ac
1520 3994 1691 4040 liberalitatis
1712 4005 1816 4050 quoque
1837 3997 1943 4039 nostrae
1964 3994 2054 4050 partes
2067 3993 2109 4039 de·

1364 4073 1421 4108 esse
1435 4061 1577 4119 patiamur.
1593 4059 1718 4112 Quocirca
1732 4059 1848 4116 primum
1863 4059 2004 4114 vobiscum,
2018 4057 2108 4104 dilecti

1364 4129 1422 4185 alii,
1437 4139 1595 4186 magnopere
1610 4129 1786 4184 gratulamur,
1796 4126 1864 4184 quod
1877 4127 1969 4184 dignos
1981 4129 2055 4173 tento
2066 4138 2108 4184 pa·

1363 4199 1439 4242 rente
1453 4207 1483 4242 ac
1497 4194 1625 4252 magistro
1645 4195 1747 4240 fructus
1768 4195 1844 4240 edere
1865 4195 1994 4252 pergatis3
2014 4194 2108 4240 deinde
2138 4203 2343 4255 ammam&

1364 4262 1517 4310 obstrictam
1538 4262 1611 4308 vobis
1625 4261 1791 4308 voluntatem
1812 4264 1930 4306 nostram
1949 4261 2106 4318 prontemur
2126 4261 2203 4308 anicia
2229 4260 2342 4307 animant

1363 4333 1471 4388 propter
1485 4331 1640 4384 orationem,
1655 4340 1734 4386 quam
1748 4329 1775 4372 in
1787 4332 1876 4374 nostra
1887 4328 1962 4384 plane
1971 4327 2107 4374 immerita
2125 4315 2258 4378 ‘idm'flffl
2295 4321 2341 4372 l'rl’

1363 4397 1396 4443 ad
1410 4397 1490 4442 huius
1505 4399 1615 4442 Sanctae
1631 4395 1704 4440 Sedis
1719 4395 1855 4450 fastigium
1869 4395 2048 4452 assumptione
2064 4394 2108 4442 ha·
2127 4365 2341 4474 fflffl‘onffl,

1363 4463 1468 4517 beistis,
1483 4474 1533 4508 non
1555 4462 1623 4519 quod
1645 4461 1671 4506 in
1693 4461 1769 4508 nobis
1790 4460 1889 4518 aliquid
1910 4472 2002 4506 eorum
2020 4461 2107 4508 inesse
2127 4470 2340 4534 ammpnomad

1364 4542 1510 4585 noscamus,
1524 4541 1591 4586 quae
1607 4530 1633 4574 in
1648 4540 1680 4576 ea
1694 4529 1735 4586 pie
1744 4528 1923 4584 praedicastis,
1934 4529 1979 4574 sed
1989 4529 2057 4585 quod
2068 4541 2108 4575 ve·
2125 4539 2255 4576 manmena
2264 4535 2340 4574 saeer-

1364 4600 1447 4644 stram
1462 4609 1493 4642 ex
1507 4608 1538 4642 ea
1551 4597 1578 4642 in
1594 4608 1640 4642 noe
1651 4596 1814 4652 singularem
1826 4595 2020 4642 observantiam
2030 4597 2107 4654 plane
2127 4583 2237 4630 dimm-

1364 4664 1639 4723 depraehenderimns.
1662 4667 1742 4708 Porro
1763 4665 1792 4707 nt
1807 4662 1938 4720 specimen
1959 4665 2066 4710 nostrae
2080 4665 2107 4710 in

1363 4745 1409 4779 vos
1423 4732 1594 4790 benignitatis
1609 4731 1737 4785 habeatis,
1747 4729 1800 4776 iarn
1815 4729 1943 4787 paraliae
1958 4735 2062 4778 nostras
2076 4733 2103 4778 in

1364 4800 1447 4846 simili
1462 4800 1546 4845 forma
1560 4799 1649 4844 Brevis
1662 4798 1769 4843 litteras
1783 4797 1937 4843 Academiae
1955 4803 2059 4844 vestrae
2074 4799 2108 4844 le·

1364 4879 1418 4925 ges,
1439 4869 1541 4913 statuta
1561 4869 1588 4911 et
1607 4864 1818 4918 constitutiones,
1837 4877 1854 4911 a
1868 4865 2011 4912 venerabili
2024 4865 2107 4912 fratre

1364 4935 1490 4981 Michaele
1505 4933 1631 4991 Episcopo
1648 4933 1840 4988 colimbriensi,
1854 4933 1990 4990 praeclaro
2005 4935 2109 4979 vestrae

1365 5001 1581 5059 congregationis
1603 5003 1766 5054 ornamento,
1781 5011 1885 5046 summa
1904 4999 2035 5058 sapientia
2049 5012 2109 5057 pru·

1365 5069 1507 5126 dentiaque
1527 5068 1665 5122 confectas,
1683 5067 1828 5124 apostolice
1843 5066 2004 5113 auctoritate
2018 5067 2110 5112 conflr-

1366 5147 1452 5182 masse
1467 5135 1539 5181 vobis
1560 5134 1748 5192 significamus.
1770 5134 1874 5190 Par-gite
1889 5133 2006 5191 interim,
2020 5133 2111 5180 dilecti

1367 5204 1424 5260 filii,
1439 5203 1535 5249 vestris
1549 5201 1681 5258 religiosis
1696 5200 1841 5246 virtutibus
1860 5201 2025 5258 assiduisque
2040 5202 2112 5248 labo-

1366 5271 1440 5317 ribus
1455 5269 1620 5316 ncademiam
1635 5271 1661 5314 et
1675 5267 1910 5324 congregationem
1924 5271 2040 5314 vestram
2055 5279 2109 5314 arn·

1367 5339 1436 5396 plius
1455 5338 1635 5392 cohonestare,
1649 5338 1676 5381 et
1689 5336 1769 5381 huius
1785 5339 1894 5381 Sanctae
1906 5335 1979 5382 sedis
1994 5336 2110 5382 favorem

1368 5404 1452 5460 magis
1466 5402 1492 5448 in
1506 5403 1562 5447 dies
1576 5401 1729 5458 promereri.
1744 5403 1855 5447 caetera
1868 5400 1901 5446 ad
1919 5411 1963 5446 vos
1977 5401 2052 5447 iussu
2067 5413 2110 5448 no·

1368 5474 1424 5516 stro
1438 5469 1546 5514 uberius
1561 5468 1657 5514 reseret
1678 5467 1789 5514 dilectus
1804 5467 1876 5513 lilius
1896 5468 2046 5514 Matthaeus
2060 5471 2113 5514 Mo-

1369 5538 1437 5592 dins,
1451 5536 1496 5593 qni
1511 5539 1612 5581 vestrae
1626 5535 1659 5580 ad
1674 5544 1721 5580 nos
1735 5535 1841 5581 litteras
1851 5534 1956 5590 detulit,
1966 5534 2065 5592 quique
2074 5535 2112 5580 in·

1368 5603 1489 5650 credibili
1503 5602 1553 5647 ilde
1567 5613 1598 5648 ac
1612 5600 1750 5658 diligentia
1759 5601 1856 5648 vestris
1867 5603 1893 5646 in
1905 5603 1953 5648 hac
1962 5602 2034 5648 alme
2044 5603 2113 5658 Urbe

1369 5674 1460 5719 nostra
1473 5669 1590 5727 negociis
1603 5667 1770 5714 conficiendis
1785 5667 1920 5714 incumbit.
1935 5675 1969 5713 hc
1984 5668 2065 5725 vobis,
2075 5668 2112 5714 di·

1368 5739 1430 5786 lecti
1449 5737 1507 5793 lilii,
1521 5736 1692 5794 apostolicam
1714 5734 1920 5780 benedictionem
1940 5741 2111 5792 peramanter

1369 5805 1547 5863 impertimur.

1408 5875 1503 5919 Datum
1524 5875 1630 5926 Rornae,
1651 5868 1719 5926 apud
1743 5867 1892 5914 abferiam
1913 5869 2046 5925 Maiorem,
2063 5872 2112 5916 sub

1368 5941 1467 5988 annulo
1476 5937 1624 5992 Piscatoris,
1635 5937 1677 5982 die
1687 5945 1731 5981 xx.
1741 5935 1899 5993 septembris
1909 5945 2040 5993 uaccam..
2051 5947 2112 5995 pon·

1370 6008 1486 6055 tidcetns
1500 6005 1586 6052 nostri
1598 6015 1667 6051 anno
1681 6015 1709 6052 ιι
