4776 6974
303 509 400 564 huc.
422 510 491 562 1vec
541 513 600 576 306

522 653 671 714 rationem
694 653 800 731 inopes
821 653 972 717 adducere
993 656 1145 731 cupimus,
1168 651 1264 713 dictos

521 747 635 809 incolas
656 749 836 826 speciflibus
858 749 962 825 gratiis
981 757 1012 810 et
1027 747 1182 809 favoribus
1197 761 1266 823 pro-

521 841 608 917 sequi
631 841 782 916 volentes
799 848 829 903 et
849 857 958 902 eorum
976 843 1147 917 singulares
1163 855 1266 918 perso-

523 952 577 996 nas
598 953 612 994 a
635 935 794 1012 quibusvis
815 935 1144 997 excommunicationis
1165 943 1196 996 et
1218 933 1265 994 in-

524 1029 654 1102 terdicti,
668 1029 795 1107 aliisque
811 1029 1020 1092 ecclesiasticis
1035 1028 1185 1100 censuris,
1197 1043 1267 1088 sen·
1293 1055 1296 1133 Ι

524 1121 628 1183 tentiis
649 1129 680 1182 et
702 1123 806 1200 pocius
828 1123 1047 1200 quovismodo
1069 1129 1099 1183 et
1120 1136 1267 1200 quacum-

523 1230 582 1293 que
605 1217 642 1276 de
663 1233 751 1277 causa
779 1218 859 1292 latis,
881 1218 905 1277 si
927 1234 1002 1296 quas
1030 1218 1108 1279 lotae
1130 1217 1267 1278 incurre-

524 1308 598 1381 rint,
621 1308 864 1371 huius·tantum
887 1313 931 1372 roi
953 1312 1048 1389 gratia
1071 1310 1267 1372 absolventes

523 1411 554 1462 et
569 1401 723 1464 absolutos
738 1404 803 1466 lore
817 1413 989 1480 censentes,
1007 1403 1184 1466 luriusrnodi
1197 1417 1267 1478 sup-

524 1493 739 1569 plicationibus
754 1495 906 1572 inclinati,
922 1497 1108 1559 fraternitati
1130 1503 1198 1556 tuae
1215 1509 1269 1571 per

526 1593 701 1664 praesentes
722 1590 948 1652 comminianus
963 1600 993 1652 et
1009 1593 1201 1663 mandamus,
1221 1595 1267 1662 ut,

526 1681 607 1742 veris
621 1682 826 1746 existentibus
841 1687 982 1760 narratis,
996 1683 1140 1745 omnibus
1156 1683 1268 1744 utrius-

525 1792 585 1854 que
606 1791 699 1837 sexus
714 1777 972 1840 christifidelibus
988 1777 1212 1856 praedictarum
1228 1776 1269 1836 ci-

525 1867 628 1928 vitatis
655 1876 685 1930 et
713 1870 858 1932 dioecesis
885 1871 1024 1946 Goauae,
1055 1879 1089 1932 ut
1111 1871 1267 1947 deinceps,

525 1963 661 2040 exceptis
692 1963 836 2026 omnihus
868 1965 975 2028 diebus
1006 1965 1179 2040 dominicis,
1214 1981 1270 2026 nce

527 2071 588 2116 non
613 2056 726 2118 Natalis
749 2059 869 2119 bomini
892 2058 995 2120 Nostri
1015 2060 1081 2122 lesu
1097 2059 1223 2132 Clnisti,
1240 2065 1271 2118 ct

524 2151 666 2228 sequenti
689 2151 793 2213 Sancti
825 2153 984 2231 Stephani,
1009 2151 1270 2224 circumcisionis,

528 2243 725 2323 Epiphaniae,
743 2245 893 2307 Pasclratis
909 2247 1155 2310 Rescurectionis
1173 2254 1204 2308 et
1225 2263 1270 2308 se-

527 2338 648 2414 quenti,
672 2338 866 2400 Pentecostes
887 2349 918 2401 et
940 2341 1095 2418 sequenti,
1111 2360 1144 2403 ac
1166 2357 1269 2417 corpo-

527 2431 569 2491 ris
581 2430 692 2494 Christi
704 2441 734 2492 et
747 2433 953 2506 ascensionis,
968 2434 1070 2496 Sancti
1086 2433 1207 2496 loaruris
1218 2433 1271 2494 Ba-

529 2527 649 2604 ptistae,
671 2544 703 2588 ac
724 2536 901 2590 sanctorum
922 2531 1004 2591 Petri
1026 2538 1056 2592 et
1071 2531 1155 2593 Pauli
1176 2549 1209 2592 ac
1230 2531 1272 2592 la-

528 2620 593 2682 cobi
605 2619 823 2698 Apostolorum
845 2631 876 2686 et
892 2626 1193 2688 commemorationis
1208 2641 1273 2685 om·

508 2748 510 2754 ‚
529 2716 618 2776 nium
631 2715 831 2793 Sanctor·uur;
847 2728 1003 2794 praeterea
1016 2719 1155 2798 quinque
1166 2719 1273 2780 dicatis

530 2810 638 2869 llcatae
657 2809 766 2871 blaciae
778 2810 900 2887 Virgini
918 2812 1146 2887 immaculatae,
1158 2813 1273 2874 scilicet

530 2902 764 2977 l’uriticationiS,
792 2905 1060 2982 drmuutiationis,
1082 2907 1274 2985 dssuvnptio-

530 2995 589 3070 uis,
616 2996 790 3059 Natiuitatis
812 3007 842 3060 ct
870 2999 1099 3079 conceptionis,
1130 3017 1273 3063 necnon

528 3090 624 3150 sancti
646 3092 767 3168 patroni
796 3101 848 3154 aut
871 3095 1010 3156 tutelaris
1030 3095 1195 3157 cuiuslibet
1216 3094 1272 3156 loci

530 3199 585 3260 pro
600 3185 778 3246 horninibus
793 3185 931 3248 eiusdem
947 3188 1005 3251 loci
1019 3191 1178 3251 dumtaxat
1192 3188 1274 3251 iesti-

531 3279 576 3338 vis
596 3277 714 3352 diebus,
734 3279 765 3339 in
787 3280 900 3357 quibus
914 3281 1036 3357 integra
1053 3290 1175 3344 maneat
1190 3299 1274 3360 prae-

529 3370 607 3447 cepti
631 3370 787 3446 obligatio,
810 3373 842 3434 ιιι
865 3373 991 3452 reliquis
1012 3393 1087 3437 vero
1108 3375 1193 3438 iestis
1208 3376 1275 3438 sive

532 3481 585 3542 per
608 3465 684 3527 hanc
706 3463 849 3528 Sanctam
872 3469 982 3530 Sedem
1009 3471 1187 3548 praeceptis,
1209 3470 1275 3532 sive

530 3574 585 3636 per
604 3559 764 3635 synodales
786 3563 966 3623 earumdem
991 3564 1122 3625 civitatis
1143 3572 1173 3625 et
1195 3565 1276 3626 dioc-

530 3653 607 3715 cesis
635 3655 881 3731 constitutiones,
904 3656 970 3718 sive
1001 3675 1197 3736 quacumque
1217 3661 1275 3721 alia

531 3749 568 3810 dc
589 3765 688 3824 causa,
711 3749 802 3810 etiarn
824 3767 863 3811 ex
884 3767 971 3813 causa
993 3753 1057 3813 voti
1075 3768 1129 3831 per
1145 3754 1275 3816 maiores

531 3859 603 3904 suos
624 3843 702 3916 lacti,
719 3845 799 3920 quod
821 3844 918 3922 quoad
941 3845 1019 3907 hanc
1040 3853 1159 3924 partem
1181 3850 1275 3908 etiarn

532 3937 712 3998 tauctoritate
730 3947 835 4000 nostra
849 3939 1009 4016 apostoliea
1024 3957 1079 4017 por·
1096 3951 1125 4002 te
1140 3956 1277 4002 commu·

535 4031 591 4088 tari
614 4029 775 4103 volumus,
804 4033 973 4109 praeceptis
1001 4035 1276 4112 praescriptisque,
1304 4097 1307 4119 Ι

533 4124 634 4184 autlita
658 4130 779 4185 tanturn
796 4125 899 4199 missa,
918 4126 1073 4188 laboriosis
1088 4145 1214 4190 suarum
1230 4145 1277 4189 ar-
1305 4122 1307 4173 l

535 4217 612 4278 tium
635 4217 916 4293 exercitationibus,
938 4221 1165 4300 servilibusque
1180 4222 1279 4298 operi·

535 4311 602 4386 bus,
624 4311 690 4372 sine
720 4311 783 4373 ullo
814 4327 939 4390 prorsus
967 4315 1173 4378 conscientiae
1194 4331 1278 4377 scru-

535 4404 607 4480 pulo
631 4422 736 4467 vacare
751 4407 879 4483 possint,
895 4407 1075 4470 auctoritate
1092 4417 1194 4469 nostra
1211 4425 1279 4486 apo·
1306 4356 1309 4464 ι

534 4498 638 4559 stolica
659 4501 805 4561 concedas
827 4507 859 4560 et
881 4499 1052 4577 indulgeas
1073 4502 1232 4579 permittas
1247 4519 1280 4564 ac

536 4601 661 4666 statuas,
686 4594 850 4670 praecipias
870 4612 904 4656 ac
925 4595 1061 4656 mandes.
1307 4582 1310 4721 Ι

576 4687 643 4762 §b
669 4685 736 4748 Noa
765 4689 956 4751 obstantibus
984 4689 1169 4768 apostolicis,
1191 4708 1224 4751 ac
1247 4691 1280 4752 in
1308 4726 1310 4782 Ι

537 4782 763 4843 universalibus
785 4783 1087 4864 provincialibusque
1108 4793 1138 4846 et
1154 4785 1281 4862 synoda·
1308 4799 1311 4900 Ι

458 4948 461 4956 ,
536 4875 617 4936 libus
642 4876 781 4938 conciliis
807 4877 897 4938 editis
925 4879 1120 4953 generalibus
1142 4879 1192 4940 vel
1214 4894 1281 4955 spe-

536 4968 660 5031 cialibus
680 4971 955 5032 constitutionibus
975 4978 1005 5032 et
1023 4972 1280 5048 ordinationibus,

537 5081 594 5126 nec
610 5080 671 5124 non
686 5065 821 5126 civitatis
838 5072 869 5126 et
883 5065 1028 5126 dioecesis
1044 5066 1280 5142 praedictarum,

538 5159 727 5238 illorumque
747 5159 885 5220 locorum
901 5159 994 5220 etiam
1010 5158 1197 5233 iuramento,
1211 5176 1282 5222 con-

538 5253 713 5314 firmatione
740 5253 903 5330 apostolica
926 5254 974 5313 vel
1002 5254 1110 5331 quavis
1136 5255 1283 5314 firmitate

537 5348 593 5408 :alia
615 5347 765 5408 roboratis
785 5348 906 5408 statutis
929 5354 958 5407 et
985 5346 1280 5421 consuetudinibus,
1309 5382 1311 5406 .

539 5442 710 5519 privilegiis
732 5458 867 5520 quoqne,
892 5441 1018 5503 indultis
1041 5449 1071 5503 et
1093 5441 1191 5502 literis
1213 5456 1282 5518 apo·
1309 5407 1312 5461 Ι

539 5537 652 5599 stolicis
682 5535 891 5617 superioribus
919 5543 950 5596 et
973 5533 1110 5612 personis
1137 5535 1195 5596 sub
1216 5478 1312 5611 qui-l

1045 535 1107 578 tun.
1132 533 1223 578 honr.
1247 533 1287 576 DE
1310 533 1337 576 P.
1361 535 1391 578 1³.
1416 535 1498 580 bans
1521 539 1540 581 l.

1321 653 1450 716 decretis
1480 658 1510 718 in
1543 675 1657 734 genere
1686 657 1736 719 vel
1761 659 1792 719 ιιι
1813 657 1923 735 specie,
1947 673 1980 718 ac
2001 656 2068 717 aliis

1322 747 1354 808 in
1375 751 1563 814 contrarium
1588 751 1819 829 quomodolibet
1839 751 2001 824 concessis,
2017 768 2067 831 ap-

1321 841 1453 918 probatis
1474 845 1692 908 clinnovatis.
1726 845 1842 920 Quibus
1872 845 2016 906 omnibus
2039 853 2069 906 et

1322 931 1453 1010 singulis
1475 936 1599 999 illorum
1632 945 1752 999 tenores
1779 937 1992 1014 praesentibus
2015 953 2069 1014 pro

1323 1025 1413 1103 pleno
1435 1037 1465 1089 ct
1486 1030 1675 1092 sudiciouter
1696 1031 1858 1108 expressis,
1873 1049 1906 1092 ae
1921 1032 1958 1093 do
1975 1031 2069 1092 verbo

1323 1117 1510 1184 adverbum
1534 1123 1659 1185 insertis
1680 1125 1839 1200 babentes,
1863 1123 1923 1185 illis
1944 1123 2015 1184 alios
2039 1123 2070 1184 in

1322 1231 1379 1274 suo
1402 1215 1511 1278 robore
1531 1218 1754 1293 permansuris,
1773 1216 1808 1276 ad
1833 1218 2071 1294 praemissorum

1324 1307 1467 1370 ellectum
1491 1309 1545 1370 hac
1571 1311 1636 1371 vice
1661 1311 1821 1373 dumtaxat
1846 1310 2019 1388 specialiter
2040 1319 2072 1370 et

1324 1418 1466 1479 expresso
1488 1403 1683 1480 derogamus
1699 1404 1889 1482 caeterisque
1908 1403 2073 1466 contrariis

1324 1495 1577 1573 quibuscamque.

1366 1589 1476 1650 liatum
1493 1589 1616 1666 domae,
1633 1592 1711 1670 apud
1728 1592 1759 1654 S.
1779 1591 1918 1664 Petrum,
1940 1590 1998 1650 snb
2019 1607 2072 1652 an-

1327 1681 1400 1743 nulo
1423 1683 1582 1746 Piscatoris
1604 1686 1652 1745 die
1675 1700 1731 1744 xrr.
1754 1684 1817 1745 dec.
1838 1699 2070 1756 nooctxxxm„

1327 1775 1521 1854 pontificatus
1544 1778 1641 1838 nostri
1662 1794 1745 1838 anno
1762 1794 1817 1838 ιιιι.

1609 1980 1821 1988 —-——-—-——

1660 2156 1737 2218 LXl.

1330 2344 1556 2420 Supprimitur
1577 2347 1809 2406 artonosco-tuuc
1824 2347 1860 2407 de
1880 2345 2007 2420 llZuxolco
2024 2364 2074 2408 cu-

1369 2439 1557 2498 rcouieoruvu
1579 2438 1791 2518 deputaretur
1809 2439 1942 2502 (ludicris
1960 2439 2072 2500 Srrttcti

1369 2533 1548 2610 Augustini
1570 2533 1604 2594 iu
1621 2537 1714 2607 prrrte
1730 2531 1900 2592 licvusciuc
1917 2533 2074 2594 Grrcsrrru-

1367 2625 1412 2685 sis
1433 2625 1592 2695 dioececis,
1616 2631 1646 2686 cl
1668 2624 1879 2702 applicentur
1900 2625 1969 2686 eius
1993 2625 2073 2687 borco

1368 2719 1540 2780 corniculae
1562 2719 1774 2780 ecclesiastico
1798 2718 1831 2776 iu
1854 2734 1889 2777 cu
1904 2723 1997 2794 purte
2012 2720 2075 2780 eri-

1369 2812 1477 2891 qando.

1350 2997 1519 3064 venerabli
1541 2997 1629 3064 tratri
1658 2996 1795 3063 michaeli
1819 2998 2054 3082 archiepiscopo

1612 3091 1793 3169 (theanensi,

1585 3277 1670 3346 vrbs
1693 3278 1753 3345 ΡΡ.
1779 3279 1825 3346 tlt.

1545 3468 1732 3536 Venerabilis
1754 3468 1863 3546 irater,

1366 3564 1494 3630 salutern
1516 3568 1548 3629 et
1569 3562 1766 3646 apostolicam
1792 3561 2041 3628 benedictionem.

1371 3757 1390 3829 5
1415 3755 1440 3815 ι.
1464 3754 1678 3818 Fraternitatis
1702 3761 1771 3814 tuae
1796 3753 1945 3826 studium,
1969 3769 2002 3814 ac
2024 3768 2079 3829 pro

1333 3857 1414 3912 recta
1436 3846 1692 3910 Clnistilidelium
1725 3855 1796 3906 tuae
1823 3861 1915 3906 curae
1935 3847 2081 3906 commis-

1332 3957 1437 4002 sorum
1461 3943 1492 4001 in
1515 3941 1561 4000 via
1586 3939 1706 4000 Domini
1729 3938 1899 4000 directione
1922 3939 2079 4014 pastoralis

1333 4034 1507 4095 sollicitudo
1529 4040 1559 4094 et
1581 4031 1714 4093 llornino
1735 4031 1848 4092 Nostro
1869 4033 1935 4092 lesu
1958 4031 2080 4094 Christo

1334 4145 1401 4190 cara
1422 4137 1455 4188 et
1482 4127 1568 4188 omni
1592 4125 1680 4187 laude
1708 4125 1798 4200 digna
1825 4131 1882 4186 est.
1907 4125 2079 4202 Siquidem,

1334 4222 1413 4282 sicut
1434 4235 1535 4296 nuper
1550 4238 1565 4280 a
1582 4226 1611 4281 te
1626 4217 1809 4295 accepimus,
1826 4233 1896 4278 curn
1913 4219 1944 4278 in
1960 4233 1994 4278 ea
2010 4225 2079 4280 tuae

1335 4313 1480 4378 dioecesis
1502 4321 1599 4390 parte,
1620 4327 1698 4390 quae
1720 4311 1777 4372 sub
1792 4310 1922 4386 imperio
1938 4319 1984 4374 est
1999 4313 2081 4388 regis

1337 4409 1507 4481 Borussiae,
1541 4407 1645 4484 plures
1676 4411 1884 4465 numerentur
1913 4405 2079 4480 paroeciae,

1337 4520 1410 4582 quas
1431 4503 1468 4562 ab
1489 4502 1532 4562 eis
1554 4499 1688 4560 maxime
1704 4513 1813 4573 gerere
1828 4503 1961 4574 oportet,
1978 4498 2030 4576 qui
2047 4499 2081 4559 il·

1339 4597 1465 4658 libatum
1494 4600 1525 4654 et
1557 4593 1776 4668 incorruptum
1808 4589 1877 4652 hdei
1908 4591 2082 4668 depositum

1336 4688 1556 4760 custodientes,
1580 4701 1612 4746 ac
1634 4683 1753 4744 nemini
1786 4683 1881 4744 ullam
1909 4685 2016 4746 (lantes
2038 4685 2081 4746 oi-

1339 4784 1520 4856 lcnsienem,
1535 4778 1629 4842 veluti
1646 4776 1804 4838 ministros
1821 4778 1873 4838 Dei
1890 4778 1922 4839 in
1939 4778 2082 4840 omnibus

1337 4893 1369 4937 se
1391 4875 1567 4946 exhibeant,
1591 4872 1663 4932 hinc
1684 4869 1718 4930 ad
1742 4870 1771 4932 id
1790 4877 1982 4949 quantopere
1997 4887 2082 4934 raren-

1340 4980 1402 5033 tent
1425 4977 1455 5030 et
1483 4965 1701 5044 cogitationem
1730 4963 1929 5037 convertisti;
1954 4981 2083 5042 quapro-

1338 5075 1418 5144 pter,
1434 5077 1506 5124 cum
1528 5061 1564 5122 ad
1588 5067 1676 5120 tuum
1698 5057 1885 5119 desiderium
1906 5057 2083 5120 huiusmodi

1339 5159 1383 5221 nil
1403 5153 1627 5220 conducibilius
1648 5151 1755 5229 nilque
1775 5151 1874 5229 aptius
1895 5167 1961 5212 esse
1983 5152 2084 5214 videa·

1339 5263 1401 5323 tur,
1423 5264 1516 5327 quarn
1537 5246 1777 5308 ecclesiasticum
1798 5245 2001 5306 seminarium
2023 5245 2084 5308 illic

1338 5345 1470 5420 erigere,
1494 5343 1527 5402 in
1549 5356 1611 5418 quo
1632 5338 1840 5400 adolescentes
1866 5337 1981 5400 subditi
2002 5341 2083 5416 regis

1339 5437 1498 5500 Borussiae
1520 5436 1552 5498 in
1574 5442 1690 5496 sortem
1709 5431 1830 5494 Domini
1847 5431 1956 5507 vocati,
1973 5434 2085 5509 quibus

1340 5548 1394 5611 per
1415 5530 1583 5592 saeculares
1607 5526 1701 5603 leges,
1717 5541 1757 5587 ne
1779 5526 1814 5586 ad
1834 5535 1938 5586 extera
1953 5527 2084 5588 semina-

2149 3773 2171 3814 Ε
2178 3779 2195 3813 x
2204 3767 2327 3828 positio

2100 3834 2217 3880 precum
2233 3833 2260 3865 ιιι
2278 3831 2327 3876 qua

2098 3887 2202 3922 causae
2227 3886 2327 3919 monro-

2099 3929 2329 4024 mmm&

2099 3985 2169 4029 tiam
2184 3992 2276 4027 coneer
2288 3993 2327 4026 en-

2100 4038 2164 4082 darn
2192 4039 2326 4080 moventes

2099 4096 2124 4138 ot
2141 4089 2273 4136 idoneae.

540 5636 731 5713 buseumque
757 5635 916 5697 tenoribus
947 5638 978 5692 et
1009 5631 1126 5704 lormis,
1157 5647 1191 5690 ac
1212 5643 1283 5690 curn
1310 5594 1313 5687 ι
1340 5627 1383 5689 ria
1405 5625 1604 5698 conveniant,
1626 5621 1759 5682 vetitum
1790 5628 1848 5695 est,
1872 5621 1908 5682 od
1939 5622 2085 5698 pietatem

540 5729 698 5808 quibusvis
719 5730 812 5790 etiarn
839 5728 1104 5804 derogatoriarum
1126 5725 1284 5802 derogato·
1311 5700 1313 5804 Ι
1340 5731 1371 5783 ει
1391 5734 1546 5782 sacrarum
1569 5716 1780 5780 doctrinarum
1802 5714 1902 5776 studia
1920 5715 2086 5776 ellormen-

541 5824 607 5898 riis,
630 5823 758 5900 aliisque
780 5822 1000 5883 efficacioribus
1021 5820 1237 5884 efficacissimis
1252 5835 1285 5880 ac
1311 5842 1314 5889 t
1342 5823 1403 5888 tur,
1427 5812 1576 5888 bonisque
1598 5807 1735 5870 moribus
1757 5807 1955 5882 irnbuantur·;
1982 5808 2010 5869 id
2033 5826 2085 5870 au·

541 5917 673 5980 insolitis
704 5916 859 5990 clausulis,
890 5915 1144 5994 irritantibusque
1166 5923 1197 5976 et
1218 5912 1284 5974 aliis
1311 5894 1314 5956 ¹
1342 5917 1404 5970 tem
1427 5921 1528 5982 neque
1543 5901 1746 5974 commodius
1763 5916 1865 5978 nequae
1879 5902 2086 5978 opportunius
