4776 6974
909 565 980 612 PIUS
1002 564 1052 610 PP·
1076 561 1119 608 Vl.

241 689 340 750 batam
370 705 500 752 suorum
529 695 743 752 conventuum
771 701 838 748 rem
859 683 987 746 familia·

240 797 306 843 rem
336 782 510 846 satisfacere
539 781 639 860 impar
667 780 797 843 omnino
828 785 923 851 esset,
952 793 986 838 ac

239 875 375 937 alsentia
399 876 611 956 probatiorum
634 889 764 938 suorum
785 871 986 934 alumnorum

239 967 369 1031 eiiitiora
390 969 449 1048 ipsi
470 968 561 1045 foret,
576 965 758 1045 praesertim
779 980 850 1027 oum
871 979 908 1026 ei
927 979 986 1025 usu

239 1073 434 1139 compertum
455 1065 507 1137 sit,
530 1064 630 1138 indos,
646 1061 767 1142 quoties
781 1059 814 1122 in
831 1059 982 1136 Europam

240 1157 426 1234 deveniunt,
449 1155 497 1221 vel
519 1157 597 1219 mori
620 1155 671 1218 vel
687 1154 796 1216 saltem
812 1153 852 1214 ita
867 1150 985 1211 valetu-

240 1251 375 1312 dinarios
397 1251 477 1327 lieri,
493 1259 539 1326 ut,
555 1251 588 1312 in
604 1248 732 1327 patriam
747 1245 877 1318 reversi,
893 1259 986 1305 onera

238 1359 311 1406 suae
332 1343 484 1420 regularis
506 1341 704 1422 professionis
730 1340 834 1402 subire
855 1336 986 1414 amplius

240 1453 303 1499 non
325 1437 468 1500 valeants
488 1439 683 1500 considerans
710 1440 880 1514 praeterea,
903 1431 984 1509 quod

239 1531 264 1591 si
283 1531 380 1594 altera
399 1530 580 1594 earumdem
606 1529 866 1593 constitutionum
887 1525 986 1602 dispo-

239 1626 319 1699 sitio,
343 1633 379 1686 ut
399 1624 516 1688 scilicet
536 1624 568 1688 in
590 1623 730 1702 capitulis
744 1619 986 1702 provincialibus

239 1719 492 1783 extraordinariis
521 1719 653 1782 vicarius
680 1718 839 1780 dumtaxat
861 1714 987 1792 provin-

239 1814 333 1888 cialis,
356 1823 490 1892 quatuor
511 1813 690 1875 definitores
711 1809 843 1873 actuales
858 1826 891 1870 ac
906 1806 987 1885 prio·

240 1927 288 1972 res
308 1915 536 1983 conventuum,
559 1908 612 1985 qui
636 1905 715 1968 ultra
739 1905 864 1982 triginta
885 1903 986 1964 leucas

238 2021 254 2062 a
276 2004 368 2064 domo
389 2001 551 2078 capitulari
565 2016 628 2062 non
645 2000 770 2074 distant,
786 1999 834 2060 ius
848 1993 985 2070 suffragii

241 2096 400 2169 baberent,
424 2095 555 2170 vigeret,
578 2093 720 2171 partium¹
739 2091 860 2164 studiis,
883 2089 985 2167 proin-

239 2191 338 2267 deqne
370 2187 544 2251 innumeris
575 2185 858 2264 perturbationibus
886 2199 918 2244 ac
940 2182 985 2242 in-

239 2284 407 2346 commodis
434 2299 521 2345 causa
549 2281 766 2360 praeberetur:
790 2277 986 2340 considerans

239 2377 367 2440 demum
383 2375 466 2454 quod
486 2374 653 2452 singularis
675 2373 768 2435 nimis
782 2372 903 2450 sibique
918 2385 985 2446 gra·

239 2471 285 2532 vis
305 2477 385 2532 esset
408 2470 496 2531 tortia
517 2469 700 2532 earumdem
727 2464 986 2530 constitutionum

240 2564 300 2638 leii,
322 2570 359 2626 ut
381 2578 494 2641 nempe
516 2577 573 2640 pro
593 2559 791 2624 admittendis
813 2559 985 2619 officiorum

240 2657 437 2736 provincialis
458 2657 658 2719 definitorum
680 2655 875 2733 aliorumque
896 2667 988 2730 supe-

238 2753 358 2814 riorum
373 2750 615 2814 abdicationibus
628 2767 683 2812 seu
698 2745 986 2811 renunciationibus

238 2855 372 2925 quatuor
393 2861 431 2906 eii
452 2845 588 2924 quinque
605 2842 843 2918 suffragantibus
858 2855 987 2902 consen·

239 2943 298 3003 tire
317 2939 461 3013 debeam,
483 2953 552 3000 cnm
574 2937 611 2999 ab
633 2937 741 2998 iisdem
756 2933 986 2998 constitutioni-

238 3035 295 3096 bus
315 3032 530 3094 definitorium
552 3031 644 3094 buius
665 3030 843 3109 provinciae
859 3028 986 3090 caeteris

239 3127 422 3190 delinitoriis
443 3129 672 3205 aequiparetur,
695 3125 727 3186 in
749 3125 872 3203 quibus,
894 3129 986 3201 prout

239 3221 354 3283 iamdiu
376 3221 408 3282 in
431 3221 538 3282 eadem
559 3219 717 3300 provincia
743 3218 846 3282 Sancti
867 3216 986 3279 alberti

239 3316 272 3375 in
295 3329 380 3375 more
402 3322 479 3389 erat,
497 3314 554 3376 tria
569 3313 605 3374 ail
623 3317 679 3376 noc
694 3321 815 3376 tantum
832 3313 985 3374 sufficiant

238 3406 390 3483 suffragia.
414 3407 493 3469 Hinc
514 3407 546 3468 in
568 3407 701 3485 capitulo
728 3403 878 3483 generalis
899 3404 985 3468 Ordi-

240 3502 288 3564 nis
301 3510 332 3562 et
346 3501 595 3579 congregationis
609 3501 833 3579 praedictorum
851 3503 883 3563 in
899 3516 986 3562 men-

238 3613 271 3658 se
291 3595 474 3672 septembris
501 3595 576 3656 anni
606 3595 746 3657 transacti
769 3611 910 3660 unccrc.
934 3596 986 3657 lia·

240 3691 313 3765 bito,
336 3708 370 3753 ac
396 3689 428 3750 in
458 3689 540 3751 illius
568 3690 704 3751 sessione
734 3688 896 3751 undecima
925 3689 985 3750 diei

239 3791 341 3846 sextae
361 3783 493 3845 octobris
514 3783 619 3845 eadem
642 3783 799 3860 provincia
817 3781 921 3846 Sancti
938 3781 986 3843 dl·

240 3877 317 3938 berti
338 3893 396 3954 per
419 3891 512 3938 suum
544 3875 723 3953 legitimum
753 3884 984 3953 procuratorem

239 3984 301 4031 non
333 3969 433 4032 solum
463 3969 555 4049 plene
587 3968 706 4032 iuribus
737 3987 770 4030 ac
791 3968 985 4032 facultatibus

238 4063 305 4138 sibi,
328 4072 362 4125 ut
382 4064 569 4140 praefertur,
596 4063 748 4126 concessis
768 4079 784 4124 a
806 4062 892 4126 dictis
913 4079 985 4126 con·

237 4156 451 4220 stitutionibus
478 4156 597 4219 ferendi
622 4157 737 4219 scilicet
758 4155 819 4219 duo
840 4157 983 4233 suffragia

238 4251 270 4312 in
292 4248 422 4328 singulis
443 4249 583 4328 capitulis
599 4251 805 4327 generalibus,
822 4259 914 4327 atque
929 4250 983 4312 eli·

238 4345 328 4420 gendi
349 4344 407 4406 sibi
429 4344 627 4406 definitorem
658 4344 836 4420 generalem
869 4360 985 4407 renun-

238 4437 344 4514 ciavit;
369 4451 479 4522 verum
502 4438 595 4499 etiam
610 4437 646 4499 ab
661 4435 770 4500 eodem
784 4437 917 4516 capitulo
932 4453 983 4514 ge-

239 4531 334 4592 nerali
355 4529 444 4592 valde
465 4531 637 4605 contendit,
660 4536 694 4593 ut
712 4530 783 4592 alias
798 4530 871 4592 duas
885 4529 984 4610 dispo·

237 4625 361 4686 sitiones
382 4625 555 4701 abrogaret,
579 4632 686 4702 utpote
706 4642 784 4704 quae
798 4624 900 4688 eidem
914 4642 983 4704 pro·

238 4719 355 4782 vinciae
377 4717 509 4779 mininie
528 4718 630 4780 utiles.
646 4719 852 4793 Quamobrem
867 4721 983 4796 capitu·

237 4813 302 4874 lum
323 4810 467 4889 generale
489 4811 666 4874 uniusmodi
693 4821 853 4890 postquam
874 4815 982 4874 omnia

237 4905 361 4967 adducta
383 4903 541 4966 rationum
559 4913 715 4966 momenta
731 4914 853 4968 maturo
867 4907 982 4967 eiiami·

238 5014 278 5060 ne
297 4999 471 5077 perpendit,
494 4997 685 5075 expostulata
705 4999 882 5075 provinciae
897 5015 983 5077 prae-

238 5092 332 5155 dictae
360 5093 438 5154 insta
465 5101 558 5171 atque
579 5107 673 5172 aequa
699 5107 765 5153 esse
786 5093 980 5170 cognoverit,

237 5186 485 5248 renuntiationes
506 5185 653 5264 praefatas
673 5184 807 5259 admisit,
827 5184 981 5262 probavit-

238 5295 295 5357 que
316 5287 408 5358 atque
429 5280 556 5357 insuper
577 5279 725 5352 decrevit,
746 5285 779 5340 ut
802 5289 982 5356 procurator

238 5373 387 5448 generalis
414 5372 511 5436 dictae
537 5373 725 5450 provinciae,
747 5374 799 5452 qui
823 5374 854 5436 in
877 5375 981 5453 Hispa-

237 5467 294 5528 niis
313 5467 515 5530 continenter
535 5475 794 5542 commoraretur,
809 5467 898 5531 nullo
913 5469 981 5532 iure

238 5559 376 5638 deinceps
396 5559 536 5637 suffragii
556 5561 590 5622 in
612 5560 752 5639 capitulis
770 5559 978 5638 generalibus,

238 5663 325 5730 proiit
345 5653 375 5717 ei
396 5653 590 5733 abantiquis
611 5652 882 5716 constitutionibus
903 5654 982 5715 elar-

239 5746 385 5823 giebatur,
407 5747 500 5824 potiri
520 5755 634 5824 posset,
655 5755 749 5826 utque
766 5748 803 5809 de
817 5747 901 5810 bisce
915 5763 980 5809 om·

239 5840 326 5903 nibus
346 5857 362 5901 a
383 5841 473 5903 uobis
494 5850 524 5903 et
545 5841 582 5902 ab
602 5839 657 5902 liac
678 5841 787 5904 Sancta
809 5840 979 5918 Apostolica

239 5931 311 5997 Sede
330 5943 412 5998 esset
433 5937 564 6016 petenda
578 5933 789 6000 confirmatio:
807 5948 862 6011 pro
876 5941 979 6012 postu·

1040 681 1099 744 lata
1121 695 1195 741 vero
1221 677 1427 756 praefatarum
1448 673 1554 752 legum
1575 663 1786 744 abrogatione,

1041 775 1153 854 quibus
1175 773 1225 834 vel
1246 786 1397 834 numerus
1419 766 1572 830 vocalium
1595 763 1627 825 in
1646 755 1789 837 capitulis

1041 866 1281 946 provincialibus
1292 858 1545 927 extraordinariis
1556 855 1728 924 cohibetur,
1737 847 1787 909 vel

1041 970 1175 1040 quatuor
1195 975 1232 1022 ex
1248 959 1388 1038 quinque
1403 950 1570 1017 definitorii
1584 945 1737 1022 suffragiis
1751 941 1787 1005 ad

1041 1053 1245 1116 admittendas
1266 1051 1440 1114 officiorum
1455 1043 1658 1108 abdicationes
1673 1055 1727 1101 seu
1742 1052 1789 1099 re·

1042 1146 1256 1210 nunciationes
1278 1145 1407 1206 omnino
1429 1138 1598 1204 necessaria
1613 1149 1678 1197 esse
1692 1131 1789 1194 sanci-

1043 1249 1106 1316 tur,
1129 1247 1199 1302 uta
1221 1239 1310 1303 nobis
1339 1237 1454 1316 pariter
1475 1242 1506 1296 et
1527 1231 1564 1294 ab
1592 1230 1648 1292 fiac
1679 1226 1788 1290 Sancta

1042 1334 1121 1398 Sede
1138 1341 1217 1396 esset
1233 1332 1436 1412 impetranda,
1451 1328 1526 1391 scite
1541 1321 1716 1390 constituit:
1734 1335 1788 1382 no-

1042 1427 1088 1490 bis
1108 1435 1269 1506 propterea
1291 1432 1480 1488 memoratus
1495 1419 1631 1498 ignatius
1645 1431 1787 1496 procura·

1044 1527 1090 1580 tor
1112 1520 1266 1598 generalis
1292 1518 1465 1598 praedictus
1489 1512 1652 1576 humiliter
1673 1505 1790 1585 suppli·

1043 1615 1103 1677 cari
1126 1614 1197 1676 fecit
1218 1620 1253 1675 ut
1274 1613 1307 1675 in
1329 1610 1504 1690 praemissis
1519 1605 1692 1686 providere,
1708 1609 1739 1663 et
1754 1608 1788 1662 ut

1042 1708 1120 1772 infra
1137 1707 1298 1786 indulgere
1311 1707 1349 1768 de
1364 1702 1554 1781 benignitate
1569 1696 1730 1778 apostolica
1745 1693 1789 1755 di-

1042 1819 1221 1879 gnaremur.

1082 1903 1100 1978 ἓ
1122 1900 1151 1962 3.
1176 1898 1237 1960 Nos
1258 1898 1355 1974 igitur
1383 1911 1454 1958 cum
1474 1893 1512 1956 de
1532 1892 1665 1954 utilitate
1687 1907 1720 1952 ao
1742 1889 1789 1953 iu·
1822 1893 1909 1990 ,fopgr
1923 1899 2022 1937 concis·

1042 1995 1123 2056 stitia
1145 1992 1410 2070 expostulatorum
1426 1987 1603 2068 provinciae
1617 1984 1719 2050 Sancti
1738 1984 1787 2046 ill-
1808 1956 1864 1994 ⁸¹⁰⁰
1891 1979 1896 1990 '

1043 2089 1121 2149 berti
1143 2087 1325 2166 praedictae,
1345 2100 1424 2164 quae
1445 2083 1526 2146 dioto
1547 2080 1682 2159 capitulo
1697 2094 1789 2156 gene·

1042 2183 1097 2245 rali
1119 2183 1243 2262 praevio
1274 2187 1395 2242 maturo
1427 2177 1570 2240 examine
1598 2181 1681 2252 gesta
1701 2181 1787 2247 sunt,

1042 2279 1175 2340 dubitari
1199 2293 1261 2338 non
1282 2276 1397 2347 sinant,
1423 2273 1503 2334 illius
1526 2271 1618 2344 bono,
1635 2279 1787 2347 quantum

1043 2375 1075 2437 in
1098 2374 1185 2435 nobis
1212 2380 1269 2446 est,
1292 2369 1466 2441 consulere,
1488 2366 1614 2443 suisque
1635 2363 1715 2426 votis
1737 2380 1789 2425 an·

1043 2483 1140 2530 nuere
1161 2466 1313 2537 volentes,
1336 2480 1370 2525 ac
1391 2477 1498 2523 omnes
1520 2469 1550 2521 et
1565 2458 1738 2536 singulares
1754 2457 1788 2517 il·

1042 2560 1157 2633 lorum,
1186 2573 1321 2637 quorum
1349 2557 1488 2628 interest,
1521 2567 1663 2632 personas
1684 2569 1698 2611 a
1721 2551 1790 2628 qui·

1044 2652 1147 2714 busvis
1168 2648 1510 2721 excommunicationis,
1532 2644 1743 2723 suspensionis
1759 2650 1790 2706 et

1043 2745 1210 2818 interdicti,
1239 2744 1367 2822 aliisque
1399 2738 1609 2804 ecclesiasticis
1636 2739 1787 2813 censuris,

1042 2840 1207 2904 sententiis
1227 2848 1259 2900 et
1287 2837 1393 2916 poenis
1413 2835 1524 2914 quovis
1544 2835 1637 2896 modo
1658 2842 1688 2894 et
1716 2848 1789 2910 qua·

1042 2951 1176 3013 cumque
1197 2935 1235 2996 de
1255 2949 1343 2995 causa
1365 2931 1444 3006 latis,
1459 2930 1483 2991 si
1503 2947 1576 3008 quas
1593 2928 1670 2990 forte
1686 2928 1790 2988 incur·

1042 3032 1152 3104 rerint‚
1165 3029 1259 3091 buius
1280 3034 1402 3088 tantum
1423 3024 1468 3085 rei
1484 3023 1580 3099 gratia
1595 3022 1789 3083 absolventes

1042 3133 1073 3186 et
1093 3124 1245 3186 absolutas
1267 3122 1332 3183 fore
1363 3126 1536 3191 censentes,
1559 3115 1788 3192 supplicationi-

1042 3219 1098 3281 bus
1120 3215 1296 3280 liuinsmodi
1319 3212 1470 3284 inclinati,
1492 3211 1733 3284 acceptationem
1758 3218 1789 3271 et

1041 3314 1259 3376 admissionem
1284 3309 1482 3374 abdicationis
1503 3323 1558 3368 seu
1580 3305 1789 3368 renunciatio-

1042 3409 1091 3470 nis
1113 3416 1181 3470 tum
1202 3405 1279 3470 iuris
1301 3403 1419 3466 ferendi
1442 3403 1473 3463 in
1495 3401 1627 3478 singulis
1649 3398 1789 3477 capitulis

1042 3501 1240 3583 generalibus
1271 3500 1332 3561 duo
1355 3496 1510 3573 suilragia,
1538 3503 1606 3556 tum
1638 3493 1789 3556 facultatis

1041 3597 1178 3676 eligendi
1198 3596 1255 3657 sibi
1276 3593 1473 3656 definitorem
1489 3589 1666 3666 generalem
1681 3606 1696 3648 a
1712 3588 1787 3666 legi-

1043 3697 1117 3756 timo
1138 3696 1337 3770 procuratore
1358 3685 1496 3748 eiusdem
1517 3683 1693 3761 provinciae
1714 3681 1788 3744 San·

1040 3788 1082 3851 oti
1106 3785 1222 3848 alberti
1244 3784 1349 3856 factae,
1372 3797 1404 3842 ac
1427 3780 1457 3840 in
1474 3783 1641 3840 convocato
1654 3776 1788 3854 capitulo

1042 3879 1180 3956 generali
1211 3875 1388 3939 huiusmodi
1415 3873 1600 3934 solemniter
1627 3871 1785 3945 admissae,

1042 3988 1182 4035 necnon
1205 3987 1251 4044 ea,
1273 3985 1351 4049 qiiae
1372 3970 1404 4028 in
1426 3966 1510 4028 illius
1525 3963 1787 4044 correspectivita·

1041 4076 1105 4129 tem
1126 4066 1291 4127 abeodem
1323 4062 1457 4141 capitulo
1489 4059 1626 4136 generali
1656 4059 1788 4122 subinde

1040 4161 1161 4222 decreta
1183 4166 1268 4231 sunt,
1291 4157 1473 4218 auctoritate
1495 4154 1657 4232 apostolica
1680 4163 1788 4216 tenore

1040 4255 1252 4333 praesentium
1279 4251 1499 4312 confirmamus
1520 4255 1551 4308 et
1572 4247 1786 4324 approbamus,

1039 4347 1162 4427 illisque
1177 4345 1364 4408 inviolabilis
1379 4341 1560 4422 apostolicae
1573 4341 1728 4402 firmitatis
1739 4357 1787 4402 ro·

1042 4443 1099 4503 bur
1120 4439 1292 4512 adimimus,
1315 4454 1348 4500 ac
1369 4453 1477 4498 ornnes
1499 4441 1530 4496 et
1551 4435 1690 4511 singulos
1713 4435 1787 4496 iuris

1040 4544 1070 4596 et
1091 4534 1160 4596 facti
1184 4531 1330 4606 delectus,
1352 4531 1378 4592 si
1399 4529 1452 4608 qui
1474 4530 1606 4608 desuper
1622 4529 1653 4590 in
1670 4529 1787 4592 eisdem

1039 4625 1269 4705 quomodolibet
1290 4624 1533 4697 intervenerint,
1553 4621 1734 4700 supplemus
1755 4631 1786 4684 et

1037 4735 1193 4782 sanamus.

1039 4907 1192 4985 generalis
1223 4921 1375 4970 consensu
1398 4913 1428 4970 et
1456 4913 1539 4979 voto,
1562 4921 1624 4984 quo
1650 4904 1785 4981 partium

1038 5001 1147 5065 studiis
1169 5002 1200 5063 in
1222 5003 1327 5062 eadem
1343 4999 1501 5077 provincia
1515 4999 1631 5060 occasio
1646 4997 1785 5070 tollatur,

1038 5111 1072 5157 ac
1092 5093 1267 5173 provinciae
1289 5094 1461 5171 praedictae
1486 5091 1697 5155 definitorium
1721 5104 1786 5152 cae·

1040 5195 1176 5250 terarum
1198 5186 1427 5266 provinciarum
1442 5186 1558 5250 ordinis
1572 5194 1603 5249 et
1617 5199 1787 5262 congrega·

1040 5281 1132 5343 tionis
1153 5281 1383 5359 praedictorum
1405 5280 1589 5344 delinitoriis
1611 5280 1708 5356 magis
1723 5294 1785 5340 ma-

1038 5375 1148 5454 gisque
1175 5374 1403 5454 aequiparetur,
1426 5373 1553 5454 aliisque
1575 5373 1663 5436 iustis
1685 5389 1718 5435 ac
1740 5389 1787 5433 ra·

1038 5469 1234 5532 tionabilibus
1256 5469 1294 5530 de
1318 5471 1427 5543 causis,
1451 5470 1574 5548 praevia
1600 5467 1783 5530 eorumdem

1036 5563 1295 5626 constitutionum
1322 5563 1533 5640 abrogatione,
1562 5563 1731 5626 cassatione
1753 5569 1786 5623 et

1038 5657 1212 5720 irritatione
1234 5657 1266 5718 in
1289 5673 1323 5719 ea
1345 5666 1432 5735 pai-te
1455 5665 1588 5732 tantum,
1610 5673 1689 5736 quae
1704 5656 1784 5720 iufra

1036 5750 1260 5813 constituendis
1274 5751 1467 5824 adversatur,
1484 5759 1517 5812 ut
1532 5751 1675 5828 deinceps
1690 5751 1784 5812 etiam

1037 5845 1069 5906 in
1096 5843 1336 5922 provincialibus
1363 5842 1504 5923 capitulis
1535 5844 1784 5906 entraordinariis

1037 5937 1120 5998 iuxta
1142 5951 1251 5998 rerum
1272 5937 1365 6014 vices,
1388 5945 1420 5999 et
1441 5937 1624 6014 praesertim
1645 5951 1701 6016 pro
1723 5937 1785 6000 ele-

1711 525 1769 590 357
1820 511 2008 568 du.d.1791

1078 4815 1096 4890 ᾗ
1118 4814 1147 4874 f.
1172 4814 1342 4888 Praeterea,
1358 4818 1477 4876 attento
1498 4809 1637 4873 eiusdem
1659 4810 1786 4890 capituli
1805 4813 2019 4914 effloratione-
