4856 7010
989 552 1046 608 tto
1067 555 1117 608 ΡΙ).
1141 554 1199 606 xtt.

321 681 572 761 Iustinopolitana
593 691 624 746 et
646 679 781 746 Polensis
797 680 954 745 eodemac
968 693 1069 758 respe-

322 780 421 842 olivae
442 777 690 842 concathedrales
712 776 780 839 iure
805 773 902 854 quoad
923 767 1069 849 suliraga·

323 881 450 937 neatum
470 872 693 946 censebuntur,
715 869 815 932 deleta
840 868 977 949 qualibet
997 881 1069 942 erga

322 969 481 1032 diversum
503 965 773 1044 Metropolitanum
790 960 1070 1039 earumdemprae-

322 1061 403 1124 senti
425 1061 628 1124 subiectione.
775 1127 778 1136 ¹

363 1156 382 1230 ἓ
403 1155 432 1216 5.
457 1155 551 1216 Porro
572 1154 609 1215 de
630 1150 835 1232 capitulorum
849 1146 1070 1212 cathedralium

324 1247 520 1313 ordinatione
543 1245 703 1324 sequentia
726 1243 936 1307 decernimus.
960 1239 1071 1302 ldetro·

324 1341 475 1422 politanae
496 1338 639 1403 ecclesiae
671 1337 820 1400 ladrensis
842 1333 1011 1414 capitulum
1033 1347 1071 1394 ex

326 1436 424 1500 tribus
435 1433 586 1497 constabit
600 1431 812 1509 dignitatibus,
825 1426 999 1508 praeposito
1010 1425 1073 1504 pri-

112 1163 253 1216 ordlnatlo
267 1174 305 1210 ca·

87 1217 305 1322 tltlhltllf*

325 1547 374 1594 ma
396 1529 511 1592 scilicet
534 1534 601 1607 post
628 1523 847 1606 pontificalem,
872 1518 1004 1584 secunda
1025 1533 1073 1580 ar·

325 1623 535 1687 chidiaconatu
556 1637 589 1684 ac
610 1622 757 1684 decanatu
785 1618 887 1690 tertia,
915 1611 1073 1691 simulque

326 1735 364 1781 er
379 1719 516 1797 quinque
526 1714 768 1778 canonicatibus:
783 1707 914 1788 capitula
924 1721 999 1768 vero
1009 1703 1072 1782 epi·

324 1809 493 1891 scopalium
508 1808 705 1872 ecclesiarum
720 1802 901 1870 Goritiensis
916 1816 949 1862 ac
960 1799 1072 1873 'lorge-

325 1909 425 1970 stinae
448 1913 509 1969 tres
531 1903 643 1983 pariter
665 1897 877 1964 numerabunt
896 1892 1072 1971 dignitates,

326 2015 441 2077 nempe
467 1985 721 2079 praeposituram,
742 1991 1021 2054 archidiaconatum
1043 1989 1088 2060 et,

327 2098 520 2168 decanatum,
543 2107 600 2153 uec
622 2103 685 2151 non
707 2092 839 2165 quatuor
863 2079 1070 2144 cononicatus.

326 2191 460 2252 Domum
491 2183 621 2264 capitula
646 2179 848 2244 'ecclesiarum
879 2171 1072 2251 llagusinae,

327 2279 525 2364 Spalatensis,
544 2273 769 2348 Sebenicensis,
785 2268 984 2341 Cattaransis,
999 2265 1074 2325 Pha·

328 2375 439 2450 rensis,
462 2372 646 2436 Parentinae
664 2375 695 2430 et
710 2362 872 2442 veglensis
886 2360 1073 2425 constituen-

329 2476 380 2533 tur
402 2485 440 2531 ex
461 2467 578 2531 duabus
592 2461 806 2540 dignitatibus,
822 2457 974 2522 nimirum
989 2467 1074 2531 prae-

328 2563 519 2644 posituraac
538 2561 698 2632 decanatu,
721 2564 751 2616 et
772 2569 810 2616 ex
832 2560 964 2631 quatuor
984 2561 1074 2610 cano-

329 2657 490 2721 nicatibus.
515 2654 618 2716 Erunt
639 2651 752 2730 pariter
773 2648 805 2710 in
827 2643 1007 2709 memoratis
1028 2657 1074 2704 ca-

328 2749 435 2830 pitulis
457 2747 603 2821 ladrensi,
626 2740 817 2806 Gorinticnsi
839 2755 872 2801 ac
893 2735 1074 2813 Tergestino

328 2859 394 2918 seu,
417 2842 450 2904 in
471 2841 599 2919 reliquis
621 2845 725 2900 autem
740 2843 883 2914 quatuor,
900 2829 1004 2893 vicarii
1019 2845 1074 2890 seu

328 2933 553 3017 praebendarii,
570 2931 624 3012 qui
638 2937 758 3010 praesto
771 2929 835 2990 sint
848 2923 975 2989 servitio
989 2920 1075 2985 chori

329 3048 360 3093 et
379 3045 536 3092 sacrorum
552 3022 771 3106 procurationi.
786 3019 911 3096 Quodsi
926 3017 958 3106 in
973 3016 1075 3094 aliqua

328 3140 368 3186 ea
388 3123 549 3202 praedictis
570 3119 705 3184 ecclesiis
732 3116 826 3196 aliqui
847 3111 1006 3190 dignitarii
1028 3127 1076 3173 ca-

330 3219 433 3285 nonici
455 3227 486 3280 et
507 3215 612 3278 vicarii
634 3230 689 3276 seu
710 3207 922 3290 praebendarii
938 3205 1075 3283 legitime

331 3315 467 3378 instituti
482 3311 581 3374 adhuc
596 3309 628 3371 in
644 3321 787 3387 praesens
802 3304 1010 3381 reperiantur,
1022 3300 1075 3379 qui

331 3422 501 3473 numerum
523 3419 578 3482 pro
600 3401 772 3482 respectivo
801 3400 937 3478 ipsorum
968 3393 1076 3458 ordine

330 3501 543 3582 praesentibus
564 3498 762 3576 praefinitum
784 3494 942 3568 excedant,
966 3491 998 3552 in
1019 3490 1077 3551 hoc

331 3613 401 3659 casu
426 3595 447 3657 ii
466 3595 520 3673 qni
534 3593 677 3654 omnium
691 3588 839 3667 postremi
855 3584 996 3649 beneficii
1010 3599 1078 3664 pos·

330 3692 499 3754 sessionem
515 3686 616 3766 adepti
631 3685 759 3758 luerint,
774 3683 837 3745 suis
852 3681 978 3761 quidem
992 3681 1075 3755 sede,

332 3785 410 3860 loco,
431 3782 577 3858 suffragio
607 3779 736 3857 aliisque
764 3776 882 3839 iuribus
904 3784 934 3837 et
956 3790 1077 3852 praero-

333 3880 442 3957 gativis
463 3877 536 3953 lrui,
552 3872 784 3950 redditibusque
798 3870 832 3931 in
846 3885 879 3931 aa
895 3867 1076 3948 quantitate,

241 3979 243 3986 “
332 3989 426 4053 quam
448 3986 533 4034 nunc
562 3967 746 4046 percipiunt,
768 3963 903 4042 gaudere
933 3969 1075 4040 pergent,

235 4079 243 4093 ·
332 4068 430 4130 donec
443 4063 592 4137 vixerint,
603 4060 656 4124 sed
670 4059 806 4138 ipsorum
821 4058 966 4120 beneficia
982 4071 1078 4135 quan·

333 4165 508 4238 ducumque
528 4156 706 4218 vacaverint
728 4153 807 4216 nulli
827 4151 916 4215 alteri
932 4156 1078 4230 poterunt

333 4253 483 4327 conferri3
505 4257 540 4313 ut
556 4249 597 4311 ita
612 4248 776 4327 praestitus
791 4260 942 4309 numerus
956 4244 989 4305 in
1004 4260 1078 4324 qno-

334 4347 409 4412 lihet
440 4343 573 4425 capitulo
603 4342 728 4404 tandem
759 4341 916 4402 habeatnr.
948 4338 1078 4414 Quodsi

335 4443 472 4522 ipsorum
494 4437 604 4516 aliquis
633 4434 778 4497 maluerit
804 4434 870 4497 loco
891 4435 1012 4508 cedere,
1034 4449 1081 4494 se-

335 4552 396 4616 que
407 4555 422 4596 a
435 4533 584 4604 beneficio
599 4531 747 4606 abdicare,
760 4545 895 4606 congrua
906 4529 1013 4606 pensio
1025 4542 1080 4604 pro

336 4628 445 4691 actuali
469 4626 563 4705 ipsius
585 4624 728 4688 beneficii
742 4639 837 4699 censu
851 4621 951 4683 eidem
967 4619 1080 4698 persol-

336 4729 438 4784 uetur.
462 4718 647 4783 Huiusmodi
668 4726 773 4780 autem
794 4715 844 4777 vel
865 4715 1014 4778 actualem
1031 4714 1082 4776 be-

336 4815 438 4876 nehcii
456 4813 613 4876 redditum
634 4810 686 4872 vel
706 4809 888 4887 pensionem
903 4807 1081 4869 ammittent

337 4925 442 4973 omnes
456 4908 514 4983 illi,
531 4907 585 4986 qui
600 4905 683 4968 intra
697 4901 897 4982 praefinitum
911 4917 1081 4964 numerum

289 5039 293 5046 ν
335 5003 521 5068 obtinebunt
544 5000 730 5062 beneficium
744 4997 833 5060 cuius
846 5004 996 5058 statutum
1012 5010 1083 5058 cen-

335 5115 406 5162 sum
428 5095 609 5176 percipient.

120 5207 200 5255 areca
219 5209 276 5254 tum
286 5204 317 5252 aa
376 5194 395 5270 5
416 5193 445 5255 6.
469 5190 561 5252 Binos
581 5195 685 5250 autem
708 5201 745 5247 er
766 5185 920 5248 canonicis
934 5185 1082 5264 cuiusque

109 5263 198 5362 {2¹33ss
213 5263 318 5372 Ιῖἕέιῗῖῗ
336 5282 518 5350 cathedralis
538 5278 665 5357 capituli
679 5277 849 5340 adsciscent
865 5279 1014 5356 Episcopi,
1030 5278 1082 5356 qui

109 5369 263 5424 ²⁰l²⁵⁸fl⁸2
292 5367 319 5413 ⁰²
337 5375 566 5459 poenitentiarii
587 5391 620 5438 ac
640 5374 777 5452 theologi
798 5372 981 5436 muneribus
997 5373 1083 5433 iuxta

108 5421 256 5481 ²¹¹⁰⁰¹⁰⁸⁸¹¹'
337 5471 423 5536 Sedis
442 5470 634 5549 Apostolicae
647 5468 885 5531 constitutiones
899 5468 1082 5546 iungantur,

337 5575 436 5646 utque
466 5580 624 5628 sacrorum
652 5560 831 5641 splendidus
852 5568 1011 5640 apparatus
1031 5580 1083 5625 au·

337 5660 404 5738 geri
431 5659 543 5733 valeat,
565 5658 741 5720 facultatem
768 5655 923 5734 Episcopis
944 5656 1084 5734 imperti-

336 5771 410 5816 mur
431 5753 649 5815 ecclesiastlcos
669 5751 752 5812 viros
774 5749 805 5812 in
820 5749 911 5812 sacris
925 5748 1084 5811 ordinibus

264 5933 267 5940 Ι
337 5856 523 5918 constitutos
545 5868 583 5914 ex
602 5847 767 5911 maiestatis
781 5861 853 5908 suae
867 5858 1020 5908 consensu
1035 5843 1084 5906 ad·

336 5948 484 6014 sciscendi
507 5947 539 6008 in
561 5945 724 6009 canonicos
745 5940 934 6016 honorarius,
952 5936 1005 6016 qui
1026 5945 1084 5999 sta·

1765 623 1769 630 .
1791 532 1850 604 699
1898 537 1953 596 An.
1967 543 1997 596 O.
2019 533 2088 594 1828

1125 683 1230 741 tutum
1241 673 1461 742 canonicorum
1473 670 1687 758 capitularium
1700 691 1870 740 numerum

1126 787 1187 836 non
1210 772 1369 849 excedant,
1390 772 1507 852 quique
1528 772 1600 835 licet
1620 769 1807 835 residentiae
1828 771 1870 833 le·

1125 865 1214 943 gibus
1236 881 1299 928 non
1327 865 1474 940 adstricti,
1495 865 1611 928 chorali
1633 874 1738 928 tamen
1765 864 1871 926 habitu

1125 964 1157 1020 et
1177 959 1264 1020 stallo
1279 959 1423 1021 truantur
1437 958 1631 1038 absquenllo
1645 957 1870 1032 emolumento,

1126 1050 1313 1132 nullumque
1334 1052 1465 1115 habeant
1487 1052 1623 1130 suffragii
1640 1053 1697 1128 ius,
1714 1066 1815 1128 neque
1830 1049 1870 1112 ia-

1126 1145 1273 1209 cultatem
1300 1145 1519 1224 capitularibus
1546 1146 1751 1210 conventibus
1777 1146 1873 1208 comi·

1126 1239 1239 1317 tiisque
1259 1239 1408 1302 adstandi.
1433 1239 1571 1318 Capitula
1593 1241 1719 1303 demum
1742 1240 1872 1304 lustino·

1126 1332 1291 1410 politanae,
1313 1333 1450 1396 Polensis
1471 1341 1502 1396 et
1522 1334 1763 1397 blacharskensis
1779 1333 1874 1396 eccle-

1127 1426 1256 1501 siarum,
1278 1443 1357 1505 quae
1377 1425 1424 1489 uti
1444 1427 1691 1490 concathedralcs
1711 1444 1873 1490 conserva·

1129 1519 1257 1597 buntur,
1280 1521 1390 1582 eodem
1413 1536 1546 1583 numero
1566 1521 1781 1598 capitularium
1801 1538 1872 1586 con-

1127 1613 1264 1687 stabunt,
1296 1613 1362 1690 qui¹
1380 1614 1559 1693 praefinitus
1589 1625 1636 1677 est
1665 1602 1873 1694 pro'ecclesia

1128 1705 1305 1781 cathedrali,
1328 1707 1377 1769 cui
1398 1708 1480 1786 ipsae
1500 1717 1594 1770 erunt
1616 1710 1732 1771 unitae.

1168 1800 1187 1874 ἓ
1208 1798 1236 1862 7.
1260 1799 1304 1861 hd
1326 1800 1552 1864 consulendum
1583 1817 1657 1864 vero
1686 1812 1753 1882 post
1774 1818 1873 1866 enon·
1913 1824 2031 1874 racutus
2046 1838 2104 1872 con-

1127 1893 1218 1956 ciatas
1239 1894 1470 1956 immutationes
1491 1895 1572 1958 felici
1594 1897 1798 1974 capitulorum
1815 1875 2105 1992 sta-'fflpffifflffl

1130 1988 1175 2049 tui
1196 2005 1229 2050 ac
1250 1989 1396 2064 regimini
1419 1990 1537 2052 curabit
1561 1991 1690 2069 quilibet
1712 1992 1874 2055 hulistites
1892 1993 1927 2036 ²³·

1129 2081 1294 2158 peculiaria
1315 2099 1331 2142 a
1352 2081 1483 2158 singulis
1505 2084 1722 2146 canonicorum
1738 2085 1875 2164 collegiis

1129 2173 1264 2236 ordinari
1285 2182 1409 2250 statuta,
1431 2176 1543 2255 qulbus
1564 2193 1600 2240 ex
1615 2193 1772 2241 saccorum
1787 2193 1876 2240 cano·

1130 2284 1206 2330 num
1224 2275 1255 2330 et
1268 2266 1464 2346 synodalium
1479 2265 1715 2348 dispositionum
1730 2273 1876 2351 praescri·

1130 2368 1182 2441 pto
1201 2362 1366 2426 salubriter
1387 2364 1425 2426 de
1446 2371 1530 2426 recto
1551 2360 1649 2426 divini
1664 2364 1766 2428 cultus
1780 2366 1876 2429 sarvi-

1131 2457 1173 2520 tio
1193 2475 1228 2520 ac
1248 2459 1285 2520 de
1307 2457 1437 2537 propriis
1454 2458 1637 2521 muneribus
1652 2459 1711 2522 rite
1726 2461 1876 2524 obeundis

1129 2559 1255 2615 cautum
1283 2553 1334 2626 sit,
1358 2553 1527 2632 eademque
1548 2564 1651 2633 postea
1679 2555 1716 2617 ab
1739 2571 1878 2634 unoquo-

1131 2661 1192 2726 que
1213 2647 1361 2708 Antistite
1374 2646 1537 2708 sancienda
1552 2663 1586 2710 ac
1601 2647 1754 2726 probanda
1769 2656 1876 2724 erunt,

1130 2755 1164 2802 ac
1185 2740 1312 2802 demum
1341 2741 1518 2803 authentica
1548 2757 1657 2804 eorum
1679 2742 1818 2821 exempla
1841 2743 1877 2804 ad

1132 2833 1338 2913 Apostolicam
1366 2833 1476 2912 sedem
1504 2834 1750 2898 transmittenda.
1776 2835 1822 2898 Ex
1845 2837 1877 2897 fi·

1131 2926 1249 2989 delium
1270 2935 1374 2989 autem
1397 2925 1547 3003 religione
1572 2927 1767 3003 confidimus,
1791 2929 1877 2992 utilia

1131 3020 1251 3099 pietatis
1272 3020 1413 3082 instituta
1435 3027 1466 3082 et
1487 3035 1657 3083 numerum
1676 3021 1769 3084 etiam
1785 3023 1879 3084 bene-

1132 3113 1275 3177 uelorum
1295 3113 1466 3176 choralium
1488 3121 1615 3176 auctum
1635 3115 1692 3190 iri,
1714 3114 1878 3177 accedente

1131 3208 1165 3270 in
1186 3208 1324 3287 ipsorum
1346 3206 1512 3270 tuitionem
1529 3207 1715 3285 pientissimi
1731 3209 1878 3288 principis

1131 3317 1294 3366 consensu.

1172 3403 1191 3478 g
1211 3397 1241 3458 8.
1259 3397 1396 3476 Capitula
1410 3414 1645 3478 suppressarnm
1658 3401 1878 3466 cathedralium
1929 3413 2062 3478 cpnversto
2082 3414 2108 3460 un

1133 3493 1365 3572 Traguriensis,
1398 3495 1587 3557 huxerensis
1621 3504 1652 3557 et
1683 3467 2110 3568 hmoniensisffil'fflaassssffi

1132 3587 1215 3670 (cum
1240 3589 1313 3650 haec
1334 3587 1436 3650 locum
1459 3596 1492 3650 ut
1513 3603 1605 3666 supra
1626 3588 1781 3669 habuerit)
1799 3590 1878 3652 redi·
1897 3574 2110 3685 2333„s⁰,⁰,⁶s¹⁰{{,¹}

1133 3691 1249 3760 gentur
1269 3681 1305 3742 ad
1326 3681 1456 3759 capitula
1486 3681 1685 3745 ecclesiarum
1707 3683 1879 3762 collegiata·
1898 3681 2047 3729 sauronam.

1133 3793 1216 3852 rum,
1239 3783 1270 3838 et
1292 3777 1325 3838 in
1347 3791 1453 3838 aarum
1475 3777 1605 3853 singulis
1633 3778 1881 3858 archipresbyter

1134 3883 1241 3935 curam
1258 3870 1434 3932 animarum
1455 3871 1712 3949 parochianorum
1734 3888 1881 3936 exercens

1134 3973 1165 4028 et
1186 3966 1326 4044 quinque
1356 3963 1495 4026 canonici
1526 3966 1790 4030 numerabuntur:
1821 3977 1880 4030 sta-

1134 4067 1200 4122 tuta
1222 4073 1277 4136 pro
1298 4057 1407 4119 iisdem
1428 4058 1466 4120 ab
1487 4058 1642 4138 Episcopis
1662 4061 1880 4137 conficientur,

1135 4147 1246 4217 auditis
1267 4153 1417 4214 interesse
1438 4151 1632 4216 habentibus.

1174 4249 1193 4323 ἓ
1213 4247 1243 4310 9.
1267 4245 1313 4309 Ne
1339 4252 1442 4308 autem
1466 4262 1501 4308 ex
1524 4247 1695 4311 imminuto
1721 4257 1881 4329 pastorum
1913 4261 2113 4310 nastrrnunon-

1135 4359 1269 4408 numero
1300 4341 1463 4404 ‹lilllcultas
1492 4342 1609 4404 oriatur
1639 4344 1670 4405 in
1692 4342 1881 4408 dioecesium
1898 4318 2112 4418 ffilssssmffl*

1136 4438 1364 4518 procuratione,
1377 4436 1416 4498 ob
1428 4437 1573 4498 maiorem
1587 4437 1764 4517 episcopalis
1779 4439 1882 4501 curiae

1136 4532 1408 4609 longinquitatem,
1424 4537 1549 4593 cantum
1570 4531 1641 4606 erit,
1658 4539 1692 4594 ut
1713 4534 1830 4596 nedum
1847 4533 1880 4594 in

1137 4625 1419 4689 concathedralihus
1444 4623 1642 4688 retineantur
1662 4627 1767 4689 vicarii
1790 4643 1884 4704 gene-

1137 4721 1226 4793 rales,
1249 4721 1300 4780 sed
1332 4719 1458 4796 insuper
1479 4717 1513 4780 in
1534 4718 1710 4782 civitatibus
1742 4720 1883 4783 Cursola-

1138 4829 1222 4890 rum,
1235 4811 1388 4888 Tragurii,
1402 4811 1512 4887 Arbae,
1529 4812 1693 4874 hmonitae
1707 4821 1738 4874 et
1753 4814 1883 4876 buxerii

1138 4906 1322 4988 pro-ricarli
1333 4905 1490 4982 generales
1502 4905 1743 4982 constituantur,
1756 4908 1810 4986 qui
1821 4923 1884 4970 am-

1138 5001 1287 5082 plioribus
1308 5015 1401 5078 quam
1426 4999 1532 5062 vicarii
1552 5001 1669 5063 foranei
1690 5001 1884 5064 facultatibus

1138 5095 1280 5177 praediti,
1303 5093 1535 5156 necessitatibus
1556 5093 1744 5173 populorum
1764 5101 1884 5174 praesto

1140 5208 1205 5255 esse
1225 5189 1353 5270 possint,
1376 5188 1452 5266 quin
1475 5195 1612 5265 oporteat
1641 5187 1741 5264 longis
1763 5203 1814 5249 eos
1836 5187 1885 5250 iti-

1139 5287 1266 5349 neribus
1287 5283 1322 5345 ad
1345 5282 1462 5345 curiam
1484 5281 1660 5359 generalem
1683 5284 1836 5358 accedere,
1852 5299 1886 5344 ao

1140 5380 1278 5444 licentias
1299 5377 1429 5455 proinde
1449 5374 1487 5437 de
1502 5375 1646 5438 nubendo
1661 5381 1730 5455 post
1743 5377 1802 5438 rite
1817 5390 1887 5453 pro-

1140 5476 1241 5538 batam
1262 5473 1434 5536 libertatem
1453 5476 1550 5532 status
1564 5469 1744 5544 concedere,
1760 5467 1885 5532 faculta-

1140 5576 1185 5630 tes
1206 5565 1408 5641 subdelegare
1433 5579 1490 5642 pro
1517 5562 1710 5625 absolutione
1730 5579 1746 5624 a
1767 5561 1885 5624 casibus

1140 5659 1315 5734 reservatis,
1338 5656 1458 5735 aliaque
1480 5657 1508 5719 id
1530 5671 1628 5733 genus
1644 5671 1736 5732 agere
1750 5655 1883 5729 valeant,

1140 5769 1220 5832 quae
1235 5751 1408 5827 longiorem
1423 5764 1541 5811 moram
1559 5745 1638 5810 haud
1653 5749 1820 5827 patiantur,
1835 5749 1886 5811 de·

1141 5846 1199 5909 lata
1220 5845 1328 5908 iisdem
1351 5841 1529 5924 provicariis
1554 5841 1736 5905 auctoritate
1758 5842 1795 5904 ab
1816 5841 1886 5920 Epi-

1140 5939 1250 6019 scopis,
1273 5947 1367 6020 prout
1396 5936 1491 5999 satius
1521 5936 1667 6014 expedire
1695 5937 1884 6018 censuerint,
