4856 7010
287 531 289 537 ⁴
394 527 692 598 neumam

612 673 671 734 erit
691 671 860 736 vobiscum.
883 674 1012 739 Obsecro
1033 673 1126 734 etiam
1146 685 1202 732 vos
1223 686 1276 748 per
1295 669 1352 730 mi·

611 765 809 829 sericordiam
830 767 942 844 Dei‚ut
962 765 1132 828 exhibeatis
1152 779 1279 842 corpora
1300 779 1351 824 ve-

609 867 671 922 stra
693 861 824 922 hostiam
846 860 1016 934 virentem,
1037 867 1185 932 sanctam,
1208 857 1269 918 lieo
1290 855 1352 934 pla·

611 961 745 1030 centem,
762 954 941 1016 rationabile
955 953 1137 1032 obsequium
1153 958 1305 1023 vestrum,
1320 957 1351 1010 et

611 1047 709 1109 nolite
729 1046 913 1109 conformari
933 1045 1005 1107 huic
1025 1045 1156 1118 saeculo,
1179 1042 1232 1104 sed
1256 1041 1352 1103 reior-

610 1139 739 1205 mamini
760 1140 794 1202 in
816 1140 954 1201 novitate
975 1154 1082 1199 sensus
1104 1137 1210 1211 vestri,
1234 1142 1268 1197 ut
1283 1149 1351 1212 pro-

611 1232 699 1309 betis,
721 1248 799 1312 quae
820 1233 858 1293 sit
879 1231 1024 1294 voluntas
1044 1230 1097 1292 liei
1119 1230 1198 1292 bona
1212 1236 1244 1290 et
1260 1228 1352 1290 bene-

609 1325 730 1402 placens
752 1331 782 1387 et
802 1323 945 1402 perlecta.

652 1421 750 1497 htque
771 1420 844 1480 haec
856 1427 941 1492 sunt,
954 1433 1031 1495 quae
1052 1417 1139 1478 vobis
1153 1415 1351 1500 beatissimus

610 1512 698 1574 Pater
713 1511 783 1573 Pius
797 1511 851 1573 PP.
865 1510 942 1574 Vlll.
956 1525 1011 1587 per
1026 1526 1076 1572 me
1090 1509 1249 1572 scribenda
1265 1525 1350 1570 man-

609 1605 704 1678 davit,
727 1619 866 1683 quaeque
886 1603 993 1665 sedulo
1014 1620 1030 1664 a
1052 1604 1138 1665 vobis
1152 1601 1349 1665 custodienda

611 1699 822 1774 commendat;
845 1713 877 1758 ac
898 1697 972 1758 dum
988 1697 1052 1774 ipse
1073 1697 1106 1758 in
1119 1703 1263 1775 paternae
1278 1711 1350 1756 suae

598 1791 780 1872 ,dilectionis
800 1789 1070 1866 significationem,
1086 1788 1283 1866 apostolicam
1299 1803 1350 1848 vo·

608 1887 653 1949 bis
675 1882 922 1946 benedictionem
946 1887 1142 1960 peramanter
1162 1882 1194 1942 in
1219 1881 1349 1944 Domino

608 1977 797 2056 impertitur,
810 1993 865 2038 nos
876 1977 973 2038 ileum
985 1993 1018 2036 ac
1028 1975 1196 2036 Dominum
1208 1983 1350 2036 nostrum

608 2072 700 2134 enixe
720 2085 893 2149 precamur,
910 2075 944 2130 ut
960 2068 1068 2144 gratia,
1084 2082 1142 2144 pax
1163 2074 1193 2127 et
1216 2065 1297 2128 salus
1311 2065 1346 2124 sit

608 2181 679 2227 curn
701 2163 847 2226 omnibus
868 2161 965 2236 vobis,
982 2177 1015 2222 ac
1036 2177 1090 2222 xus
1112 2175 1222 2222 omnes
1242 2157 1349 2220 diutis-

606 2259 684 2320 sime
705 2264 808 2319 serxet
829 2273 862 2318 ac
881 2254 1019 2332 sospitet.

646 2352 755 2413 Datum
777 2350 890 2410 Romae
912 2363 950 2408 ex
977 2345 1102 2408 aedibus
1124 2345 1154 2409 S.
1175 2347 1350 2424 Congrege-

607 2445 699 2508 tionis
719 2444 757 2507 de
784 2440 980 2519 Propaganda
1005 2439 1079 2502 Fide
1099 2438 1149 2502 die
1171 2455 1202 2500 x.
1228 2441 1349 2518 augusti

536 2526 539 2538 '
608 2552 793 2600 nncccxxx.

868 2979 873 2990 ,
942 2913 1012 2977 XX.

660 3103 847 3171 Imminutio
869 3103 1026 3183 festorum
1047 3101 1083 3162 in
1105 3089 1296 3163 dioecesibus

721 3193 913 3263 Hildesicusc'
933 3201 964 3257 et
987 3191 1234 3273 Osuuburpcusi.

607 3384 777 3454 Venerabili
804 3381 893 3450 tratri
921 3379 1097 3449 dodehardo
1127 3377 1254 3462 losepho
1283 3377 1349 3462 Epi·

646 3495 740 3567 scopo
764 3474 944 3544 hildesiensi
966 3478 998 3541 et
1016 3473 1171 3542 ecciesiae
1194 3471 1349 3540 osnabur-

646 3573 751 3658 pausis
774 3569 1016 3647 administratori,

846 3753 933 3824 atus
956 3754 1018 3846 er,
1039 3753 1108 3821 viu.

824 3943 1012 4013 Venerabilis
1034 3944 1141 4024 irater,

644 4044 770 4111 salutem
793 4046 825 4110 et
845 4038 1041 4124 apostolicam
1064 4037 1313 4106 benedictionem.

642 4235 660 4310 ἓ
683 4233 710 4295 l.
734 4233 935 4310 Praeceptum
950 4227 987 4291 de
1002 4228 1217 4291 observatione
1227 4228 1343 4290 sabathi

601 4328 782 4407 frequenter
803 4325 836 4386 in
858 4324 924 4400 lege
947 4321 1114 4400 reperitur,
1137 4330 1172 4384 ut
1200 4325 1293 4383 horno
1316 4322 1343 4384 id

602 4421 769 4498 diligenter
788 4417 942 4491 observet,
958 4424 1110 4478 atteram
1128 4414 1268 4493 requiem
1283 4416 1345 4477 adi·

604 4515 677 4596 pisci
696 4513 826 4575 laboret.
842 4509 1032 4588 Quapropter
1047 4524 1113 4581 nos,
1129 4508 1183 4587 qui
1199 4507 1343 4570 vicariam

604 4607 720 4674 Christi
739 4606 788 4668 hic
802 4607 834 4667 in
848 4604 938 4666 terris
959 4603 1097 4679 gerimus
1111 4616 1248 4679 operam,
1265 4601 1342 4664 nihil

1134 545 1198 600 luit.
1221 547 1312 598 ΡΟΝΤ.
1335 547 1375 597 na
1397 545 1425 596 P·
1450 541 1481 597 li.
1504 549 1587 598 PARS
1609 547 1630 598 1.

1408 669 1440 731 in
1463 686 1524 732 una
1546 673 1715 749 eademque
1735 669 1864 732 dioecesi
1887 668 1963 732 dum
1984 665 2097 730 alicubi
2112 663 2154 726 le·

1407 770 1472 824 stus
1487 762 1551 825 dies
1565 762 1747 826 solemniter
1761 763 1944 836 celebratur,
1957 760 2068 824 alicubi
2084 774 2155 838 pro-

1407 854 1503 918 iestus
1523 856 1666 930 habetur,
1685 863 1717 918 et
1737 855 1814 918 dunt
1836 855 1995 934 oppidanis
2016 851 2156 930 complu·

1408 947 1494 1010 ribus
1515 949 1600 1027 operi
1615 949 1753 1011 tribuere
1774 964 1955 1011 concessum
1971 955 2028 1022 est,
2045 945 2156 1008 vicinis

1408 1041 1620 1104 interdictum.
1652 1041 1769 1104 ilerum
1799 1057 1898 1120 quum
1926 1039 2016 1120 plura
2037 1039 2156 1101 incom-

1409 1133 1509 1208 moda,
1525 1133 1611 1212 plura
1627 1135 1720 1196 etiarn
1735 1135 1874 1198 scandala
1889 1133 2009 1212 populis
2024 1134 2157 1194 istarum

1408 1226 1595 1290 dioecesium
1617 1229 1689 1290 inde
1703 1229 1949 1306 proficiscantur,
1965 1228 1997 1288 in
2022 1227 2084 1290 tuis
2107 1241 2157 1286 re·

1409 1320 1513 1399 giique
1541 1321 1678 1397 supremi
1706 1322 1870 1398 regiminis
1896 1321 1976 1382 votis
2003 1326 2096 1392 esset,
2120 1322 2157 1378 ut

1408 1412 1497 1476 isthic
1518 1413 1600 1476 idem
1621 1414 1839 1477 institueretur
1861 1414 2011 1475 festorum
2034 1412 2110 1474 ordo
2125 1417 2157 1471 et

1408 1521 1577 1582 numerus,
1599 1523 1695 1584 aeque
1715 1524 1748 1570 ac
1769 1507 1801 1568 in
1823 1506 2013 1569 dioecesibus
2042 1505 2158 1566 Berus-

1407 1601 1469 1662 siae
1483 1601 1584 1680 regni.
1609 1599 1794 1680 Suppliciter
1808 1615 1883 1678 ergo
1894 1618 1911 1662 a
1922 1600 2012 1662 nobis
2026 1596 2157 1675 petiisti,

1408 1695 1495 1756 utin
1523 1703 1654 1773 utraque
1678 1694 1820 1768 dioecesi,
1845 1695 1883 1757 de
1904 1694 2016 1772 quibus
2037 1690 2156 1767 agitur,

1408 1785 1513 1865 piures
1535 1788 1599 1849 dies
1613 1786 1706 1849 iestos
1721 1787 1755 1848 atl
1772 1786 1946 1864 proximam
1967 1784 2158 1848 dominicam

1409 1880 1639 1956 transieramus,
1660 1882 1692 1942 in
1715 1880 1875 1942 nonnullis
1897 1886 2001 1940 autem
2023 1877 2090 1939 aliis
2112 1873 2155 1936 ie-

1406 1973 1460 2034 stis
1482 1973 1607 2049 diebus,
1630 1976 1666 2036 ad
1688 1989 1861 2053 pauperum
1889 1972 2023 2051 inopiam
2052 1968 2157 2030 suble·

1407 2065 1549 2141 vendam,
1575 2083 1660 2130 sacro
1688 2067 1794 2130 audito
1822 2074 1853 2128 et
1876 2065 1988 2129 (livinis
2015 2070 2155 2124 anteme-

1407 2159 1533 2222 ridianis
1554 2160 1710 2236 absolutis,
1732 2160 1855 2222 servilia
1878 2175 1970 2239 opera
1992 2153 2156 2236 permitta-

1407 2267 1486 2314 mus.

1446 2347 1465 2422 ἓ
1486 2347 1514 2410 3.
1539 2347 1600 2410 Nos
1622 2348 1718 2426 igitur
1738 2349 1960 2412 catholicorum
1981 2343 2154 2408 Hildesien·

2182 531 2327 604 ulau

2379 841 2380 906 l

2189 2371 2262 2416 Tenos
2273 2383 2342 2422 conus

1405 2439 1487 2500 sium
1509 2446 1539 2502 et
1560 2439 1843 2517 osnaburgensium
1864 2440 1934 2502 usui
1949 2445 1979 2501 et
1994 2436 2154 2501 conscien·
2171 2423 2251 2469 ⁸¹⁰⁰&

1408 2532 1466 2594 tiae
1487 2533 1662 2610 prospicere
1687 2533 1870 2609 statuimus,
1894 2539 2023 2612 tuasque
2047 2537 2152 2610 postu·

1406 2626 1537 2688 lationes
1560 2619 1680 2688 maturo
1691 2626 1819 2690 consilio
1829 2645 1862 2690 ac
1876 2627 2035 2708 perpensis
2050 2625 2152 2688 omni-

1407 2722 1461 2782 bus
1476 2720 1613 2796 benigne
1628 2721 1828 2800 excipientes,
1845 2723 2026 2786 auctoritate
2047 2726 2152 2784 nostra

1406 2814 1567 2891 apostolica
1588 2814 1654 2890 tihi,
1680 2815 1864 2877 venerabilis
1884 2816 1990 2891 irater,
2009 2815 2152 2877 concedi·

1407 2915 1578 2986 musatque
1590 2908 1967 2986 mandamus,utsingulis
1976 2909 2153 2987 quibusque

1406 3002 1479 3064 locis
1496 3002 1657 3080 utriusque
1669 3001 1815 3066 dioecesis
1830 3017 1930 3066 unum
1942 3003 2153 3082 eumdemque

1406 3094 1556 3159 lestorum
1577 3094 1718 3157 ordinem
1746 3096 1895 3158 enuncias
1919 3104 2011 3174 atque
2031 3096 2151 3171 edicas3

1405 3188 1521 3251 scilicet
1541 3197 1576 3250 ut
1597 3189 1672 3250 festa
1699 3189 1869 3251 immobilia
1900 3189 2152 3252 Circumcisionis

1407 3281 1542 3353 Domini,
1572 3281 1773 3360 Epiphaniae,
1800 3280 1986 3345 Sanctorum
2014 3282 2098 3344 Petri
2121 3289 2152 3342 et

1406 3375 1489 3436 Pauli
1502 3374 1729 3451 Apostolorum,
1739 3375 1966 3453 hssumptionis
1977 3375 2080 3436 beatae
2091 3373 2153 3436 lla·

1405 3469 1468 3530 riae
1491 3469 1633 3544 virginis,
1649 3469 1796 3532 Omnium
1819 3468 2015 3544 Sanctorum,
2033 3468 2152 3531 Nativi-

1405 3564 1475 3625 tatis
1497 3563 1618 3623 Domini
1640 3561 1743 3625 Nostri
1765 3563 1832 3625 lesu
1856 3562 1969 3626 Christi
1985 3580 2018 3624 ac
2033 3561 2065 3625 S.
2083 3563 2152 3626 Ste-

1405 3656 1497 3737 phani
1516 3657 1762 3734 protomartyris,
1777 3656 1949 3734 praefinitis
1963 3657 2001 3718 ab
2016 3657 2151 3720 Ecclesia

1401 3751 1511 3814 vdiebus
1532 3750 1749 3827 celebrentur3
1765 3759 1884 3813 caetera
1901 3767 1987 3830 vero,
2004 3753 2151 3815 Purifica-

1406 3844 1496 3906 tionis
1524 3859 1648 3922 nempe,
1677 3843 1941 3922 Annuntiationis,
1972 3844 2151 3908 Natiuitatis

1404 3947 1434 4000 et
1457 3938 1671 4017 conceptionis
1686 3937 1791 4001 beatae
1805 3938 1916 4000 llariae
1937 3940 2079 4016 virginis,
2096 3956 2151 4002 na·

1404 4032 1532 4094 diritatis
1545 4032 1575 4095 S.
1590 4033 1711 4094 loannis
1726 4031 1887 4111 Baptistae,
1900 4049 1934 4096 ac
1948 4032 2150 4097 dedicationis

1403 4126 1433 4190 S.
1458 4125 1611 4188 Michaelis
1627 4126 1821 4203 Archangeli,
1839 4141 1896 4188 nec
1912 4144 1975 4190 nou
1989 4127 2065 4189 leste
2079 4145 2149 4190 san-

1402 4228 1525 4282 ctorum
1541 4227 1743 4298 patronorum
1759 4220 1968 4296 ecclesiarum,
1985 4221 2100 4300 quibus
2116 4222 2149 4284 in

1401 4313 1475 4376 locis
1497 4312 1557 4375 huc
1570 4329 1675 4390 usque
1698 4313 1847 4375 celebrata
1861 4321 1946 4388 sunt,
1965 4305 1997 4375 iti
2012 4314 2149 4378 domini-

1400 4406 1532 4470 camuel
1548 4408 1688 4485 proxime
1708 4397 1901 4485 s‘uperiorem
1915 4408 1964 4470 vel
1981 4408 2147 4488 insequen-

1400 4509 1465 4563 tem
1487 4500 1652 4562 translerre
1675 4501 1784 4562 valeas.
1807 4500 1968 4564 Praeterea
1984 4501 2059 4564 iesta
2081 4518 2147 4564 mo·

1402 4594 1483 4670 bilia,
1515 4593 1660 4656 videlicet
1690 4594 1925 4656 resurrectionis
1956 4595 2092 4670 Domini,
2116 4602 2147 4657 et

602 4701 850 4781 praetermittere
865 4712 920 4774 pro
935 4695 1054 4757 viribus
1073 4709 1230 4768 conamur,
1249 4701 1282 4756 ut
1297 4713 1345 4756 ca·
1399 4688 1474 4750 leria
1488 4689 1620 4750 secunda
1635 4703 1714 4766 quae
1729 4687 1869 4765 proxime
1882 4689 2037 4767 sequitur,
2054 4689 2146 4750 itern-

602 4794 707 4857 tholici
729 4793 846 4872 quique
858 4789 980 4852 sabatha
996 4788 1119 4850 llomini
1132 4789 1343 4865 sanctitlcent3
1400 4797 1460 4860 que
1490 4779 1695 4854 Ascensionis,
1726 4781 1921 4842 Pentecostes
1943 4798 1976 4843 ac
2003 4782 2080 4843 ieria
2100 4799 2146 4845 se-

601 4888 759 4950 interdum
791 4894 895 4947 tamen
918 4882 973 4944 hac
997 4881 1029 4943 in
1054 4896 1089 4942 re
1110 4896 1228 4944 novum
1259 4897 1343 4959 prae·
1398 4876 1508 4950 cunda,
1525 4891 1602 4952 quae
1617 4873 1733 4952 pariter
1753 4875 1895 4951 proxime
1916 4875 2070 4954 sequitur,
2087 4891 2143 4937 nec

600 4979 764 5044 scribimus
784 4977 936 5050 ordinem,
959 4972 1010 5034 vel
1032 4972 1146 5036 iamdiu
1167 4982 1344 5052 susceptum
1401 4983 1464 5030 non
1489 4968 1673 5031 sanctissimi
1702 4968 1845 5045 Corporis
1874 4969 2001 5045 Christi,
2024 4970 2143 5044 diebus,

602 5073 810 5142 moderamur,
827 5073 862 5130 ut
882 5082 937 5147 pro
958 5081 992 5128 re
1013 5069 1043 5126 et
1066 5073 1214 5143 tempore,
1231 5081 1286 5144 pro
1301 5067 1344 5129 lo·
1401 5062 1513 5140 quibus
1541 5070 1720 5136 occurrunt,
1752 5063 1961 5125 ‹eelebrentun
1995 5065 2145 5138 Quoniam

601 5179 710 5228 corum
730 5180 763 5224 ac
782 5161 969 5242 populorum
989 5159 1176 5234 conditione,
1192 5165 1344 5238 quantum
1400 5172 1475 5218 xero
1490 5172 1554 5218 mos
1568 5165 1615 5218 est
1630 5157 1663 5217 in
1677 5155 1807 5218 diversis
1829 5157 1958 5218 istarum
1978 5157 2144 5235 regionum

601 5258 670 5320 lieri
691 5263 803 5336 potest,
825 5269 933 5316 eorum
956 5257 1035 5314 bono
1053 5253 1260 5314 consulamus.
1400 5247 1474 5311 locis
1491 5265 1553 5310 non
1569 5250 1679 5312 eudem
1693 5250 1742 5312 die
1758 5250 1889 5312 habendi
1904 5251 2143 5330 supplicationes

384 5367 583 5428 uxpouuoprc
640 5351 709 5426 §2
733 5349 779 5411 Ex
800 5347 942 5426 precibus
957 5346 1029 5420 tuis,
1046 5362 1119 5424 quas
1140 5346 1227 5407 nohis
1242 5362 1343 5424 nuper
1400 5343 1437 5405 ad
1463 5343 1692 5421 propitiandum
1718 5343 1828 5418 Deum,
1854 5343 1900 5407 uti
1923 5352 2043 5421 segetes
2068 5345 2144 5406 bene

372 5431 438 5470 cum.

600 5441 771 5506 ollerendas
793 5439 915 5515 curasti,
937 5439 1010 5501 satis
1031 5453 1186 5516 superque
1212 5447 1340 5516 constat,
1400 5437 1557 5513 eveniant,
1580 5435 1686 5498 eadem
1707 5437 1889 5516 auctoritate
1910 5444 2013 5499 nostra
2029 5445 2144 5517 aposto-

601 5538 634 5600 in
656 5535 785 5598 dioecesi
808 5543 859 5596 tua
874 5531 1055 5596 llildesiensi
1073 5547 1170 5608 aeque
1190 5549 1223 5595 ac
1238 5534 1269 5594 in
1285 5533 1342 5595 alia
1400 5529 1456 5593 lica
1487 5530 1541 5592 tibi
1572 5529 1749 5592 facultatem
1779 5528 1906 5592 iacimus
1938 5529 2142 5593 transterendi

600 5627 844 5704 Osnaburgensi,
868 5641 962 5705 quam
987 5624 1041 5705 tibi
1069 5623 1341 5688 administrandam
1399 5626 1478 5687 hanc
1498 5624 1710 5686 celebritatem
1728 5622 1776 5685 vel
1792 5621 1907 5685 lestum
1928 5623 2037 5687 illisio
2059 5623 2141 5700 locis,

599 5721 823 5797 commisimus,
839 5720 877 5782 ob
890 5719 1069 5781 immutatos
1085 5733 1249 5798 progressu
1265 5727 1342 5782 tem·
1400 5718 1511 5797 quibus
1541 5717 1639 5780 adhuc
1670 5715 1859 5780 celebratum
1890 5725 1947 5793 est,
1974 5719 2011 5780 ad
2037 5717 2143 5780 leriam

603 5815 682 5893 poris
709 5830 817 5876 earum
846 5813 977 5888 limites,
1000 5813 1284 5890 magnumrigere
1305 5815 1342 5876 de
1398 5813 1645 5890 secundampost
1660 5809 1848 5872 dominicam
1861 5810 2082 5874 Pentascostes.
2098 5813 2141 5874 hd

600 5908 790 5978 celebrandis
811 5907 895 5971 iestis
909 5905 1087 5971 discrimen.
1112 5905 1157 5968 Ex
1171 5923 1233 5985 quo
1248 5907 1294 5985 nt,
1307 5916 1343 5971 ut
1399 5910 1472 5969 haec
1492 5905 1708 5984 indulgemus,
1732 5913 1767 5968 ut
1787 5904 1820 5966 in
1842 5904 1920 5968 iesto
1949 5905 1979 5970 S.
2001 5903 2142 5988 Stephani
