4776 6974
92 585 127 636 33,
137 577 159 628 G.
178 573 239 625 1787

929 594 1000 638 etus
1022 593 1071 640 PP.
1095 590 1136 638 Vl.

255 725 285 786 3.
310 711 374 773 34.-
396 711 465 773 ‹Et
485 712 556 789 quia
572 727 627 790 per
641 727 750 774 omnes
765 712 914 774 Ecclesias
928 729 1000 774 cura

253 809 358 866 nostra
389 803 588 880 distenditur,
619 806 766 882 exigente
797 807 853 866 lmc
874 822 890 865 a
913 806 1001 866 nobis

251 895 399 973 Domino,
421 898 492 976 quia
514 899 701 976 spostolicae
720 898 878 976 dignitatis
893 898 1002 960 beatis-

246 989 333 1051 simo
354 991 500 1070 apostolo
531 992 621 1053 Petro
642 992 813 1070 primatum
836 993 906 1055 fidei
927 1007 1001 1054 suae

245 1085 510 1147 remuneratione
529 1087 695 1163 commisit,
720 1087 928 1148 universalem
944 1085 1000 1146 Ec·

244 1175 377 1239 clesiam
391 1179 424 1241 in
440 1177 635 1240 fundamenti
652 1179 746 1258 ipsius
761 1179 914 1242 soliditate
928 1195 999 1241 con-

242 1272 397 1350 stituens,
420 1275 634 1338 necessitatem
663 1274 878 1348 solicitudinis,
907 1290 998 1353 quarn

244 1364 414 1442 babemus,
437 1385 509 1431 cum
532 1369 578 1429 llis
599 1371 652 1446 qui
674 1369 761 1432 nobis
781 1369 904 1446 collegii
925 1368 1000 1430 cari-

245 1467 312 1522 tate
344 1461 444 1524 iuncti
466 1471 551 1538 suut,
574 1462 735 1527 sociamus.
762 1462 868 1525 1133333
895 1465 1000 1542 itaque

242 1567 390 1617 nostram
423 1557 511 1620 tratri
531 1567 563 1621 et
588 1558 765 1636 coepiscopo
793 1567 899 1621 nostro
921 1563 1000 1620 dna-

241 1651 355 1725 stasio,
384 1651 482 1714 secuti
513 1668 623 1714 eorum
653 1650 832 1728 exemplum
864 1668 999 1729 quorum

243 1747 339 1809 nobis
371 1745 539 1809 recordatio
561 1753 607 1807 est
637 1747 822 1820 veneranda,
844 1745 999 1807 commisi-

245 1857 332 1918 mus,
350 1853 394 1919 et,
418 1849 452 1905 ut
473 1843 512 1905 sit
533 1842 565 1904 in
585 1841 729 1927 speculis,
753 1861 792 1906 ne
813 1843 886 1922 quid
909 1843 999 1906 illici-

156 1951 162 1962 ·
247 1947 320 2000 tum
341 1954 527 2016 aquoquam
543 1944 768 2014 praesumatur,
787 1938 996 2014 iniunximus3

246 2035 298 2095 cui
320 2035 354 2095 in
378 2034 423 2095 liis
446 2049 524 2112 quae
541 2032 576 2093 ad
592 2033 825 2096 ecclesiasticam
840 2033 998 2111 pertinent

248 2129 456 2208 disciplinam,
480 2138 515 2190 ut
540 2127 663 2189 dilectio
686 2135 788 2188 vestra
814 2135 926 2206 pareat,
949 2129 997 2190 ad·

250 2238 434 2300 monemus3
458 2238 522 2284 uon
550 2221 634 2283 enim
658 2229 719 2282 tam
742 2220 787 2282 illi
807 2221 997 2298 obtempera-

252 2317 336 2378 bitur
358 2333 449 2395 quam
471 2316 570 2389 nobis,
594 2315 647 2394 qui
669 2315 727 2377 boc
749 2316 793 2378 illi
816 2331 871 2394 pro
893 2316 997 2378 nostra

250 2413 445 2477 solicitudine
477 2428 531 2490 per
553 2410 618 2471 illas
648 2409 820 2486 provincias
841 2411 998 2486 cognosci-

252 2526 320 2571 mus
341 2505 539 2570 commisisse.
557 2523 576 2566 s
592 2505 674 2566 ldern
689 2505 719 2567 S.
731 2505 794 2566 Leo
808 2505 897 2565 aliam
914 2504 996 2565 misit

251 2605 288 2665 de
309 2602 405 2665 latere
424 2617 482 2662 suo
502 2597 692 2676 legationem
707 2600 741 2660 ad
758 2601 904 2660 Faustum
921 2598 997 2659 11133-

251 2697 372 2759 cianum
388 2703 419 2756 et
433 2693 568 2772 reliquos
582 2691 834 2755 archimandritas
850 2693 997 2754 Constan-

253 2789 469 2868 tinopolitanos
499 2794 626 2864 propter
655 2801 776 2848 causam
805 2785 876 2848 fidei
903 2802 995 2864 quam

252 2885 405 2962 Eutyches
435 2881 618 2959 perturbare
650 2879 792 2955 tentavit,
817 2889 851 2943 ut
872 2898 920 2959 ep.
944 2881 995 2955 28,

253 2987 273 3040 t.
296 2978 325 3052 8,
348 2977 400 3038 cit.
423 2975 497 3037 edit.
517 2991 546 3052 p.
570 2975 636 3037 155.
660 2974 725 3036 ,ilia
747 2976 822 3036 item
843 2995 857 3036 a
875 2978 905 3040 S.
922 2977 996 3039 Gre-

252 3071 336 3148 gorio
358 3069 395 3132 31.
417 3069 507 3131 missa
530 3069 631 3131 estad
655 3069 770 3145 duglas
791 3070 921 3146 legati03
938 3070 996 3131 alia

252 3183 266 3224 a
286 3164 317 3226 S.
339 3162 488 3238 Gregorio
509 3163 545 3224 ll.
568 3164 604 3224 ad
626 3161 795 3224 Germanos
818 3165 850 3224 in
866 3165 994 3241 persona

252 3258 280 3320 S.
304 3255 462 3331 Bonilacii,
485 3258 665 3319 confirmata
687 3256 830 3334 deinceps
845 3273 860 3317 3
876 3256 906 3319 S.
926 3259 995 3320 Zac·

251 3351 360 3425 cbaria,
383 3352 420 3411 ab
450 3352 622 3430 eodemque
652 3351 784 3413 exercita
815 3367 870 3429 per
897 3352 995 3414 conti-

251 3461 326 3507 nuos
347 3461 401 3506 sex
422 3450 452 3506 et
476 3444 602 3520 triginta
624 3459 720 3504 anuos
743 3461 840 3523 usque
861 3445 896 3506 ad
916 3445 994 3508 Pon-

252 3539 294 3599 til.
318 3538 468 3616 Stepltani
488 3539 524 3599 lt.
549 3535 601 3615 qui
624 3552 693 3597 eant
721 3537 876 3600 Bonilacio
905 3556 993 3602 reno-

249 3634 342 3705 vavit,
367 3642 400 3693 ut
421 3631 545 3692 eruitur
565 3647 604 3691 ex
623 3646 670 3708 ep.
687 3631 723 3693 tlt
741 3631 772 3695 S.
791 3632 893 3693 Bouil.
911 3632 994 3694 inter

249 3725 317 3788 coll.
340 3743 356 3786 a
378 3724 476 3786 Nicol.
511 3725 650 3788 Serrario
681 3725 754 3786 edit.
790 3727 868 3802 ttog.
894 3743 989 3790 uuor.

250 3819 331 3881 31333
352 3820 466 3896 pariter
489 3818 657 3894 legationes
677 3836 693 3880 a
712 3817 742 3880 S.
761 3819 883 3882 Nicolao
901 3823 921 3884 l.
939 3823 991 3900 qui

251 3914 331 3974 misit
364 3914 548 3990 Episcopum
571 3913 737 3974 llrseuium
768 3914 800 3976 in
829 3914 940 3977 Gallias
962 3926 992 3978 et

249 4007 427 4068 Germaniae
458 4012 571 4083 partes,
594 4013 625 4066 et
647 4006 812 4081 Donatum,
842 4008 990 4084 Leonem,

249 4107 336 4178 atque
364 4099 515 4161 Marinum
543 4098 856 4176 Constantinopolim,
880 4119 895 4162 a
917 4103 992 4164 Leo·

249 4208 287 4254 ue
310 4191 373 4253 llll.
397 4192 433 4252 ad
457 4192 619 4268 Episcopus
641 4207 696 4268 333·
710 4193 850 4267 Galliam,
867 4195 992 4257 Germa-

251 4287 341 4359 niam,
364 4286 535 4359 Bavariam,
558 4284 775 4348 alemanniam
796 4304 991 4351 commoran-

250 4386 301 4452 tes,
323 4395 338 4439 a
361 4378 495 4440 Pascltali
517 4379 551 4439 11.
574 4380 610 4440 ad
633 4380 805 4456 provincias
821 4381 991 4444 Bituricen-

248 4487 320 4546 sem,
354 4471 629 4547 burdegalensem,
658 4474 867 4548 auscitanam,
896 4477 993 4537 ’1333-

249 4581 374 4626 nensem
397 4571 428 4626 et
456 4565 662 4640 Britanniam,
692 4583 765 4644 rpuas
794 4570 992 4633 consumavit

248 4657 382 4720 Galixtus
410 4658 459 4736 ll.;
482 4669 574 4737 atque
596 4659 646 4720 illa
671 4663 851 4737 praesertim
881 4662 990 4738 legatio

246 4752 446 4813 animadverti
470 4752 765 4814 [13133333133333311.
787 4755 821 4815 ad
839 4756 990 4819 llillinum

246 4845 461 4907 trevirensem
484 4846 756 4924 archiepiscopum
775 4857 838 4911 «ut
853 4865 908 4926 per
924 4851 991 4912 uni·

247 4951 369 5000 versum
384 4936 592 5000 Teutonicum
609 4954 742 5012 regnum
759 4939 841 5001 vices
856 4958 925 5001 suas
940 4957 990 5018 ge·

246 5037 336 5102 reret,
360 5029 464 5108 ibique
496 5030 658 5106 legationis
679 5030 779 5093 3113333
802 5033 990 5109 apostolicae

246 5122 327 5184 Sedis
342 5123 522 5184 auctoritate
538 5123 737 5199 iungeretur.
752 5143 769 5184 »
784 5125 828 5188 dt
842 5143 934 5204 quam
947 5126 988 5187 lc·

245 5216 397 5290 gallonem
413 5217 550 5280 irritatus
563 5216 717 5278 arnoldus
730 5219 932 5294 lloguutinus
947 5221 990 5281 ei·

244 5308 311 5369 dem
333 5316 437 5388 postea
460 5311 625 5386 acquievit,
641 5319 670 5372 et
685 5330 703 5370 3
719 5313 847 5374 nomine
863 5314 989 5375 Pantili-

245 5402 283 5462 cis
302 5402 482 5478 lloguutiae
503 5403 638 5465 Hilliuus
659 5421 730 5467 cum
754 5421 863 5482 magna
884 5417 989 5484 gratu-

246 5495 355 5560 latione
366 5496 426 5559 luit
443 5497 732 5581 introductusall).
747 5501 788 5563 33
801 5501 839 5562 ita
854 5502 898 5564 ius
910 5505 988 5578 Apo-

244 5591 365 5652 stolicae
391 5589 478 5654 Sedis
504 5609 566 5654 uon
594 5594 767 5671 interrupta
796 5592 988 5657 Nautiorum

244 5685 320 5746 serie
341 5684 377 5744 ad
402 5686 475 5746 13333
496 5702 594 5764 osque
617 5693 753 5763 tempora
772 5687 912 5749 illaesum
925 5705 988 5749 ser-

758 5846 1023 5854 ——.....-.-—n--—.

281 5925 310 5980 11)
327 5925 409 5982 Epist.
433 5927 540 5972 3331333333
561 5928 661 5983 legitur
683 5931 699 5973 t.
718 5932 816 5974 111333.
837 5935 937 5976 Tres-rr.
953 5937 991 5977 ‹tt-

244 5997 372 6044 ptomattc.
386 6007 450 6048 3333.
461 6001 517 6045 533,
534 6007 594 6040 cum
611 6001 672 6043 nota
687 5997 795 6044 3333133
807 5999 924 6058 ttptscopt
938 6003 989 6056 lly-

345 6115 397 6163 latr.
416 6117 530 6163 13333313
547 6120 619 6180 l'rop.
637 6118 698 6166 victe
713 6121 794 6166 Partis
810 6126 827 6172 1.
844 6123 896 6166 vol.
913 6125 949 6170 lll.

1057 720 1164 773 vatum
1187 720 1242 774 est.
1267 712 1351 790 lpsae
1372 712 1457 774 enim
1480 711 1649 788 legationes
1671 715 1703 771 33
1719 706 1803 770 Nun-

1057 805 1186 867 tiaturae
1198 806 1375 868 Pontificiae
1392 807 1584 868 existimatae
1598 819 1720 882 semper
1730 809 1804 863 sunt

1057 897 1132 960 adeo
1153 901 1340 960 necessariae
1355 901 1389 961 331
1406 899 1600 962 retinendam
1618 897 1803 959 inferiorum

1056 992 1177 1053 sedium
1193 1008 1265 1054 cum
1280 994 1378 1070 primi
1390 994 1469 1058 Sede
1481 991 1744 1064 coniunctionem,
1758 998 1803 1064 ut,

1056 1101 1116 1162 quo
1139 1092 1278 1164 tempore
1299 1088 1458 1164 neglectae
1473 1087 1612 1160 luerunt,
1629 1101 1665 1147 eo
1682 1085 1746 1162 ipso
1761 1083 1804 1144 di-

1055 1179 1201 1256 sciplinae
1215 1181 1436 1244 ecclesiasticae
1451 1181 1641 1259 perturbatio
1655 1179 1801 1240 oriretur.

1056 1271 1087 1332 ld
1111 1279 1241 1334 testator
1263 1274 1415 1336 Honorius
1438 1275 1485 1336 111.
1510 1289 1555 1352 ep.
1573 1275 1613 1336 ad
1629 1272 1802 1352 liopertum

1056 1366 1327 1446 archiepiscopum
1356 1369 1499 1431 Pisanum
1521 1369 1600 1446 apud
1622 1366 1804 1442 Ugbellium

1056 1458 1131 1520 ltot.
1156 1460 1226 1523 stc.
1253 1467 1326 1522 lom.
1345 1466 1377 1532 3,
1402 1470 1578 1540 postremae
1599 1461 1676 1523 cdtt.
1699 1461 1799 1520 l'eaet.

1055 1553 1112 1614 col.
1138 1555 1222 1616 382:
1246 1555 1435 1618 «Corsicana
1458 1571 1532 1617 vero
1548 1563 1609 1617 tam
1625 1552 1801 1633 prolixitate

1053 1647 1223 1724 spatiorum
1245 1665 1337 1728 quam
1357 1649 1547 1726 negligentia
1561 1655 1732 1725 pastorum,
1749 1647 1802 1708 do-

1056 1742 1214 1804 minorum
1235 1743 1411 1818 insolentia,
1434 1751 1465 1805 et
1491 1741 1699 1804 desuetudine
1723 1740 1803 1816 lega·

1055 1844 1157 1896 torum
1187 1833 1273 1897 Sedis
1299 1837 1489 1915 apostolicae
1517 1855 1533 1896 a
1558 1835 1750 1896 subiectione
1772 1842 1803 1895 et

1053 1931 1227 1993 obedientia
1249 1930 1404 1992 Romanae
1426 1930 1578 1992 Ecclesiae
1594 1928 1799 2001 deterbuerat,

1054 2033 1084 2086 et
1105 2025 1298 2086 dissolutioni
1320 2041 1353 2086 33
1375 2023 1563 2101 dissipationi
1584 2021 1683 2082 dedita
1706 2019 1801 2082 eccle-

1030 2105 1164 2179 'siastici
1199 2117 1316 2180 ordinis
1348 2132 1427 2196 pene
1458 2119 1636 2179 deseruerat
1668 2113 1802 2190 discipli·

1055 2227 1172 2272 nam.»

1092 2305 1111 2381 5
1131 2305 1160 2366 8.
1186 2306 1265 2368 Cum
1286 2303 1344 2366 tibi
1367 2305 1489 2383 tuisque
1503 2303 1628 2379 collegis
1644 2301 1800 2381 drclriepi·

1052 2399 1149 2478 scopis
1170 2400 1355 2462 electoribus
1383 2407 1540 2477 perspecta
1563 2414 1628 2460 esse
1650 2395 1800 2458 deberent

1054 2504 1115 2556 tam
1127 2494 1206 2556 clara
1218 2493 1408 2569 apostolicae
1421 2491 1506 2554 Sedis
1518 2492 1595 2566 iura,
1612 2499 1736 2568 tamque
1748 2505 1801 2550 ne·

1051 2589 1179 2649 cessaria
1202 2589 1415 2649 membrorum
1436 2601 1507 2648 cum
1528 2585 1697 2660 suocapite
1714 2583 1800 2644 unio-

1052 2681 1100 2742 nis
1121 2683 1325 2755 conservatio,
1343 2681 1440 2741 nihilo
1459 2687 1562 2741 tamen
1581 2678 1683 2740 minus
1699 2677 1798 2754 publi·

1051 2789 1122 2836 cum
1145 2773 1258 2836 lecistis
1278 2774 1414 2837 edictum
1429 2789 1494 2835 uuo
1509 2773 1653 2834 omnium
1667 2788 1797 2833 consen·

1050 2886 1098 2943 su,
1121 2885 1193 2948 quo,
1212 2878 1244 2931 ut
1266 2869 1326 2930 iam
1341 2868 1483 2945 superius
1498 2867 1643 2940 diximus,
1660 2865 1799 2945 parochis

1052 2964 1217 3025 mandastis
1234 2970 1267 3025 ut
1281 2961 1483 3025 adNuntiuru
1498 2961 1716 3024 Coloniensem
1731 2976 1798 3021 eam

1053 3059 1299 3120 transmitterent
1321 3058 1569 3120 instructionem.
1587 3057 1701 3128 Omnes
1716 3063 1798 3116 certe

1051 3151 1162 3212 imitati
1185 3167 1250 3212 esse
1273 3151 1423 3214 videmini
1447 3151 1631 3229 Episcopum
1647 3149 1734 3211 illum
1753 3149 1799 3209 Pi·

1050 3251 1239 3319 ctavensem,
1262 3247 1299 3307 de
1319 3261 1380 3324 quo
1396 3246 1428 3306 iu
1443 3260 1534 3322 supra
1549 3242 1720 3305 memorati
1735 3242 1797 3319 epi-

1049 3340 1125 3402 stota
1156 3339 1191 3401 te
1214 3341 1414 3402 innocentius
1444 3340 1493 3402 111.
1518 3337 1699 3414 gravissime
1726 3354 1799 3398 con·

1049 3440 1175 3512 questus
1187 3443 1232 3496 est
1248 3453 1265 3494 3
1277 3435 1356 3512 quod
1369 3434 1492 3512 33131333
1503 3432 1704 3511 praedicabat,
1718 3434 1799 3510 quod

1050 3529 1082 3590 in
1097 3531 1271 3608 episcopatu
1285 3545 1342 3590 suo
1358 3545 1424 3589 esse
1440 3527 1507 3589 vult
1525 3526 1690 3604 Episcopus
1705 3533 1797 3602 atque

1050 3627 1124 3704 Papa
1137 3645 1167 3702 »ς
1191 3627 1322 3703 ideoque
1342 3625 1404 3686 suis
1419 3624 1574 3686 commisit
1589 3623 1746 3699 delegatis,
1765 3631 1799 3686 33

1047 3722 1203 3784 severiora
1232 3721 1399 3798 implerent
1428 3721 1567 3782 mandata
1590 3718 1798 3796 «postpositis

1048 3817 1156 3891 gratia,
1179 3815 1248 3876 odio
1269 3823 1300 3875 et
1324 3815 1446 3888 timore,
1472 3815 1554 3892 quod
1575 3817 1613 3876 de
1635 3815 1797 3891 negligen-

1050 3909 1088 3969 333
1112 3908 1253 3982 redargui
1275 3923 1336 3970 non
1359 3908 1492 3984 possitis,
1508 3909 1559 3969 sed
1583 3909 1684 3986 potius
1700 3912 1737 3970 dc
1752 3911 1797 3970 di·

1050 4003 1177 4078 ligendi
1192 4001 1443 4064 commendari.»
1456 4001 1486 4064 S.
1500 4005 1592 4066 etiam
1605 4005 1716 4066 Leolll.
1734 4007 1796 4084 pari

1050 4110 1121 4158 voce
1145 4096 1283 4157 invectus
1305 4095 1406 4157 luerat
1427 4104 1533 4158 contra
1560 4113 1612 4159 eos
1635 4099 1797 4176 Episcopos

1048 4189 1099 4267 qui
1123 4189 1229 4252 Sacros
1252 4190 1390 4252 Ganones
1414 4191 1603 4266 infringunt,
1621 4192 1738 4268 epistt
1760 4195 1795 4255 ad

1049 4282 1212 4360 Episcopus
1241 4298 1295 4360 per
1318 4285 1529 4360 Campaniam,
1552 4283 1712 4359 Picenum,
1736 4287 1797 4347 'lu-

1047 4376 1140 4437 scium
1162 4384 1193 4437 ct
1221 4376 1380 4436 universas
1402 4377 1575 4454 provincias
1599 4379 1795 4455 coristitutcs,

1048 4486 1111 4547 cap.
1129 4471 1148 4529 5
1168 4470 1219 4530 cit.
1237 4469 1311 4531 edit.
1333 4470 1425 4532 ‹lloc
1440 4471 1541 4548 itaque
1556 4471 1727 4533 admonitio
1742 4490 1796 4534 no·

1047 4572 1108 4624 stra
1131 4562 1309 4638 denunciat,
1332 4565 1412 4641 quod
1434 4565 1459 4623 si
1482 4564 1548 4642 quis
1571 4564 1701 4627 fratrum
1724 4583 1796 4628 con·

1049 4663 1093 4717 tra
1106 4658 1178 4718 baec
1193 4657 1358 4718 constituta
1374 4659 1481 4720 venire
1494 4660 1672 4733 tentaverit,
1686 4667 1716 4722 et
1729 4677 1795 4738 pro-

1048 4749 1143 4811 ltibita
1164 4767 1255 4813 ausus
1278 4750 1369 4813 luerit
1391 4752 1599 4829 admittere,a
1620 4771 1677 4817 suo
1693 4773 1727 4816 se
1742 4773 1795 4816 no-

1047 4843 1128 4904 verit
1158 4845 1258 4906 3313333
1285 4846 1548 4922 submovendum,
1572 4865 1629 4910 nec
1657 4864 1795 4912 commu·

1047 4941 1149 5001 333333Ι
1165 4949 1289 5001 nostrae
1302 4939 1443 5002 futurum
1458 4959 1525 5002 esse
1540 4951 1728 5019 consortem,
1741 4945 1794 5022 qui

1045 5034 1144 5095 socius
1166 5051 1232 5094 esse
1254 5033 1355 5096 noluit
1375 5035 1595 5113 disciplinae.»

1084 5127 1153 5202 §il
1179 5128 1216 5188 33
1238 5127 1363 5190 sortasse
1394 5129 1515 5192 obstare
1546 5133 1626 5194 dices
1658 5133 1795 5194 Caesaris

1047 5221 1237 5296 mandatum,
1260 5222 1341 5300 quod
1365 5223 1397 5284 in
1419 5224 1485 5284 eius
1501 5225 1626 5302 epistolii
1643 5226 1794 5302 encyclica

1045 5316 1224 5377 continetur
1255 5317 1304 5376 die
1335 5331 1391 5377 xit.
1423 5318 1555 5379 octobris
1587 5335 1793 5382 nocctxxxv.

1044 5409 1122 5470 data.
1146 5406 1206 5471 Sed
1229 5409 1365 5487 primum
1381 5411 1502 5490 Caesar,
1518 5427 1589 5473 cum
1605 5415 1639 5474 ad
1655 5416 1793 5476 3333313-

1045 5499 1204 5564 ferrentur
1231 5504 1375 5580 querelae
1406 5505 1438 5564 in
1472 5505 1503 5565 S.
1528 5505 1614 5566 Sedis
1647 5514 1795 5584 potestate

1045 5612 1107 5658 uon
1129 5613 1195 5657 esse
1218 5596 1353 5658 Nuncios
1385 5599 1521 5673 mittere,
1551 5601 1707 5676 respoudit
1731 5617 1792 5662 3333

1042 5689 1144 5750 solutu
1167 5706 1278 5764 uuum,
1301 5694 1352 5753 scd
1371 5699 1432 5753 tres
1449 5693 1541 5753 etiam
1555 5694 1579 5753 si
1599 5693 1693 5754 vellet
1708 5693 1793 5756 Nun-

1027 5843 1287 5856 .-.Ἥ-.-

1046 5931 1187 5990 rioplritau.
1211 5933 1365 5981 collectoris.
1387 5939 1427 5980 Sic
1448 5937 1560 5979 adscitur
1581 5938 1608 5978 tu
1630 5939 1729 5988 riperto
1751 5939 1794 5980 Va-

1045 6003 1139 6046 licetne.

1660 6129 1729 6174 40¹

1707 543 1785 632 Ι333
1836 572 1889 624 tn.
1903 573 1934 626 3.
1956 571 2025 623 3333
