4808 6988
358 530 457 626 Aac.
479 569 546 624 rear
596 559 657 633 ndu

577 722 712 786 cumque
734 706 1022 769 emolumentorum
1043 705 1203 768 exactione
1225 721 1258 766 ac
1279 703 1323 766 di-

577 801 708 873 visione,
721 805 751 861 et
766 814 936 877 poenarum
952 798 1212 861 incurrendarum
1228 815 1243 858 a
1258 812 1322 859 non

577 891 835 954 interessentibos
857 891 968 953 divinis
984 890 1091 954 officiis
1105 891 1244 966 incursu,
1261 891 1322 952 sin·

577 985 723 1061 gulorum
746 985 927 1062 praesentiis
949 992 978 1047 et
999 985 1144 1046 absentiis
1167 985 1321 1060 notandis,

576 1078 778 1142 caeremoniis
793 1093 826 1139 ao
843 1078 952 1140 ritibus
966 1077 1137 1153 servandis,
1152 1083 1183 1138 et
1198 1079 1323 1155 quihus-

577 1173 625 1233 vis
645 1171 712 1233 aliis
742 1172 833 1234 rebus
854 1170 932 1232 cirea
954 1169 1118 1249 praemissa
1147 1170 1324 1232 necessariis
1348 1203 1349 1208 ι

577 1272 608 1327 ιι
622 1263 814 1343 opportunis,
831 1278 1044 1342 quaecumque
1062 1269 1188 1338 statuta,
1204 1265 1323 1326 ordina·

577 1359 688 1433 tiones,
710 1357 841 1437 capitula
862 1363 892 1418 et
913 1355 1047 1430 decreta,
1064 1356 1145 1419 licita
1161 1365 1265 1418 tamen
1281 1365 1324 1418 at·

577 1468 638 1529 que
659 1452 799 1522 honesta,
820 1455 852 1510 et
881 1449 974 1511 sacris
1002 1449 1183 1524 canonibus,
1212 1450 1325 1512 consti·

579 1543 751 1606 tutionibus
778 1541 950 1619 apostolicis
971 1542 1163 1620 decretisque
1194 1543 1324 1604 concilii

579 1635 753 1698 Tridentini
780 1635 909 1697 minime
935 1636 1138 1710 adversantia,
1160 1635 1218 1697 suh
1239 1651 1325 1712 prae-

576 1729 718 1804 sidentia,
734 1729 926 1805 inspectione
945 1733 976 1790 ιι
991 1729 1209 1806 approbatione
1224 1745 1325 1807 respe-

577 1820 1324 1899 otivorumbrchiepisooporumetEpiscoporum

575 1917 682 1990 edere,
698 1921 790 1991 atque
804 1913 884 1976 edita
900 1913 1052 1976 declarare
1067 1921 1097 1975 et
1112 1915 1322 1992 interpretari,

576 2026 610 2071 ao
631 2010 663 2069 in
685 2006 849 2069 meliorem
870 2005 1003 2067 formam
1024 2007 1165 2083 redigere
1183 2018 1213 2068 et
1228 2008 1324 2069 refor-

577 2117 674 2174 mare,
696 2115 752 2161 seu
781 2098 839 2159 alia
860 2098 899 2161 de
920 2114 1014 2173 novo,
1037 2099 1155 2161 abillis
1183 2101 1218 2162 ad
1248 2117 1324 2178 quos

576 2199 702 2273 spectat,
725 2199 756 2254 et
777 2207 833 2270 pro
855 2191 997 2270 ternpore
1015 2193 1173 2270 spectabit,
1197 2193 1323 2255 inviola·
1350 2120 1353 2285 ι

577 2287 681 2349 biliter
701 2285 901 2360 observanda,
923 2285 981 2346 sub
1001 2286 1108 2362 poenis
1127 2287 1158 2347 in
1175 2285 1325 2348 contrafa-

576 2380 693 2442 cientes
722 2378 893 2442 statuendis
924 2379 1039 2456 pariter
1069 2381 1201 2442 condere
1232 2387 1324 2457 atque

577 2471 670 2534 edere
700 2471 796 2532 libere
817 2487 849 2532 ao
871 2470 954 2532 licite
986 2470 1119 2545 valeant,
1148 2469 1323 2533 facultatem

579 2570 727 2643 perpetuo
748 2563 944 2626 concedimus
966 2568 996 2624 et
1018 2562 1227 2640 impertimur.

346 2663 558 2763 niglgscgggeiggj
615 2658 635 2732 ἓ
659 2657 705 2718 le.
730 2655 936 2732 dignitatum,
959 2652 1180 2717 canonicorum
1199 2662 1229 2716 el
1246 2656 1323 2718 vica-

346 2769 391 2814 ras
417 2780 463 2824 oro
487 2780 559 2816 asse-
577 2751 698 2814 riorum
718 2766 774 2811 seu
803 2748 1079 2826 praebendatorum
1108 2763 1240 2809 numero
1261 2756 1324 2810 tam

347 2822 560 2934 ῗῆῗῧξὲζιᾱᾷξὲἐζ
578 2849 610 2909 in
633 2841 891 2922 metropolitanis,
915 2857 1006 2918 quarn
1038 2841 1070 2901 in
1100 2841 1323 2905 cathedralibus

346 2929 446 2976 bondis.

578 2937 719 3018 capitulis
742 2943 776 2997 ut
793 2949 883 3012 supra
901 2933 1073 3010 praefinito,
1089 2935 1123 2996 ad
1140 2949 1173 2994 ea
1189 2941 1252 2995 lam
1269 2952 1323 3013 pro

579 3035 634 3096 hac
654 3031 753 3110 prima
775 3029 853 3102 vioe,
875 3043 968 3105 quam
990 3042 1045 3105 pro
1072 3027 1184 3089 futuris
1205 3035 1324 3106 tempo-

578 3129 663 3190 ribus
684 3120 896 3200 componenda
917 3120 1094 3196 statuimus,
1115 3129 1148 3184 ut
1171 3122 1203 3183 in
1225 3131 1324 3200 poste-

579 3235 650 3283 rum
672 3217 801 3298 quilibet
822 3214 857 3275 ad
884 3214 1048 3291 dignitates
1075 3221 1106 3275 et
1128 3215 1323 3278 canonicatus

578 3311 779 3391 assequendos
810 3305 1011 3385 infrascriptis
1038 3313 1166 3370 ornatus
1187 3323 1253 3370 esse
1273 3310 1323 3371 de-

578 3407 645 3469 beat
666 3401 832 3482 requisitis,
854 3415 968 3478 nempe
981 3398 1063 3478 quod
1078 3399 1209 3462 maiores
1223 3417 1323 3464 sacros

576 3499 701 3562 ordines
714 3493 894 3571 susceperit,
908 3491 1080 3572 utilemque
1094 3493 1239 3556 ecclesiae
1254 3512 1325 3575 ope·

577 3606 644 3652 ram
664 3588 771 3650 saltem
793 3603 848 3664 per
869 3585 1122 3665 quinquennium
1150 3590 1322 3663 novaverit,

549 3682 627 3744 ·vol
649 3683 681 3743 in
703 3681 877 3742 animarum
899 3695 971 3740 cura
986 3680 1155 3742 exercenda
1170 3689 1223 3742 aut
1239 3681 1322 3746 adiu·
1350 3672 1352 3695 '

577 3778 675 3839 ranila
695 3791 762 3836 sese
783 3771 980 3851 praestiterit,
1005 3772 1053 3833 vel
1078 3773 1249 3850 theologiae
1270 3782 1322 3837 aut

576 3883 733 3930 sacrorum
754 3881 909 3928 canonum
932 3866 1086 3943 professor
1107 3869 1253 3944 extiterit,
1270 3869 1321 3931 vel

577 3961 670 4024 alicui
697 3962 730 4021 in
761 3974 860 4036 regno
888 3959 1048 4020 Borussico
1077 3960 1221 4023 existenti
1252 3961 1323 4039 Epi·

575 4070 666 4136 scopo
687 4055 719 4116 in
741 4054 935 4116 dioecesanae
959 4051 1233 4116 administrationis
1255 4073 1322 4118 mu-

577 4166 652 4212 nere
674 4147 862 4220 inservierit,
878 4146 929 4207 vel
949 4145 1076 4208 demum
1092 4147 1123 4208 in
1139 4165 1221 4211 sacra
1238 4151 1324 4213 theo-

576 4242 656 4319 logia
677 4249 731 4303 aot
751 4241 784 4302 in
806 4242 874 4302 iure
895 4241 1042 4302 canonico
1063 4242 1238 4305 doctoratus
1258 4245 1320 4308 lau-

577 4353 662 4399 ream
685 4336 743 4397 rite
769 4333 862 4396 fuerit
891 4343 1118 4412 consequutus:
1149 4343 1322 4414 postremae

1102 582 1166 664 filli·
1191 584 1282 632 honr.
1306 580 1347 630 nft
1369 577 1399 631 P·
1421 583 1450 632 P.
1476 585 1558 632 PARS
1580 577 1601 630 l.

2157 557 2207 618 Aa.
2220 565 2249 620 0.
2267 566 2324 622 1821

1381 704 1449 766 tatis
1471 704 1692 780 berolinensis,
1710 719 1802 782 quam
1817 699 1970 764 decanum
1985 701 2129 763 commis-

1378 799 1496 860 sarium
1517 797 1757 880 ecolesiasticum
1778 797 1811 857 in
1826 795 2127 858 comitatuGlacensi

1379 909 1435 971 pro
1451 897 1589 969 tempore
1605 891 1773 952 existentes
1789 891 1872 952 inter
1887 889 2068 951 honorarius
2081 907 2128 952 oa·

1381 986 1507 1047 nonicos
1529 982 1786 1046 wratislaviensis
1807 981 1989 1045 cathedralis
2004 983 2127 1060 capituli

1380 1095 1445 1141 esse
1467 1077 1668 1156 cooptandus3
1691 1075 1733 1136 ita
1755 1084 1789 1137 ut
1804 1076 1868 1154 pari
1885 1091 1957 1138 cum
1972 1074 2007 1136 iis
2022 1075 2127 1138 fruan-

1380 1183 1431 1236 tur
1454 1173 1533 1246 iure,
1556 1171 1660 1232 locum
1689 1169 1778 1232 illum
1800 1177 1891 1248 atque
1917 1170 2062 1232 ordinem
2085 1177 2127 1230 tc·

1381 1274 1503 1340 nentes,
1522 1265 1575 1343 qui
1596 1262 1768 1325 secundum
1783 1262 1972 1342 respectivae
1987 1262 2126 1323 nomina-

1382 1361 1473 1422 tionis
1496 1368 1617 1435 tempus
1639 1355 1711 1434 ipsis
1730 1361 1905 1432 competere
1920 1355 2126 1432 dignoscatur.

1379 1453 1514 1529 Quilibet
1535 1458 1638 1512 autem
1662 1465 1700 1510 ex
1720 1448 1877 1509 canonicis
1898 1449 2072 1512 honorariis
2093 1449 2126 1510 in

1379 1543 1626 1625 unumquodque
1647 1557 1686 1604 ex
1707 1541 1870 1604 antedictis
1896 1542 2038 1619 capitulis
2059 1559 2129 1604 ooo-

1381 1641 1511 1720 ptandus
1538 1636 1708 1698 sumendus
1736 1634 1795 1697 crit
1817 1650 1855 1695 ex
1877 1649 2009 1696 numero
2029 1636 2127 1698 archi·

1380 1732 1634 1808 presbyterorum
1656 1727 1832 1789 animarum
1854 1743 1960 1790 curam
1977 1729 2010 1789 in
2026 1744 2127 1807 respe-

1380 1825 1460 1885 ctiva
1482 1821 1612 1885 dioecesi
1634 1819 1828 1882 laudabiliter
1848 1820 2073 1884 exercentium.

1420 1916 1509 1992 520.
1532 1915 1617 1990 Quod
1645 1929 1719 1975 vero
1750 1913 1863 1974 attinet
1885 1912 1919 1972 ad
1942 1930 2055 1975 novam
2077 1933 2128 1977 su·
2160 1931 2195 1990 pa
2206 1901 2333 1995 nominatae

1381 2010 1591 2090 pradictorum
1622 2006 1830 2085 capitulorum
1860 2021 1916 2084 pro
1946 2009 2001 2068 hac
2028 2008 2128 2084 prima
2147 1983 2333 2091 {mm}

1381 2106 1447 2166 vice
1469 2120 1503 2164 ea
1524 2119 1583 2180 qua
1605 2099 1752 2162 convenit
1773 2099 1930 2162 celeritate
1944 2099 2128 2178 explendam
2147 2093 2264 2135 l²⁰³¹¹²⁰⁵¹

1380 2195 1647 2274 compositionem,
1673 2192 1945 2254 infranominando
1967 2195 2077 2258 harum
2094 2197 2128 2258 li-

1382 2295 1520 2350 terarum
1542 2291 1720 2348 nostrarum
1742 2285 1926 2362 exequutori
1944 2293 2127 2364 potestatem

1380 2379 1521 2455 facimus,
1545 2385 1580 2441 ut
1601 2377 1633 2439 in
1655 2392 1840 2456 unaquaque
1862 2377 1986 2439 ecclesia
2008 2389 2069 2440 tam
2084 2381 2129 2442 di·

1381 2475 1513 2551 gnitates
1535 2479 1565 2534 et
1584 2470 1793 2544 canonicatus,
1809 2486 1903 2549 quam
1918 2465 2056 2547 vicarias,
2072 2489 2127 2535 seu

1381 2565 1603 2644 praebendatus
1633 2570 1703 2626 actu
1732 2571 1887 2638 vacantes,
1916 2579 1995 2641 quae
2014 2563 2057 2624 -ad
2079 2581 2128 2626 ae

1381 2660 1540 2739 quandum
1571 2671 1741 2719 numerum
1763 2663 1909 2735 utsupra
1931 2657 2126 2733 designatum

1380 2753 1507 2815 fortasse
1529 2751 1684 2825 deficient,
1707 2749 1809 2824 dignis
1836 2756 1868 2811 et
1889 2749 2007 2812 idoneis
2031 2752 2127 2814 ecole-

1379 2846 1507 2908 siastiois
1528 2843 1605 2905 viris
1626 2859 1664 2904 ex
1684 2842 1822 2920 delegata
1844 2843 1901 2905 sibi
1921 2845 2043 2922 speciali
2058 2865 2128 2926 apo·

1379 2941 1486 3002 stolica
1515 2937 1671 3010 facultate,
1695 2953 1728 2998 ao
1759 2936 1852 2998 huius
1882 2937 2011 3002 Sanctae
2041 2940 2127 3004 Sedis

1381 3035 1520 3107 nomine,
1541 3031 1697 3107 conferam
1720 3031 1761 3091 ita
1782 3036 1884 3092 tamen
1907 3039 1942 3094 nt
1964 3033 1984 3093 ii
2007 3033 2127 3098 dumta-

1381 3139 1442 3204 xat,
1473 3129 1526 3206 qui
1555 3125 1593 3188 de
1623 3125 1825 3200 dignitatibus
1847 3133 1878 3186 ot
1898 3128 2127 3190 canonicatibus

1380 3223 1417 3284 ah
1439 3223 1503 3300 ipso
1524 3218 1640 3298 provisi
1670 3216 1799 3292 fuerint,
1822 3219 2001 3296 apostolicas
2029 3236 2126 3283 novae

1380 3315 1564 3396 provisionis
1585 3320 1617 3374 ιι
1642 3312 1886 3374 confirmationis
1917 3313 2020 3376 literas
2047 3315 2127 3378 infra

1379 3427 1432 3472 sex
1454 3423 1578 3472 menses
1598 3421 1637 3466 ex
1654 3413 1728 3467 tunc
1743 3406 1900 3483 proximos
1915 3423 1930 3468 a
1945 3408 2057 3471 dataria
2072 3426 2127 3472 uo-

1379 3512 1441 3568 stra
1462 3503 1630 3580 impetrare
1651 3507 1682 3560 et
1703 3497 1848 3575 expedire
1876 3498 1976 3564 facere
2003 3509 2128 3564 tenean-

1381 3604 1442 3659 tur.
1467 3595 1506 3657 Et
1519 3595 1545 3654 si
1559 3593 1731 3670 contingat,
1748 3593 1830 3670 quod
1846 3593 1878 3654 in
1893 3591 1992 3672 aliqua
2008 3611 2046 3656 ex
2062 3613 2126 3659 me-

1381 3689 1574 3767 tropolitanis
1596 3687 1646 3748 vel
1668 3686 1893 3748 cathedralibus
1912 3688 1941 3749 in
1966 3689 2127 3752 Borusslae

1379 3799 1476 3860 regno
1497 3781 1701 3844 existentibus
1723 3779 1858 3841 ecclesiis
1879 3781 2057 3859 dignitates,
2079 3801 2127 3847 ca-

1380 3876 1483 3939 nonici
1504 3883 1536 3937 et
1557 3874 1663 3936 vicarii
1684 3889 1739 3934 seu
1762 3873 1958 3950 praebendati
1988 3875 2127 3952 legitime
2210 3871 2213 3876 ’

1380 3979 1410 4032 ιι
1431 3969 1577 4031 canonice
1599 3966 1734 4027 instituti
1754 3967 1853 4029 adhuc
1868 3969 2011 4032 viventes
2026 3987 2128 4048 respe-

1379 4065 1499 4126 ctivum
1520 4075 1689 4122 numerum
1711 4075 1726 4120 ι
1748 4060 1837 4120 nohis
1859 4068 1893 4122 ut
1911 4078 2002 4140 supra
2017 4066 2126 4140 praeli-

1380 4159 1483 4220 nilum
1504 4154 1665 4228 excedant,
1680 4154 1853 4230 praedictus
1868 4164 2042 4233 exequutor
2057 4173 2126 4236 apo-

1378 4251 1520 4324 stolicus,
1553 4247 1666 4310 vocatis
1695 4247 1871 4324 auditisque
1899 4247 2047 4311 interesse
2071 4252 2126 4312 ha-

1379 4343 1534 4416 bentibus,
1556 4349 1608 4402 aut
1629 4354 1685 4416 per
1705 4339 1897 4401 voluntarius
1911 4340 2029 4404 fur-lum
2044 4343 2126 4405 abdi-

578 4438 682 4492 lamen
705 4429 832 4491 huiusce
852 4429 1037 4490 conditionis
1056 4428 1166 4492 effectu
1180 4445 1219 4490 ex
1234 4431 1323 4494 iustis
1349 4490 1351 4533 Ι
1379 4437 1513 4498 cationes
1542 4432 1660 4496 abillis
1683 4431 1733 4493 vel
1754 4432 1791 4492 ah
1818 4431 1946 4494 illorum
1973 4433 2127 4512 aliquibus

576 4525 785 4602 gravibusque
812 4522 909 4584 causis
930 4537 985 4600 per
1008 4524 1196 4588 decennium
1218 4529 1322 4590 adata
1349 4544 1352 4674 l
1379 4529 1566 4591 emittendos
1585 4542 1653 4587 rem
1668 4533 1843 4604 componat,
1861 4527 1983 4604 proviso
1998 4527 2126 4590 hisimul

578 4617 787 4696 praesentium
817 4616 1057 4695 computandum
1085 4620 1116 4680 in
1137 4637 1322 4698 suspensum
1350 4695 1351 4706 ἵ
1380 4639 1434 4702 per
1456 4637 1607 4698 congruas
1629 4620 1773 4681 vitalitias
1795 4621 1959 4697 pensiones
1975 4620 2034 4680 iam
2050 4639 2066 4681 a
2080 4637 2125 4684 se-

576 4721 770 4773 remanente.
795 4711 1026 4790 Cuiuscumque
1048 4730 1123 4775 vero
1137 4715 1322 4777 conditionis
1349 4707 1351 4787 l
1379 4715 1542 4778 renissimo
1565 4729 1637 4789 rege
1654 4712 1802 4791 pollicitus
1817 4713 2042 4774 dimittentium
2055 4714 2127 4775 snb-

576 4803 793 4866 ecclesiasticos
814 4806 897 4866 viros
918 4805 1037 4883 aequali
1059 4807 1176 4869 iuread
1192 4809 1323 4886 dignita·
1349 4820 1351 4865 ἱ
1378 4808 1573 4883 stentationi,
1596 4812 1649 4869 aut
1670 4806 1694 4867 si
1716 4807 1921 4868 abdicationes
1950 4807 2125 4869 huiusmodi

576 4905 621 4960 tes
642 4907 673 4959 et
694 4899 890 4962 canonicatus
911 4899 1094 4962 obtinendos
1116 4904 1250 4977 gaudere
1271 4903 1322 4964 de·
1349 4868 1351 4997 i
1380 4903 1510 4964 minime
1532 4901 1715 4972 habeantur,
1733 4899 1783 4959 vol
1796 4898 2002 4962 sufficientem
2018 4915 2127 4963 nume-

576 4991 877 5068 ber·edecernimus;
893 4993 1032 5070 itemque
1047 4995 1211 5056 statuimus
1227 5013 1321 5059 unam
1349 5002 1351 5069 l
1378 5011 1451 5057 rum
1473 5011 1536 5056 non
1567 4995 1734 5069 attingant,
1757 4993 1789 5053 in
1811 4997 1869 5054 hoo
1889 5010 1971 5070 casu,
1994 4996 2046 5073 qul
2070 5010 2126 5056 nu-

575 5087 607 5150 in
630 5085 875 5161 Monasteriensi,
898 5102 931 5148 ac
958 5087 1088 5148 alteram
1110 5089 1142 5148 in
1165 5089 1322 5152 Wratisla·
1348 5082 1351 5193 l
1379 5104 1502 5150 morum
1534 5087 1565 5148 in
1589 5087 1762 5164 supradicta
1793 5093 1897 5148 nostra
1927 5087 2128 5164 dispositione

575 5181 675 5245 vieosi
695 5180 920 5244 cathedralibus
950 5181 1084 5244 ecclesiis
1112 5183 1321 5246 canonicalem
1379 5182 1577 5263 praefinitum
1607 5179 1789 5242 excedentes
1816 5179 2016 5256 dignitatum,
2038 5196 2127 5242 cano-

575 5275 781 5352 praebendam
813 5275 1044 5350 designandam,
1077 5283 1109 5337 ιι
1138 5277 1175 5337 ab
1205 5294 1253 5352 eo,
1285 5279 1320 5339 ad
1349 5250 1350 5329 ι
1379 5278 1537 5340 nicatuum
1560 5282 1591 5335 et
1613 5273 2058 5352 vicariatuumpossessionem
2075 5291 2127 5354 po-

575 5384 667 5446 quem
683 5369 767 5429 iuxta
782 5368 940 5430 mensium
954 5369 1170 5432 alter-nativam
1186 5372 1321 5447 perlina-

575 5463 637 5537 bit,
665 5477 787 5540 semper
814 5469 845 5523 et
872 5465 1128 5542 quandocumque
1157 5463 1320 5525 conferen-

575 5556 645 5617 dam
666 5570 732 5616 esse
760 5557 866 5616 uniet
894 5555 983 5616 ιιιιιι
1008 5557 1154 5618 canonica
1175 5555 1319 5634 requisita

576 5647 760 5710 habentibus
781 5665 819 5708 ex
841 5648 1064 5726 professoribus
1082 5651 1320 5713 universitatum

575 5743 607 5804 in
623 5741 711 5803 dictis
726 5743 903 5819 respectivis
917 5744 1090 5804 civitatibus
1105 5744 1319 5820 existentium3

574 5843 668 5912 atque
684 5833 815 5895 ulterius
830 5836 1026 5897 decernimus
1040 5846 1101 5898 tam
1112 5836 1321 5913 praepositum

575 5929 754 6016 parochialis
776 5929 921 5991 ecclesiae
936 5931 1064 5992 Sanctae
1080 5929 1234 6006 lledwigis
1247 5929 1321 5991 civi-

1378 5379 1494 5432 stremo
1516 5368 1582 5430 loco
1603 5366 1704 5444 adepti
1733 5365 1862 5440 fuerint,
1884 5368 1909 5427 si
1931 5369 2009 5446 apud
2031 5368 2127 5430 eccle·

1377 5464 1435 5524 sias
1462 5477 1532 5525 suas
1560 5462 1724 5535 resideant,
1746 5460 1928 5538 capitulares
1950 5460 2074 5540 quidem
2098 5469 2127 5522 et

1378 5555 1483 5618 vicarii
1507 5554 1763 5632 respectiveesse
1786 5561 1929 5630 pergent,
1952 5553 2072 5616 iuribus
2096 5562 2127 5615 et

1377 5647 1600 5726 praerogativis
1615 5647 1746 5709 nunciis
1761 5646 2010 5724 competentibus
2021 5646 2127 5710 fruen-

1373 5753 1441 5818 tur,
1463 5757 1597 5820 suosque
1618 5738 1756 5802 redditus
1773 5739 1805 5800 in
1821 5755 1855 5800 ea
1870 5742 2043 5818 quantitate
2059 5757 2128 5819 per-

1377 5835 1504 5914 cipient,
1517 5851 1576 5912 qua
1590 5837 1620 5895 in
1631 5849 1775 5912 praesens
1791 5836 1945 5910 gaudent:
1962 5835 2014 5896 sed
2029 5850 2126 5911 quan-

1379 5931 1417 5992 do
1430 5928 1576 5994 beneficia
1587 5927 1625 5987 ah
1640 5927 1676 5988 iis
1688 5928 1813 5989 obtenta
1825 5941 2024 6006 quocumque
2035 5929 2126 5990 modo
