4750 6980
903 581 974 627 vans
995 582 1043 626 rr.
1069 582 1110 627 vr.
1697 560 1754 626 423
1805 562 1858 614 Aa.
1872 561 1902 615 c.
1924 561 1992 614 1797

243 697 383 779 praedicti
404 697 511 775 Agabii
532 698 651 774 llattar,
673 714 766 778 quem
791 698 978 760 absolvimus
1388 700 1410 760 l.

242 792 411 866 avinculo,
434 809 495 870 quo
516 798 653 866 tenetur,
677 791 828 854 Ecclesiae
855 791 979 854 Arcbie-

242 884 394 964 piscopalis
421 884 553 958 Sidonis,
577 901 610 946 ac
636 884 851 947 transferimus
872 884 907 958 ad
929 900 978 962 pa·
1073 887 1141 962 53.
1166 886 1401 961 constituimus,
1418 894 1451 949 ut
1466 886 1652 950 decennium
1673 884 1774 948 fratri·
1793 895 2004 994 'operffirdgrctgffi

243 977 433 1042 triarcbalem
470 977 818 1040 Graeco-lllelcbitarum
853 978 978 1052 sedem,
1033 981 1090 1043 bus
1111 981 1145 1042 ad
1176 978 1310 1055 Collegia
1331 978 1369 1040 de
1397 980 1590 1058 Propaganda
1617 980 1692 1042 fide
1719 995 1774 1058 pro
1793 1003 1928 1060 paradeus
1956 1002 2004 1048 ag.

243 1069 448 1150 praeficientes
474 1071 507 1132 in
535 1070 740 1132 Patriarcbauu
769 1079 798 1133 et
827 1077 979 1149 pastorem
1035 1073 1231 1135 missionibus
1252 1073 1458 1148 migrantibus
1473 1091 1487 1134 a
1503 1075 1552 1136 die
1572 1073 1646 1150 ipsa,
1669 1073 1701 1134 in
1716 1089 1774 1152 qua
1793 1055 2005 1156 lfflffiggg:

241 1179 309 1227 suae
330 1163 476 1237 nationis,
500 1179 635 1242 proque
664 1163 778 1226 electus
807 1170 864 1238 est,
888 1169 980 1242 prout
1035 1167 1460 1229 navasconscenduntlndias
1476 1183 1592 1242 versae,
1608 1167 1775 1230 dummodo
1793 1163 2004 1263 fggssfupfflff

242 1259 273 1320 in
292 1259 415 1320 decreto
436 1264 467 1318 et
485 1256 628 1320 schedula
655 1257 857 1320 consistoriali
877 1257 980 1336 eupri·
1034 1260 1095 1322 iam
1115 1261 1283 1324 sacerdotes
1303 1261 1376 1336 sint,
1392 1258 1453 1335 vel,
1470 1260 1495 1321 si
1517 1262 1658 1323 nondum
1679 1275 1776 1322 sacer·

77 3056 210 3103 Prooemium.

242 1359 456 1506 1111ιιιιιπιιοιιιιιιθ
471 1443 567 1506 Patris
582 1447 630 1519 vxi,
647 1451 678 1506 et
692 1443 761 1506 Filii
777 1447 825 1520 ff«,
841 1449 873 1506 et
887 1443 981 1523 Spiri-

242 1545 288 1602 tus
303 1539 338 1612 ιξι
354 1537 468 1602 Sancti.
485 1537 596 1599 Amen.

272 1633 284 1662 ,
384 1639 386 1644 ,

491 1739 728 1748 ——q—

550 1918 669 1982 cxxiv.

242 2108 401 2191 approbat
424 2109 563 2172 XXVlll.
585 2106 744 2170 articulos
759 2125 779 2168 o
796 2105 983 2170 Commisso-

280 2205 328 2266 rio
351 2205 426 2267 Gen.
451 2201 615 2266 dfirtoram
639 2198 692 2264 Ob.
713 2199 744 2263 S.
764 2200 930 2288 francisci
947 2201 981 2262 io

280 2296 382 2362 indiis
392 2295 569 2374 propositos
580 2294 621 2356 ud
632 2292 730 2356 dubia
741 2293 892 2365 tollenda,
904 2310 982 2372 poue

280 2393 315 2453 ia
326 2389 480 2469 sepimine
493 2386 704 2465 Collcpiorum
719 2386 755 2448 da
773 2385 982 2466 Propontiacis

282 2484 355 2548 Fide
382 2481 521 2544 eiusdem
550 2479 681 2543 Ordinis
709 2480 746 2540 ira
777 2479 880 2544 fodiis
902 2481 982 2542 oric·

280 2577 410 2641 duratur.

491 2741 577 2810 Pllls
600 2743 660 2809 ΡΡ.
685 2741 730 2809 tll.

378 2868 415 2935 ad
435 2868 566 2934 loturam
588 2866 632 2932 rei
660 2865 840 2932 memoriam.

278 3049 297 3122 ἓ
320 3046 346 3108 l.
370 3046 461 3107 Decet
482 3044 655 3107 Romanum
685 3043 864 3106 Pontificem
886 3041 983 3104 liben-

243 3151 288 3205 ter
308 3141 341 3202 in
362 3139 399 3200 iis
419 3137 576 3219 pastoralis
590 3152 662 3198 suae
682 3136 894 3215 providentiae
914 3153 982 3199 auc·

243 3235 396 3296 toritatem
426 3233 637 3310 interponere,
666 3247 744 3309 quae
771 3230 806 3293 ad
834 3228 995 3292 tollendas

242 3328 418 3390 animorum
432 3325 586 3402 ambages,
598 3323 836 3401 regularemque
851 3323 981 3400 discipli-

242 3435 312 3483 nam
333 3419 445 3482 sancita
465 3425 551 3492 sunt,
568 3425 602 3481 ut
616 3433 650 3478 ea
671 3416 760 3478 sicin
775 3425 982 3479 aevumstare

1034 1353 1119 1415 dotes
1141 1354 1348 1432 reperiantur,
1370 1371 1385 1415 a
1408 1353 1467 1429 die,
1490 1353 1605 1432 quaed
1628 1354 1711 1416 bunc
1732 1371 1776 1414 sa-

1034 1463 1123 1510 crum
1134 1447 1274 1510 ordinem
1287 1455 1381 1509 erunt
1392 1446 1536 1524 promoti,
1546 1447 1776 1510 numerandum

1034 1541 1089 1603 sit:
1114 1548 1144 1602 et
1164 1540 1206 1603 sic
1226 1541 1340 1619 pariter
1361 1557 1460 1603 annus
1484 1540 1707 1620 approbationis
1721 1540 1775 1602 ‘re-

1036 1633 1168 1710 quisitus
1182 1632 1217 1694 ad
1233 1632 1438 1695 obtinendum
1462 1633 1508 1694 ius
1529 1634 1693 1711 utriusque
1713 1632 1775 1694 suf·

1036 1729 1125 1804 fragif
1145 1729 1177 1791 in
1199 1727 1438 1804 guardianorum
1461 1728 1600 1804 capitulis
1615 1727 1675 1790 erit
1696 1742 1777 1790 com-

1037 1827 1207 1904 putandus:
1231 1831 1263 1886 ut
1277 1823 1382 1897 frater,
1398 1825 1451 1902 qui
1467 1837 1654 1901 perannum
1669 1822 1701 1884 in
1716 1820 1777 1884 col-

1036 1918 1123 1994 legiis
1133 1924 1340 1981 commoratus
1352 1925 1408 1989 est,
1419 1918 1452 1980 ad
1469 1916 1640 1995 provincias
1656 1914 1775 1987 transit,

1035 2019 1066 2073 et
1087 2012 1159 2074 dein
1181 2012 1216 2073 ad
1238 2011 1343 2072 eadem
1365 2009 1492 2086 collegia
1513 2009 1701 2086 regreditur,
1724 2007 1774 2070 ba-

1035 2105 1154 2167 bendus
1172 2104 1213 2166 sit
1233 2103 1331 2166 veluti
1348 2104 1459 2166 missus
1480 2101 1515 2164 ad
1536 2101 1700 2164 ferendum
1714 2101 1776 2164 suf-

1036 2196 1170 2273 fragium
1185 2196 1218 2257 in
1234 2196 1444 2270 electionibus,
1461 2195 1538 2274 quin
1559 2193 1662 2256 denuo
1676 2211 1776 2256 annus

1035 2290 1258 2368 approbationis
1278 2289 1315 2351 ab
1336 2303 1372 2350 eo
1393 2288 1433 2349 sit
1452 2287 1677 2365 suscipiendus,
1694 2289 1776 2366 qnod

1037 2384 1117 2446 idem
1129 2382 1316 2445 servandum
1331 2382 1418 2444 venit
1433 2397 1488 2459 pro
1503 2380 1777 2458 commigrantibus

1035 2491 1074 2538 ex
1094 2492 1158 2538 uno
1172 2476 1204 2538 in
1221 2466 1303 2538 alind
1321 2475 1497 2561 collegium.
1509 2474 1607 2536 Nemo
1622 2475 1669 2536 ius
1684 2473 1776 2535 alieni

1035 2569 1171 2646 suffragii
1204 2569 1337 2645 babebit,
1359 2585 1415 2631 seu
1439 2570 1472 2631 in
1501 2568 1671 2649 praelatum
1704 2567 1777 2644 eligi

1035 2663 1159 2742 poterit,
1171 2662 1272 2742 quina
1284 2669 1418 2740 quatuor
1430 2663 1520 2725 annis
1533 2661 1635 2723 eidem
1649 2659 1778 2738 collegio

1035 2758 1074 2818 sit
1086 2758 1312 2834 incorporatus:
1329 2756 1438 2819 electio
1450 2771 1524 2818 vero
1537 2756 1778 2832 guardianorum

1036 2861 1067 2914 et
1087 2850 1378 2925 commissariorum,
1400 2851 1454 2928 qui
1476 2848 1671 2912 missionibus
1692 2864 1777 2928 prae-

1036 2949 1121 3021 sunt,
1137 2943 1281 3022 deinceps
1301 2943 1344 3005 sic
1365 2945 1424 3007 erit
1444 2945 1572 3006 omnino
1590 2942 1774 3024 peragenda:

1036 3043 1099 3099 tres
1114 3053 1151 3098 ev
1165 3038 1310 3100 omnibus
1324 3037 1481 3100 vocalibus
1494 3039 1645 3116 cuiusque
1654 3037 1777 3116 capituli

1036 3138 1130 3192 erunt
1143 3129 1284 3209 pluribus
1297 3129 1451 3208 suffragiis
1462 3130 1607 3208 eligendi,
1620 3131 1669 3195 cui
1680 3130 1778 3192 maior

1036 3240 1105 3303 pars
1128 3223 1280 3286 vocalium
1300 3223 1462 3300 suffragata
1477 3225 1546 3301 erit,
1563 3239 1682 3304 praeses
1695 3224 1777 3287 eius-

1036 3317 1107 3380 dem
1134 3315 1258 3396 capituli
1286 3333 1357 3380 eum
1386 3317 1591 3394 guardianum
1615 3333 1670 3380 seu
1694 3333 1776 3381 com-

1037 3412 1211 3473 missarium
1225 3410 1414 3489 praefectum
1429 3413 1557 3476 omnino
1572 3413 1776 3491 renuntiabit,

241 3513 354 3576 certius
373 3511 502 3591 possint,
518 3518 610 3589 prout
624 3510 657 3571 in
673 3510 804 3572 Domino
818 3498 982 3574 salubriter
1036 3505 1121 3568 nullo
1136 3505 1163 3566 ei
1179 3505 1262 3568 bisce
1275 3503 1407 3584 desuper
1428 3507 1534 3570 relicto
1553 3506 1680 3568 arbitrio
1694 3507 1778 3571 iuxta

241 3605 384 3685 expedire
403 3605 580 3667 arbitratur.
1036 3600 1269 3678 dispositionem
1282 3603 1433 3664 secundae
1453 3601 1691 3665 innocentianae
1706 3619 1777 3666 con·

32 3771 33 3782 ἵ
73 3708 225 3764 rapodone-
279 3699 349 3775 ἐι.
365 3695 472 3776 Nuper
491 3696 643 3776 siquidem
665 3695 892 3760 dilectusfllius
907 3696 980 3759 Pan·
1035 3693 1206 3756 stitutionis
1220 3695 1279 3757 snb
1293 3711 1424 3758 numero
1446 3694 1616 3771 trigesimo,
1632 3695 1682 3758 alii
1704 3712 1779 3758 vero

32 3772 106 3826 ’Μ’
242 3794 288 3856 lus
308 3794 346 3855 de
367 3791 455 3869 Move
475 3789 570 3852 frater
593 3789 715 3853 Ordinis
739 3790 983 3854 ldinorumSan·
1036 3790 1098 3856 duo
1119 3797 1212 3854 erunt
1233 3789 1374 3866 disereti·,
1396 3806 1429 3852 ac
1455 3789 1566 3853 deinde
1586 3806 1602 3850 a
1623 3789 1778 3851 vocalibus

243 3887 281 3950 cti
294 3885 449 3950 francisci
463 3886 500 3948 de
514 3882 712 3948 Obseruantia
735 3890 983 3962 nuncupatorum
1036 3885 1198 3963 praedictis
1217 3884 1328 3946 tertius
1349 3888 1380 3944 et
1401 3889 1529 3960 quartus
1544 3882 1665 3946 discreti
1685 3889 1779 3945 erunt

242 3997 274 4042 ac
294 3979 523 4043 commissarius
543 3977 696 4054 generalis
717 3977 874 4041 indiarum
896 3976 983 4040 nobis
1037 3976 1229 4054 designandi,
1251 3977 1292 4038 ita
1314 3983 1359 4050 ut,
1382 3976 1435 4055 qni
1458 3975 1519 4039 duo
1540 3975 1627 4053 plura
1649 3974 1779 4038 tulerint

243 4071 352 4150 erponi
373 4070 455 4146 fecit,
478 4071 571 4150 quod,
593 4085 665 4133 cum
684 4069 756 4131 alias
777 4085 908 4132 munera
928 4086 983 4132 seu
1037 4069 1780 4146 suffragiumdiscretosetiameruntcostituen-

242 4165 336 4228 officia
359 4163 642 4227 commissariorum
664 4161 859 4239 generalium
880 4163 913 4225 in
934 4163 983 4225 ln·
1037 4165 1082 4228 di.
1098 4165 1163 4240 Quo
1178 4172 1281 4225 autem
1296 4161 1508 4226 consentiatur
1518 4163 1707 4240 dispositioni
1720 4169 1780 4226 sta·

242 4257 298 4319 diis
329 4257 534 4321 residentium
565 4256 726 4319 interdicta
756 4271 811 4318 seu
838 4271 983 4334 suspensa
1037 4257 1095 4319 tuti
1118 4264 1183 4317 tum
1204 4255 1358 4333 generalis
1385 4255 1500 4317 Romae
1520 4256 1593 4317 anni
1622 4255 1779 4318 millesimi

242 4349 369 4424 inerint,
390 4349 478 4427 plura
500 4347 571 4411 binc
592 4349 683 4411 dubia
704 4349 786 4411 inter
806 4348 914 4410 fratres
936 4349 984 4411 sui
1036 4349 1251 4412 sexcentesimi
1263 4349 1510 4429 quinquagesimi
1525 4348 1628 4427 primi,
1645 4355 1714 4411 tum
1727 4364 1780 4411 cu-

243 4443 373 4510 ordinis,
391 4442 600 4505 missionarios
628 4443 662 4503 in
694 4441 851 4505 indiarum
879 4443 984 4517 regnis
1036 4443 1202 4506 stodiarurn
1219 4442 1256 4504 de
1270 4443 1463 4521 Propaganda
1484 4443 1559 4506 llide
1579 4459 1661 4504 anno
1682 4443 1781 4506 mille·

243 4541 469 4599 commorantes
495 4535 553 4598 sibi
581 4535 734 4598 subiectos
762 4543 868 4598 exorta
898 4543 983 4610 sunt,
1037 4537 1115 4600 simo
1136 4537 1411 4614 septingentesimo
1438 4537 1625 4613 octogesimo
1650 4537 1687 4598 ab
1709 4537 1780 4598 Em·

243 4645 375 4709 quorum
404 4627 516 4692 solutio
536 4629 574 4691 ab
595 4629 661 4691 eius
686 4629 868 4692 auctoritate
893 4628 985 4690 enixe
1039 4629 1181 4693 manuele
1193 4631 1229 4692 de
1241 4628 1360 4706 lallega
1371 4629 1445 4691 editi
1456 4646 1511 4709 pro
1522 4629 1724 4692 electionibus
1736 4631 1782 4692 vi-

243 4723 453 4802 postulabatur
473 4723 586 4802 qnippe
608 4739 679 4798 nna,
698 4721 734 4783 ad
755 4721 985 4785 sedandasom·
1037 4729 1210 4799 citatorum,
1226 4723 1471 4802 praesidentium
1492 4722 1698 4801 capitulorum
1712 4738 1781 4800 pro·

245 4834 297 4881 nes
316 4817 492 4880 animorum
511 4817 769 4893 perturbationes
786 4831 843 4878 nec
858 4831 921 4880 non
936 4832 984 4879 re·
1038 4817 1218 4881 vincialium
1232 4824 1263 4879 et
1277 4816 1503 4891 custodialinm,
1526 4816 1579 4880 ubi
1600 4816 1750 4879 nominati
1765 4833 1781 4878 a

243 4912 349 4989 ligiose
375 4910 585 4973 custodiendas
614 4910 848 4974 innocentianas
872 4911 985 4975 consti·
1038 4911 1174 4990 praelato
1196 4910 1332 4987 generali
1352 4925 1445 4972 suum
1472 4911 1641 4973 adventum
1663 4910 1781 4973 diutius

244 5007 379 5068 tutiones
400 5018 456 5082 pro
476 5004 612 5080 collegiis
632 5005 804 5083 apostolicis
818 5006 855 5068 de
876 5006 984 5084 Propa·
1037 5004 1200 5080 different,
1229 5004 1386 5079 statuitur,
1409 5011 1443 5066 nt
1463 5004 1488 5064 si
1512 5003 1641 5083 expletis
1662 5004 1781 5066 duobus

245 5099 339 5175 ganda
354 5097 427 5160 Fide
441 5100 548 5173 editas,
566 5098 680 5176 optima
699 5097 869 5160 videbatur.
887 5097 984 5174 Quod·
1038 5099 1141 5162 solidis
1162 5098 1250 5160 annis
1265 5111 1338 5159 cum
1352 5097 1478 5160 dimidio
1493 5097 1583 5160 oflicii
1600 5099 1779 5175 guardiano·

245 5207 302 5270 que
322 5191 451 5269 insuper
465 5191 557 5254 iidem
574 5191 682 5254 fratres
697 5191 881 5254 missionarii
897 5193 933 5253 ab
948 5207 984 5254 eo
1039 5206 1111 5256 rum
1143 5191 1311 5269 praedictae
1342 5191 1538 5269 superiorum
1567 5191 1781 5270 dispositiones

245 5285 473 5360 desiderabant,
496 5291 531 5346 ut
560 5285 623 5362 ipse
648 5283 748 5362 aliqua
773 5285 907 5361 praemia
929 5301 984 5362 pro
1039 5284 1179 5349 nondum
1200 5285 1413 5362 pervenerint,
1431 5292 1657 5363 tuncquaeque
1671 5281 1782 5346 discre-

245 5378 404 5440 erantlatis
419 5378 573 5440 laboribus
584 5377 696 5457 cuique
707 5378 740 5439 in
756 5377 898 5441 futurum
913 5394 985 5440 con·
1039 5379 1116 5441 toria
1137 5394 1207 5440 suos
1236 5377 1409 5440 visitatores
1430 5384 1461 5440 et
1489 5379 1707 5455 praesidentes,
1729 5383 1782 5438 aut

246 5471 404 5534 stitueret:
435 5476 622 5550 quapropter
643 5478 678 5532 ut
700 5471 784 5532 bisce
808 5470 987 5549 postulatio·
1039 5487 1078 5533 ex
1107 5471 1239 5532 alumnis
1260 5470 1308 5531 sui
1333 5469 1483 5548 cuiusque
1511 5469 1648 5546 collegii,
1671 5477 1723 5530 aut
1743 5483 1781 5528 ex

32 3565 34 3616 l

32 3637 34 3674 l

32 3681 34 3740 l

246 5564 333 5626 uibus
354 5580 410 5643 pro
431 5564 533 5628 debito
546 5563 593 5625 sui
610 5563 699 5625 officii
721 5578 852 5626 munere
875 5564 986 5628 faceret
1039 5564 1173 5627 alumnis
1187 5562 1364 5642 provinciae
1375 5564 1430 5637 eis,
1443 5562 1542 5641 quoad
1555 5562 1699 5639 suffragia
1713 5562 1781 5624 uni·

246 5657 340 5734 statis,
356 5665 447 5736 atque
472 5665 505 5720 ut
526 5665 677 5736 qnantum
699 5656 732 5718 in
748 5673 784 5717 eo
798 5664 844 5719 est
857 5673 985 5720 suorum
1040 5664 1088 5719 tae
1109 5657 1223 5734 eligere
1237 5663 1384 5733 poterunt
1406 5661 1435 5718 et
1456 5656 1627 5718 debebunt:
1649 5656 1694 5718 sic
1708 5671 1782 5718 vero

246 5751 439 5815 subditorum
469 5751 566 5830 quieti
595 5758 627 5812 et
654 5749 787 5828 regulari
809 5751 986 5829 disciplinae
1040 5751 1130 5812 electi
1151 5749 1214 5811 suis
1238 5749 1421 5811 muneribus
1447 5746 1620 5824 fungentur
1640 5764 1712 5810 cum
1734 5749 1783 5809 iis-

245 5847 374 5919 studeat,
390 5844 501 5920 viginti
517 5857 547 5906 er
562 5852 629 5906 octo
643 5843 841 5907 concinnavit
859 5844 985 5907 articula
1040 5843 1110 5905 dem
1131 5857 1256 5921 prorsus
1277 5840 1481 5917 facultatibus,
1497 5842 1608 5919 quibus
1630 5841 1780 5903 nominati

247 5939 371 6014 tenoris,
395 5939 447 6019 qui
467 5939 625 6018 sequitur:
1040 5955 1055 5998 a
1076 5935 1285 6016 superioribus
1301 5935 1496 6014 generalibus
1512 5942 1661 5999 utuntur:
1685 5933 1726 5996 ita
1741 5939 1782 5996 ta·
