4754 6966
351 488 405 547 An.
420 496 450 548 (1.
471 495 540 550 laos
589 495 630 559 96

357 999 478 1048 Clausala
493 1005 550 1051 sub·

338 1053 391 1099 lata
412 1059 438 1101 et
460 1056 550 1105 deere-

338 1111 393 1153 3333
407 1107 521 1157 irritans.
569 1107 650 1164 teras
671 1111 703 1165 et
724 1103 756 1166 in
778 1105 822 1166 eis
842 1113 988 1168 contenta
1010 1123 1048 1168 ex
1069 1107 1231 1186 quibusvis
1246 1123 1315 1169 333-

336 4098 469 4154 1133333113
477 4111 535 4148 eon-

322 4152 468 4199 treviorum.

570 633 619 693 nis
641 633 747 698 eadem
769 636 893 700 licentia
908 645 940 700 et
959 638 1120 718 permissio
1142 637 1316 715 inscriptis

538 785 543 793 ,
569 723 731 804 impetrari
753 725 882 791 omnino
903 729 1023 806 debeat,
1047 731 1104 792 sub
1132 729 1229 808 poena
1251 747 1316 792 sus·

568 819 727 894 pensionis
748 821 786 882 ab
801 824 887 885 omni
902 823 1001 885 3111313
1017 832 1047 886 31
1062 824 1225 901 dignitate,
1236 823 1314 886 aliis·

568 927 630 990 que
650 913 778 976 arbitrio
799 925 904 979 nostro
925 916 1104 980 inferendis.

609 1006 627 1080 ἓ
648 1005 677 1066 l.
701 1007 919 1085 Deceruentes,
941 1019 1118 1090 praesentes
1139 1019 1259 1074 nostras
1280 1011 1315 1072 li-

567 1195 609 1257 sis
639 1195 691 1257 331
722 1199 931 1276 praetextibus
961 1201 998 1262 de
1028 1200 1238 1278 subreptionis
1264 1199 1314 1262 331

520 1275 522 1282 ’
567 1287 757 1366 obreptionis
779 1298 831 1353 aut
852 1291 1004 1354 nullitatis
1022 1292 1110 1368 vitio,
1133 1295 1314 1357 33313133-

568 1380 662 1442 tionis
683 1390 807 1444 nostrae
828 1384 877 1446 vel
898 1386 1008 1462 quovis
1029 1386 1088 1446 3113
1115 1387 1235 1450 delectu
1257 1403 1312 1449 no-

567 1474 637 1548 tari,
660 1475 857 1554 impugnari,
880 1477 932 1542 vel
962 1478 1193 1557 quomodolibet
1218 1489 1313 1542 retra-

566 1568 654 1643 ctari,
676 1571 835 1649 suspendi,
859 1573 1019 1650 restringi,
1042 1573 1182 1649 limitari,
1205 1575 1312 1636 331313

463 1693 464 1698 κ
566 1657 598 1720 13
621 1661 724 1740 311333
736 1662 878 1741 derogari
894 1665 1075 1729 nullatenus
1091 1684 1229 1746 unquam
1245 1683 1311 1744 pos·

564 1767 609 1826 se,
626 1768 737 1832 easque
758 1757 888 1819 omnino
903 1759 959 1820 sub
974 1760 1135 1838 quibusvis
1149 1761 1311 1824 contrariis

564 1849 848 1922 constitutionibus,
865 1853 1121 1929 revocationibus,
1138 1856 1311 1933 suspensio·

565 1941 668 2018 nibus,
692 1942 954 2020 derogationibus,
977 1947 1119 2022 decretis,
1141 1947 1191 2009 vel
1213 1948 1311 2010 decla-

564 2033 746 2111 rationibus,
760 2039 912 2120 novisque
926 2041 1097 2119 privilegiis
1112 2042 1310 2118 generalibus

564 2132 595 2186 et
615 2128 797 2205 specialibus
819 2147 875 2210 pro
890 2139 1032 2212 ternpore
1052 2134 1197 2198 iaciendis
1218 2134 1310 2197 mini-

564 2236 614 2282 me
635 2224 869 2302 comprehendi,
891 2227 944 2288 sed
973 2242 1097 2306 semper
1117 2227 1235 2290 abillis
1258 2244 1310 2290 ex·

563 2320 664 2393 ceptas
696 2331 762 2378 esse
783 2324 813 2380 et
841 2318 917 2395 lore,
940 2335 1074 2399 suosque
1102 2321 1256 2399 plenarios
1278 2327 1309 2382 et

563 2407 701 2485 integros
723 2409 850 2474 31133133
871 2414 979 2475 3331131
999 2423 1031 2476 31
1052 2415 1203 2490 obtinere,
1224 2432 1257 2477 ac
1272 2415 1308 2478 ab

561 2500 670 2563 iisdem
692 2502 856 2567 Ordinibus
878 2507 1084 2585 regularibus
1096 2508 1308 2587 superioribus

561 2599 592 2657 et
613 2597 755 2673 personis
776 2599 1035 2678 quibuscumque,
1052 2607 1202 2680 perpetuo
1217 2608 1248 2662 et
1263 2602 1308 2662 ln·

560 2687 749 2751 violabiliter
770 2690 884 2770 absque
907 2691 1113 2757 declaratione
1134 2694 1236 2771 aliqua
1257 2693 1307 2755 ob

559 2781 676 2843 servari
698 2784 824 2847 debere:
847 2786 953 2864 sicque
968 2787 1000 2848 iu
1011 2790 1186 2867 praemissis
1206 2792 1307 2854 omni-

559 2875 617 2939 bus
639 2879 771 2954 censeri,
787 2884 818 2940 et
833 2880 873 2942 ita
888 2895 944 2958 per
958 2897 1169 2962 quoscumque
1192 2885 1307 2946 iudices

559 2969 730 3033 ordinarios
752 2971 802 3034 vel
824 2973 992 3052 delegatos,
1012 2993 1044 3037 ac
1065 2977 1159 3038 etiam
1180 2978 1307 3056 privile-

559 3062 684 3140 giorum
695 3067 878 3128 eorumdem
893 3067 1045 3130 Ordiuum
1061 3078 1305 3148 conservatores,

559 3155 652 3217 etiam
674 3157 782 3234 quavis
803 3161 985 3222 auctoritate
1007 3169 1038 3224 et
1064 3171 1213 3242 potestate
1235 3165 1306 3227 luu-

557 3254 675 3324 gentcs,
698 3266 858 3313 causarum
880 3269 1005 3332 quoque
1026 3256 1127 3333 palatii
1149 3258 1305 3336 apostolici

559 3343 728 3418 auditores,
744 3359 778 3407 ae
799 3345 830 3408 S.
845 3345 880 3407 tt.
897 3347 931 3409 E.
957 3347 1145 3426 Gardiuales,
1162 3351 1254 3413 etiam
1267 3354 1304 3415 de

557 3434 653 3497 latere
683 3436 828 3514 Legatos,
857 3439 1018 3520 dictaeque
1044 3442 1132 3506 Sedis
1159 3445 1301 3523 Nuntios,

555 3529 673 3592 sublata
695 3532 739 3593 eis
760 3541 792 3594 et
813 3549 923 3598 eorum
938 3538 1063 3602 cuilibet
1085 3540 1193 3615 quavis
1213 3540 1303 3602 aliter

556 3625 709 3687 iudicandi
732 3633 763 3687 et
785 3626 1010 3707 interpretandi
1032 3633 1177 3698 facultate
1199 3644 1230 3698 et
1251 3656 1302 3701 au·

555 3719 710 3796 ctoritate,
726 3721 855 3784 iudicari
876 3731 907 3786 et
928 3723 1053 3790 deliniri
1074 3729 1198 3807 debere,
1215 3750 1247 3796 ac
1262 3736 1303 3796 ir-

554 3811 653 3874 ritum
674 3822 705 3876 et
727 3815 831 3891 inane,
854 3818 879 3878 si
900 3833 988 3882 secus
1009 3824 1168 3899 superbis
1190 3843 1205 3886 a
1227 3843 1302 3906 quo-

554 3921 660 3984 quam,
673 3909 782 3986 quavis
797 3911 990 3989 auctoritate,
1003 3915 1138 3979 scienter
1152 3918 1201 3979 331
1215 3919 1302 3996 igno-

553 4007 671 4076 ranter,
694 4002 861 4079 contigerit
882 4007 1039 4068 attentari.

592 4092 661 4167 §b
686 4091 755 4156 Nou
784 4095 978 4160 obstantibus
1006 4102 1191 4178 quorumvis
1215 4097 1314 4182 prae-'

552 4185 964 4266 decessorum'uostrorum,
985 4211 1018 4256 33
1039 4195 1132 4257 etiam
1154 4196 1187 4259 iu
1208 4215 1300 4277 syno-

552 4279 682 4354 dalibus,
695 4282 937 4358 provincialibus
949 4293 980 4346 et
992 4287 1219 4354 universalibus
1229 4310 1300 4356 con-

552 4371 629 4433 ciliis
654 4373 743 4434 editis
755 4374 953 4450 generalibus
968 4376 1017 4440 331
1032 4381 1213 4458 specialibus
1227 4403 1300 4448 con-

550 4463 765 4528 stitutionibus
790 4475 821 4528 et
842 4469 1097 4548 ordinationibus,
1127 4475 1300 4556 privilegiis

551 4571 675 4634 quoque
696 4557 769 4636 ipsis
790 4559 955 4624 Ordinibus
983 4571 1146 4629 eteorum
1167 4569 1299 4647 31333113

550 4647 583 4711 13
607 4663 722 4726 genere
743 4651 794 4714 331
815 4653 847 4714 13
869 4656 970 4733 333313
984 4673 999 4716 3
1015 4665 1298 4736 praedecessoribus

550 4742 704 4820 praelatis,
726 4744 819 4808 etiam
841 4763 1037 4829 quacumque
1063 4755 1162 4830 33331,
1186 4773 1220 4819 33
1241 4761 1299 4822 sub

549 4835 711 4912 quibusvis
724 4838 884 4902 tenoribus
905 4848 936 4902 31
958 4841 1076 4920 lormis,
1093 4863 1126 4908 33
1149 4849 1298 4926 quibusli-

550 4927 600 4991 bet
617 5010 618 5014 ,
633 4931 897 5006 derogatoriurum
927 4933 1139 5015 derogatoriiS,
1168 4942 1296 5024 aliisque

548 5021 767 5086 efficacioribus
783 5032 813 5085 et
829 5025 962 5089 insolitis
980 5030 1135 5108 clausulis,
1160 5051 1218 5097 nec
1233 5053 1297 5100 nou

547 5111 741 5177 irritantibus
762 5123 795 5178 et
815 5117 883 5180 aliis
905 5119 1036 5183 decretis
1058 5123 1091 5185 iu
1115 5141 1232 5202 genere
1246 5131 1296 5192 331

547 5203 581 5266 13
603 5206 703 5283 specie
724 5211 887 5287 concessis,
911 5215 1058 5277 33311333
1084 5213 1200 5296 pluries
1222 5225 1306 5285 333-Ι

547 5299 677 5361 sarmatis
698 5307 730 5362 et
751 5301 923 5366 innovatis:
947 5323 1027 5386 quae
1052 5311 1157 5373 omnia
1179 5317 1294 5378 31313-

546 5391 629 5470 gulu,
652 5393 772 5456 etiamsi
795 5397 832 5458 de
864 5397 936 5474 11113,
960 5416 1133 5481 eorumque
1156 5407 1228 5470 totis
1251 5416 1295 5470 te-

546 5485 675 5547 noribus
696 5487 845 5565 specialis,
861 5492 1011 5570 specifica,
1035 5509 1178 5574 expressa
1200 5507 1230 5561 et
1246 5501 1293 5562 iu·

545 5579 680 5653 dividua,
703 5595 766 5642 nou
788 5590 894 5645 autem
917 5601 971 5663 per
992 5587 1143 5651 clausulas
1164 5607 1293 5668 333333-

545 5669 588 5732 les
610 5671 693 5736 idem
715 5673 929 5753 importantes,
947 5680 1077 5758 mentio,
1094 5699 1149 5747 seu
1165 5689 1292 5763 quaevis

585 5885 615 5942 (l)
630 5889 667 5932 Ex
682 5888 738 5934 Bul.
754 5889 786 5935 de
801 5893 826 5936 Ρ.
842 5893 868 5937 F.
884 5893 942 5939 coll.
963 5905 1023 5940 eum
1038 5897 1102 5954 Reg.
1119 5899 1200 5946 vatic.

1095 515 1158 560 333.
1183 513 1274 558 nour.
1298 513 1339 558 uu
1360 513 1389 558 3.
1412 516 1442 563 3.
1466 517 1550 565 3333
1572 520 1592 568 t.
2148 507 2202 564 An.
2217 512 2251 566 c.
2274 513 2341 568 1763
2364 535 2365 560 a

1371 634 1428 696 3113
1450 641 1608 717 expressio
1629 643 1779 722 habenda,
1792 653 1844 710 aut
1866 648 1967 728 aliqua
1987 650 2044 711 alia
2066 667 2120 713 ex·

1372 729 1483 806 quisita
1494 732 1591 798 torna
1602 737 1636 798 ad
1653 738 1710 800 1333
1719 742 1870 804 servanda
1887 741 1977 817 leret,
1995 751 2119 805 tenores

1371 822 1559 903 huiusmodi,
1582 845 1616 891 ac
1637 831 1662 890 si
1684 832 1722 894 de
1742 834 1838 896 verbo
1859 837 1895 898 ad
1917 836 2050 898 verbum
2071 838 2118 900 ui·

1371 915 1414 978 bil
1437 920 1562 994 penitus
1577 923 1689 985 omisso
1704 933 1735 988 et
1750 924 1848 988 133333
1870 929 1902 989 13
1924 929 1986 991 11113
2008 931 2118 994 tradita

1371 1009 1528 1074 observata
1554 1014 1663 1080 inserti
1685 1018 1802 1094 lorent,
1826 1022 2040 1098 praesentibus
2061 1041 2117 1104 pro

1369 1102 1559 1167 sufficienter
1580 1111 1732 1188 expressis
1756 1120 1788 1175 et
1810 1112 1934 1175 insertis
1956 1115 2114 1194 babentes,

1370 1193 1429 1256 11113
1451 1195 1524 1258 31133
1549 1199 1581 1261 13
1603 1218 1659 1263 333
1688 1204 1799 1266 robore
1828 1209 2057 1285 permansuris,
2081 1211 2116 1272 ad

1370 1287 1514 1352 ellectum
1538 1293 1714 1370 validitatis,
1732 1307 1899 1378 perpetuae
1915 1302 2071 1365 firmitatis
2085 1312 2116 1366 et

1368 1381 1581 1448 observantiae
1595 1391 1836 1466 praemissorum
1852 1396 1995 1458 omniu'm
2010 1406 2041 1458 et
2055 1398 2116 1459 siu·

1368 1475 1526 1554 gulorum,
1550 1479 1603 1543 1333
1626 1483 1693 1545 vice
1715 1484 1876 1549 dumtaxat
1898 1489 2012 1550 barum
2036 1491 2116 1553 serie

1367 1568 1537 1644 specialiter
1559 1579 1590 1634 et
1604 1590 1748 1654 expresse
1770 1580 1980 1658 moderamur,
1997 1589 2028 1644 et
2043 1599 2115 1662 qua-

1368 1667 1459 1724 tenus
1485 1679 1561 1742 opus
1585 1667 1637 1741 sit,
1666 1669 1726 1730 illis
1753 1681 1926 1750 opportune
1955 1683 1986 1737 31
2015 1677 2116 1740 valide

1367 1754 1562 1834 derogamus,
1585 1763 1747 1826 contrariis
1769 1766 2028 1848 quibuscumque.
2364 1837 2365 1852 ,

1406 1849 1424 1924 5
1447 1850 1477 1911 6.
1499 1852 1651 1916 Volumus
1678 1869 1795 1936 autern,
1821 1862 2113 1938 quod,earumdem
2145 1880 2365 1946 3333333333

1367 1945 1576 2020 praesentium
1598 1952 1814 2028 transumptis,
1835 1953 1928 2015 etiam
1944 1955 2111 2035 impressis,
2132 1938 2312 1993 ‘mmmm
2364 1957 2365 2026 j

1366 2052 1462 2098 mauu
1478 2039 1607 2102 alieuius
1622 2042 1734 2104 notarii
1750 2045 1863 2122 publici
1874 2048 2066 2128 subscriptis,
2081 2064 2112 2116 et
2364 2065 2365 2068 ’

1363 2129 1467 2206 3131113
1495 2149 1644 2210 personae
1670 2136 1703 2198 in
1733 2138 1934 2202 ecclesiastica
1963 2143 2112 2220 dignitate

1363 2225 1551 2288 constitutae
1578 2230 1725 2306 munitis,
1755 2233 1861 2294 eadem
1890 2250 2016 2312 prorsus
2038 2239 2112 2302 lldes

1364 2316 1396 2378 iu
1417 2319 1532 2381 iudicio
1553 2328 1584 2382 et
1606 2329 1692 2384 extra
1715 2324 1791 2387 illud
1814 2326 2008 2407 adhibeatur,
2034 2350 2112 2413 quae

1364 2409 1472 2472 iisdem
1494 2415 1708 2490 praesentibus
1736 2417 1951 2498 adhiberetur,
1973 2423 1999 2485 si
2024 2426 2112 2487 exbi-

1364 2502 1444 2564 bitae
1465 2503 1569 2567 loreut
1588 2507 1638 2569 vel
1654 2515 1805 2573 ostensae.

1402 2598 1421 2673 5
1444 2596 1472 2659 7.
1497 2597 1583 2661 Nulli
1609 2615 1685 2678 ergo
1713 2604 1844 2668 omnino
1879 2607 2043 2672 bominum
2075 2613 2110 2674 li·
2161 2626 2270 2688 333333
2288 2639 2365 2685 poe-¹

1360 2696 1426 2750 ceat
1448 2693 1527 2752 13333
1554 2692 1700 2770 pagiuam
1721 2704 1844 2759 nostrae
1869 2702 2109 2783 constitutionis,
2128 2677 2205 2724 ”³¹¹²
2364 2715 2365 2718 ’

1361 2782 1593 2860 declarationis,
1626 2786 1756 2864 decreti,
1791 2793 2024 2872 moderationis,
2058 2800 2109 2862 de·

1362 2876 1531 2952 rogationis
1552 2883 1582 2938 et
1604 2878 1772 2943 voluntatis
1800 2883 1986 2963 infringere,
2009 2889 2058 2952 vel
2081 2893 2131 2972 ei,

1360 2983 1436 3030 ausu
1459 2969 1624 3031 temerario
1651 2974 1817 3036 contraire.
1844 2976 1876 3041 Si
1904 2981 1972 3058 quis
2004 2989 2109 3046 autem

1362 3061 1418 3122 boc
1448 3068 1600 3125 attentare
1632 3070 1889 3147 praesumpserit,
1922 3073 2110 3152 indignatio-

1360 3168 1434 3214 nem
1461 3155 1686 3234 omnipotentis
1710 3160 1762 3221 1131
1787 3178 1820 3224 33
1842 3163 2003 3228 1333133333
2026 3169 2109 3233 Petri

1359 3252 1391 3305 et
1416 3245 1501 3309 Pauli
1523 3249 1740 3327 Apostolorum
1767 3254 1833 3317 eius
1854 3272 1887 3318 se
1916 3261 2109 3326 333331113-

1359 3354 1535 3402 cursurum.

1399 3435 1511 3498 Datum
1539 3435 1670 3514 Romae,
1699 3440 1779 3521 apud
1806 3441 1836 3506 S.
1861 3445 1989 3509 blariam
2017 3449 2108 3513 111313-

1359 3543 1437 3603 rem,
1460 3545 1543 3593 3333
1566 3531 1787 3598 incarnationis
1809 3539 1987 3603 Dominicae
2008 3545 2108 3606 mille·

1358 3628 1436 3689 simo
1462 3628 1742 3706 septingentesimo
1774 3635 1967 3710 sexagesimo
1997 3638 2106 3718 tertio,

1359 3721 1450 3782 tertio
1466 3719 1612 3782 kalendas
1626 3723 1820 3801 septembris,
1837 3729 2034 3806 pontificatus
2050 3749 2119 3796 33-,

1357 3813 1575 3876 3131333333.

1683 4573 1773 4637 xtlt.

1356 4857 1522 4930 Quaestum
1552 4858 1690 4936 periculi
1721 4859 1889 4927 immineat
1925 4867 2101 4933 3311311333

1393 4949 1555 5030 Religioni
1578 4971 1617 5016 333
1634 4954 1856 5018 matrimoniis
1882 4959 2100 5026 1313333113-

1357 5059 1360 5067 ·
1391 5041 1469 5104 11333
1491 5053 1521 5107 31
1543 5047 1719 5110 baereticae
1741 5050 2100 5134 3133331333133311131·

1390 5151 1480 5214 scopo
1502 5140 1653 5211 ostendit,
1679 5141 1754 5203 iicet
1776 5142 1811 5203 in
1838 5143 1967 5208 Alsutiti
1989 5144 2025 5209 ob
2048 5165 2099 5214 cn·

1391 5226 1545 5292 tboiicam
1568 5233 1670 5295 totins
1690 5233 1792 5311 prolis
1813 5237 2034 5301 educationem
2050 5241 2099 5305 ia-

1390 5319 1510 5384 dietam
1538 5330 1719 5402 putaretur
1739 5346 1775 5392 ea
1797 5330 2009 5395 matrimonia
2022 5336 2098 5413 fidei

1389 5413 1565 5478 catboiicac
1581 5417 1776 5483 incremento
1791 5429 1821 5485 et
1838 5423 1977 5486 13333313
1994 5429 2097 5490 entir-

1387 5508 1513 5583 patioai
1535 5511 1712 5587 inseruire;
1727 5529 1859 5593 enanqne
1874 5527 1980 5582 monet
1996 5526 2034 5582 ut
2052 5527 2098 5582 to-

1389 5600 1432 5661 tis
1454 5599 1579 5665 uiribus
1599 5605 1777 5668 adnitatur
1799 5626 1837 5670 ne
1860 5611 1894 5672 13
1910 5612 2039 5677 Aisatiai
2060 5633 2096 5679 ea
2123 5631 2125 5635 ’

1389 5693 1634 5760 contrabuntur
1655 5697 1710 5780 (l).
