4750 6980
335 557 388 612 Aa.
402 561 432 612 c.
455 552 523 612 1794
572 555 631 620 112

552 696 699 757 hactenus
730 693 926 773 impressum,
955 699 1005 756 aut
1035 689 1291 772 imprimendum,

551 789 730 852 auctoritate
758 786 918 866 apostoliea
947 797 1052 850 tenore
1083 788 1292 864 praesentium

551 883 750 962 prohibemns
770 890 802 944 et
821 884 1014 956 damnamus,
1031 879 1292 960 quemadmodum

551 977 643 1038 etiam
663 976 736 1038 alios
756 991 864 1039 omnes
886 975 979 1036 libros
1001 974 1031 1034 in
1050 973 1129 1047 eius,
1145 973 1213 1034 sive
1227 971 1293 1033 eius

551 1069 718 1143 doctrinae,
734 1067 955 1143 defensionem,
972 1073 1034 1128 tam
1054 1067 1179 1144 scripto,
1198 1080 1291 1144 quam

551 1162 630 1241 typis
660 1161 760 1226 forsan
793 1162 852 1224 iam
883 1161 992 1236 editos,
1014 1175 1081 1234 sen,
1103 1161 1183 1240 quod
1212 1160 1291 1221 Deus

550 1263 678 1331 avertat,
700 1256 845 1330 edendos,
861 1269 1033 1334 eorumque
1048 1253 1225 1328 lectionem,
1242 1253 1293 1316 de-

549 1351 760 1430 scriptionem,
783 1348 989 1411 retentionem
1015 1355 1045 1410 et
1073 1363 1164 1409 usum
1192 1347 1291 1408 omni·

550 1444 606 1506 bus
627 1451 657 1506 et
678 1443 809 1520 singulis
833 1439 1090 1506 christifidelibus
1110 1440 1168 1503 sub
1196 1455 1292 1518 poena

550 1537 876 1600 excommunicationis
891 1551 945 1614 per
960 1533 1211 1597 contrafacientes
1226 1533 1292 1611 ipso

551 1628 628 1692 facto
656 1627 871 1704 incurrendae,
900 1627 1099 1708 prohibemus
1127 1626 1240 1703 pariter
1261 1633 1292 1687 et

550 1722 774 1786 interdicimus.

322 1822 532 1922 rffiffffliieaaiiss'
589 1821 608 1896 ἓ
629 1819 677 1880 61.
701 1817 906 1896 Praecipimus
922 1817 1048 1893 insuper
1064 1812 1292 1876 venerabilibus

525 1910 529 1919 “
550 1913 693 1976 fratribus
711 1909 902 1985 Patriarchis,
918 1908 1159 1985 archiepiscopis
1175 1907 1292 1984 111111-

549 2006 658 2086 scopis,
669 2006 798 2084 aliisque
811 2004 950 2067 locorum
964 2002 1142 2076 Ordinariis,
1156 2017 1213 2064 nec
1228 2017 1290 2064 nou

550 2101 718 2162 haereticae
739 2096 896 2178 pravitatis
912 2094 1155 2174 inquisitoribus,
1171 2103 1206 2157 ut
1221 2111 1292 2158 con·

551 2193 729 2258 tradictores
743 2202 775 2255 et
788 2189 918 2254 rebelles
931 2203 1142 2268 quoscumque
1152 2203 1207 2266 per
1216 2202 1292 2250 cen·

549 2303 636 2350 suras
656 2294 687 2348 et
708 2301 819 2364 peenas
846 2282 1004 2361 praefatas,
1026 2281 1144 2360 aliaque
1166 2281 1241 2343 iuris
1262 2287 1292 2342 et

549 2381 618 2443 facti
629 2379 776 2454 remedia,
789 2377 928 2440 invocato
940 2377 1032 2437 etiam
1043 2376 1078 2438 ad
1094 2376 1163 2450 hoc,
1176 2375 1200 2435 si
1216 2390 1292 2451 opus

550 2473 655 2549 fuerit,
681 2471 796 2534 brachii
823 2468 986 2532 saecularis
1013 2467 1140 2542 auxilio,
1163 2469 1291 2530 omuino

549 2571 709 2628 coerceant
729 2571 759 2627 et
777 2561 971 2640 compellant.

332 2662 531 2728 aruasuaosnas
588 2662 607 2736 5
621 2659 670 2722 66.
684 2657 834 2720 Volumus
845 2661 959 2729 autem,
972 2661 1005 2716 ut
1016 2652 1195 2716 earumdem
1208 2668 1292 2730 prae·

319 2722 495 2775 transumptis.
549 2756 685 2818 sentium
703 2749 914 2828 transumptis,
936 2747 1030 2810 etiam
1044 2748 1210 2824 impressis,
1228 2763 1290 2808 ma·

550 2867 593 2912 nu
614 2847 741 2910 alicuius
771 2843 881 2907 notarii
911 2843 1025 2922 publici
1048 2842 1238 2921 subscriptiS,
1261 2849 1292 2904 et

548 2943 649 3020 sigillo
680 2955 826 3020 personae
854 2939 886 3000 in
915 2936 1065 3013 dignitate
1093 2936 1291 2998 ecclesiastica

550 3039 734 3101 constitutae
767 3031 907 3107 munitis,
930 3031 1037 3093 eadem
1064 3028 1138 3092 fides
1166 3045 1290 3109 prorsus

550 3131 740 3202 adhibeatur,
763 3141 839 3205 quae
868 3124 941 3202 ipsis
970 3122 1171 3200 originalibus
1193 3121 1290 3184 literis

549 3225 756 3296 adhiberetur,
775 3221 800 3281 si
821 3219 922 3282 forent
943 3215 1097 3280 exhibitae
1118 3217 1167 3278 vel
1188 3224 1289 3282 osten·

354 3413 456 3461 sanctio
474 3423 530 3470 pos·
548 3335 609 3488 sa}
628 3411 676 3474 61.
700 3406 784 3472 Ν1111
812 3421 886 3483 ergo
909 3403 1070 3467 laominum
1102 3403 1189 3468 liceat
1210 3406 1289 3468 hanc

319 3467 391 3515 ⁰⁸¹¹*
549 3504 691 3584 paginam
721 3509 842 3564 nostrae
869 3496 1094 3572 declarationis,
1124 3499 1291 3561 damnatio·

547 3601 608 3672 nis,
625 3595 770 3668 mandati,
787 3590 1003 3672 prohibitionis
1019 3597 1050 3653 et
1065 3591 1290 3656 interdictionis

547 3694 728 3769 infringere,
744 3688 794 3751 vel
809 3689 836 3750 ei
851 3703 928 3750 ausu
943 3686 1107 3749 temerario
1121 3688 1287 3750 contraire.

547 3789 579 3852 Si
600 3789 667 3867 quis
682 3793 785 3848 autom
800 3783 858 3844 hoc
871 3787 1020 3844 attentare
1036 3782 1286 3859 praesumpserit,

547 3879 790 3957 indignationem
811 3873 1032 3954 omnipotentis
1053 3873 1106 3936 Dei
1134 3890 1167 3937 ac
1189 3875 1288 3938 beato-

546 3990 618 4038 rum
648 3972 730 4034 Petri
752 3976 782 4033 et
808 3967 893 4030 Pauli
921 3961 1140 4047 Apostolorum
1170 3969 1236 4032 eius
1256 3987 1288 4033 se

547 4067 667 4130 noverit
689 4066 898 4128 incursurum.

585 4163 696 4224 ilatum
718 4157 832 4219 Romae
852 4153 930 4233 apud
952 4153 982 4216 S.
999 4154 1125 4216 Mariam
1142 4155 1287 4220 llaiorem

547 4271 628 4318 anno
656 4249 874 4316 incarnationis
903 4241 1094 4323 Dominicae,
1122 4249 1287 4312 millesimo

545 4347 821 4429 septingentesimo
831 4343 1032 4419 nonagesimo
1047 4347 1166 4421 quarto,
1178 4344 1287 4422 quinto

546 4443 690 4508 kalendas
704 4439 899 4518 septembris,
914 4435 1108 4514 pontificatus
1123 4438 1220 4499 nostri
1235 4453 1287 4500 an·

548 4555 588 4601 no
609 4536 767 4614 vigesimo.

800 4717 1036 4730 u—-n--u

871 4915 960 4980 chl.

548 5105 669 5169 dileetio
686 5101 720 5166 Β.
735 5101 776 5168 tl.
795 5101 823 5164 V.
842 5103 877 5164 itt
890 5106 1062 5179 petronem
1075 5099 1287 5178 principalem

710 5197 833 5260 ordinis
855 5192 1122 5258 bethlehemitici.

797 5364 884 5435 etus
905 5363 965 5433 ΡΡ.
990 5363 1035 5432 Vl.

685 5491 1148 5560 mmmmmmm

585 5668 654 5748 51.
677 5665 782 5746 Nuper
808 5685 823 5728 a
852 5666 1100 5744 congregatione
1128 5664 1288 5727 venerabi·

546 5763 624 5827 lium
644 5763 772 5824 fratrum
795 5767 973 5823 nostrorum
991 5759 1119 5824 Sanctae
1133 5759 1288 5822 Romanae

547 5856 697 5920 Ecclesiae
712 5854 920 5919 cardinalium
932 5853 1025 5915 sacris
1040 5853 1149 5915 ritihus
1165 5866 1288 5930 praepo·

545 5950 686 6026 sitorum,
709 5965 764 6030 pro
785 5948 903 6012 dilectis
924 5945 994 6009 filiis
1023 5945 1174 6026 praefecto
1196 5959 1288 6023 geue·

343 5681 512 5730 Prooemium.

1075 553 1136 615 fua.
1162 565 1253 616 rona.
1277 567 1317 615 11
1339 567 1369 616 a.
1392 567 1421 616 r.
1446 565 1528 617 nans
1549 567 1571 616 t.

2124 541 2310 607 111111
2370 523 2371 526 ‘

1345 689 1412 765 rali,
1435 698 1467 753 et
1487 690 1664 755 definitorio
1685 689 1823 767 generali
1837 687 1955 753 ordinis
1971 689 2092 752 Bethle-

1345 784 1483 847 hemitici
1514 785 1684 864 nuncupati
1715 782 1877 847 decretum
1905 781 2092 860 estfactum

1345 879 1462 941 tenoris
1484 881 1536 956 qui
1557 878 1716 956 sequitur:

1507 1065 1638 1128 Ordinis
1660 1064 1928 1129 bethlehemitici.

1387 1251 1500 1315 Relatis
1520 1253 1555 1315 ad
1577 1268 1691 1315 sacram
1715 1253 1844 1316 ilituum
1870 1252 2090 1330 congregatio-
2135 1261 2273 1306 haeresum
2288 1273 2320 1308 sa·

1347 1361 1417 1408 nem
1449 1347 1486 1408 ab
1514 1347 1759 1410 eminentissimo
1780 1357 1811 1410 et
1832 1346 2091 1410 reverendissimo
2109 1316 2321 1416 1111101118ιῖ1ῗῖ

1346 1439 1470 1501 domino
1502 1440 1653 1504 cardinali
1675 1441 1824 1504 Archinto
1855 1439 2008 1528 praefecto
2034 1441 2092 1502 hu-

1347 1532 1486 1596 millimis
1507 1534 1648 1612 precibus
1669 1533 1813 1612 praefecti
1828 1533 1981 1610 generalis
1995 1541 2025 1596 et
2040 1534 2090 1596 de·

1347 1624 1476 1690 finitorii
1507 1627 1659 1704 generalis
1689 1628 1806 1690 ordinis
1841 1628 2089 1691 bethlehemitici

1345 1718 1586 1798 supplicantium
1607 1736 1662 1799 pro
1682 1721 1917 1783 confirmatione
1932 1720 2090 1784 electionis

1346 1814 1454 1877 Beatae
1469 1813 1578 1877 llariae
1592 1814 1728 1892 Virginis
1741 1814 1800 1876 sub
1816 1814 1906 1878 titulo
1920 1816 1957 1878 de
1969 1814 2089 1878 Bethle

1346 1907 1418 1970 hem
1440 1908 1471 1970 in
1494 1914 1652 1986 patronam
1667 1907 1871 1987 principalem
1885 1907 2025 1971 eiusdem
2039 1925 2090 1971 or·

1345 2000 1436 2076 dinis,
1461 2001 1532 2064 licet
1553 2007 1587 2064 ut
1608 2001 1742 2064 alterum
1756 2010 1921 2080 patronum
1937 2003 2091 2082 priucipa-

1345 2095 1407 2156 lem
1429 2103 1621 2159 venerentur
1643 2095 1790 2160 Sanctum
1806 2096 1988 2175 losephum:
2005 2115 2087 2160 sacra

1345 2190 1452 2251 eadem
1473 2192 1672 2267 congregatio
1693 2191 1885 2268 comperiens
1913 2191 2089 2254 huiusmodi

1345 2281 1528 2344 electionem
1555 2285 1684 2345 servatis
1711 2283 1869 2345 servandis
1898 2292 1928 2346 et
1951 2283 2088 2361 legitime

1344 2374 1453 2438 factam
1475 2376 1579 2451 fuisse,
1602 2378 1741 2440 eamdem
1769 2377 1965 2440 confirmavit
1985 2387 2017 2440 et
2037 2392 2089 2455 ap·

1344 2468 1493 2547 probavit,
1515 2477 1605 2549 atque
1623 2470 1780 2533 festivitati
1796 2470 1890 2549 ipsius
1906 2472 2014 2534 Beatae
2028 2472 2087 2535 lla·

1344 2561 1406 2624 riae
1434 2561 1569 2640 Virginis
1597 2564 1634 2626 de
1655 2563 1837 2627 Bethlehem
1867 2564 1900 2627 iu
1926 2571 2085 2642 patronam

1345 2655 1544 2736 principalem
1576 2657 1690 2720 electae
1722 2658 1948 2737 praerogativas
1979 2673 2087 2723 omues

1343 2757 1520 2812 sanctorum
1542 2757 1749 2828 protectorum
1770 2751 1989 2829 principalium
2004 2752 2089 2816 festis

1343 2848 1552 2921 competentes
1572 2843 1714 2906 attribuit
1734 2852 1826 2923 atque
1845 2847 2005 2922 concessit,
2022 2849 2088 2925 qui-

1345 2937 1535 3015 buscumque
1566 2937 1599 2998 in
1630 2938 1820 3002 contrarium
1852 2939 2085 3018 disponentibus

1345 3030 1475 3092 minime
1496 3030 1698 3092 obstantibus.

1384 3124 1438 3186 llie
1459 3123 1607 3201 vigesima
1624 3123 1712 3186 tertia
1726 3125 1849 3201 augusti
1864 3125 2028 3190 millesimo
2042 3145 2088 3190 se·

1344 3217 1587 3298 ptiugentesimo
1609 3217 1809 3293 nonagesimo
1830 3227 1951 3297 quarto.

1424 3327 1502 3401 Loco
1516 3339 1537 3416 †
1551 3336 1638 3415 Signi

1516 3475 1520 3484 “
1592 3461 1625 3522 L.
1651 3461 1737 3524 card.
1763 3463 1929 3526 hrchintus
1952 3465 2044 3542 praef.

1383 3598 1402 3673 ὅ
1422 3599 1451 3659 1.
1476 3597 1577 3672 Quum
1592 3605 1708 3671 autem,
1725 3596 1803 3658 sicut
1819 3595 1956 3660 eiusdem
1971 3598 2088 3678 praefe·
2156 3620 2315 3666 condrusto

1343 3693 1385 3754 cti
1408 3697 1437 3752 et
1458 3689 1624 3752 definitorii
1648 3689 1776 3751 nomine
1796 3691 1969 3769 expositum
1999 3673 2260 3756 111111ειροεωῃοεκ

1343 3785 1420 3858 fuit,
1456 3784 1578 3846 decreto
1614 3783 1809 3856 huiusmodi,
1844 3798 1906 3862 quo
1939 3784 2087 3850 maiorem

1344 3878 1409 3939 vim
1431 3875 1548 3950 habeat,
1568 3876 1838 3937 confirmationem
1853 3883 1992 3940 nostram
2006 3895 2089 3943 acoe-

1342 3972 1416 4034 dere
1437 3970 1640 4050 vehementer
1665 3967 1710 4030 illi
1735 3969 1871 4048 cupiant,
1894 3984 1949 4032 nos
1974 3974 2087 4050 specia-

1341 4064 1403 4128 lem
1424 4064 1496 4142 ipsis
1516 4063 1744 4141 exponentibus
1764 4061 1892 4139 gratiam
1913 4063 2012 4127 facere
2033 4083 2088 4129 vo-

1342 4158 1458 4232 lentes,
1488 4165 1520 4220 11
1540 4173 1556 4216 1
1578 4157 1737 4234 quibusvis
1758 4159 2087 4224 excommunicationis

1342 4257 1373 4314 et
1388 4252 1555 4326 interdicti,
1571 4249 1700 4328 aliisque
1712 4250 1923 4315 ecclesiasticis
1937 4256 2086 4330 censuris,

1340 4345 1503 4408 sententiis
1531 4353 1562 4406 et
1582 4344 1689 4422 poenis
1711 4345 1819 4421 quovis
1841 4345 1932 4408 modo
1958 4355 1989 4409 et
2015 4365 2088 4428 qua-

1341 4455 1474 4517 cumque
1496 4440 1533 4501 de
1555 4453 1641 4500 causa
1663 4437 1742 4513 latis,
1758 4439 1872 4517 siquas
1888 4437 1965 4502 forte
1981 4442 2086 4507 iucur-

1341 4534 1452 4608 rerint,
1475 4533 1566 4596 huius
1583 4538 1704 4594 tantum
1719 4532 1765 4594 rei
1784 4533 1879 4609 gratia
1894 4533 2087 4600 absolventes

1341 4635 1373 4690 et
1393 4626 1546 4689 absolutos
1567 4623 1632 4687 fore
1653 4631 1831 4702 censentes,
1861 4627 2087 4706 supplicationi-

1341 4723 1398 4785 bus
1419 4735 1527 4783 eorum
1550 4719 1677 4783 uomina
1698 4719 1784 4782 nobis
1806 4720 1968 4788 humiliter
1982 4739 2086 4803 porre-

1342 4817 1396 4879 ctis
1419 4816 1567 4889 inclinati,
1583 4815 1743 4876 decretum
1761 4829 1852 4893 supra
1868 4815 2019 4878 insertum
2034 4834 2087 4880 au-

1341 4911 1482 4974 ctoritate
1502 4908 1663 4989 apostolica
1685 4915 1795 4970 tenore
1809 4909 2019 4987 praesentium
2033 4927 2082 4990 ap

1341 5006 1506 5085 probamus
1537 5009 1566 5066 et
1596 5003 1835 5077 confirmamus,
1867 5003 1949 5064 salva
1982 5013 2085 5068 11111

1340 5115 1463 5178 semper
1484 5100 1515 5160 in
1535 5096 1709 5176 praemissis,
1722 5096 1901 5159 auctoritate
1916 5098 2086 5175 praedictae

1342 5190 1591 5270 congregationis
1613 5189 1832 5253 cardinalium.

1381 5287 1400 5362 ἓ
1421 5285 1450 5348 3.
1474 5286 1679 5348 Decernentes
1701 5283 1753 5344 has
1782 5293 1958 5362 praesentes
1984 5286 2086 5348 literas
2125 5302 2313 5350 11111111-

1342 5395 1463 5458 semper
1486 5379 1601 5452 firmas‚
1617 5376 1730 5438 validas
1752 5386 1783 5438 et
1797 5375 1931 5440 efficaces
1954 5379 2086 5441 existere
2106 5356 2162 5456 {2⁸3
2179 5357 2311 5456 ?,¹„,‘,¹,ss,⁰,f⁰'

1342 5491 1375 5536 ac
1396 5473 1473 5547 fore,
1488 5486 1620 5551 suosque
1635 5470 1789 5550 plenarios
1811 5479 1842 5531 et
1862 5471 2000 5548 integros
2015 5471 2086 5534 efle-

1342 5575 1409 5630 ctus
1435 5565 1540 5629 sortiri
1568 5573 1598 5627 et
1627 5564 1778 5639 obtinere,
1806 5582 1839 5626 ac
1867 5564 1927 5626 illis
1952 5566 1988 5627 ad
2008 5582 2085 5644 quos

1341 5667 1457 5740 spectat
1477 5668 1509 5722 et
1524 5675 1577 5739 pro
1594 5667 1732 5734 tempore
1746 5658 2005 5737 quandocumque
2018 5673 2086 5735 spe·

1342 5756 1445 5830 ctabit,
1463 5756 1493 5816 in
1510 5752 1654 5816 omnibus
1675 5760 1706 5814 et
1723 5752 1894 5830 peremnia
1911 5752 2087 5830 plenissime

1342 5848 1512 5924 suflragari,
1536 5856 1567 5910 11
1587 5846 1624 5908 ab
1645 5846 1687 5907 eis
1709 5845 1879 5924 respective
1901 5844 2087 5908 inviolabili·

1343 5950 1392 6006 ter
1423 5939 1595 6015 observari3
1629 5940 1733 6018 sicque
1765 5939 1797 6002 iu
1829 5939 2001 6020 praemissis
2032 5955 2088 6022 per
