4776 6974
921 587 993 634 PlUS
1014 586 1064 634 1²1³.
1089 589 1131 634 Vl.

256 708 408 790 stolorum
429 708 578 788 principi,
601 724 693 787 supra
715 723 810 787 quem
832 721 934 770 unum
956 722 1005 768 ae·

256 802 374 865 dificata
385 809 435 864 est
451 802 597 876 Ecclesia,
619 801 731 880 cuique
747 801 896 864 Dominus
910 819 943 864 ac
957 818 1005 865 re-

255 897 397 974 demptor
418 905 523 959 noster
549 911 623 958 oves
644 903 736 975 atque
761 909 857 972 agnos
882 911 1005 974 pascen-

255 991 306 1052 dos
328 989 496 1064 commisit,
518 1004 574 1068 per
594 995 771 1067 temporum
792 996 824 1051 et
841 989 1004 1050 successio·

256 1098 329 1146 num
353 1082 438 1144 vices
459 1083 491 1145 in
513 1082 679 1161 Episcopos
700 1089 745 1144 est
762 1082 947 1156 derivatum,
971 1099 1004 1145 ac

256 1177 439 1260 praesertim
461 1176 492 1238 in
509 1176 662 1238 Romanos
676 1176 840 1239 Pontifices
855 1175 935 1238 beati
949 1175 1003 1238 Pe-

256 1275 294 1338 tri
314 1289 517 1350 successores,
540 1274 669 1354 eiusque
682 1273 842 1351 potestatis
857 1289 889 1334 ac
903 1271 1003 1350 digni·

255 1367 324 1431 tatis
344 1366 502 1441 haeredes,
525 1375 561 1430 ut
582 1368 655 1430 inde
672 1367 836 1430 verissime
849 1371 1003 1428 constaret

254 1459 333 1520 haud
350 1466 451 1538 portas
465 1458 557 1522 inferi
576 1459 723 1521 adversus
738 1458 903 1520 Ecclesiam
918 1471 1004 1535 prae·

254 1551 359 1612 valere
387 1566 536 1629 umquam
561 1567 669 1630 posse,
702 1551 909 1629 divinumque
937 1549 1003 1612 eius

254 1644 467 1706 institutorem
503 1660 601 1722 usque
632 1643 667 1704 ad
699 1642 1003 1706 consummationem

253 1736 366 1799 saeculi
388 1737 509 1815 praesto
530 1753 653 1815 semper
675 1735 872 1810 adlaturum,
902 1751 943 1798 ne
969 1734 1001 1796 in

254 1845 450 1908 quacumque
471 1844 596 1892 morum
617 1830 780 1904 foeditate,
808 1829 858 1890 vel
882 1829 913 1891 in
936 1827 1002 1906 qui-

254 1922 388 1986 buslibet
408 1923 618 1986 aestuantium
640 1923 823 2003 opinionum
844 1921 1000 1996 ductibus,

254 2024 307 2077 aut
328 2015 506 2095 episcopalis
527 2016 678 2080 successio
699 2016 858 2091 deficeret,
873 2023 926 2078 aut
948 2031 1001 2078 na·

255 2107 355 2171 ricula
374 2108 459 2170 Petri
481 2109 745 2186 submergeretur.

47 2215 49 2258 ι
88 2215 137 2262 ιιιιι
148 2223 185 2260 ιιι
197 2222 238 2258 ιιι
293 2201 362 2277 ἐξ.
386 2202 591 2277 Quamobrem
618 2219 689 2265 cum
710 2203 746 2265 ad
767 2219 857 2264 aures
883 2211 1002 2266 nostras

47 2271 48 2274 ’
77 2279 115 2316 rar

78 2379 112 2422 tait

129 2268 238 2322 iscopatus

47 2327 48 2332 ¹
87 2279 138 2368 ιιιῗι
152 2319 238 2366 aerata
254 2295 409 2373 perlatum
424 2296 464 2358 sit
478 2295 512 2358 in
524 2295 741 2358 florentissima
758 2295 920 2359 tresdecim
933 2310 1002 2375 pro-

254 2389 429 2462 vinciarum
457 2390 639 2452 Americana
664 2390 822 2468 republica
850 2389 1002 2468 plurimos

254 2481 485 2557 christifideles,
517 2483 572 2560 qui
595 2482 757 2546 cathedrae
778 2483 862 2546 Petri
889 2483 1002 2561 inqua

253 2576 418 2638 catholicae
434 2576 562 2638 unitatis
577 2585 720 2640 centrum
735 2578 941 2640 constitutum
956 2583 1002 2638 est

254 2669 475 2733 communione
496 2669 614 2744 sociati,
639 2669 709 2732 licet
728 2687 744 2731 a
766 2671 829 2732 suis
846 2670 1002 2749 presbyte-

254 2765 296 2826 ris
316 2763 494 2825 animarum
511 2763 705 2824 curatoribus
725 2763 927 2840 spiritualiter
948 2778 1002 2840 gu-

255 2857 440 2929 bernentur,
455 2855 627 2934 plurimum
641 2865 742 2918 tamen
755 2861 873 2932 optare,
887 2863 922 2919 ut
933 2857 1003 2935 Epi-

254 2963 361 3027 scopus
376 2948 583 3026 praeficiatur,
605 2948 657 3026 qui
673 2964 737 3010 non
752 2949 844 3010 modo
858 2965 904 3023 ea,
924 2965 1003 3027 quae

253 3047 326 3104 sunt
340 3041 458 3103 ordinis
469 3041 657 3120 episcopalis,
674 3049 826 3116 exerceat,
841 3041 892 3102 sed
908 3043 1003 3104 etiam

254 3135 290 3198 ad
311 3134 439 3196 uberius
467 3133 647 3214 pascendam
676 3134 817 3198 salutaris
845 3134 1004 3197 doctrinae

254 3226 381 3306 pabulo,
415 3227 710 3306 custodiendamque
744 3228 830 3290 illam
861 3225 1003 3290 catholici

255 3321 357 3399 gregis
378 3328 499 3399 partem
519 3321 627 3386 sedulo
644 3322 815 3400 incumbat,
838 3325 1004 3388 libentissi·

255 3431 304 3478 me
325 3429 393 3477 eam
414 3414 605 3478 occasionem
633 3417 767 3496 amplexi
787 3434 914 3493 sumus,
943 3436 1003 3497 qua

255 3509 341 3572 nohis
363 3510 401 3570 de
416 3509 557 3572 catholici
574 3511 714 3590 Episcopi
735 3527 825 3589 opera
847 3529 880 3574 ac
894 3511 1003 3574 solatio

255 3609 315 3664 tarn
337 3601 457 3664 dissitas
479 3603 621 3680 regiones
651 3605 832 3681 prouidere,
862 3606 915 3667 llei
937 3612 1000 3685 opt.

255 3711 334 3758 max.
358 3695 531 3774 opitulante
546 3698 655 3772 gratia,
672 3698 860 3760 conceditur.

98 3803 189 3848 ιιιιιιιιι
207 3803 236 3850 ao
292 3792 311 3865 ἓ
332 3791 361 3853 3.
381 3791 466 3864 Quod
489 3795 524 3851 ut
544 3790 666 3852 felicius
686 3807 719 3852 ac
740 3793 825 3854 iuxta
844 3809 1002 3856 sacrorum

47 3853 48 3888 l
83 3866 113 3900 un
127 3855 203 3902 editum
222 3867 236 3902 a

47 3893 48 3960 t
83 3918 125 3952 eea
145 3911 236 3966 mm
255 3897 408 3945 canonum
431 3881 554 3964 regulas
575 3881 687 3944 melias
710 3885 928 3961 perficeretur,
950 3902 1002 3948 ve-

47 3983 48 3986 =
83 3965 148 4016 plone
163 3965 236 4028 Propa-

47 4003 49 4076 ξ
83 4015 218 4070 maenaa.

254 3975 443 4038 nerabilibus
463 3973 610 4038 iratribus
632 3974 663 4038 S.
680 3975 716 4037 R.
737 3977 770 4036 E.
789 3977 1002 4040 Cardlnalihus

201 4128 204 4134 .
255 4069 386 4144 negotiis
409 4067 665 4144 congregationis
686 4068 901 4147 Propagandae
917 4069 1002 4132 Fidei

253 4161 432 4241 praepositis
454 4162 487 4222 ln
502 4160 653 4222 mandatis
669 4162 821 4238 dedimus,
845 4168 880 4224 ut
900 4172 999 4225 totum

254 4257 310 4318 hoc
330 4255 493 4333 negotium
520 4254 757 4332 diligentissime
780 4265 943 4331 curarent,
971 4266 1001 4320 et

254 4349 287 4410 ad
304 4363 362 4410 nos
376 4346 542 4409 relerrent.
567 4347 673 4426 ltaque
686 4362 797 4412 eorum
813 4350 938 4412 decreto
953 4351 1001 4414 die

253 4455 309 4503 xu.
333 4440 403 4503 iulii
423 4442 593 4519 superioris
614 4442 688 4504 anni
710 4443 793 4506 edito
813 4461 847 4506 ac
868 4460 925 4523 per
946 4462 1003 4507 nos

253 4534 417 4614 adprobato
431 4536 584 4597 sancitum
600 4542 657 4611 est,
675 4545 710 4598 ut
725 4537 925 4615 presbyteris,
948 4540 1001 4616 qul

253 4629 284 4689 in
304 4628 478 4692 loederatae
499 4629 658 4692 Americae
682 4630 849 4707 prouinciis
875 4633 1002 4696 catholi-

253 4738 302 4784 cae
323 4721 485 4800 religionis
506 4721 679 4784 ministeria
694 4723 752 4784 rite
767 4732 926 4801 exercent,
949 4743 1001 4789 cu-

253 4832 379 4895 ramque
401 4822 498 4892 agunt
518 4817 709 4891 animarum,
732 4818 999 4898 committeretur,

254 4919 286 4973 ut
306 4909 423 4974 collatis
450 4908 546 4971 simul
567 4910 704 4972 consiliis
733 4912 760 4974 id
786 4912 926 4990 primum
954 4915 1000 4976 in,

254 5003 432 5083 quirerent,
459 5019 517 5081 qua
540 5002 573 5064 in
595 5004 673 5065 urbe
700 5003 787 5068 sedes
809 5006 864 5068 ista
887 5006 1001 5084 episco-

255 5095 325 5176 palis
346 5095 495 5158 constitui
517 5095 655 5171 deberet,
678 5097 791 5160 deinde
813 5099 866 5177 qui
881 5101 1001 5179 potissi·

254 5205 337 5252 mum
360 5189 490 5252 idoneus
519 5193 554 5254 ad
580 5192 637 5254 hoc
667 5197 790 5255 tautum
819 5209 934 5256 munus
963 5213 1002 5259 ex

242 5281 358 5350 ‘iisdem
382 5286 570 5366 presbyteris
596 5289 799 5351 assumendus
821 5289 1000 5366 rideretur,

255 5396 344 5458 quem
365 5397 434 5456 nos,
450 5395 506 5458 pro
527 5379 625 5459 prima
648 5381 703 5443 hac
725 5382 791 5444 vice
813 5387 947 5457 tantum,
970 5391 1002 5446 et

255 5489 289 5534 ex
307 5474 433 5552 speciali
454 5475 563 5551 gratia,
586 5476 623 5538 ab
650 5475 758 5538 eodem
780 5477 863 5540 clero
884 5477 1002 5556 eligen-

255 5567 340 5641 dum,
359 5577 453 5645 atque
474 5567 545 5630 huic
561 5568 751 5646 Apostolicae
767 5569 837 5634 Sedi
858 5585 1002 5649 praesen·

254 5659 381 5724 tandum
401 5661 611 5739 permisimus.

91 5758 193 5850 ,letum
207 5773 239 5820 ιι
291 5755 309 5828 ἓ
329 5753 359 5815 d.
384 5752 596 5832 Obsequentes
612 5754 817 5819 huicdecreto
832 5774 923 5836 supra
938 5773 1001 5820 me-

47 5881 49 5930 ,
91 5817 240 5926 toletan

256 5845 363 5908 morati
390 5846 561 5924 presbyteri
590 5847 623 5909 in
646 5846 819 5911 foederatae
840 5851 1001 5913 Americae

47 5933 49 6022 Ι
91 5920 131 5965 ιιι
142 5933 174 5980 ιιι
186 5941 240 5982 rou
255 5939 419 6018 provinciis
440 5955 547 6002 caram
564 5941 740 6004 animarum
762 5951 907 6020 gerentes
928 5961 1000 6006 con·

47 6029 49 6072 l

47 6145 49 6190 l

47 6191 49 6230 l

47 6335 49 6400 ι

357 6085 408 6132 lor.
426 6087 496 6132 Poot.
512 6085 543 6134 de
556 6092 629 6146 prop.
645 6086 708 6132 Fide
721 6087 803 6135 Partis
818 6091 836 6134 lv
852 6087 904 6135 vol.
922 6091 959 6136 ll.

1726 563 1784 628 ele
1834 559 1934 612 nuc.
1956 555 2024 612 areo

1061 707 1144 768 cordi
1165 706 1268 770 studio
1288 706 1375 786 prius
1395 706 1612 768 existimarunt
1634 695 1805 806 incivitate
1823 707 2038 810 ιειιιιιιξιιῃιὶιὶιηὲῗιιῖςΖ

1061 798 1221 861 Baltimori
1243 799 1427 878 Episcopum
1449 815 1519 862 cum
1543 797 1696 861 ordinaria
1716 795 1805 858 iuras·
1825 815 1957 873 praeopta
1976 813 2040 860 san-

1061 891 1195 954 dictione
1216 907 1282 954 esse
1303 893 1573 967 constituendum,
1596 891 1709 970 quippe
1730 901 1807 966 quae
1825 865 2039 979 ξῃξιῗξξξὸᾟῆοῗ

1061 982 1133 1044 urbs
1154 983 1212 1045 sita
1233 984 1265 1046 in
1289 985 1489 1060 blerilandia,
1519 985 1551 1047 in
1573 999 1633 1062 qua
1654 983 1752 1044 maior
1773 981 1808 1042 ti·
1825 973 1933 1024 saulam.

1060 1073 1178 1138 delium
1195 1093 1228 1140 ac
1241 1077 1436 1141 sacerdotum
1450 1094 1519 1156 pars
1533 1077 1629 1154 degit,
1652 1075 1807 1154 aptissima

1061 1170 1245 1232 commercio
1273 1186 1346 1234 cum
1366 1171 1495 1250 reliquis
1516 1168 1683 1248 provinciis
1704 1167 1807 1228 videa·

1063 1268 1131 1338 tur,
1159 1263 1341 1326 tumeliam
1367 1263 1450 1342 quod
1474 1279 1512 1326 ex
1534 1280 1568 1326 ea
1589 1262 1746 1343 provincia
1773 1263 1807 1324 in

1060 1355 1192 1436 reliquas
1208 1357 1317 1435 religio
1332 1358 1469 1439 fidesque
1483 1357 1630 1422 catholica
1644 1365 1808 1436 propagata

1060 1449 1163 1514 luerit.
1188 1451 1304 1514 Deinde
1325 1467 1399 1514 vero
1420 1458 1535 1514 statuto
1556 1449 1715 1514 electionis
1731 1458 1807 1512 tem·

1059 1561 1134 1624 pore
1156 1548 1285 1610 insimul
1303 1550 1476 1624 convocati,
1498 1565 1532 1611 ac
1545 1551 1669 1622 peracto
1681 1544 1809 1606 sanctis·

1058 1640 1155 1704 simae
1175 1639 1286 1702 missae
1306 1642 1472 1717 sacrificio,
1501 1641 1661 1719 divinique
1681 1639 1809 1719 spiritus

1059 1731 1221 1812 implorata
1236 1749 1304 1812 ope,
1325 1735 1467 1797 omnium
1489 1734 1632 1811 suffragia
1658 1733 1808 1812 exquisita

1058 1833 1148 1901 sunt,
1179 1836 1212 1888 et
1237 1842 1277 1888 ex
1299 1827 1411 1904 viginti
1433 1844 1488 1890 sex
1507 1826 1731 1900 sacerdotibus,
1755 1826 1809 1906 qui

1058 1927 1290 1996 convenerant,
1322 1921 1437 1998 viginti
1465 1929 1597 1998 quatuor
1624 1919 1808 1996 suffragium

1060 2012 1202 2074 tulerant
1229 2029 1285 2092 pro
1309 2014 1421 2076 dilecto
1442 2014 1506 2076 tilio
1533 2013 1646 2078 loaune
1669 2013 1807 2089 Carroll,

1058 2121 1152 2184 quem
1164 2105 1357 2185 aptissimum
1372 2106 1534 2185 episcopali
1546 2106 1709 2170 subeundo
1720 2107 1808 2168 oneri

1058 2201 1253 2276 iudicarunt,
1281 2199 1484 2280 collectoque
1509 2201 1604 2264 totius
1631 2200 1677 2261 rei
1704 2207 1808 2276 gestae

1059 2292 1271 2355 instrumento
1301 2295 1337 2356 ad
1362 2295 1503 2356 eamdem
1525 2293 1807 2371 congregationem

1060 2387 1270 2450 Gardinalium
1292 2387 1542 2451 transmiserunt.

1098 2481 1167 2557 55.
1193 2482 1226 2543 ln
1248 2496 1283 2542 ea
1312 2482 1404 2544 rebus
1425 2483 1568 2544 omnibus
1595 2487 1718 2543 mature
1738 2494 1807 2558 per·
1834 2495 2039 2542 processuram·

1059 2574 1161 2652 pensis
1183 2590 1216 2636 ac
1234 2573 1445 2650 consideratio,
1469 2575 1556 2636 lacile
1571 2575 1602 2636 iu
1618 2574 1806 2636 sententiam
1825 2549 2039 2659 {iffa'fxosc'ossffiss

1059 2666 1137 2729 itum
1159 2675 1216 2739 est,
1238 2684 1330 2746 quam
1346 2668 1481 2730 maxime
1495 2667 1669 2730 conducere
1683 2666 1808 2743 religio-
1826 2657 1914 2702 Νη·

1059 2760 1107 2821 nis
1127 2760 1293 2824 catholicae
1313 2761 1519 2836 incremento,
1542 2761 1566 2822 si
1586 2760 1747 2822 Baltimori
1761 2775 1809 2820 se-

1058 2852 1111 2916 des
1136 2853 1313 2933 episcopalis
1338 2856 1506 2932 figeretur,
1535 2861 1567 2917 et
1594 2854 1660 2916 lere
1687 2853 1808 2916 cunctis

1059 2948 1242 3010 eorumdem
1268 2948 1460 3010 sacerdotum
1488 2947 1641 3024 suffragiis
1667 2946 1807 3022 designa·

1060 3047 1109 3101 tus
1129 3039 1259 3102 loannes
1278 3040 1397 3103 Garroll
1416 3041 1449 3102 ia
1465 3040 1604 3104 eiusdem
1620 3039 1807 3118 Episcopum

1059 3132 1289 3210 praeficeretur.

1099 3229 1118 3305 ς
1139 3226 1169 3288 6.
1190 3226 1251 3288 Nos
1265 3226 1373 3304 igitur,
1389 3228 1503 3306 quibus
1518 3245 1534 3290 a
1548 3227 1658 3291 dilecto
1673 3229 1738 3290 lilio
1753 3245 1807 3291 no·
1853 3239 1990 3286 ιιιιιιιοιιιι
2003 3242 2039 3286 ιι.

1059 3328 1123 3385 stro
1141 3321 1292 3385 cardinali
1308 3322 1488 3385 Antonellio
1502 3323 1655 3403 praelecto
1669 3323 1808 3386 eiusdem
1826 3302 1880 3340 ¹¹⁰¹·

1060 3416 1317 3493 Congregationis
1341 3417 1495 3480 sententia
1517 3417 1612 3480 relata
1633 3416 1704 3493 luit,
1727 3417 1809 3480 nihil

1059 3509 1206 3572 habentes
1227 3509 1384 3588 antiquius
1405 3527 1498 3588 quam
1520 3528 1598 3590 quae
1617 3513 1652 3573 ad
1669 3527 1760 3574 verae
1774 3513 1808 3574 b-

1059 3603 1107 3668 dei
1120 3605 1370 3682 propagationem
1382 3614 1568 3684 sanctaeque
1578 3606 1743 3670 catholicae
1754 3606 1809 3668 Ec-

1058 3702 1168 3766 clesiae
1190 3705 1283 3765 decus
1297 3711 1328 3765 et
1342 3702 1616 3781 amplificationem
1637 3703 1807 3781 pertinent,

1059 3799 1095 3860 ad
1116 3805 1253 3875 optatum
1276 3798 1397 3859 exitum
1420 3797 1598 3873 perducere,
1621 3797 1808 3873 praedictam

1059 3891 1217 3953 civitatem
1248 3889 1409 3952 Baltimori
1439 3889 1621 3967 apostolicae
1653 3891 1808 3968 potestatis

1060 3984 1255 4062 plenitudine
1277 3991 1384 4046 tenore
1407 3983 1618 4059 praesentium
1641 3983 1672 4046 in
1694 3984 1808 4061 episco

1058 4076 1158 4154 palem
1178 4076 1283 4137 sedem
1304 4088 1361 4152 pro
1383 4091 1447 4137 uno
1464 4075 1614 4154 Episcopo
1634 4077 1753 4138 anobis
1776 4081 1807 4140 ln

1058 4168 1173 4231 tuturis
1190 4168 1449 4248 quandocumque
1468 4171 1675 4234 vacationibus
1691 4174 1809 4250 eligen-

1058 4266 1096 4327 do
1119 4274 1226 4326 tenore
1249 4265 1459 4343 praesentium
1488 4273 1638 4341 perpetuo
1659 4267 1808 4344 erigimus

1058 4367 1090 4421 et
1111 4358 1337 4420 constituimus.

1097 4452 1116 4527 ἐ
1138 4452 1166 4514 7.
1192 4455 1233 4514 Ac
1251 4458 1413 4529 propterea
1435 4453 1573 4516 eiusdem
1589 4457 1722 4520 civitatis
1737 4459 1807 4538 Epi·
1852 4470 1984 4534 conqasqo
2001 4471 2038 4517 ru·

1057 4561 1158 4624 scopo,
1172 4547 1301 4623 eiusque
1312 4547 1537 4609 successoribus
1549 4552 1807 4631 quandocumque
1825 4523 2038 4636 ἱιξῗὲοῑέἷῗὲἓοζῗ,

1057 4639 1182 4712 laturis,
1198 4636 1400 4716 episcopalem
1417 4639 1662 4706 iurisdictionem
1678 4653 1709 4707 et
1723 4654 1809 4722 pote·

1057 4741 1167 4794 statem
1183 4747 1339 4806 exercere,
1362 4733 1466 4793 omnia
1482 4741 1513 4794 el
1527 4733 1649 4811 singula
1666 4753 1744 4814 quae
1759 4755 1807 4801 or-

1058 4822 1139 4886 dinis
1160 4841 1193 4886 ac
1215 4823 1437 4887 iurisdictionis
1455 4833 1485 4887 et
1499 4828 1664 4892 cuiuslibet
1679 4831 1807 4894 alterius

1058 4918 1197 4979 muneris
1212 4918 1391 4996 episcopalis
1405 4925 1491 4995 sunl,
1510 4929 1541 4982 et
1556 4937 1634 4998 quae
1648 4923 1808 4986 alibicam-

1057 5027 1118 5090 que
1145 5010 1305 5073 constituti
1331 5011 1473 5090 Episcopi
1502 5013 1533 5075 ia
1559 5015 1623 5076 suis
1651 5018 1805 5095 ecclesiis,

1058 5101 1236 5165 civitatibus
1257 5108 1289 5164 et
1308 5102 1497 5168 dioecesibus
1519 5107 1557 5168 de
1578 5107 1647 5170 iure
1668 5110 1718 5172 vel
1735 5127 1806 5174 con·

1056 5197 1233 5272 suetudine,
1256 5195 1305 5258 vel
1320 5196 1392 5260 alias
1407 5200 1639 5277 quomodolibet
1661 5219 1698 5264 ex
1713 5221 1807 5281 gene-

1056 5289 1173 5352 ralibus
1200 5290 1388 5369 privilegiis,
1418 5293 1525 5369 gratiis
1547 5301 1578 5356 et
1598 5295 1747 5372 indultis,
1773 5315 1807 5362 ac

1057 5384 1338 5462 dispensationibus
1351 5387 1524 5464 apostolicis
1537 5403 1648 5465 gerere
1661 5397 1693 5452 et
1707 5387 1807 5454 lacere

1057 5489 1204 5558 possunt,
1228 5495 1301 5542 cum
1322 5480 1593 5559 praeeminentiis,
1616 5483 1805 5560 bonoribus,

1057 5574 1307 5639 immunitatibus
1328 5580 1360 5635 et
1381 5574 1503 5651 gratiis,
1533 5575 1646 5653 quibus
1670 5584 1806 5639 caeterae

1055 5665 1246 5728 cathedrales
1267 5666 1411 5728 ecclesiae
1432 5668 1469 5729 de
1484 5668 1552 5729 iure
1573 5668 1622 5729 vel
1639 5677 1807 5732 consuetu-

1056 5758 1139 5835 dine,
1156 5757 1207 5821 vel
1229 5758 1313 5834 alias,
1329 5759 1561 5838 quomodolibet
1581 5768 1730 5837 utuntur,
1755 5779 1807 5841 po·

1057 5853 1179 5914 liuntur
1200 5860 1231 5913 et
1253 5852 1400 5928 gaudent,
1423 5853 1480 5926 uti,
1503 5852 1595 5930 potiri
1618 5861 1649 5914 et
1671 5855 1805 5930 gaudere

1055 5943 1286 6023 quomodolibet
1305 5942 1498 6008 inlaturum
1519 5944 1682 6023 apostolica
1700 5955 1804 6008 aucto-

1672 6093 1698 6138 et
