<?xml version="1.0" encoding="UTF-8"?>
<!DOCTYPE html PUBLIC "-//W3C//DTD XHTML 1.0 Transitional//EN"
    "http://www.w3.org/TR/xhtml1/DTD/xhtml1-transitional.dtd">
<html xmlns="http://www.w3.org/1999/xhtml" xml:lang="en" lang="en">
 <head>
  <title>
</title>
<meta http-equiv="Content-Type" content="text/html;charset=utf-8" />
  <meta name='ocr-system' content='tesseract 3.04.00' />
  <meta name='ocr-capabilities' content='ocr_page ocr_carea ocr_par ocr_line ocrx_word'/>
</head>
<body>
  <div class='ocr_page' id='page_1' title='image "./iurispontificii00martgoog_0766.png"; bbox 0 0 4856 7010; ppageno 0'>
   <div class='ocr_carea' id='block_1_1' title="bbox 672 1053 1534 1169">
    <p class='ocr_par' dir='ltr' id='par_1_1' title="bbox 672 1053 1534 1169">
     <span class='ocr_line' id='line_1_1' title="bbox 672 1053 1534 1169; baseline 0.003 -3"><span class='ocrx_word' id='word_1_1' title='bbox 672 1054 938 1168; x_wconf 87' lang='lat' dir='ltr'>INDEX</span> <span class='ocrx_word' id='word_1_2' title='bbox 975 1053 1534 1169; x_wconf 84' lang='lat' dir='ltr'>RUBRICARUM</span> 
     </span>
    </p>
   </div>
   <div class='ocr_carea' id='block_1_2' title="bbox 966 1355 1234 1382">
    <p class='ocr_par' dir='ltr' id='par_1_2' title="bbox 966 1355 1234 1382">
     <span class='ocr_line' id='line_1_2' title="bbox 966 1355 1234 1382; baseline 0.007 -2"><span class='ocrx_word' id='word_1_3' title='bbox 966 1355 1234 1382; x_wconf 59' lang='lat' dir='ltr'>m</span> 
     </span>
    </p>
   </div>
   <div class='ocr_carea' id='block_1_3' title="bbox 880 1824 1319 1898">
    <p class='ocr_par' dir='ltr' id='par_1_3' title="bbox 880 1824 1319 1898">
     <span class='ocr_line' id='line_1_3' title="bbox 880 1824 1319 1898; baseline 0 -2"><span class='ocrx_word' id='word_1_4' title='bbox 880 1824 1102 1898; x_wconf 81' lang='lat' dir='ltr'>CLEMENS</span> <span class='ocrx_word' id='word_1_5' title='bbox 1128 1825 1196 1896; x_wconf 92' lang='lat' dir='ltr'>PP.</span> <span class='ocrx_word' id='word_1_6' title='bbox 1220 1825 1319 1898; x_wconf 88' lang='lat' dir='ltr'>XIII.</span> 
     </span>
    </p>
   </div>
   <div class='ocr_carea' id='block_1_4' title="bbox 328 2053 1074 2236">
    <p class='ocr_par' dir='ltr' id='par_1_4' title="bbox 328 2053 1074 2236">
     <span class='ocr_line' id='line_1_4' title="bbox 328 2053 1073 2141; baseline -0.012 -11"><span class='ocrx_word' id='word_1_7' title='bbox 328 2064 576 2134; x_wconf 85' lang='lat' dir='ltr'>Consrrrnrtol.</span> <span class='ocrx_word' id='word_1_8' title='bbox 595 2061 846 2141; x_wconf 79' lang='lat' dir='ltr'>chirographum</span> <span class='ocrx_word' id='word_1_9' title='bbox 856 2053 1073 2140; x_wconf 77' lang='lat' dir='ltr'>Hispaniarum</span> 
     </span>
     <span class='ocr_line' id='line_1_5' title="bbox 386 2151 1074 2236; baseline -0.012 -14"><span class='ocrx_word' id='word_1_10' title='bbox 386 2159 467 2236; x_wconf 87' lang='lat' dir='ltr'>regis</span> <span class='ocrx_word' id='word_1_11' title='bbox 501 2159 666 2222; x_wconf 80' lang='lat' dir='ltr'>confirmat</span> <span class='ocrx_word' id='word_1_12' title='bbox 696 2157 734 2220; x_wconf 90' lang='lat' dir='ltr'>de</span> <span class='ocrx_word' id='word_1_13' title='bbox 763 2156 921 2220; x_wconf 72' lang='lat' dir='ltr'>erectione</span> <span class='ocrx_word' id='word_1_14' title='bbox 950 2151 1074 2232; x_wconf 87' lang='lat' dir='ltr'>hospitii</span> 
     </span>
    </p>
   </div>
   <div class='ocr_carea' id='block_1_5' title="bbox 327 2246 1081 6059">
    <p class='ocr_par' dir='ltr' id='par_1_5' title="bbox 386 2246 1075 2610">
     <span class='ocr_line' id='line_1_6' title="bbox 386 2246 1073 2329; baseline -0.013 -13"><span class='ocrx_word' id='word_1_15' title='bbox 386 2251 419 2316; x_wconf 85' lang='lat' dir='ltr'>S.</span> <span class='ocrx_word' id='word_1_16' title='bbox 442 2252 540 2315; x_wconf 85' lang='lat' dir='ltr'>Rosae</span> <span class='ocrx_word' id='word_1_17' title='bbox 561 2251 597 2313; x_wconf 85' lang='lat' dir='ltr'>dc</span> <span class='ocrx_word' id='word_1_18' title='bbox 621 2249 723 2329; x_wconf 86' lang='lat' dir='ltr'>Ocopo</span> <span class='ocrx_word' id='word_1_19' title='bbox 744 2251 777 2313; x_wconf 88' lang='lat' dir='ltr'>in</span> <span class='ocrx_word' id='word_1_20' title='bbox 793 2246 888 2314; x_wconf 87' lang='lat' dir='ltr'>indiis</span> <span class='ocrx_word' id='word_1_21' title='bbox 903 2247 1073 2312; x_wconf 88' lang='lat' dir='ltr'>occidenta-</span> 
     </span>
     <span class='ocr_line' id='line_1_7' title="bbox 386 2339 1074 2422; baseline -0.006 -14"><span class='ocrx_word' id='word_1_22' title='bbox 386 2344 466 2409; x_wconf 89' lang='lat' dir='ltr'>libus</span> <span class='ocrx_word' id='word_1_23' title='bbox 488 2345 520 2408; x_wconf 92' lang='lat' dir='ltr'>in</span> <span class='ocrx_word' id='word_1_24' title='bbox 542 2344 707 2422; x_wconf 77' lang='lat' dir='ltr'>collegium</span> <span class='ocrx_word' id='word_1_25' title='bbox 729 2343 913 2407; x_wconf 77' lang='lat' dir='ltr'>missionum</span> <span class='ocrx_word' id='word_1_26' title='bbox 933 2357 989 2420; x_wconf 90' lang='lat' dir='ltr'>pro</span> <span class='ocrx_word' id='word_1_27' title='bbox 1005 2339 1074 2404; x_wconf 84' lang='lat' dir='ltr'>inll-</span> 
     </span>
     <span class='ocr_line' id='line_1_8' title="bbox 388 2433 1075 2503; baseline -0.01 -1"><span class='ocrx_word' id='word_1_28' title='bbox 388 2439 508 2503; x_wconf 88' lang='lat' dir='ltr'>delibus</span> <span class='ocrx_word' id='word_1_29' title='bbox 529 2437 611 2502; x_wconf 91' lang='lat' dir='ltr'>lndis</span> <span class='ocrx_word' id='word_1_30' title='bbox 636 2437 783 2501; x_wconf 89' lang='lat' dir='ltr'>Pernanis</span> <span class='ocrx_word' id='word_1_31' title='bbox 805 2436 841 2497; x_wconf 90' lang='lat' dir='ltr'>ad</span> <span class='ocrx_word' id='word_1_32' title='bbox 862 2433 955 2498; x_wconf 87' lang='lat' dir='ltr'>tidem</span> <span class='ocrx_word' id='word_1_33' title='bbox 981 2434 1075 2496; x_wconf 91' lang='lat' dir='ltr'>addu-</span> 
     </span>
     <span class='ocr_line' id='line_1_9' title="bbox 387 2530 651 2610; baseline -0.015 -14"><span class='ocrx_word' id='word_1_34' title='bbox 387 2531 502 2596; x_wconf 88' lang='lat' dir='ltr'>cendis.</span> <span class='ocrx_word' id='word_1_35' title='bbox 526 2547 598 2610; x_wconf 80' lang='lat' dir='ltr'>pag.</span> <span class='ocrx_word' id='word_1_36' title='bbox 621 2530 651 2593; x_wconf 85' lang='lat' dir='ltr'>b.</span> 
     </span>
    </p>

    <p class='ocr_par' dir='ltr' id='par_1_6' title="bbox 327 2621 1079 4287">
     <span class='ocr_line' id='line_1_10' title="bbox 327 2621 1078 2704; baseline -0.013 -13"><span class='ocrx_word' id='word_1_37' title='bbox 327 2627 363 2691; x_wconf 93' lang='lat' dir='ltr'>ll.</span> <span class='ocrx_word' id='word_1_38' title='bbox 387 2626 552 2704; x_wconf 84' lang='lat' dir='ltr'>Episcopus</span> <span class='ocrx_word' id='word_1_39' title='bbox 573 2632 679 2688; x_wconf 89' lang='lat' dir='ltr'>monet</span> <span class='ocrx_word' id='word_1_40' title='bbox 699 2641 755 2703; x_wconf 91' lang='lat' dir='ltr'>per</span> <span class='ocrx_word' id='word_1_41' title='bbox 769 2623 929 2702; x_wconf 90' lang='lat' dir='ltr'>epistelam</span> <span class='ocrx_word' id='word_1_42' title='bbox 943 2621 1078 2700; x_wconf 79' lang='lat' dir='ltr'>encycli-</span> 
     </span>
     <span class='ocr_line' id='line_1_11' title="bbox 387 2715 1073 2788; baseline -0.01 -5"><span class='ocrx_word' id='word_1_43' title='bbox 387 2735 453 2783; x_wconf 84' lang='lat' dir='ltr'>cam</span> <span class='ocrx_word' id='word_1_44' title='bbox 474 2719 513 2782; x_wconf 95' lang='lat' dir='ltr'>de</span> <span class='ocrx_word' id='word_1_45' title='bbox 533 2717 655 2781; x_wconf 90' lang='lat' dir='ltr'>unitate</span> <span class='ocrx_word' id='word_1_46' title='bbox 675 2717 758 2778; x_wconf 91' lang='lat' dir='ltr'>inter</span> <span class='ocrx_word' id='word_1_47' title='bbox 781 2717 891 2780; x_wconf 88' lang='lat' dir='ltr'>iratres</span> <span class='ocrx_word' id='word_1_48' title='bbox 912 2715 1073 2788; x_wconf 87' lang='lat' dir='ltr'>servanda,</span> 
     </span>
     <span class='ocr_line' id='line_1_12' title="bbox 387 2808 1074 2887; baseline -0.006 -13"><span class='ocrx_word' id='word_1_49' title='bbox 387 2811 425 2874; x_wconf 90' lang='lat' dir='ltr'>de</span> <span class='ocrx_word' id='word_1_50' title='bbox 445 2825 570 2874; x_wconf 89' lang='lat' dir='ltr'>morum</span> <span class='ocrx_word' id='word_1_51' title='bbox 595 2811 769 2886; x_wconf 83' lang='lat' dir='ltr'>sanctitate,</span> <span class='ocrx_word' id='word_1_52' title='bbox 791 2809 829 2872; x_wconf 90' lang='lat' dir='ltr'>de</span> <span class='ocrx_word' id='word_1_53' title='bbox 850 2808 1019 2887; x_wconf 87' lang='lat' dir='ltr'>perniciosa</span> <span class='ocrx_word' id='word_1_54' title='bbox 1041 2809 1074 2870; x_wconf 91' lang='lat' dir='ltr'>in</span> 
     </span>
     <span class='ocr_line' id='line_1_13' title="bbox 388 2901 1076 2979; baseline -0.006 -12"><span class='ocrx_word' id='word_1_55' title='bbox 388 2903 431 2968; x_wconf 90' lang='lat' dir='ltr'>eis</span> <span class='ocrx_word' id='word_1_56' title='bbox 444 2903 573 2966; x_wconf 91' lang='lat' dir='ltr'>libidine</span> <span class='ocrx_word' id='word_1_57' title='bbox 587 2903 778 2979; x_wconf 90' lang='lat' dir='ltr'>dominandi,</span> <span class='ocrx_word' id='word_1_58' title='bbox 792 2905 829 2967; x_wconf 93' lang='lat' dir='ltr'>de</span> <span class='ocrx_word' id='word_1_59' title='bbox 843 2902 1026 2978; x_wconf 84' lang='lat' dir='ltr'>invidentia,</span> <span class='ocrx_word' id='word_1_60' title='bbox 1038 2901 1076 2964; x_wconf 93' lang='lat' dir='ltr'>de</span> 
     </span>
     <span class='ocr_line' id='line_1_14' title="bbox 387 2995 1075 3075; baseline -0.009 -14"><span class='ocrx_word' id='word_1_61' title='bbox 387 2999 490 3062; x_wconf 89' lang='lat' dir='ltr'>inanis</span> <span class='ocrx_word' id='word_1_62' title='bbox 519 2997 635 3075; x_wconf 91' lang='lat' dir='ltr'>gloriae</span> <span class='ocrx_word' id='word_1_63' title='bbox 661 2995 841 3075; x_wconf 88' lang='lat' dir='ltr'>cupiditate,</span> <span class='ocrx_word' id='word_1_64' title='bbox 864 3004 895 3060; x_wconf 91' lang='lat' dir='ltr'>et</span> <span class='ocrx_word' id='word_1_65' title='bbox 916 2997 953 3059; x_wconf 91' lang='lat' dir='ltr'>de</span> <span class='ocrx_word' id='word_1_66' title='bbox 974 2996 1075 3059; x_wconf 89' lang='lat' dir='ltr'>adula-</span> 
     </span>
     <span class='ocr_line' id='line_1_15' title="bbox 387 3084 1077 3167; baseline -0.007 -14"><span class='ocrx_word' id='word_1_67' title='bbox 387 3092 473 3154; x_wconf 90' lang='lat' dir='ltr'>tione</span> <span class='ocrx_word' id='word_1_68' title='bbox 492 3089 530 3152; x_wconf 94' lang='lat' dir='ltr'>ab</span> <span class='ocrx_word' id='word_1_69' title='bbox 551 3084 587 3151; x_wconf 92' lang='lat' dir='ltr'>iis</span> <span class='ocrx_word' id='word_1_70' title='bbox 608 3088 826 3167; x_wconf 89' lang='lat' dir='ltr'>praecavenda,</span> <span class='ocrx_word' id='word_1_71' title='bbox 845 3088 883 3153; x_wconf 92' lang='lat' dir='ltr'>de</span> <span class='ocrx_word' id='word_1_72' title='bbox 904 3088 1077 3150; x_wconf 87' lang='lat' dir='ltr'>misericor-</span> 
     </span>
     <span class='ocr_line' id='line_1_16' title="bbox 387 3180 1076 3261; baseline -0.006 -15"><span class='ocrx_word' id='word_1_73' title='bbox 387 3183 435 3247; x_wconf 91' lang='lat' dir='ltr'>dia</span> <span class='ocrx_word' id='word_1_74' title='bbox 456 3182 489 3246; x_wconf 90' lang='lat' dir='ltr'>in</span> <span class='ocrx_word' id='word_1_75' title='bbox 514 3196 674 3261; x_wconf 88' lang='lat' dir='ltr'>pauperes,</span> <span class='ocrx_word' id='word_1_76' title='bbox 697 3181 735 3244; x_wconf 93' lang='lat' dir='ltr'>de</span> <span class='ocrx_word' id='word_1_77' title='bbox 757 3181 828 3257; x_wconf 85' lang='lat' dir='ltr'>tide,</span> <span class='ocrx_word' id='word_1_78' title='bbox 847 3181 943 3244; x_wconf 91' lang='lat' dir='ltr'>animi</span> <span class='ocrx_word' id='word_1_79' title='bbox 965 3180 1076 3246; x_wconf 91' lang='lat' dir='ltr'>demis-</span> 
     </span>
     <span class='ocr_line' id='line_1_17' title="bbox 387 3271 1076 3355; baseline 0.001 -17"><span class='ocrx_word' id='word_1_80' title='bbox 387 3278 486 3352; x_wconf 91' lang='lat' dir='ltr'>sione,</span> <span class='ocrx_word' id='word_1_81' title='bbox 516 3271 744 3354; x_wconf 87' lang='lat' dir='ltr'>perseverantia</span> <span class='ocrx_word' id='word_1_82' title='bbox 770 3275 802 3337; x_wconf 93' lang='lat' dir='ltr'>in</span> <span class='ocrx_word' id='word_1_83' title='bbox 833 3275 977 3355; x_wconf 89' lang='lat' dir='ltr'>precibus</span> <span class='ocrx_word' id='word_1_84' title='bbox 1005 3275 1076 3339; x_wconf 88' lang='lat' dir='ltr'>luu-</span> 
     </span>
     <span class='ocr_line' id='line_1_18' title="bbox 388 3366 1076 3444; baseline 0 -11"><span class='ocrx_word' id='word_1_85' title='bbox 388 3369 507 3444; x_wconf 91' lang='lat' dir='ltr'>dendis,</span> <span class='ocrx_word' id='word_1_86' title='bbox 529 3366 567 3431; x_wconf 89' lang='lat' dir='ltr'>de</span> <span class='ocrx_word' id='word_1_87' title='bbox 588 3368 718 3431; x_wconf 84' lang='lat' dir='ltr'>efficacia</span> <span class='ocrx_word' id='word_1_88' title='bbox 750 3367 941 3432; x_wconf 81' lang='lat' dir='ltr'>sacrosancti</span> <span class='ocrx_word' id='word_1_89' title='bbox 970 3369 1076 3433; x_wconf 85' lang='lat' dir='ltr'>Missae</span> 
     </span>
     <span class='ocr_line' id='line_1_19' title="bbox 389 3459 1076 3540; baseline -0.003 -12"><span class='ocrx_word' id='word_1_90' title='bbox 389 3461 549 3536; x_wconf 82' lang='lat' dir='ltr'>Sacrificii,</span> <span class='ocrx_word' id='word_1_91' title='bbox 573 3463 610 3524; x_wconf 91' lang='lat' dir='ltr'>de</span> <span class='ocrx_word' id='word_1_92' title='bbox 631 3459 792 3538; x_wconf 87' lang='lat' dir='ltr'>doctrinis,</span> <span class='ocrx_word' id='word_1_93' title='bbox 815 3461 927 3540; x_wconf 86' lang='lat' dir='ltr'>quibus</span> <span class='ocrx_word' id='word_1_94' title='bbox 941 3463 1076 3526; x_wconf 82' lang='lat' dir='ltr'>manime</span> 
     </span>
     <span class='ocr_line' id='line_1_20' title="bbox 389 3553 1077 3634; baseline -0.003 -15"><span class='ocrx_word' id='word_1_95' title='bbox 389 3556 494 3619; x_wconf 88' lang='lat' dir='ltr'>fideles</span> <span class='ocrx_word' id='word_1_96' title='bbox 514 3553 676 3617; x_wconf 90' lang='lat' dir='ltr'>imbuendi</span> <span class='ocrx_word' id='word_1_97' title='bbox 696 3563 782 3630; x_wconf 89' lang='lat' dir='ltr'>sunt,</span> <span class='ocrx_word' id='word_1_98' title='bbox 805 3555 843 3617; x_wconf 90' lang='lat' dir='ltr'>de</span> <span class='ocrx_word' id='word_1_99' title='bbox 864 3555 1011 3634; x_wconf 83' lang='lat' dir='ltr'>prudenti</span> <span class='ocrx_word' id='word_1_100' title='bbox 1031 3573 1077 3618; x_wconf 91' lang='lat' dir='ltr'>sa·</span> 
     </span>
     <span class='ocr_line' id='line_1_21' title="bbox 388 3647 1077 3726; baseline -0.004 -12"><span class='ocrx_word' id='word_1_101' title='bbox 388 3661 514 3714; x_wconf 88' lang='lat' dir='ltr'>crorum</span> <span class='ocrx_word' id='word_1_102' title='bbox 530 3647 745 3711; x_wconf 90' lang='lat' dir='ltr'>ministrorum</span> <span class='ocrx_word' id='word_1_103' title='bbox 760 3647 923 3724; x_wconf 89' lang='lat' dir='ltr'>electione,</span> <span class='ocrx_word' id='word_1_104' title='bbox 937 3650 975 3712; x_wconf 92' lang='lat' dir='ltr'>de</span> <span class='ocrx_word' id='word_1_105' title='bbox 985 3665 1077 3726; x_wconf 88' lang='lat' dir='ltr'>opera</span> 
     </span>
     <span class='ocr_line' id='line_1_22' title="bbox 388 3740 1077 3817; baseline -0.001 -12"><span class='ocrx_word' id='word_1_106' title='bbox 388 3745 481 3805; x_wconf 90' lang='lat' dir='ltr'>sacris</span> <span class='ocrx_word' id='word_1_107' title='bbox 502 3742 611 3806; x_wconf 92' lang='lat' dir='ltr'>studiis</span> <span class='ocrx_word' id='word_1_108' title='bbox 639 3743 789 3817; x_wconf 80' lang='lat' dir='ltr'>novanda,</span> <span class='ocrx_word' id='word_1_109' title='bbox 811 3740 848 3803; x_wconf 91' lang='lat' dir='ltr'>de</span> <span class='ocrx_word' id='word_1_110' title='bbox 874 3741 1077 3806; x_wconf 91' lang='lat' dir='ltr'>concionandi</span> 
     </span>
     <span class='ocr_line' id='line_1_23' title="bbox 388 3831 1078 3912; baseline -0.003 -12"><span class='ocrx_word' id='word_1_111' title='bbox 388 3851 533 3911; x_wconf 89' lang='lat' dir='ltr'>munere,</span> <span class='ocrx_word' id='word_1_112' title='bbox 550 3836 587 3897; x_wconf 92' lang='lat' dir='ltr'>de</span> <span class='ocrx_word' id='word_1_113' title='bbox 609 3831 803 3912; x_wconf 86' lang='lat' dir='ltr'>rationeque</span> <span class='ocrx_word' id='word_1_114' title='bbox 817 3850 884 3897; x_wconf 90' lang='lat' dir='ltr'>sese</span> <span class='ocrx_word' id='word_1_115' title='bbox 899 3850 1009 3911; x_wconf 82' lang='lat' dir='ltr'>gerere</span> <span class='ocrx_word' id='word_1_116' title='bbox 1025 3837 1078 3899; x_wconf 91' lang='lat' dir='ltr'>de-</span> 
     </span>
     <span class='ocr_line' id='line_1_24' title="bbox 388 3926 1079 4004; baseline -0.003 -11"><span class='ocrx_word' id='word_1_117' title='bbox 388 3931 463 3992; x_wconf 91' lang='lat' dir='ltr'>bent</span> <span class='ocrx_word' id='word_1_118' title='bbox 484 3929 509 3990; x_wconf 91' lang='lat' dir='ltr'>si</span> <span class='ocrx_word' id='word_1_119' title='bbox 530 3927 611 3989; x_wconf 89' lang='lat' dir='ltr'>iorte</span> <span class='ocrx_word' id='word_1_120' title='bbox 631 3926 710 3988; x_wconf 89' lang='lat' dir='ltr'>desit</span> <span class='ocrx_word' id='word_1_121' title='bbox 732 3926 858 3989; x_wconf 81' lang='lat' dir='ltr'>facultas</span> <span class='ocrx_word' id='word_1_122' title='bbox 884 3927 1017 4004; x_wconf 89' lang='lat' dir='ltr'>dicendi,</span> <span class='ocrx_word' id='word_1_123' title='bbox 1040 3929 1079 3991; x_wconf 89' lang='lat' dir='ltr'>de</span> 
     </span>
     <span class='ocr_line' id='line_1_25' title="bbox 388 4020 1078 4098; baseline 0.003 -14"><span class='ocrx_word' id='word_1_124' title='bbox 388 4021 535 4084; x_wconf 91' lang='lat' dir='ltr'>continua</span> <span class='ocrx_word' id='word_1_125' title='bbox 550 4021 722 4098; x_wconf 90' lang='lat' dir='ltr'>praesentia</span> <span class='ocrx_word' id='word_1_126' title='bbox 734 4020 766 4083; x_wconf 94' lang='lat' dir='ltr'>in</span> <span class='ocrx_word' id='word_1_127' title='bbox 778 4021 920 4096; x_wconf 89' lang='lat' dir='ltr'>dioecesi,</span> <span class='ocrx_word' id='word_1_128' title='bbox 933 4021 971 4084; x_wconf 92' lang='lat' dir='ltr'>de</span> <span class='ocrx_word' id='word_1_129' title='bbox 983 4024 1078 4086; x_wconf 90' lang='lat' dir='ltr'>verbo</span> 
     </span>
     <span class='ocr_line' id='line_1_26' title="bbox 389 4113 1076 4193; baseline 0 -15"><span class='ocrx_word' id='word_1_130' title='bbox 389 4121 420 4178; x_wconf 91' lang='lat' dir='ltr'>et</span> <span class='ocrx_word' id='word_1_131' title='bbox 438 4113 583 4193; x_wconf 86' lang='lat' dir='ltr'>exemplo</span> <span class='ocrx_word' id='word_1_132' title='bbox 598 4113 632 4174; x_wconf 91' lang='lat' dir='ltr'>ad</span> <span class='ocrx_word' id='word_1_133' title='bbox 649 4113 752 4192; x_wconf 89' lang='lat' dir='ltr'>gregis</span> <span class='ocrx_word' id='word_1_134' title='bbox 768 4114 946 4190; x_wconf 88' lang='lat' dir='ltr'>utilitatem,</span> <span class='ocrx_word' id='word_1_135' title='bbox 962 4113 1000 4179; x_wconf 93' lang='lat' dir='ltr'>de</span> <span class='ocrx_word' id='word_1_136' title='bbox 1015 4131 1076 4178; x_wconf 79' lang='lat' dir='ltr'>me</span> 
     </span>
     <span class='ocr_line' id='line_1_27' title="bbox 389 4206 985 4287; baseline -0.003 -17"><span class='ocrx_word' id='word_1_137' title='bbox 389 4207 457 4270; x_wconf 91' lang='lat' dir='ltr'>ritis</span> <span class='ocrx_word' id='word_1_138' title='bbox 478 4208 514 4269; x_wconf 91' lang='lat' dir='ltr'>ad</span> <span class='ocrx_word' id='word_1_139' title='bbox 537 4206 741 4284; x_wconf 87' lang='lat' dir='ltr'>episcopatum</span> <span class='ocrx_word' id='word_1_140' title='bbox 764 4207 932 4287; x_wconf 84' lang='lat' dir='ltr'>requisitis.</span> <span class='ocrx_word' id='word_1_141' title='bbox 956 4207 985 4271; x_wconf 86' lang='lat'>7.</span> 
     </span>
    </p>

    <p class='ocr_par' dir='ltr' id='par_1_7' title="bbox 329 4300 1081 4842">
     <span class='ocr_line' id='line_1_28' title="bbox 329 4300 1079 4380; baseline 0 -14"><span class='ocrx_word' id='word_1_142' title='bbox 329 4302 379 4366; x_wconf 90' lang='lat' dir='ltr'>lli.</span> <span class='ocrx_word' id='word_1_143' title='bbox 403 4300 606 4366; x_wconf 82' lang='lat' dir='ltr'>Confirmatio</span> <span class='ocrx_word' id='word_1_144' title='bbox 627 4300 832 4380; x_wconf 87' lang='lat' dir='ltr'>quarumdam</span> <span class='ocrx_word' id='word_1_145' title='bbox 850 4301 1079 4366; x_wconf 83' lang='lat' dir='ltr'>resolutionem</span> 
     </span>
     <span class='ocr_line' id='line_1_29' title="bbox 389 4393 1078 4475; baseline 0.003 -18"><span class='ocrx_word' id='word_1_146' title='bbox 389 4410 491 4458; x_wconf 90' lang='lat' dir='ltr'>sacrae</span> <span class='ocrx_word' id='word_1_147' title='bbox 503 4393 758 4470; x_wconf 77' lang='lat' dir='ltr'>congregationis</span> <span class='ocrx_word' id='word_1_148' title='bbox 770 4394 911 4470; x_wconf 83' lang='lat' dir='ltr'>concilii,</span> <span class='ocrx_word' id='word_1_149' title='bbox 924 4396 1002 4458; x_wconf 89' lang='lat' dir='ltr'>circa</span> <span class='ocrx_word' id='word_1_150' title='bbox 1013 4396 1078 4475; x_wconf 92' lang='lat' dir='ltr'>epi-</span> 
     </span>
     <span class='ocr_line' id='line_1_30' title="bbox 388 4486 1078 4567; baseline 0.01 -18"><span class='ocrx_word' id='word_1_151' title='bbox 388 4487 519 4567; x_wconf 90' lang='lat' dir='ltr'>scopalia</span> <span class='ocrx_word' id='word_1_152' title='bbox 539 4486 607 4549; x_wconf 90' lang='lat' dir='ltr'>iura</span> <span class='ocrx_word' id='word_1_153' title='bbox 625 4501 698 4562; x_wconf 89' lang='lat' dir='ltr'>erga</span> <span class='ocrx_word' id='word_1_154' title='bbox 712 4487 882 4565; x_wconf 79' lang='lat' dir='ltr'>regulares,</span> <span class='ocrx_word' id='word_1_155' title='bbox 901 4490 932 4552; x_wconf 95' lang='lat' dir='ltr'>in</span> <span class='ocrx_word' id='word_1_156' title='bbox 947 4492 1078 4556; x_wconf 89' lang='lat' dir='ltr'>dioecesi</span> 
     </span>
     <span class='ocr_line' id='line_1_31' title="bbox 389 4579 1081 4660; baseline 0.004 -14"><span class='ocrx_word' id='word_1_157' title='bbox 389 4582 584 4656; x_wconf 73' lang='lat' dir='ltr'>olomucen,</span> <span class='ocrx_word' id='word_1_158' title='bbox 597 4579 784 4660; x_wconf 84' lang='lat' dir='ltr'>illarumque</span> <span class='ocrx_word' id='word_1_159' title='bbox 798 4585 939 4648; x_wconf 85' lang='lat' dir='ltr'>extensio</span> <span class='ocrx_word' id='word_1_160' title='bbox 950 4586 986 4649; x_wconf 90' lang='lat' dir='ltr'>ad</span> <span class='ocrx_word' id='word_1_161' title='bbox 998 4586 1081 4649; x_wconf 88' lang='lat' dir='ltr'>dioe-</span> 
     </span>
     <span class='ocr_line' id='line_1_32' title="bbox 389 4674 1079 4753; baseline 0.006 -15"><span class='ocrx_word' id='word_1_162' title='bbox 389 4691 473 4738; x_wconf 83' lang='lat' dir='ltr'>ceses</span> <span class='ocrx_word' id='word_1_163' title='bbox 495 4674 673 4749; x_wconf 80' lang='lat' dir='ltr'>colonien..</span> <span class='ocrx_word' id='word_1_164' title='bbox 695 4675 927 4753; x_wconf 70' lang='lat' dir='ltr'>Monasterien„</span> <span class='ocrx_word' id='word_1_165' title='bbox 950 4679 1079 4743; x_wconf 79' lang='lat' dir='ltr'>Hildesi·</span> 
     </span>
     <span class='ocr_line' id='line_1_33' title="bbox 390 4759 1076 4842; baseline 0.01 -12"><span class='ocrx_word' id='word_1_166' title='bbox 390 4783 488 4842; x_wconf 89' lang='lat' dir='ltr'>men,</span> <span class='ocrx_word' id='word_1_167' title='bbox 511 4765 722 4830; x_wconf 84' lang='lat' dir='ltr'>Pederbonen.</span> <span class='ocrx_word' id='word_1_168' title='bbox 746 4759 776 4830; x_wconf 80' lang='lat' dir='ltr'>dt</span> <span class='ocrx_word' id='word_1_169' title='bbox 793 4767 1004 4833; x_wconf 86' lang='lat' dir='ltr'>Osnabrnoen.</span> <span class='ocrx_word' id='word_1_170' title='bbox 1031 4773 1076 4838; x_wconf 80' lang='lat' dir='ltr'>lt.</span> 
     </span>
    </p>

    <p class='ocr_par' dir='ltr' id='par_1_8' title="bbox 330 4859 1080 5221">
     <span class='ocr_line' id='line_1_34' title="bbox 330 4859 1079 4928; baseline 0.004 -4"><span class='ocrx_word' id='word_1_171' title='bbox 330 4859 381 4924; x_wconf 88' lang='lat' dir='ltr'>tv.</span> <span class='ocrx_word' id='word_1_172' title='bbox 405 4859 577 4923; x_wconf 85' lang='lat' dir='ltr'>conflrmat</span> <span class='ocrx_word' id='word_1_173' title='bbox 598 4859 757 4922; x_wconf 89' lang='lat' dir='ltr'>decretum</span> <span class='ocrx_word' id='word_1_174' title='bbox 774 4861 906 4926; x_wconf 82' lang='lat' dir='ltr'>Ministri</span> <span class='ocrx_word' id='word_1_175' title='bbox 920 4863 1079 4928; x_wconf 87' lang='lat' dir='ltr'>Generalis</span> 
     </span>
     <span class='ocr_line' id='line_1_35' title="bbox 389 4951 1080 5021; baseline 0.004 -3"><span class='ocrx_word' id='word_1_176' title='bbox 389 4952 512 5018; x_wconf 90' lang='lat' dir='ltr'>Ordinis</span> <span class='ocrx_word' id='word_1_177' title='bbox 531 4952 605 5016; x_wconf 90' lang='lat' dir='ltr'>blin.</span> <span class='ocrx_word' id='word_1_178' title='bbox 630 4951 661 5016; x_wconf 89' lang='lat' dir='ltr'>S.</span> <span class='ocrx_word' id='word_1_179' title='bbox 681 4953 833 5016; x_wconf 84' lang='lat' dir='ltr'>Francisci</span> <span class='ocrx_word' id='word_1_180' title='bbox 855 4957 893 5018; x_wconf 92' lang='lat' dir='ltr'>de</span> <span class='ocrx_word' id='word_1_181' title='bbox 907 4956 1080 5021; x_wconf 85' lang='lat' dir='ltr'>Observan-</span> 
     </span>
     <span class='ocr_line' id='line_1_36' title="bbox 390 5048 1079 5130; baseline 0.003 -20"><span class='ocrx_word' id='word_1_182' title='bbox 390 5048 432 5110; x_wconf 91' lang='lat' dir='ltr'>tia</span> <span class='ocrx_word' id='word_1_183' title='bbox 453 5054 624 5124; x_wconf 88' lang='lat' dir='ltr'>nuncupat.</span> <span class='ocrx_word' id='word_1_184' title='bbox 646 5063 702 5126; x_wconf 93' lang='lat' dir='ltr'>pro</span> <span class='ocrx_word' id='word_1_185' title='bbox 732 5048 930 5112; x_wconf 87' lang='lat' dir='ltr'>restitutione</span> <span class='ocrx_word' id='word_1_186' title='bbox 959 5050 994 5112; x_wconf 90' lang='lat' dir='ltr'>ad</span> <span class='ocrx_word' id='word_1_187' title='bbox 1017 5051 1079 5130; x_wconf 92' lang='lat' dir='ltr'>pri·</span> 
     </span>
     <span class='ocr_line' id='line_1_37' title="bbox 389 5140 1079 5221; baseline 0.007 -18"><span class='ocrx_word' id='word_1_188' title='bbox 389 5140 503 5219; x_wconf 90' lang='lat' dir='ltr'>vilegia</span> <span class='ocrx_word' id='word_1_189' title='bbox 532 5147 563 5203; x_wconf 91' lang='lat' dir='ltr'>et</span> <span class='ocrx_word' id='word_1_190' title='bbox 593 5141 726 5204; x_wconf 84' lang='lat' dir='ltr'>honores</span> <span class='ocrx_word' id='word_1_191' title='bbox 755 5142 933 5221; x_wconf 89' lang='lat' dir='ltr'>provinciae</span> <span class='ocrx_word' id='word_1_192' title='bbox 962 5145 1079 5208; x_wconf 88' lang='lat' dir='ltr'>Bosnae</span> 
     </span>
    </p>

    <p class='ocr_par' dir='ltr' id='par_1_9' title="bbox 342 5231 1080 5578">
     <span class='ocr_line' id='line_1_38' title="bbox 342 5231 1080 5313; baseline 0.004 -15"><span class='ocrx_word' id='word_1_193' title='bbox 342 5239 344 5246; x_wconf 81' lang='grc'>’</span> <span class='ocrx_word' id='word_1_194' title='bbox 390 5235 591 5311; x_wconf 85' lang='lat' dir='ltr'>hrgentinae,</span> <span class='ocrx_word' id='word_1_195' title='bbox 623 5231 696 5298; x_wconf 90' lang='lat' dir='ltr'>licet</span> <span class='ocrx_word' id='word_1_196' title='bbox 725 5250 781 5313; x_wconf 94' lang='lat' dir='ltr'>per</span> <span class='ocrx_word' id='word_1_197' title='bbox 807 5235 889 5299; x_wconf 90' lang='lat' dir='ltr'>aliud</span> <span class='ocrx_word' id='word_1_198' title='bbox 919 5238 1080 5301; x_wconf 89' lang='lat' dir='ltr'>decretum</span> 
     </span>
     <span class='ocr_line' id='line_1_39' title="bbox 390 5326 1079 5407; baseline 0.007 -18"><span class='ocrx_word' id='word_1_199' title='bbox 390 5328 466 5389; x_wconf 93' lang='lat' dir='ltr'>anni</span> <span class='ocrx_word' id='word_1_200' title='bbox 487 5342 649 5393; x_wconf 80' lang='lat' dir='ltr'>nueccvn.</span> <span class='ocrx_word' id='word_1_201' title='bbox 666 5327 789 5407; x_wconf 89' lang='lat' dir='ltr'>praevia</span> <span class='ocrx_word' id='word_1_202' title='bbox 804 5326 1079 5394; x_wconf 86' lang='lat' dir='ltr'>dismembratione</span> 
     </span>
     <span class='ocr_line' id='line_1_40' title="bbox 390 5421 1079 5500; baseline 0.004 -16"><span class='ocrx_word' id='word_1_203' title='bbox 390 5421 695 5500; x_wconf 84' lang='lat' dir='ltr'>quamplurimorum</span> <span class='ocrx_word' id='word_1_204' title='bbox 719 5428 946 5499; x_wconf 81' lang='lat' dir='ltr'>conventuum,</span> <span class='ocrx_word' id='word_1_205' title='bbox 969 5423 1002 5486; x_wconf 90' lang='lat' dir='ltr'>in</span> <span class='ocrx_word' id='word_1_206' title='bbox 1026 5440 1079 5487; x_wconf 90' lang='lat' dir='ltr'>cu·</span> 
     </span>
     <span class='ocr_line' id='line_1_41' title="bbox 389 5512 890 5578; baseline -0.002 -2"><span class='ocrx_word' id='word_1_207' title='bbox 389 5514 520 5577; x_wconf 88' lang='lat' dir='ltr'>stodiam</span> <span class='ocrx_word' id='word_1_208' title='bbox 541 5512 691 5578; x_wconf 87' lang='lat' dir='ltr'>declarata</span> <span class='ocrx_word' id='word_1_209' title='bbox 712 5514 819 5578; x_wconf 86' lang='lat' dir='ltr'>inerit.</span> <span class='ocrx_word' id='word_1_210' title='bbox 845 5516 890 5578; x_wconf 78' lang='lat'>17.</span> 
     </span>
    </p>

    <p class='ocr_par' dir='ltr' id='par_1_10' title="bbox 331 5607 1080 5965">
     <span class='ocr_line' id='line_1_42' title="bbox 331 5607 1079 5688; baseline 0.005 -16"><span class='ocrx_word' id='word_1_211' title='bbox 331 5607 366 5672; x_wconf 79' lang='lat' dir='ltr'>V.</span> <span class='ocrx_word' id='word_1_212' title='bbox 390 5608 573 5676; x_wconf 84' lang='lat' dir='ltr'>Praescribit</span> <span class='ocrx_word' id='word_1_213' title='bbox 595 5610 724 5672; x_wconf 90' lang='lat' dir='ltr'>modum</span> <span class='ocrx_word' id='word_1_214' title='bbox 744 5607 879 5688; x_wconf 90' lang='lat' dir='ltr'>eligendi</span> <span class='ocrx_word' id='word_1_215' title='bbox 901 5617 970 5674; x_wconf 87' lang='lat' dir='ltr'>tum</span> <span class='ocrx_word' id='word_1_216' title='bbox 990 5612 1079 5676; x_wconf 90' lang='lat' dir='ltr'>abba-</span> 
     </span>
     <span class='ocr_line' id='line_1_43' title="bbox 392 5701 1080 5783; baseline 0.006 -19"><span class='ocrx_word' id='word_1_217' title='bbox 392 5709 453 5764; x_wconf 89' lang='lat' dir='ltr'>tem</span> <span class='ocrx_word' id='word_1_218' title='bbox 477 5701 667 5780; x_wconf 89' lang='lat' dir='ltr'>generalem,</span> <span class='ocrx_word' id='word_1_219' title='bbox 692 5709 759 5763; x_wconf 89' lang='lat' dir='ltr'>tum</span> <span class='ocrx_word' id='word_1_220' title='bbox 781 5711 1012 5781; x_wconf 86' lang='lat' dir='ltr'>procuratorem</span> <span class='ocrx_word' id='word_1_221' title='bbox 1028 5721 1080 5783; x_wconf 80' lang='lat' dir='ltr'>ge</span> 
     </span>
     <span class='ocr_line' id='line_1_44' title="bbox 391 5794 1079 5862; baseline 0.001 -3"><span class='ocrx_word' id='word_1_222' title='bbox 391 5795 531 5859; x_wconf 91' lang='lat' dir='ltr'>neralem</span> <span class='ocrx_word' id='word_1_223' title='bbox 541 5794 663 5859; x_wconf 84' lang='lat' dir='ltr'>Ordinis</span> <span class='ocrx_word' id='word_1_224' title='bbox 674 5794 896 5859; x_wconf 88' lang='lat' dir='ltr'>blonacborum</span> <span class='ocrx_word' id='word_1_225' title='bbox 911 5797 1013 5862; x_wconf 89' lang='lat' dir='ltr'>Sancti</span> <span class='ocrx_word' id='word_1_226' title='bbox 1025 5800 1079 5861; x_wconf 89' lang='lat' dir='ltr'>Ba-</span> 
     </span>
     <span class='ocr_line' id='line_1_45' title="bbox 388 5887 657 5965; baseline -0.004 -17"><span class='ocrx_word' id='word_1_227' title='bbox 388 5887 449 5950; x_wconf 90' lang='lat' dir='ltr'>silii</span> <span class='ocrx_word' id='word_1_228' title='bbox 471 5887 584 5965; x_wconf 81' lang='lat' dir='ltr'>Magni.</span> <span class='ocrx_word' id='word_1_229' title='bbox 608 5887 657 5952; x_wconf 89' lang='grc'>20.</span> 
     </span>
    </p>

    <p class='ocr_par' dir='ltr' id='par_1_11' title="bbox 330 5979 1080 6059">
     <span class='ocr_line' id='line_1_46' title="bbox 330 5979 1080 6059; baseline 0.001 -15"><span class='ocrx_word' id='word_1_230' title='bbox 330 5979 382 6044; x_wconf 81' lang='lat' dir='ltr'>vt.</span> <span class='ocrx_word' id='word_1_231' title='bbox 405 5979 597 6045; x_wconf 90' lang='lat' dir='ltr'>Patriarohae</span> <span class='ocrx_word' id='word_1_232' title='bbox 626 5980 831 6059; x_wconf 81' lang='lat' dir='ltr'>babylonensi</span> <span class='ocrx_word' id='word_1_233' title='bbox 853 5981 1080 6047; x_wconf 85' lang='lat' dir='ltr'>Chaldaeorum</span> 
     </span>
    </p>
   </div>
   <div class='ocr_carea' id='block_1_6' title="bbox 1132 2053 1954 6062">
    <p class='ocr_par' dir='ltr' id='par_1_12' title="bbox 1188 2053 1879 2679">
     <span class='ocr_line' id='line_1_47' title="bbox 1188 2053 1878 2139; baseline 0.004 -19"><span class='ocrx_word' id='word_1_234' title='bbox 1188 2053 1316 2136; x_wconf 92' lang='lat' dir='ltr'>pallium</span> <span class='ocrx_word' id='word_1_235' title='bbox 1338 2057 1489 2135; x_wconf 84' lang='lat' dir='ltr'>concedit,</span> <span class='ocrx_word' id='word_1_236' title='bbox 1511 2058 1603 2139; x_wconf 84' lang='lat' dir='ltr'>eique</span> <span class='ocrx_word' id='word_1_237' title='bbox 1624 2059 1808 2123; x_wconf 88' lang='lat' dir='ltr'>tradendum</span> <span class='ocrx_word' id='word_1_238' title='bbox 1831 2061 1878 2123; x_wconf 90' lang='lat' dir='ltr'>in-</span> 
     </span>
     <span class='ocr_line' id='line_1_48' title="bbox 1189 2149 1879 2231; baseline 0 -17"><span class='ocrx_word' id='word_1_239' title='bbox 1189 2151 1240 2214; x_wconf 90' lang='lat' dir='ltr'>bet</span> <span class='ocrx_word' id='word_1_240' title='bbox 1261 2149 1420 2230; x_wconf 82' lang='lat' dir='ltr'>abaliquo</span> <span class='ocrx_word' id='word_1_241' title='bbox 1442 2168 1480 2214; x_wconf 80' lang='lat' dir='ltr'>en</span> <span class='ocrx_word' id='word_1_242' title='bbox 1503 2152 1657 2231; x_wconf 86' lang='lat' dir='ltr'>Episcopis</span> <span class='ocrx_word' id='word_1_243' title='bbox 1672 2152 1828 2216; x_wconf 88' lang='lat' dir='ltr'>catholicis</span> <span class='ocrx_word' id='word_1_244' title='bbox 1843 2152 1879 2214; x_wconf 92' lang='lat' dir='ltr'>il-</span> 
     </span>
     <span class='ocr_line' id='line_1_49' title="bbox 1188 2242 1878 2324; baseline 0.003 -20"><span class='ocrx_word' id='word_1_245' title='bbox 1188 2242 1290 2324; x_wconf 89' lang='lat' dir='ltr'>larnm</span> <span class='ocrx_word' id='word_1_246' title='bbox 1321 2244 1469 2323; x_wconf 90' lang='lat' dir='ltr'>partium,</span> <span class='ocrx_word' id='word_1_247' title='bbox 1491 2246 1639 2324; x_wconf 91' lang='lat' dir='ltr'>praestito</span> <span class='ocrx_word' id='word_1_248' title='bbox 1667 2245 1752 2324; x_wconf 90' lang='lat' dir='ltr'>prius</span> <span class='ocrx_word' id='word_1_249' title='bbox 1781 2244 1878 2308; x_wconf 85' lang='lat' dir='ltr'>bdeli-</span> 
     </span>
     <span class='ocr_line' id='line_1_50' title="bbox 1190 2335 1877 2417; baseline 0.003 -19"><span class='ocrx_word' id='word_1_250' title='bbox 1190 2336 1260 2398; x_wconf 89' lang='lat' dir='ltr'>tatis</span> <span class='ocrx_word' id='word_1_251' title='bbox 1281 2335 1457 2400; x_wconf 88' lang='lat' dir='ltr'>iuramento</span> <span class='ocrx_word' id='word_1_252' title='bbox 1484 2338 1570 2400; x_wconf 86' lang='lat' dir='ltr'>iuxta</span> <span class='ocrx_word' id='word_1_253' title='bbox 1597 2336 1763 2400; x_wconf 81' lang='lat' dir='ltr'>formulam</span> <span class='ocrx_word' id='word_1_254' title='bbox 1784 2353 1877 2417; x_wconf 89' lang='lat' dir='ltr'>quam</span> 
     </span>
     <span class='ocr_line' id='line_1_51' title="bbox 1189 2429 1879 2505; baseline 0.004 -15"><span class='ocrx_word' id='word_1_255' title='bbox 1189 2429 1335 2505; x_wconf 90' lang='lat' dir='ltr'>adnectit,</span> <span class='ocrx_word' id='word_1_256' title='bbox 1358 2429 1445 2493; x_wconf 90' lang='lat' dir='ltr'>euius</span> <span class='ocrx_word' id='word_1_257' title='bbox 1466 2430 1634 2496; x_wconf 90' lang='lat' dir='ltr'>iuramenti</span> <span class='ocrx_word' id='word_1_258' title='bbox 1653 2430 1879 2495; x_wconf 90' lang='lat' dir='ltr'>documentum</span> 
     </span>
     <span class='ocr_line' id='line_1_52' title="bbox 1190 2522 1879 2604; baseline 0.001 -19"><span class='ocrx_word' id='word_1_259' title='bbox 1190 2523 1404 2586; x_wconf 85' lang='lat' dir='ltr'>authenticum</span> <span class='ocrx_word' id='word_1_260' title='bbox 1416 2523 1546 2588; x_wconf 85' lang='lat' dir='ltr'>Romam</span> <span class='ocrx_word' id='word_1_261' title='bbox 1557 2541 1613 2604; x_wconf 90' lang='lat' dir='ltr'>per</span> <span class='ocrx_word' id='word_1_262' title='bbox 1627 2523 1779 2588; x_wconf 88' lang='lat' dir='ltr'>nuncium</span> <span class='ocrx_word' id='word_1_263' title='bbox 1795 2522 1879 2589; x_wconf 92' lang='lat' dir='ltr'>mitti</span> 
     </span>
     <span class='ocr_line' id='line_1_53' title="bbox 1191 2614 1382 2679; baseline -0.005 -2"><span class='ocrx_word' id='word_1_264' title='bbox 1191 2614 1310 2678; x_wconf 91' lang='lat' dir='ltr'>debeat.</span> <span class='ocrx_word' id='word_1_265' title='bbox 1333 2617 1382 2679; x_wconf 85' lang='grc'>23.</span> 
     </span>
    </p>

    <p class='ocr_par' dir='ltr' id='par_1_13' title="bbox 1132 2706 1882 3240">
     <span class='ocr_line' id='line_1_54' title="bbox 1132 2706 1880 2774; baseline 0.001 -2"><span class='ocrx_word' id='word_1_266' title='bbox 1132 2706 1197 2772; x_wconf 82' lang='lat' dir='ltr'>vn.</span> <span class='ocrx_word' id='word_1_267' title='bbox 1212 2708 1382 2772; x_wconf 81' lang='lat' dir='ltr'>Confirmat</span> <span class='ocrx_word' id='word_1_268' title='bbox 1393 2710 1583 2774; x_wconf 89' lang='lat' dir='ltr'>erectionem</span> <span class='ocrx_word' id='word_1_269' title='bbox 1595 2710 1806 2774; x_wconf 86' lang='lat' dir='ltr'>universitatis</span> <span class='ocrx_word' id='word_1_270' title='bbox 1816 2717 1880 2773; x_wconf 92' lang='lat' dir='ltr'>stu-</span> 
     </span>
     <span class='ocr_line' id='line_1_55' title="bbox 1191 2801 1882 2881; baseline 0.006 -19"><span class='ocrx_word' id='word_1_271' title='bbox 1191 2801 1233 2862; x_wconf 91' lang='lat' dir='ltr'>dii</span> <span class='ocrx_word' id='word_1_272' title='bbox 1254 2802 1288 2863; x_wconf 91' lang='lat' dir='ltr'>in</span> <span class='ocrx_word' id='word_1_273' title='bbox 1309 2802 1443 2866; x_wconf 78' lang='lat' dir='ltr'>civitate</span> <span class='ocrx_word' id='word_1_274' title='bbox 1462 2803 1589 2881; x_wconf 82' lang='lat' dir='ltr'>Leopoli</span> <span class='ocrx_word' id='word_1_275' title='bbox 1610 2820 1625 2864; x_wconf 90' lang='lat' dir='ltr'>a</span> <span class='ocrx_word' id='word_1_276' title='bbox 1644 2804 1780 2881; x_wconf 82' lang='lat' dir='ltr'>Regibus</span> <span class='ocrx_word' id='word_1_277' title='bbox 1795 2803 1882 2866; x_wconf 89' lang='lat' dir='ltr'>Polo·</span> 
     </span>
     <span class='ocr_line' id='line_1_56' title="bbox 1191 2893 1879 2973; baseline 0.006 -18"><span class='ocrx_word' id='word_1_278' title='bbox 1191 2895 1260 2956; x_wconf 89' lang='lat' dir='ltr'>niae</span> <span class='ocrx_word' id='word_1_279' title='bbox 1275 2893 1350 2959; x_wconf 89' lang='lat' dir='ltr'>lacte</span> <span class='ocrx_word' id='word_1_280' title='bbox 1364 2897 1423 2959; x_wconf 90' lang='lat' dir='ltr'>sub</span> <span class='ocrx_word' id='word_1_281' title='bbox 1437 2896 1607 2960; x_wconf 91' lang='lat' dir='ltr'>directione</span> <span class='ocrx_word' id='word_1_282' title='bbox 1624 2896 1786 2961; x_wconf 90' lang='lat' dir='ltr'>Societatis</span> <span class='ocrx_word' id='word_1_283' title='bbox 1800 2898 1879 2973; x_wconf 84' lang='lat' dir='ltr'>lesu,</span> 
     </span>
     <span class='ocr_line' id='line_1_57' title="bbox 1192 2988 1879 3068; baseline 0.006 -19"><span class='ocrx_word' id='word_1_284' title='bbox 1192 2993 1222 3049; x_wconf 94' lang='lat' dir='ltr'>et</span> <span class='ocrx_word' id='word_1_285' title='bbox 1249 2988 1342 3051; x_wconf 91' lang='lat' dir='ltr'>huius</span> <span class='ocrx_word' id='word_1_286' title='bbox 1371 2989 1535 3067; x_wconf 85' lang='lat' dir='ltr'>privilegia</span> <span class='ocrx_word' id='word_1_287' title='bbox 1564 2989 1737 3064; x_wconf 90' lang='lat' dir='ltr'>coustituit,</span> <span class='ocrx_word' id='word_1_288' title='bbox 1766 2989 1879 3068; x_wconf 82' lang='lat' dir='ltr'>quibus</span> 
     </span>
     <span class='ocr_line' id='line_1_58' title="bbox 1194 3080 1882 3162; baseline 0.001 -19"><span class='ocrx_word' id='word_1_289' title='bbox 1194 3080 1404 3145; x_wconf 79' lang='lat' dir='ltr'>cracoviensis</span> <span class='ocrx_word' id='word_1_290' title='bbox 1437 3082 1630 3146; x_wconf 86' lang='lat' dir='ltr'>Universitas</span> <span class='ocrx_word' id='word_1_291' title='bbox 1661 3083 1882 3162; x_wconf 77' lang='lat' dir='ltr'>praecellenter</span> 
     </span>
     <span class='ocr_line' id='line_1_59' title="bbox 1193 3174 1436 3240; baseline 0.004 -2"><span class='ocrx_word' id='word_1_292' title='bbox 1193 3174 1365 3240; x_wconf 79' lang='lat' dir='ltr'>fruebatur.</span> <span class='ocrx_word' id='word_1_293' title='bbox 1388 3176 1436 3239; x_wconf 70' lang='grc'>22.</span> 
     </span>
    </p>

    <p class='ocr_par' dir='ltr' id='par_1_14' title="bbox 1134 3266 1954 4366">
     <span class='ocr_line' id='line_1_60' title="bbox 1134 3266 1882 3350; baseline 0.003 -18"><span class='ocrx_word' id='word_1_294' title='bbox 1134 3266 1434 3333; x_wconf 66' lang='lat' dir='ltr'>stainahamma</span> <span class='ocrx_word' id='word_1_295' title='bbox 1461 3269 1507 3333; x_wconf 90' lang='lat' dir='ltr'>lit.</span> <span class='ocrx_word' id='word_1_296' title='bbox 1532 3287 1579 3350; x_wconf 89' lang='lat' dir='ltr'>ap.</span> <span class='ocrx_word' id='word_1_297' title='bbox 1609 3272 1687 3335; x_wconf 89' lang='lat' dir='ltr'>Ben.</span> <span class='ocrx_word' id='word_1_298' title='bbox 1715 3269 1797 3338; x_wconf 81' lang='lat' dir='ltr'>XlV.</span> <span class='ocrx_word' id='word_1_299' title='bbox 1823 3272 1882 3335; x_wconf 85' lang='lat' dir='ltr'>Sa-</span> 
     </span>
     <span class='ocr_line' id='line_1_61' title="bbox 1191 3365 1883 3445; baseline 0.006 -21"><span class='ocrx_word' id='word_1_300' title='bbox 1191 3379 1337 3442; x_wconf 83' lang='lat' dir='ltr'>premnm</span> <span class='ocrx_word' id='word_1_301' title='bbox 1350 3365 1640 3445; x_wconf 73' lang='lat' dir='ltr'>gravissimamque</span> <span class='ocrx_word' id='word_1_302' title='bbox 1653 3381 1748 3444; x_wconf 89' lang='lat' dir='ltr'>super</span> <span class='ocrx_word' id='word_1_303' title='bbox 1758 3366 1883 3430; x_wconf 88' lang='lat' dir='ltr'>electio·</span> 
     </span>
     <span class='ocr_line' id='line_1_62' title="bbox 1193 3456 1954 3536; baseline 0.005 -18"><span class='ocrx_word' id='word_1_304' title='bbox 1193 3473 1233 3518; x_wconf 92' lang='lat' dir='ltr'>ne</span> <span class='ocrx_word' id='word_1_305' title='bbox 1253 3456 1369 3520; x_wconf 87' lang='lat' dir='ltr'>abbatis</span> <span class='ocrx_word' id='word_1_306' title='bbox 1392 3457 1544 3534; x_wconf 88' lang='lat' dir='ltr'>generalis</span> <span class='ocrx_word' id='word_1_307' title='bbox 1559 3464 1617 3520; x_wconf 89' lang='lat' dir='ltr'>etc.</span> <span class='ocrx_word' id='word_1_308' title='bbox 1636 3457 1771 3521; x_wconf 90' lang='lat' dir='ltr'>iacienda</span> <span class='ocrx_word' id='word_1_309' title='bbox 1786 3477 1802 3522; x_wconf 91' lang='lat' dir='ltr'>a</span> <span class='ocrx_word' id='word_1_310' title='bbox 1818 3475 1883 3522; x_wconf 82' lang='lat' dir='ltr'>mo</span> <span class='ocrx_word' id='word_1_311' title='bbox 1953 3527 1954 3536; x_wconf 41' lang='lat'>,</span> 
     </span>
     <span class='ocr_line' id='line_1_63' title="bbox 1193 3549 1881 3628; baseline 0.004 -17"><span class='ocrx_word' id='word_1_312' title='bbox 1193 3549 1298 3612; x_wconf 89' lang='lat' dir='ltr'>nachis</span> <span class='ocrx_word' id='word_1_313' title='bbox 1327 3550 1358 3615; x_wconf 90' lang='lat' dir='ltr'>S.</span> <span class='ocrx_word' id='word_1_314' title='bbox 1382 3550 1511 3614; x_wconf 85' lang='lat' dir='ltr'>hntonii</span> <span class='ocrx_word' id='word_1_315' title='bbox 1542 3551 1658 3628; x_wconf 83' lang='lat' dir='ltr'>Gougr.</span> <span class='ocrx_word' id='word_1_316' title='bbox 1681 3551 1881 3628; x_wconf 87' lang='lat' dir='ltr'>Libanensis,</span> 
     </span>
     <span class='ocr_line' id='line_1_64' title="bbox 1193 3643 1882 3724; baseline 0.003 -19"><span class='ocrx_word' id='word_1_317' title='bbox 1193 3643 1293 3706; x_wconf 91' lang='lat' dir='ltr'>irritat</span> <span class='ocrx_word' id='word_1_318' title='bbox 1305 3644 1498 3707; x_wconf 87' lang='lat' dir='ltr'>arbitrariam</span> <span class='ocrx_word' id='word_1_319' title='bbox 1511 3644 1663 3723; x_wconf 91' lang='lat' dir='ltr'>generalis</span> <span class='ocrx_word' id='word_1_320' title='bbox 1673 3644 1799 3724; x_wconf 86' lang='lat' dir='ltr'>capituli</span> <span class='ocrx_word' id='word_1_321' title='bbox 1810 3662 1882 3708; x_wconf 90' lang='lat' dir='ltr'>con-</span> 
     </span>
     <span class='ocr_line' id='line_1_65' title="bbox 1194 3738 1884 3804; baseline 0 -4"><span class='ocrx_word' id='word_1_322' title='bbox 1194 3739 1389 3804; x_wconf 90' lang='lat' dir='ltr'>vocationem</span> <span class='ocrx_word' id='word_1_323' title='bbox 1410 3746 1443 3801; x_wconf 92' lang='lat' dir='ltr'>et</span> <span class='ocrx_word' id='word_1_324' title='bbox 1465 3738 1631 3801; x_wconf 89' lang='lat' dir='ltr'>electiones</span> <span class='ocrx_word' id='word_1_325' title='bbox 1655 3739 1685 3803; x_wconf 93' lang='lat' dir='ltr'>in</span> <span class='ocrx_word' id='word_1_326' title='bbox 1708 3755 1745 3802; x_wconf 93' lang='lat' dir='ltr'>eo</span> <span class='ocrx_word' id='word_1_327' title='bbox 1761 3739 1884 3802; x_wconf 89' lang='lat' dir='ltr'>iactasa</span> 
     </span>
     <span class='ocr_line' id='line_1_66' title="bbox 1193 3831 1881 3912; baseline 0 -18"><span class='ocrx_word' id='word_1_328' title='bbox 1193 3831 1429 3911; x_wconf 86' lang='lat' dir='ltr'>quampluribus</span> <span class='ocrx_word' id='word_1_329' title='bbox 1445 3831 1602 3894; x_wconf 89' lang='lat' dir='ltr'>monacbis</span> <span class='ocrx_word' id='word_1_330' title='bbox 1615 3831 1881 3912; x_wconf 87' lang='lat' dir='ltr'>inobedientibus;</span> 
     </span>
     <span class='ocr_line' id='line_1_67' title="bbox 1193 3924 1884 4004; baseline 0 -17"><span class='ocrx_word' id='word_1_331' title='bbox 1193 3924 1299 4004; x_wconf 85' lang='lat' dir='ltr'>eisque</span> <span class='ocrx_word' id='word_1_332' title='bbox 1315 3925 1452 4003; x_wconf 88' lang='lat' dir='ltr'>iniungit</span> <span class='ocrx_word' id='word_1_333' title='bbox 1467 3925 1674 3988; x_wconf 88' lang='lat' dir='ltr'>obedientiam</span> <span class='ocrx_word' id='word_1_334' title='bbox 1689 3940 1771 3988; x_wconf 95' lang='lat' dir='ltr'>novo</span> <span class='ocrx_word' id='word_1_335' title='bbox 1784 3925 1884 3988; x_wconf 91' lang='lat' dir='ltr'>abbati</span> 
     </span>
     <span class='ocr_line' id='line_1_68' title="bbox 1194 4019 1884 4099; baseline -0.001 -18"><span class='ocrx_word' id='word_1_336' title='bbox 1194 4019 1344 4096; x_wconf 86' lang='lat' dir='ltr'>generali,</span> <span class='ocrx_word' id='word_1_337' title='bbox 1366 4019 1496 4099; x_wconf 83' lang='lat' dir='ltr'>aliisque</span> <span class='ocrx_word' id='word_1_338' title='bbox 1516 4019 1727 4096; x_wconf 74' lang='lat' dir='ltr'>superioribus</span> <span class='ocrx_word' id='word_1_339' title='bbox 1748 4019 1884 4082; x_wconf 87' lang='lat' dir='ltr'>electisa</span> 
     </span>
     <span class='ocr_line' id='line_1_69' title="bbox 1193 4112 1884 4189; baseline 0 -15"><span class='ocrx_word' id='word_1_340' title='bbox 1193 4112 1366 4175; x_wconf 88' lang='lat' dir='ltr'>Patriarcha</span> <span class='ocrx_word' id='word_1_341' title='bbox 1398 4114 1609 4189; x_wconf 78' lang='lat' dir='ltr'>Antiocheno,</span> <span class='ocrx_word' id='word_1_342' title='bbox 1643 4116 1727 4176; x_wconf 80' lang='lat' dir='ltr'>iuxta</span> <span class='ocrx_word' id='word_1_343' title='bbox 1759 4112 1884 4176; x_wconf 89' lang='lat' dir='ltr'>iaculta·</span> 
     </span>
     <span class='ocr_line' id='line_1_70' title="bbox 1196 4207 1884 4286; baseline 0.004 -19"><span class='ocrx_word' id='word_1_344' title='bbox 1196 4214 1240 4269; x_wconf 89' lang='lat' dir='ltr'>tes</span> <span class='ocrx_word' id='word_1_345' title='bbox 1269 4207 1314 4269; x_wconf 92' lang='lat' dir='ltr'>illi</span> <span class='ocrx_word' id='word_1_346' title='bbox 1343 4207 1474 4270; x_wconf 89' lang='lat' dir='ltr'>tributas</span> <span class='ocrx_word' id='word_1_347' title='bbox 1495 4225 1511 4269; x_wconf 85' lang='lat' dir='ltr'>a</span> <span class='ocrx_word' id='word_1_348' title='bbox 1532 4208 1727 4286; x_wconf 86' lang='lat' dir='ltr'>praelaudato</span> <span class='ocrx_word' id='word_1_349' title='bbox 1755 4207 1884 4270; x_wconf 87' lang='lat' dir='ltr'>Benedi-</span> 
     </span>
     <span class='ocr_line' id='line_1_71' title="bbox 1195 4299 1419 4366; baseline -0.009 -2"><span class='ocrx_word' id='word_1_350' title='bbox 1195 4310 1243 4364; x_wconf 93' lang='lat' dir='ltr'>cto</span> <span class='ocrx_word' id='word_1_351' title='bbox 1265 4299 1345 4366; x_wconf 82' lang='lat' dir='ltr'>XIV.</span> <span class='ocrx_word' id='word_1_352' title='bbox 1370 4302 1419 4366; x_wconf 88' lang='grc'>26.</span> 
     </span>
    </p>

    <p class='ocr_par' dir='ltr' id='par_1_15' title="bbox 1134 4393 1886 5113">
     <span class='ocr_line' id='line_1_72' title="bbox 1134 4393 1886 4461; baseline -0.003 -1"><span class='ocrx_word' id='word_1_353' title='bbox 1134 4396 1186 4461; x_wconf 84' lang='grc' dir='ltr'>ΙΧ.</span> <span class='ocrx_word' id='word_1_354' title='bbox 1203 4397 1392 4461; x_wconf 83' lang='lat' dir='ltr'>Facultatem</span> <span class='ocrx_word' id='word_1_355' title='bbox 1406 4395 1515 4457; x_wconf 91' lang='lat' dir='ltr'>tribuit</span> <span class='ocrx_word' id='word_1_356' title='bbox 1526 4393 1645 4458; x_wconf 90' lang='lat' dir='ltr'>Nuntio</span> <span class='ocrx_word' id='word_1_357' title='bbox 1657 4395 1801 4459; x_wconf 84' lang='lat' dir='ltr'>Poloniae</span> <span class='ocrx_word' id='word_1_358' title='bbox 1811 4413 1886 4460; x_wconf 88' lang='lat' dir='ltr'>con·</span> 
     </span>
     <span class='ocr_line' id='line_1_73' title="bbox 1194 4487 1884 4551; baseline 0 -1"><span class='ocrx_word' id='word_1_359' title='bbox 1194 4487 1313 4551; x_wconf 88' lang='lat' dir='ltr'>ierendi</span> <span class='ocrx_word' id='word_1_360' title='bbox 1345 4497 1407 4550; x_wconf 87' lang='lat' dir='ltr'>tres</span> <span class='ocrx_word' id='word_1_361' title='bbox 1437 4489 1632 4551; x_wconf 92' lang='lat' dir='ltr'>canonicatus</span> <span class='ocrx_word' id='word_1_362' title='bbox 1664 4489 1696 4551; x_wconf 88' lang='lat' dir='ltr'>in</span> <span class='ocrx_word' id='word_1_363' title='bbox 1718 4489 1884 4551; x_wconf 91' lang='lat' dir='ltr'>cathedrali</span> 
     </span>
     <span class='ocr_line' id='line_1_74' title="bbox 1195 4581 1884 4660; baseline -0.001 -15"><span class='ocrx_word' id='word_1_364' title='bbox 1195 4581 1329 4645; x_wconf 84' lang='lat' dir='ltr'>Ecclesia</span> <span class='ocrx_word' id='word_1_365' title='bbox 1350 4581 1520 4656; x_wconf 74' lang='lat' dir='ltr'>domoon,</span> <span class='ocrx_word' id='word_1_366' title='bbox 1543 4583 1644 4660; x_wconf 93' lang='lat' dir='ltr'>primo</span> <span class='ocrx_word' id='word_1_367' title='bbox 1670 4591 1829 4644; x_wconf 89' lang='lat' dir='ltr'>vacaturos</span> <span class='ocrx_word' id='word_1_368' title='bbox 1852 4583 1884 4644; x_wconf 94' lang='lat' dir='ltr'>in</span> 
     </span>
     <span class='ocr_line' id='line_1_75' title="bbox 1195 4672 1884 4752; baseline -0.003 -15"><span class='ocrx_word' id='word_1_369' title='bbox 1195 4675 1352 4738; x_wconf 90' lang='lat' dir='ltr'>mensibus</span> <span class='ocrx_word' id='word_1_370' title='bbox 1382 4673 1573 4752; x_wconf 74' lang='lat' dir='ltr'>apostolicae</span> <span class='ocrx_word' id='word_1_371' title='bbox 1604 4672 1676 4737; x_wconf 90' lang='lat' dir='ltr'>Sedi</span> <span class='ocrx_word' id='word_1_372' title='bbox 1706 4675 1884 4749; x_wconf 88' lang='lat' dir='ltr'>reservatis,</span> 
     </span>
     <span class='ocr_line' id='line_1_76' title="bbox 1195 4767 1885 4846; baseline -0.003 -14"><span class='ocrx_word' id='word_1_373' title='bbox 1195 4777 1225 4832; x_wconf 92' lang='lat' dir='ltr'>et</span> <span class='ocrx_word' id='word_1_374' title='bbox 1244 4767 1280 4830; x_wconf 93' lang='lat' dir='ltr'>ad</span> <span class='ocrx_word' id='word_1_375' title='bbox 1303 4767 1443 4846; x_wconf 86' lang='lat' dir='ltr'>Episcopi</span> <span class='ocrx_word' id='word_1_376' title='bbox 1465 4768 1727 4845; x_wconf 90' lang='lat' dir='ltr'>nominationem,</span> <span class='ocrx_word' id='word_1_377' title='bbox 1743 4767 1885 4844; x_wconf 86' lang='lat' dir='ltr'>sublege</span> 
     </span>
     <span class='ocr_line' id='line_1_77' title="bbox 1196 4859 1885 4939; baseline -0.004 -14"><span class='ocrx_word' id='word_1_378' title='bbox 1196 4871 1298 4926; x_wconf 91' lang='lat' dir='ltr'>tamen</span> <span class='ocrx_word' id='word_1_379' title='bbox 1315 4859 1498 4939; x_wconf 82' lang='lat' dir='ltr'>expediendi</span> <span class='ocrx_word' id='word_1_380' title='bbox 1509 4862 1685 4938; x_wconf 85' lang='lat' dir='ltr'>apostolicas</span> <span class='ocrx_word' id='word_1_381' title='bbox 1698 4861 1816 4924; x_wconf 89' lang='lat' dir='ltr'>litteras</span> <span class='ocrx_word' id='word_1_382' title='bbox 1827 4861 1885 4922; x_wconf 92' lang='lat' dir='ltr'>sub</span> 
     </span>
     <span class='ocr_line' id='line_1_78' title="bbox 1194 4953 1886 5037; baseline -0.001 -19"><span class='ocrx_word' id='word_1_383' title='bbox 1194 4955 1333 5037; x_wconf 92' lang='lat' dir='ltr'>plumbo,</span> <span class='ocrx_word' id='word_1_384' title='bbox 1357 4954 1438 5017; x_wconf 92' lang='lat' dir='ltr'>iutra</span> <span class='ocrx_word' id='word_1_385' title='bbox 1459 4960 1527 5016; x_wconf 91' lang='lat' dir='ltr'>octo</span> <span class='ocrx_word' id='word_1_386' title='bbox 1549 4967 1672 5017; x_wconf 89' lang='lat' dir='ltr'>menses</span> <span class='ocrx_word' id='word_1_387' title='bbox 1693 4970 1709 5015; x_wconf 91' lang='lat' dir='ltr'>a</span> <span class='ocrx_word' id='word_1_388' title='bbox 1731 4953 1780 5017; x_wconf 91' lang='lat' dir='ltr'>die</span> <span class='ocrx_word' id='word_1_389' title='bbox 1794 4953 1886 5018; x_wconf 91' lang='lat' dir='ltr'>colla·</span> 
     </span>
     <span class='ocr_line' id='line_1_79' title="bbox 1195 5048 1370 5113; baseline -0.017 0"><span class='ocrx_word' id='word_1_390' title='bbox 1195 5050 1298 5113; x_wconf 92' lang='lat' dir='ltr'>tionis.</span> <span class='ocrx_word' id='word_1_391' title='bbox 1321 5048 1370 5112; x_wconf 88' lang='grc'>28.</span> 
     </span>
    </p>

    <p class='ocr_par' dir='ltr' id='par_1_16' title="bbox 1135 5140 1887 5594">
     <span class='ocr_line' id='line_1_80' title="bbox 1135 5140 1887 5219; baseline -0.007 -10"><span class='ocrx_word' id='word_1_392' title='bbox 1135 5141 1174 5208; x_wconf 82' lang='grc' dir='ltr'>Χ.</span> <span class='ocrx_word' id='word_1_393' title='bbox 1198 5145 1244 5209; x_wconf 85' lang='lat' dir='ltr'>nd</span> <span class='ocrx_word' id='word_1_394' title='bbox 1266 5144 1466 5219; x_wconf 88' lang='lat' dir='ltr'>Patriarobas,</span> <span class='ocrx_word' id='word_1_395' title='bbox 1488 5141 1651 5217; x_wconf 88' lang='lat' dir='ltr'>Primates,</span> <span class='ocrx_word' id='word_1_396' title='bbox 1673 5140 1887 5219; x_wconf 79' lang='lat' dir='ltr'>archiepisco-</span> 
     </span>
     <span class='ocr_line' id='line_1_81' title="bbox 1195 5234 1886 5316; baseline -0.003 -18"><span class='ocrx_word' id='word_1_397' title='bbox 1195 5253 1249 5316; x_wconf 92' lang='lat' dir='ltr'>pos</span> <span class='ocrx_word' id='word_1_398' title='bbox 1269 5244 1301 5298; x_wconf 92' lang='lat' dir='ltr'>et</span> <span class='ocrx_word' id='word_1_399' title='bbox 1331 5236 1496 5316; x_wconf 89' lang='lat' dir='ltr'>Episcopos</span> <span class='ocrx_word' id='word_1_400' title='bbox 1524 5235 1630 5298; x_wconf 88' lang='lat' dir='ltr'>scribit</span> <span class='ocrx_word' id='word_1_401' title='bbox 1659 5251 1753 5314; x_wconf 89' lang='lat' dir='ltr'>super</span> <span class='ocrx_word' id='word_1_402' title='bbox 1782 5234 1886 5297; x_wconf 92' lang='lat' dir='ltr'>obser·</span> 
     </span>
     <span class='ocr_line' id='line_1_82' title="bbox 1195 5329 1885 5393; baseline 0.001 -1"><span class='ocrx_word' id='word_1_403' title='bbox 1195 5330 1299 5393; x_wconf 89' lang='lat' dir='ltr'>vantia</span> <span class='ocrx_word' id='word_1_404' title='bbox 1321 5329 1538 5393; x_wconf 87' lang='lat' dir='ltr'>canonicarum</span> <span class='ocrx_word' id='word_1_405' title='bbox 1559 5329 1755 5392; x_wconf 90' lang='lat' dir='ltr'>sanctionum</span> <span class='ocrx_word' id='word_1_406' title='bbox 1777 5332 1885 5393; x_wconf 87' lang='lat' dir='ltr'>adver-</span> 
     </span>
     <span class='ocr_line' id='line_1_83' title="bbox 1195 5422 1886 5499; baseline 0.001 -14"><span class='ocrx_word' id='word_1_407' title='bbox 1195 5441 1247 5486; x_wconf 90' lang='lat' dir='ltr'>sus</span> <span class='ocrx_word' id='word_1_408' title='bbox 1261 5423 1389 5487; x_wconf 90' lang='lat' dir='ltr'>clericos</span> <span class='ocrx_word' id='word_1_409' title='bbox 1402 5422 1621 5499; x_wconf 90' lang='lat' dir='ltr'>negotiatores,</span> <span class='ocrx_word' id='word_1_410' title='bbox 1633 5430 1664 5484; x_wconf 91' lang='lat' dir='ltr'>et</span> <span class='ocrx_word' id='word_1_411' title='bbox 1678 5422 1886 5486; x_wconf 89' lang='lat' dir='ltr'>saecularibus</span> 
     </span>
     <span class='ocr_line' id='line_1_84' title="bbox 1195 5515 1884 5594; baseline 0 -16"><span class='ocrx_word' id='word_1_412' title='bbox 1195 5517 1329 5594; x_wconf 91' lang='lat' dir='ltr'>negotiis</span> <span class='ocrx_word' id='word_1_413' title='bbox 1350 5532 1383 5579; x_wconf 92' lang='lat' dir='ltr'>se</span> <span class='ocrx_word' id='word_1_414' title='bbox 1404 5515 1627 5591; x_wconf 89' lang='lat' dir='ltr'>immiscentes,</span> <span class='ocrx_word' id='word_1_415' title='bbox 1645 5517 1810 5580; x_wconf 90' lang='lat' dir='ltr'>editarum.</span> <span class='ocrx_word' id='word_1_416' title='bbox 1833 5517 1884 5581; x_wconf 89' lang='grc'>29.</span> 
     </span>
    </p>

    <p class='ocr_par' dir='ltr' id='par_1_17' title="bbox 1135 5608 1886 6062">
     <span class='ocr_line' id='line_1_85' title="bbox 1135 5608 1885 5690; baseline -0.003 -15"><span class='ocrx_word' id='word_1_417' title='bbox 1135 5611 1185 5676; x_wconf 83' lang='lat' dir='ltr'>xl.</span> <span class='ocrx_word' id='word_1_418' title='bbox 1208 5611 1364 5690; x_wconf 78' lang='lat' dir='ltr'>approbat</span> <span class='ocrx_word' id='word_1_419' title='bbox 1393 5612 1557 5674; x_wconf 91' lang='lat' dir='ltr'>decretum</span> <span class='ocrx_word' id='word_1_420' title='bbox 1588 5611 1703 5687; x_wconf 87' lang='lat' dir='ltr'>congr.</span> <span class='ocrx_word' id='word_1_421' title='bbox 1728 5610 1766 5672; x_wconf 94' lang='lat' dir='ltr'>de</span> <span class='ocrx_word' id='word_1_422' title='bbox 1793 5608 1826 5672; x_wconf 90' lang='lat' dir='ltr'>P.</span> <span class='ocrx_word' id='word_1_423' title='bbox 1850 5609 1885 5674; x_wconf 81' lang='lat' dir='ltr'>F.</span> 
     </span>
     <span class='ocr_line' id='line_1_86' title="bbox 1194 5701 1885 5784; baseline 0 -17"><span class='ocrx_word' id='word_1_424' title='bbox 1194 5721 1256 5784; x_wconf 81' lang='lat' dir='ltr'>quo</span> <span class='ocrx_word' id='word_1_425' title='bbox 1271 5701 1438 5780; x_wconf 89' lang='lat' dir='ltr'>collegium</span> <span class='ocrx_word' id='word_1_426' title='bbox 1455 5703 1641 5765; x_wconf 89' lang='lat' dir='ltr'>missionum</span> <span class='ocrx_word' id='word_1_427' title='bbox 1652 5704 1710 5767; x_wconf 83' lang='lat' dir='ltr'>FF.</span> <span class='ocrx_word' id='word_1_428' title='bbox 1724 5703 1885 5768; x_wconf 84' lang='lat' dir='ltr'>Excalcea-</span> 
     </span>
     <span class='ocr_line' id='line_1_87' title="bbox 1194 5793 1886 5860; baseline -0.003 -2"><span class='ocrx_word' id='word_1_429' title='bbox 1194 5805 1301 5860; x_wconf 90' lang='lat' dir='ltr'>torum</span> <span class='ocrx_word' id='word_1_430' title='bbox 1324 5795 1377 5859; x_wconf 89' lang='lat' dir='ltr'>SS.</span> <span class='ocrx_word' id='word_1_431' title='bbox 1402 5795 1561 5859; x_wconf 82' lang='lat' dir='ltr'>Trinitatis</span> <span class='ocrx_word' id='word_1_432' title='bbox 1583 5794 1617 5856; x_wconf 90' lang='lat' dir='ltr'>B.</span> <span class='ocrx_word' id='word_1_433' title='bbox 1635 5793 1676 5857; x_wconf 89' lang='lat' dir='ltr'>bl.</span> <span class='ocrx_word' id='word_1_434' title='bbox 1693 5794 1731 5856; x_wconf 84' lang='lat' dir='ltr'>V.</span> <span class='ocrx_word' id='word_1_435' title='bbox 1755 5797 1790 5858; x_wconf 93' lang='lat' dir='ltr'>ad</span> <span class='ocrx_word' id='word_1_436' title='bbox 1812 5797 1886 5859; x_wconf 82' lang='lat' dir='ltr'>For·</span> 
     </span>
     <span class='ocr_line' id='line_1_88' title="bbox 1195 5888 1885 5966; baseline -0.001 -14"><span class='ocrx_word' id='word_1_437' title='bbox 1195 5905 1284 5953; x_wconf 90' lang='lat' dir='ltr'>naces</span> <span class='ocrx_word' id='word_1_438' title='bbox 1306 5890 1344 5953; x_wconf 91' lang='lat' dir='ltr'>de</span> <span class='ocrx_word' id='word_1_439' title='bbox 1363 5888 1447 5950; x_wconf 87' lang='lat' dir='ltr'>Urbe</span> <span class='ocrx_word' id='word_1_440' title='bbox 1469 5894 1656 5966; x_wconf 87' lang='lat' dir='ltr'>aggregatur</span> <span class='ocrx_word' id='word_1_441' title='bbox 1677 5888 1811 5952; x_wconf 91' lang='lat' dir='ltr'>iamiliae</span> <span class='ocrx_word' id='word_1_442' title='bbox 1824 5889 1885 5953; x_wconf 90' lang='lat' dir='ltr'>bla-</span> 
     </span>
     <span class='ocr_line' id='line_1_89' title="bbox 1196 5981 1874 6062; baseline -0.007 -14"><span class='ocrx_word' id='word_1_443' title='bbox 1196 5983 1251 6048; x_wconf 90' lang='lat' dir='ltr'>tris</span> <span class='ocrx_word' id='word_1_444' title='bbox 1271 5981 1484 6061; x_wconf 81' lang='lat' dir='ltr'>Redemptoris</span> <span class='ocrx_word' id='word_1_445' title='bbox 1506 5989 1595 6045; x_wconf 81' lang='lat' dir='ltr'>entra</span> <span class='ocrx_word' id='word_1_446' title='bbox 1616 5981 1801 6062; x_wconf 88' lang='lat' dir='ltr'>llispauiam.</span> <span class='ocrx_word' id='word_1_447' title='bbox 1825 5982 1874 6044; x_wconf 86' lang='grc'>33.</span> 
     </span>
    </p>
   </div>
   <div class='ocr_carea' id='block_1_7' title="bbox 0 0 2439 7010">
    <p class='ocr_par' dir='ltr' id='par_1_18' title="bbox 0 0 2439 7010">
     <span class='ocr_line' id='line_1_90' title="bbox 0 0 2439 7010; baseline 0 0"><span class='ocrx_word' id='word_1_448' title='bbox 0 0 2439 7010; x_wconf 95' lang='lat' dir='ltr'> </span> 
     </span>
    </p>
   </div>
  </div>
 </body>
</html>
