4722 6976
12 554 17 563 Ι
60 594 134 653 130.
153 586 218 642 1807

269 711 434 781 carissimo
457 713 485 778 in
507 710 627 779 itbrioto
649 710 713 777 lilio
736 713 841 776 nostro
863 707 971 776 033313

380 805 587 890 Hispaniarum
610 805 673 887 3331
696 801 856 880 3311131133,

495 950 665 1020 313333.
692 949 750 1016 tii.

339 1089 503 1156 durissime
527 1087 555 1154 in
577 1085 696 1153 cbristo
718 1084 762 1153 1111
786 1088 899 1162 noster,

280 1184 408 1253 salutent
431 1188 462 1250 et
483 1180 680 1266 apostolicam
705 1177 956 1246 benedictionem.

79 1390 229 1445 33333333
287 1375 305 1449 5
328 1373 355 1434 1.
380 1373 583 1452 compertum
601 1379 648 1432 est
662 1369 761 1443 nobis,
778 1367 923 1430 Gerulum
941 1365 989 1427 lll.

49 1439 229 1542 &iffi-²⁰32
249 1465 298 1529 iel.
321 1468 441 1528 record.
463 1479 572 1540 regem
592 1462 776 1526 catholicum
798 1460 993 1540 3131133333-

6 1561 7 1612 t
48 1548 229 1648 ,dllsswffllff
247 1567 311 1621 tem
342 1558 494 1621 desiderio
527 1555 651 1635 parandi
682 1553 833 1617 militibus
864 1551 993 1628 aliisque

48 1663 103 1754 3ξὲ,
113 1652 228 1752 iggfflggj
248 1654 283 1715 ad
297 1652 399 1730 regios
414 1651 568 1714 exercitus
586 1648 815 1728 pertinentibus
830 1646 991 1724 praesidia,

6 1745 7 1800 ἶ
48 1741 228 1824 33333333-
248 1746 371 1824 quibus,
393 1761 492 1823 quum
513 1745 588 1806 tinas
609 1745 694 1806 sedes
722 1743 907 1822 plerumque
928 1755 991 1801 non

6 1851 7 1886 ³
47 1823 172 1872 annianum.
247 1839 465 1914 habeanttmi
488 1837 691 1900 nihilominus
713 1837 835 1897 ualeant
850 1833 994 1913 33131133-

247 1931 328 1994 libus
349 1932 535 1994 utilitatibus
556 1939 587 1993 et
609 1929 807 2003 adiumentis,
828 1943 907 2006 quae
928 1943 992 1988 cae-

246 2025 305 2086 tero
325 2003 992 2106 33333333333333333133333333-

246 2118 379 2180 rioribus
394 2125 424 2181 et
434 2118 574 2198 praelatis
590 2124 837 2195 consequuntur,
849 2115 992 2180 Clemen-

248 2220 310 2274 tem
338 2212 525 2275 11111333.
554 2212 817 2292 praedecessorem
849 2216 992 2272 nostrum

169 2364 172 2370 ,
245 2305 415 2383 supplicem
446 2306 572 2382 adiisse,
608 2313 642 2368 ut
673 2307 844 2382 3333313133
875 2303 991 2364 milites

247 2399 384 2478 aliosque
397 2397 433 2459 33
448 2399 550 2475 regios
571 2399 726 2461 exercitus
747 2398 941 2475 pertinentes
956 2397 992 2457 ab

246 2492 481 2556 Ordinariorum
496 2491 710 2554 iurisdictione
720 2484 885 2568 eximeret,
897 2489 991 2552 subii-

246 2591 391 2662 ceretque
406 2584 609 2647 iurisdictioni
621 2583 806 2646 venerabilis
821 2583 924 2645 iratris
935 2598 991 2661 pro

245 2685 384 2756 ‘tempore
407 2677 565 2739 existentis
580 2675 738 2739 indiarum
755 2677 945 2755 patriarchae
959 2693 992 2738 ac

247 2770 406 2847 regiorum
427 2771 622 2833 exercituum
636 2771 743 2831 vicarii
759 2770 922 2847 generalis,
939 2770 992 2848 qni

246 2865 405 2928 1333113133
425 2865 483 2927 sibi
505 2865 676 2944 impertitas
701 2881 756 2943 per
777 2863 992 2927 ecclesiasticos

246 2959 330 3021 viros
349 2976 366 3020 a
387 2959 552 3037 semetipso
566 2958 751 3034 delegandos
765 2973 911 3020 exercere
925 2972 992 3034 pos-

245 3058 291 3112 set
311 3066 405 3128 33333
425 3051 607 3129 3333313133,
634 3049 824 3128 ubicumque
852 3049 992 3111 locorum

247 3145 267 3204 ii
295 3149 506 3204 morarentur.
539 3143 658 3205 Annuit
685 3157 740 3218 pro
769 3141 992 3219 religiosissimi

246 3235 994 3314 principisdesideriopraedictusGlemensprae·

247 3331 388 3391 decessor
409 3335 526 3404 noster,
541 3329 702 3406 literisque
723 3327 869 3391 13133333
891 3328 993 3390 brevis

247 3422 297 3484 die
317 3438 348 3485 3.
373 3424 475 3485 martii
497 3424 758 3485 33313333333.
784 3422 919 3500 3311313
942 3437 993 3483 ve-

248 3517 419 3580 nerabilem
448 3517 577 3579 13313333
607 3515 812 3581 Patriarcbam
835 3517 994 3580 indiarum

247 3612 399 3690 expetitas
428 3611 561 3674 contulit
589 3611 758 3688 facultates,
785 3627 860 3688 quas
881 3611 993 3674 deinde

249 3705 315 3766 aliis
335 3705 488 3768 similibus
514 3705 613 3767 literis
634 3705 684 3766 313
707 3720 770 3766 xiv.
795 3705 897 3766 martii
918 3706 994 3766 anni

249 3813 421 3859 33333333.
441 3799 519 3862 33113
539 3797 747 3874 confirmarit,
766 3797 878 3876 quibus
900 3799 994 3859 etiarn

249 3894 284 3953 33
307 3891 457 3954 131133333
479 3890 644 3954 333331133
674 3891 890 3953 contentiones
911 3890 995 3951 inter

250 3984 445 4046 Gordinalem
473 3987 510 4045 33
532 3984 558 4045 13
581 3984 676 4046 Corda
707 3993 923 4061 nuncupatum
946 3983 994 4044 ln·

249 4083 368 4144 diarum
390 4089 465 4144 tunc
486 4078 692 4142 Patriarcbam
714 4086 745 4141 et
759 4079 936 4142 Ordinarios
950 4081 995 4142 lo·

249 4191 359 4238 corum
373 4183 494 4237 exortas
508 4175 686 4251 declararit,
699 4189 855 4236 concessas
869 4173 994 4235 facolta-

250 4279 295 4330 tes
322 4269 440 4346 porrigi
462 4269 494 4330 13
523 4269 643 4346 omnes,
666 4267 720 4345 qui
750 4275 803 4329 aut
834 4267 915 4344 pacis
943 4274 994 4327 aut

248 4361 322 4424 belli
344 4369 483 4439 tempore
497 4362 554 4423 sub
567 4361 707 4423 eiusdem
729 4359 830 4423 Caroli
846 4362 928 4436 regis
943 4375 994 4422 33-

250 4454 330 4516 311113
359 4460 439 4515 13333
469 4454 609 4532 marique
630 4453 812 4532 militarent,
834 4455 994 4516 virerent·

249 4564 309 4627 que
340 4549 494 4626 stipendio
522 4555 552 4609 et
580 4564 651 4610 aere
680 4549 825 4624 militari,
856 4549 994 4626 aliosque

248 4649 416 4720 praeterea,
438 4642 490 4720 qni
514 4642 552 4703 ob
573 4642 706 4719 aliquam
728 4643 900 4719 legitimam
923 4661 995 4706 cau·

248 4751 311 4798 sam
331 4735 400 4797 illos
426 4741 642 4813 sequerentur.
674 4735 806 4796 Eaedem
834 4734 993 4799 facultates

247 4837 429 4909 prorogatae
442 4828 585 4908 deinceps
599 4830 635 4891 de
646 4831 808 4908 septennio
824 4831 856 4891 in
870 4836 992 4909 septen-

248 4925 337 4987 nium
359 4924 487 4986 iuerunt
509 4929 571 4984 tam
587 4923 701 5002 abipso
724 4923 885 4986 Clemente
906 4939 992 5002 prae·

246 5019 403 5081 decessore
425 5024 532 5079 nostro
547 5016 645 5077 literis
659 5016 692 5077 in
714 5016 811 5077 iorma
827 5017 928 5078 brevis
943 5016 990 5078 die

247 5125 348 5172 3333.
361 5110 483 5186 augusti
498 5111 572 5170 anni
582 5123 780 5200 3333333333.
794 5109 882 5184 33113,
898 5125 991 5188 quam

246 5222 262 5264 3
285 5204 336 5265 Pio
358 5203 455 5266 1311313
485 5202 705 5265 3333333113313
732 5202 808 5280 Ρ333
833 5201 880 5263 tit.
906 5217 990 5280 prae-

246 5301 405 5358 decessore
421 5296 527 5359 itidem
542 5302 647 5357 nostro
662 5295 814 5357 similibus
828 5295 927 5357 literis
941 5295 991 5358 dio

246 5405 335 5451 xxr1.
352 5389 485 5452 octobris
499 5404 696 5451 3333333333.
721 5395 751 5450 31
769 5403 835 5449 333.
862 5387 990 5459 13333311

246 5497 485 5558 3333333333,
507 5499 540 5546 33
562 5499 596 5543 3.
622 5481 754 5545 octobris
771 5495 932 5543 uoccxov.
958 5497 990 5544 ac

245 5591 261 5644 3
283 5575 371 5637 nobis
397 5577 469 5653 ipsis
493 5575 647 5638 similibus
673 5575 788 5653 pariter
815 5573 913 5636 literis
941 5574 989 5636 313

246 5685 309 5731 xvi.
333 5669 506 5731 decembris
528 5685 686 5732 uncccttr.
711 5667 871 5746 expeditis.

46 5757 228 5864 fflgitiigruff
286 5763 354 5837 52.
386 5763 437 5824 llis
466 5769 497 5824 31
524 5763 794 5840 praedecessorum
818 5769 849 5823 et
879 5761 990 5822 nostris

46 5863 115 5959 &rann
131 5830 195 5918 3313
207 5831 228 5918 'a
245 5854 418 5934 apostolicis
439 5854 536 5918 literis
558 5853 633 5916 ordo
648 5855 834 5917 constitutus
855 5853 915 5917 1311
935 5854 990 5916 Ca·

64 5925 212 5972 mmmm·
244 5947 375 6011 ebrensis
396 5949 614 6010 ecclesiasticae
642 5946 873 6022 iurisdictionis,
897 5963 990 6025 quant

911 592 982 638 ritis
1003 592 1053 636 ΡΡ.
1076 589 1133 637 ull.

1715 557 1772 620 dul
1824 552 1922 606 333.
1944 553 2013 605 3333

1048 723 1145 786 quum
1157 707 1302 770 Clemens
1318 705 1531 782 praedeeessor
1545 698 1706 772 limitibus,
1717 711 1793 775 quos

1049 800 1311 873 memoravimus,
1335 795 1634 886 circumscripsisset,
1657 791 1728 854 Pius
1751 795 1793 849 13-

1048 909 1121 956 men
1143 893 1258 970 pariter
1282 889 1494 970 praedecessor
1516 888 1580 948 tuis
1607 885 1714 961 tuique
1743 897 1793 960 pa-

1049 987 1147 1048 rentis
1176 983 1448 1064 supplicationibus
1484 980 1618 1056 benigne
1650 989 1793 1038 annuens

1048 1081 1206 1159 ampliavit
1221 1081 1313 1141 etiam
1329 1085 1469 1156 respectu
1490 1087 1704 1152 personarum,
1721 1084 1793 1144 erga

1048 1190 1122 1254 quas
1137 1189 1281 1236 exercere
1296 1187 1363 1235 eam
1378 1175 1546 1249 oporteret,
1563 1181 1704 1230 concessa
1719 1179 1793 1241 quo·

1048 1283 1109 1347 que
1128 1283 1200 1329 ven.
1217 1266 1305 1329 iratri
1320 1266 1511 1328 Patriarchae
1527 1261 1684 1325 indiarum
1699 1257 1792 1320 iacul-

1049 1367 1111 1421 tate
1125 1361 1240 1439 absque
1254 1360 1318 1422 ullo
1332 1358 1478 1437 scrupulo
1493 1365 1620 1434 tutaque
1635 1353 1792 1418 conscien-

1050 1453 1090 1514 tia
1112 1452 1284 1515 declarandi
1312 1469 1463 1531 quaenam
1490 1464 1638 1530 personae
1660 1445 1794 1524 gaudere

1048 1548 1200 1625 praedicta
1221 1548 1376 1612 castrensi
1398 1545 1610 1609 iurisdictione
1632 1541 1792 1613 deberent,

1048 1641 1136 1703 33133
1157 1641 1282 1719 quidem
1304 1637 1544 1720 praedecessoris
1567 1636 1665 1699 nostri
1689 1649 1793 1698 exent-

1049 1739 1135 1816 plum
1151 1738 1184 1800 13
1199 1737 1342 1814 33333133
1358 1734 1537 1797 memoratis
1552 1730 1666 1794 nostris
1682 1729 1793 1790 litteris

1049 1848 1105 1893 333
1126 1847 1250 1909 quoque
1263 1829 1388 1907 sequuti
1402 1843 1521 1890 sumus.
1547 1826 1645 1888 Huius
1667 1823 1791 1901 amplia-

1051 1924 1142 1987 tionis
1163 1925 1319 1986 occasione
1341 1921 1402 1984 333
1423 1923 1456 1984 13
1486 1921 1587 1982 lucem
1609 1920 1793 1998 prodierunt

1048 2018 1275 2094 designationes
1300 2014 1478 2077 huiusmodi
1507 2028 1720 2092 personarum,
1750 2011 1793 2072 al-

1050 2120 1144 2173 teraa
1168 2109 1322 2173 cardinali
1342 2108 1481 2184 delegato
1503 2107 1552 2171 313
1573 2123 1621 2168 33.
1646 2105 1793 2168 iebruarii

1049 2219 1260 2278 3333333333,
1291 2202 1386 2263 altera
1408 2203 1444 2264 ob
1472 2199 1611 2263 11113313
1641 2199 1722 2262 31313
1744 2215 1794 2277 33-

1048 2297 1216 2361 triarchotu
1237 2311 1412 2358 successore
1433 2294 1588 2358 Cardinali
1611 2291 1792 2355 Sentmanot

1048 2393 1095 2456 313
1119 2408 1149 2453 x.
1174 2391 1243 2454 iulii
1264 2404 1415 2453 3333333.
1439 2388 1541 2463 331113,
1560 2387 1671 2465 quibus
1693 2401 1791 2463 quum

1047 2486 1240 2564 propositum
1262 2492 1341 2545 esset
1361 2499 1506 2561 personas
1529 2496 1702 2558 recensere,
1720 2495 1794 2557 quas

1049 2579 1218 2644 Castrensis
1239 2577 1440 2640 ecclesiastiea
1469 2574 1639 2638 iurisdictio
1661 2573 1794 2650 comple·

1047 2673 1089 2736 311
1110 2673 1247 2746 deberet,
1264 2671 1459 2750 praestitutos
1482 2678 1585 2732 tamen
1607 2675 1695 2729 antea
1717 2668 1794 2729 sines

1047 2766 1257 2848 praetergredi
1279 2765 1409 2828 ultimus
1432 2763 1612 2841 praesertim
1633 2764 1791 2838 dissecet,

1048 2863 1087 2922 113
1105 2868 1138 2922 31
1153 2860 1368 2936 Hispaniarum
1385 2857 1611 2935 Archiepiscopl
1627 2856 1795 2933 311131333-

1048 2957 1078 3034 pi
1099 2970 1163 3017 non
1185 2954 1296 3016 1331133
1312 2952 1555 3027 olienderentur,
1573 2951 1682 3029 311333
1698 2967 1796 3011 3333-

1048 3048 1152 3110 rabilis
1166 3047 1261 3108 irater
1275 3044 1530 3122 Archlepiscopus
1542 3044 1707 3106 Toletanus
1724 3044 1794 3106 (lar-

1048 3141 1157 3204 dinalis
1178 3143 1216 3203 de
1237 3140 1383 3201 Bourbon
1407 3146 1616 3218 nuncupatus,
1645 3138 1695 3200 313
1721 3153 1794 3199 3333

1048 3233 1308 3312 praeclarissimus
1329 3241 1360 3294 et
1381 3232 1631 3310 religiosissimus
1660 3247 1795 3310 conque-

1048 3334 1113 3389 stus
1128 3327 1167 3388 ob
1180 3326 1259 3388 itanc
1272 3341 1393 3389 causam
1408 3325 1489 3403 apud
1506 3327 1628 3402 regium
1644 3326 1795 3408 tbrpnum

1049 3429 1139 3484 tuum
1161 3421 1255 3484 133311
1276 3421 1313 3482 33
1328 3419 1498 3483 venerabili
1519 3420 1615 3481 iratre
1638 3418 1794 3481 indiarum

1049 3516 1234 3591 Patriornba,
1250 3515 1331 3593 quod
1355 3515 1386 3576 in
1409 3513 1595 3576 declarandis
1614 3514 1795 3592 supradietis

1048 3611 1188 3689 personis
1209 3609 1366 3673 1333113133
1387 3609 1424 3670 ab
1445 3609 1501 3670 bac
1523 3607 1692 3686 3333131133
1715 3605 1794 3670 Sede

1049 3713 1151 3770 nostra
1182 3719 1338 3766 concessas
1368 3701 1474 3762 multis
1497 3701 1595 3763 modis
1616 3701 1793 3775 3333333311,

1050 3798 1170 3874 ingenti
1186 3795 1421 3860 ordinariorum
1443 3794 1600 3873 potestatis
1621 3795 1791 3873 dispendio.

1089 3895 1108 3967 5
1129 3893 1159 3954 3·
1180 3893 1258 3966 Quas
1280 3888 1419 3966 querelas
1434 3889 1490 3950 etsi
1506 3889 1679 3967 praedictus
1694 3889 1796 3951 lndia·
1832 3893 1952 3946 dueretas
1968 3893 2025 3992 spb-

1050 4003 1120 4049 rum
1133 3987 1303 4048 Patriarclrn
1320 3983 1439 4046 diluere
1453 3989 1581 4044 conatus
1595 3983 1634 4044 sit
1650 4001 1681 4044 ac
1693 3991 1794 4045 osten·
1813 3952 1969 4062 iii‘ffitstssflss'
1983 3959 2026 4046 sl?

1049 4080 1134 4156 dere,
1151 4080 1229 4141 nibil
1245 4079 1277 4139 13
1297 4095 1330 4139 33
1344 4093 1379 4138 33
1393 4093 1408 4135 3
1423 4093 1456 4138 33
1477 4084 1636 4154 peccatum
1658 4093 1733 4151 esse,
1751 4085 1794 4137 at·
1813 4053 2026 4206 fgfflffmssffssffj

1049 4181 1165 4247 tamen,
1188 4188 1265 4252 quae
1287 4179 1338 4234 133
1360 4176 1416 4246 331,
1438 4170 1594 4232 carissime
1616 4171 1646 4231 in
1672 4170 1794 4232 Gbristo
1824 4170 1861 4206 ⁶⁸·

1050 4267 1094 4329 1311
1117 4274 1233 4341 333133,
1249 4266 1344 4344 313133
1359 4271 1388 4326 31
1403 4280 1475 4340 erga
1494 4267 1573 4326 banc
1587 4265 1711 4341 3333131
1718 4264 1793 4326 icam

1049 4360 1311 4433 decennovenn,
1328 4367 1422 4421 totam
1443 4358 1521 4421 hanc
1536 4359 1792 4434 controversiam,

1049 4457 1270 4533 integrumque
1291 4451 1329 4514 de
1350 4467 1384 4512 33
1412 4451 1561 4514 iudicium
1582 4453 1618 4514 ad
1640 4454 1718 4514 banc
1740 4467 1793 4514 nu·

1047 4555 1142 4610 stram
1166 4545 1368 4626 apostolicam
1390 4544 1502 4608 Sedem
1533 4545 1645 4608 deierri
1668 4545 1792 4619 inssisti,

1047 4641 1082 4702 ad
1114 4657 1207 4718 quam
1238 4647 1347 4716 utpote
1372 4638 1543 4701 antedictae
1573 4639 1794 4702 iurisdictionis

1046 4734 1166 4797 iontem
1180 4734 1272 4813 pleno
1288 4734 1355 4795 iure
1368 4740 1482 4810 spectat
1499 4731 1593 4810 ipsius
1610 4732 1804 4795 iurisdictio·

1047 4829 1096 4892 nis
1110 4826 1359 4906 amplitudinem,
1377 4836 1539 4903 certosque
1555 4827 1632 4887 tices
1648 4827 1793 4903 praescri·

1047 4924 1120 4986 bere
1141 4939 1173 4984 ac
1195 4921 1358 4984 declarare.
1375 4921 1472 4996 Quam
1492 4921 1530 4982 ob
1544 4936 1675 4994 oausam,
1692 4921 1792 4983 333113

1046 5023 1134 5077 33133
1154 5015 1308 5077 333133113
1332 5013 1588 5090 congregationis
1609 5012 1793 5076 dilectorum

1047 5108 1185 5170 filiorum
1208 5115 1387 5170 nostrorum
1410 5107 1539 5170 3133.
1567 5105 1791 5179 Cardinalium,

1047 5217 1137 5281 quam
1160 5204 1239 5263 lianc
1254 5201 1285 5262 13
1302 5215 1371 5261 rem
1392 5200 1620 5277 deputavimus,
1643 5199 1693 5261 313
1714 5197 1794 5260 3331-

1046 5311 1096 5356 ma
1116 5294 1248 5357 ianuarii
1269 5293 1436 5372 superioris
1453 5294 1526 5354 anni
1550 5293 1653 5356 literas
1675 5298 1793 5369 aposto·

1046 5388 1172 5450 1133313
1194 5386 1474 5450 1333313331333
1498 5394 1527 5448 13
1551 5386 1703 5462 dedimus,
1726 5389 1794 5466 qui-

1046 5480 1102 5542 bus
1124 5480 1272 5560 quidquid
1296 5481 1328 5540 13
1351 5481 1533 5558 nuperrimo
1558 5479 1703 5556 praedicti
1726 5495 1793 5558 cap-

1046 5575 1160 5650 3311331
1181 5573 1304 5636 maioris
1325 5572 1422 5635 edicto
1444 5589 1538 5652 super
1561 5572 1628 5634 aliis
1649 5589 1793 5651 persona·

1044 5683 1117 5728 rum
1138 5666 1284 5729 classibus
1307 5665 1511 5728 iurisdictioni
1532 5682 1606 5728 suae
1627 5665 1792 5728 subiicien-

1045 5758 1091 5821 dis
1119 5759 1257 5822 additum
1286 5758 1454 5837 reperitur,
1477 5773 1571 5836 33333
1592 5774 1637 5832 33,
1660 5759 1792 5836 quaein

1044 5853 1241 5932 praecedenti
1262 5851 1399 5914 33133311
1421 5850 1590 5915 (1333133113
1612 5850 1744 5926 Delgado
1761 5869 1791 5912 e-

1045 5946 1137 6020 dicto,
1160 5953 1213 6007 ant
1228 5944 1261 6006 in
1277 5945 1373 6007 literis
1394 5943 1565 6024 apostolicis
1587 5945 1793 6006 concessionis
