4734 7004
302 549 401 607 uno.
422 555 492 610 noo
539 557 580 624 se

330 1551 394 1596 item
411 1551 503 1598 tarmu-

291 1601 342 1648 lam
353 1605 457 1666 praebet
466 1606 504 1652 iu-

291 1661 400 1756 nnr
426 1669 504 1717 rr·

521 714 608 776 queo
622 701 699 762 meis
720 701 871 776 subditis,
887 705 934 768 vel
950 708 1017 770 illis
1032 725 1166 786 quornm
1182 726 1262 772 curo

521 792 563 854 ad
584 809 632 854 me
653 796 687 856 in
709 812 774 859 meo
796 813 927 862 munere
954 799 1122 879 spectabit,
1148 803 1261 874 teneri,

521 885 626 972 doceri
647 896 676 950 et
691 891 886 967 praedicari,
900 900 1058 972 qnantum
1073 896 1108 956 in
1123 911 1171 956 me
1185 897 1261 967 erit,

521 987 729 1043 curaturum.
755 983 820 1064 Epo
843 986 925 1049 idom
946 987 1110 1050 Manimns
1132 987 1261 1060 electus,

520 1071 577 1149 pai
597 1089 710 1152 snpra,
733 1079 879 1154 spondeo,
892 1097 982 1142 vomo
1004 1086 1035 1143 et
1056 1081 1142 1152 iuro,
1155 1082 1202 1142 sic
1216 1097 1264 1142 me

522 1165 605 1228 Dens
626 1168 768 1243 adiuvet,
793 1177 823 1233 et
846 1172 922 1234 baec
942 1181 1056 1238 sancta
1078 1175 1135 1236 Dei
1159 1177 1263 1238 Evan-

521 1260 615 1339 pelio.

561 1353 670 1417 Forma
691 1373 766 1418 vero
787 1359 966 1438 iuramenti,
989 1363 1069 1442 quod
1088 1363 1262 1444 praestabis,

522 1445 595 1508 haec
616 1457 679 1512 est:

564 1541 629 1620 Epo
642 1544 816 1622 Manimns,
831 1551 948 1612 electus
959 1551 1193 1629 patriarchalis
1207 1554 1265 1614 Ec·

522 1632 636 1695 clasiae
657 1637 871 1704 Antiocbenae
893 1645 1037 1706 notionis
1058 1646 1265 1709 Graeco-Mel·

522 1727 699 1803 abiturum,
722 1731 760 1796 ab
783 1734 842 1798 bno
863 1737 921 1800 orti
943 1739 977 1798 in
999 1745 1096 1802 ansteo
1118 1741 1219 1818 fidelis
1233 1748 1263 1802 et

522 1819 663 1886 obediens
678 1841 730 1886 ero
749 1828 843 1890 Beato
859 1829 963 1900 Petro,
980 1839 1171 1912 sanctaeque
1184 1835 1265 1911 Apo-

521 1916 653 1980 stolicae
677 1918 834 1986 Romanae
853 1925 1021 1998 Ecclesiae,
1040 1945 1077 1990 ac
1093 1927 1129 1989 a.
1148 1927 1187 1991 N.
1206 1927 1265 1988 Do·

521 2011 606 2073 mino
631 2012 785 2076 Clementi
800 2015 862 2076 ΡΡ.
881 2018 1125 2100 X111.,satsoae
1145 2039 1264 2085 succes·

520 2105 647 2169 soribns
668 2111 818 2171 canonice
839 2114 1061 2189 intrantibus,·
1084 2133 1214 2178 noscero
1230 2117 1265 2179 in

522 2199 665 2272 consilio,
688 2209 748 2265 ant
771 2221 937 2280 consensu,
960 2210 1006 2270 vel
1035 2212 1132 2290 sacto,
1159 2215 1197 2271 nt
1218 2212 1263 2272 ui·

522 2295 588 2354 tam
609 2294 755 2370 perdant,
773 2303 833 2360 ant
854 2300 1040 2375 membrum,
1056 2320 1111 2364 sen
1133 2304 1263 2381 copian-

523 2390 580 2446 tur
601 2387 687 2449 malo
710 2392 872 2463 captione,
895 2402 955 2456 aut
977 2395 1013 2457 in
1034 2413 1083 2456 cos
1107 2397 1263 2459 violenter

521 2493 636 2542 manns
648 2483 874 2559 accomodolibet
891 2487 1096 2567 imperantur,
1107 2507 1162 2552 seu
1176 2492 1262 2553 iniu-

522 2572 591 2633 riae
612 2573 740 2653 alianae
769 2576 962 2656 interantur
989 2583 1098 2659 quovis
1120 2585 1262 2662 quaesita

521 2665 641 2728 colore.-
664 2669 834 2733 consilinm
855 2690 939 2746 nero,
956 2677 1037 2752 quod
1059 2677 1140 2740 milei
1162 2679 1263 2740 eredi-

521 2760 593 2821 turi
613 2769 691 2824 sunt
713 2779 769 2840 per
789 2783 832 2837 se,
855 2775 915 2830 aut
938 2767 1091 2842 Nuntios,
1113 2787 1169 2833 sen
1192 2771 1261 2834 lite-

520 2868 581 2923 res,
604 2855 645 2916 ad
666 2872 775 2918 eornm
797 2859 967 2933 damnum,
990 2864 1186 2936 nesciente,
1212 2882 1263 2926 ne-

520 2950 789 3028 mini.‚pandam,·
819 2953 980 3031 Papotnm
1012 2957 1200 3030 Romanum,
1231 2965 1262 3020 et

521 3041 655 3123 Repalia
678 3046 709 3108 S.
733 3046 824 3109 Petri
852 3049 986 3111 adiutor
1006 3051 1050 3112 eis
1072 3069 1124 3113 ero
1150 3052 1192 3114 ad
1213 3053 1262 3113 de-

521 3137 714 3218 fendendum
735 3147 766 3202 et
789 3141 990 3205 retinendum
1012 3152 1125 3208 contra
1142 3161 1262 3206 emerem

521 3229 697 3305 bominem·
718 3233 873 3315 Lepatum
895 3237 1094 3315 Apostolicac
1116 3239 1204 3303 Sedis
1226 3239 1262 3300 in

520 3325 621 3388 eundo
642 3331 672 3386 et
694 3327 850 3391 redeundo
866 3329 1036 3411 nonorifica
1058 3331 1214 3402 tractabo,
1232 3337 1263 3393 et

521 3418 639 3483 insuia
654 3422 898 3486 necessitatibus
913 3425 1071 3490 adiuvabo
1075 3448 1089 3499 ;
1104 3425 1192 3499 iura,
1211 3426 1263 3487 lto-

520 3529 614 3576 nores
635 3522 666 3577 et
691 3515 860 3596 privilepio
889 3524 918 3580 et
943 3521 1174 3584 anctoritatem
1203 3521 1263 3583 Ro·

520 3621 634 3670 manae
657 3609 826 3683 Ecclesiae,
844 3608 882 3671 ll.
901 3611 939 3675 N.
958 3611 1075 3691 Papae,
1091 3621 1122 3676 et
1142 3631 1264 3678 sncces-

520 3717 628 3762 sorum
639 3704 864 3783 praelatorum
876 3721 1071 3779 conservare,
1084 3709 1261 3789 defendere,

521 3809 648 3874 nupero,
673 3799 703 3855 et
723 3811 903 3873 promovere
923 3799 1062 3873 curabo,-
1083 3817 1139 3862 noc
1161 3811 1212 3864 ero
1228 3805 1263 3865 in

522 3887 665 3958 consilio,
693 3889 792 3969 tacto,
818 3892 865 3953 vel
898 3899 1057 3967 tractatu,
1088 3897 1123 3958 in
1148 3897 1263 3974 annos

522 3989 636 4043 contra
652 3981 756 4060 ipsum
769 3983 939 4048 Dominam
952 3994 1110 4062 nostrum,
1123 3990 1171 4052 vel
1182 4007 1263 4053 eanr-

522 4074 591 4136 dem
607 4073 782 4142 Romanam
798 4080 983 4152 Ecclesiam,
1000 4082 1110 4160 aliona
1125 4084 1264 4147 sinistra

522 4169 570 4230 vel
590 4171 842 4248 praeiudiciolia
863 4190 1025 4251 personae,
1050 4177 1191 4249 bonoris,
1215 4179 1264 4241 in·

524 4262 582 4333 ris,
594 4269 700 4326 status
723 4268 754 4325 et
773 4269 942 4342 potestatis
957 4285 1068 4332 eorum
1082 4271 1264 4336 machinen-

525 4360 594 4429 tur,
609 4364 638 4418 ct
654 4357 683 4418 si
699 4358 812 4420 taliaa
827 4359 1077 4442 quibuscumque
1092 4370 1265 4443 ponoenrari

523 4463 655 4521 novero,
679 4451 724 4513 vel
747 4453 905 4525 tractari,
940 4447 1109 4532 im'pediam
1131 4458 1187 4522 boc
1207 4476 1265 4538 pro

522 4556 621 4619 posse,
638 4551 680 4614 et,
696 4545 918 4621 quantocitius
938 4556 1059 4626 potero,
1082 4553 1206 4614 comode
1223 4554 1265 4615 si·

522 4633 676 4714 pnificobo
690 4637 787 4699 eidem
804 4637 842 4700 D.
861 4640 899 4702 N.
916 4641 963 4703 vel
977 4642 1085 4713 alteri,
1109 4658 1165 4721 per
1176 4661 1264 4723 quern

522 4729 564 4792 ad
585 4731 853 4808 ipsiusnotitiam
867 4738 986 4813 poterit
1009 4740 1184 4816 pervenire.
1208 4741 1264 4802 Re·

522 4823 615 4904 pulos
639 4823 831 4888 Sanctorum
853 4829 1003 4903 Petram,
1019 4831 1155 4904 decreta,
1179 4835 1264 4898 ordi-

523 4918 682 4991 nationes,
704 4922 890 4994 sententias,
908 4923 1144 5003 dispositioncs,
1168 4944 1265 4990 reser-

522 5013 675 5085 vationes‚
699 5015 894 5090 provisiones
915 5023 945 5079 et
967 5019 1121 5083 mandata
1142 5027 1266 5098 aposto·

524 5103 586 5167 lica
620 5105 697 5167 totis
729 5106 854 5170 vicians
882 5108 1059 5186 observabo,
1084 5120 1114 5176 et
1143 5116 1264 5194 faciam

523 5195 562 5260 ab
578 5199 654 5261 aliis
668 5199 840 5264 observari.
862 5203 1044 5267 Haereticos
1059 5211 1089 5266 et
1105 5205 1266 5270 Scleismu-

524 5295 676 5365 ticenae
703 5295 830 5360 rebelles
851 5295 888 5358 a.
915 5299 953 5362 Ν.
978 5305 1008 5360 et
1029 5299 1265 5364 svccessoribvs

522 5390 681 5468 praelatis
708 5406 766 5468 pro
789 5406 877 5468 posse
903 5408 1086 5471 persequar,
1110 5398 1140 5455 et
1162 5395 1264 5472 impu·

523 5484 634 5565 potabo.
656 5486 789 5548 Vocatus
804 5485 844 5548 od
862 5486 1023 5564 Spnodnm
1044 5489 1180 5561 veniam,
1199 5489 1264 5550 nisi

522 5578 725 5656 praepeditus
737 5580 831 5660 {nero
846 5582 1000 5643 canonica
1015 5581 1263 5659 praepeditione:

523 5674 746 5750 Apostolorum
782 5672 898 5736 limina
932 5675 1073 5755 simpulis
1105 5675 1264 5737 decenniis

522 5767 736 5844 personaliter
757 5785 794 5831 ac
814 5783 873 5846 per
886 5785 934 5830 me
948 5767 1054 5846 ipsam
1068 5765 1217 5838 visitabo,
1234 5774 1264 5829 et

524 5859 658 5924 Domino
679 5869 787 5924 nostro
803 5867 834 5924 et
849 5859 1082 5925 successoribus
1103 5862 1264 5946 praefatis

524 5955 682 6017 rationem
711 5954 841 6018 reddam
861 5957 897 6020 de
919 5959 985 6016 toto
1011 5971 1078 6018 meo
1104 5955 1265 6034 pastorali

1042 585 1105 632 lUR·
1130 589 1221 634 PONT·
1245 589 1285 634 ΒΕ
1307 590 1336 633 P·
1360 591 1388 636 F.
1413 591 1495 636 PARS
1518 591 1537 634 Ι.

2113 571 2175 622 Διι.
2193 573 2227 623 0.
2252 575 2322 626 1760

1319 709 1429 788 officio,
1453 711 1549 792 deque
1571 711 1663 776 rebus
1686 711 1832 776 omnibns
1853 713 1894 776 ad
1916 711 2077 774 ecclesiae

1318 818 1405 864 meac
1424 806 1618 878 scarponna
1640 809 1718 869 cleri
1736 815 1765 869 et
1787 807 1898 885 populi
1920 803 2076 884 discipli-

1319 911 1404 967 nam,
1428 899 1615 962 animnrnm
1646 901 1787 980 denique,
1816 919 1894 982 qnae
1922 915 2007 961 meae
2032 897 2075 974 fi·

1319 991 1369 1052 dei
1390 992 1532 1056 creditae
1556 999 1655 1066 sunt,
1685 995 1824 1058 salntem
1851 991 2074 1074 quoquomodo

1318 1086 1570 1162 pertinentibvs,
1593 1095 1622 1150 et
1644 1089 1788 1152 vicissim
1812 1088 1968 1150 mandata
1989 1103 2074 1164 npe-

1318 1179 1435 1240 stolien
1465 1184 1617 1261 praefata
1647 1181 1816 1244 lumiliter
1844 1181 2009 1259 recipiam,
2037 1185 2073 1240 et

1319 1287 1413 1349 paam
1426 1273 1672 1353 dilipentissime
1683 1291 1838 1354 eaequar:
1854 1275 1935 1351 quod
1946 1275 1976 1334 si
1987 1273 2074 1354 lepi-

1320 1363 1398 1426 timo
1408 1366 1630 1444 impedimento
1642 1368 1790 1430 detentus
1798 1369 1900 1449 fuero,
1911 1370 2074 1446 praefata

1319 1460 1425 1520 omnia
1441 1460 1616 1538 adimplebo
1628 1476 1684 1538 per
1699 1468 1823 1524 certum
1835 1463 2007 1532 Nuntium,
2024 1461 2074 1524 ad

1320 1550 1376 1612 boc
1396 1551 1529 1628 speciale
1547 1554 1736 1617 mandatum
1752 1553 1927 1626 labentem,
1945 1555 1981 1616 de
1994 1571 2072 1634 pre-

1319 1647 1382 1707 mio
1406 1647 1550 1724 Capituli
1569 1649 1641 1720 enei,
1658 1657 1717 1711 ont
1733 1650 1835 1712 alium
1851 1651 1886 1711 iu
1901 1649 2073 1729 dipnitate

1320 1739 1533 1805 ecclesiastica
1549 1742 1945 1815 constantinapolim
1960 1759 2073 1821 perso-

1319 1841 1434 1896 natum
1451 1835 1625 1907 balantem,
1643 1845 1713 1906 ant,
1731 1836 1780 1900 bis
1795 1835 1875 1898 mibi
1891 1836 2073 1914 deficienti-

1320 1926 1387 2000 bus,
1405 1943 1460 2006 per
1475 1930 1695 1992 dioecesanum
1709 1930 1914 2002 sacerdotem,
1928 1936 1968 2001 et,
1981 1929 2072 1991 clero

1320 2020 1482 2100 deficiente
1494 2024 1631 2095 omnino,
1643 2039 1700 2101 per
1710 2023 1849 2101 aliquem
1860 2022 1963 2086 aliam
1974 2038 2075 2100 prac-

1318 2112 1480 2192 sbyterum
1502 2116 1698 2179 saecularem
1723 2116 1770 2178 oel
1796 2116 1978 2196 reputarem
1999 2131 2072 2195 spe-

1319 2213 1425 2270 ctatae
1445 2209 1619 2285 probitatis
1640 2216 1670 2271 et
1693 2209 1868 2290 nebulonis,
1893 2210 1930 2271 de
1949 2225 2072 2288 supra-

1319 2302 1415 2364 dictis
1436 2301 1584 2366 omnibns
1603 2305 1693 2381 plene
1708 2305 1927 2377 imtractum5
1949 2304 1984 2365 de
2006 2303 2071 2365 bu·

1319 2395 1456 2461 iusmodi
1473 2401 1580 2460 antem
1593 2397 1815 2476 impedimento
1830 2397 1938 2460 docebo
1953 2412 2009 2475 per
2024 2397 2073 2458 le·

1317 2489 1447 2568 pitimas
1458 2487 1659 2567 probationes
1671 2491 1712 2553 od
1726 2491 1843 2554 S.R.E.
1857 2491 2069 2554 cardinalem

1317 2589 1541 2660 proponentem
1556 2584 1592 2645 in
1608 2583 1859 2664 Conprepatione
1880 2586 1966 2648 sac'ri
1984 2585 2071 2646 Con·
2158 2659 2160 2662 Ι

1318 2675 1387 2736 cilii
1405 2675 1587 2738 Tridentini
1597 2692 1653 2754 per
1663 2678 1889 2756 supradictam
1899 2679 2068 2742 Nuntium

1319 2769 1599 2832 transmittendas.
1618 2770 1910 2832 Possessionesvero
1922 2773 1962 2833 ad
1978 2789 2067 2834 men-

1316 2877 1384 2924 sam
1405 2877 1506 2924 vocam
1531 2863 1726 2944 pertinentes
1753 2881 1815 2926 non
1843 2865 1985 2936 vendam,
2009 2882 2067 2926 ne-

1317 2969 1375 3030 que
1404 2953 1540 3026 donabo,
1568 2973 1665 3034 nepae
1697 2957 1932 3037 impipnorabo‚
1963 2975 2067 3034 neone

1318 3046 1419 3108 denseo
1442 3047 1624 3126 infeudabo,
1641 3049 1687 3110 vel
1709 3049 1773 3112 alio
1792 3050 1880 3113 modo
1901 3049 2064 3122 alienabo,

1317 3140 1416 3202 etiam
1451 3157 1523 3202 cum
1559 3159 1713 3204 consensu
1746 3143 1885 3221 capitali
1913 3143 2068 3207 ecclesiae

1317 3247 1416 3304 meae,
1449 3233 1632 3297 inconsulto
1664 3233 1806 3298 Romano
1835 3237 2007 3317 Pantitae,
2031 3245 2067 3299 et

1317 3326 1582 3388 constitutionem
1610 3344 1708 3406 snper
1735 3327 1984 3406 prohibitionem
2013 3332 2067 3393 in-

1317 3418 1553 3482 vestiturarum
1565 3420 1718 3484 bonorum
1732 3421 2065 3496 iurisdictionalium,

1318 3512 1355 3574 de
1376 3527 1460 3575 anno
1482 3510 1611 3575 Domini
1639 3513 1807 3578 millesimo
1834 3517 2066 3578 sescentesimo

1317 3605 1467 3684 vipesimo
1488 3607 1600 3683 aniate
1622 3607 1752 3679 editam,
1770 3607 1910 3681 servabo,
1932 3609 2006 3669 etsi
2021 3608 2067 3671 od

1317 3701 1462 3778 aliquam
1476 3701 1704 3766 alienationem
1719 3701 1879 3774 devenero,
1895 3717 2011 3780 poenos
2027 3705 2066 3766 in

1318 3795 1425 3858 eodem
1445 3809 1543 3872 snper
1564 3794 1621 3855 boc
1642 3795 1729 3857 edita
1744 3795 1976 3858 cortstitntione
1991 3813 2068 3858 cort·

1320 3895 1442 3958 tentas,
1470 3903 1503 3949 eo
1532 3888 1599 3966 ipso
1630 3889 1796 3950 incurrere
1826 3889 1904 3950 volo.
1937 3887 1990 3952 Sic
2014 3907 2066 3952 me

1319 3979 1404 4044 Deus
1424 3982 1566 4053 adiuvet,
1590 3989 1620 4044 et
1641 3982 1717 4045 baec
1738 3981 1860 4046 Sancta
1878 3981 1935 4045 Dei
1958 3981 2065 4046 Evan-

1318 4076 1413 4155 pelio.

1359 4171 1520 4247 Ceterum,
1537 4171 1679 4247 Polliam,
1697 4171 1821 4248 insigne
1835 4171 1978 4234 videlicet
2000 4173 2066 4251 ple·
2119 4196 2302 4262 aspiraremus

1320 4264 2064 4346 nitudinispontificalisottioiideeorporeB.Pe·
2085 4251 2304 4309 ⁹²¹¹¹¹tf²¹¹⁵¹¹¹¹⁵'

1321 4360 1360 4421 tri
1382 4359 1518 4437 Apostoli
1538 4367 1710 4436 sumptum,
1736 4367 1810 4420 tunc
1830 4360 1865 4421 ad
1887 4358 2064 4423 iramrnitn-
2084 4315 2303 4414 1131ιῖ11111)ῗῖ

1320 4459 1383 4512 tent
1417 4459 1517 4526 tuam,
1547 4467 1617 4512 cum
1649 4467 1703 4529 per
1730 4461 1818 4514 tuum
1844 4452 2001 4516 Nunnium
2027 4458 2064 4518 eb
2084 4414 2232 4513 Quaen,
2249 4422 2301 4468 ω’

1320 4560 1379 4621 quo
1399 4543 1485 4605 decet
1507 4544 1652 4606 instantia
1673 4544 1862 4622 postulatam
1884 4546 1989 4622 fuerit,
2011 4547 2064 4610 de·

1319 4637 1497 4698 stinanduin
1536 4638 1872 4718 transcribendumque
1907 4641 2065 4704 mandabi·

1319 4745 1399 4792 mus.
1425 4727 1493 4790 Non
1522 4729 1713 4791 obstantibus
1742 4731 1778 4790 iis
1806 4733 1961 4808 omnibus,
1984 4751 2065 4812 quae

1320 4823 1352 4884 in
1374 4823 1572 4900 praeinsertis
1587 4823 1699 4883 nostris
1715 4822 1811 4885 literis
1826 4825 1982 4890 voluimus
1998 4845 2063 4890 non

1319 4917 1451 4992 obstare,
1483 4915 1653 4994 ceterisque
1675 4917 1836 4980 contrariis
1864 4921 2066 4997 quibuscum·

1318 5026 1390 5088 que.
1931 5057 1934 5065 1

1358 5106 1470 5166 Datum
1497 5103 1623 5180 Romae,
1652 5103 1732 5183 apud
1760 5102 1791 5166 S.
1815 5107 1941 5170 Mariam
1973 5108 2064 5170 Maio·

1319 5215 1385 5260 retn
1407 5198 1464 5260 sub
1485 5197 1601 5260 annulo
1623 5199 1793 5276 Piscatoris‚
1817 5201 1867 5264 die
1893 5219 1914 5262 ι.
1940 5205 2063 5280 augusti

1319 5307 1472 5366 uocatu,
1488 5291 1684 5369 pontificatus
1705 5293 1804 5354 nostri
1824 5310 1905 5356 anno
1928 5311 1975 5356 ιιι.

1636 5575 1742 5640 xviii.

1320 5763 1507 5842 Ablepatnm
1529 5782 1580 5844 op.
1600 5767 1706 5828 mittit
1725 5772 1764 5829 nt
1779 5783 1895 5830 novum
1911 5767 2063 5832 Patriar·

1359 5857 1452 5920 cluam
1483 5859 1716 5924 Antiochenam
1745 5861 1844 5940 clipat
1873 5861 1908 5926 ob
1936 5862 2063 5924 nnllam

1359 5952 1482 6032 Ipnatii
1513 5952 1714 6025 electionem,·
1743 5953 1960 6033 facultatibus
1992 5969 2062 6017 eum
