4722 6976
42 2409 104 2463 episco

41 2470 111 2506 sercou

43 2515 138 2559 mittitur.

912 539 984 594 PIUS
1005 539 1055 592 ΡΙ).
1078 537 1134 592 Vll.

245 663 424 742 apostolicae
458 665 615 742 potestatis
648 663 844 744 plenitudine
878 672 993 728 metro-

244 756 398 836 politanae
426 757 572 821 ecclesiae
601 759 873 837 drchiepiscopum
902 759 991 835 eligi-

244 865 315 912 mus
342 858 374 912 et
400 850 628 914 constituimus.
653 852 843 916 Facultatem
864 855 991 916 demum

245 942 300 1003 tihi
330 941 471 1018 lacimrn,
501 949 537 1006 ut
568 945 807 1008 consecrationis
838 961 992 1010 munusa

244 1051 455 1114 quocumque,
472 1037 618 1116 Episcopo
643 1039 774 1115 gratiam
800 1045 830 1101 et
853 1054 992 1102 commu·

245 1128 373 1192 nionem
394 1129 485 1193 huius
507 1131 688 1209 apostolicae
703 1139 825 1194 nostrae
839 1130 925 1197 Sedis
939 1133 992 1194 ha·

244 1221 337 1284 bente
359 1224 495 1302 recipere
516 1225 611 1302 possis
632 1232 663 1287 et
677 1225 788 1288 valeas.
812 1227 990 1289 blandamus

243 1320 347 1376 autem
376 1315 430 1377 tibi
458 1333 492 1379 ac
522 1319 737 1398 praecipimus,
767 1320 856 1382 utin
885 1336 990 1382 conse·

244 1407 357 1468 orantis
381 1407 521 1487 Episcopi
551 1412 694 1475 manibus
718 1412 888 1476 catholicae
919 1413 990 1476 fidei

244 1499 466 1576 professionem
492 1503 695 1568 orientalibus
725 1506 912 1583 propositam
938 1522 991 1567 er-

244 1607 349 1670 presse
368 1594 469 1672 iacias,
485 1603 518 1658 et
530 1597 685 1660 fidelitatis
700 1598 820 1662 debitae
834 1600 990 1662 iuramen-

244 1693 312 1747 tum
344 1689 426 1762 edas,
448 1705 482 1750 ac
502 1690 630 1752 demum
662 1692 826 1770 utriusque
857 1693 901 1755 rei
930 1691 990 1754 ior·

244 1777 362 1840 mulam
384 1780 492 1842 iisdem
514 1781 628 1857 verbis,
645 1784 757 1862 quibus
773 1793 806 1847 tu
822 1785 883 1848 eris
904 1803 987 1858 osus,

244 1874 445 1952 perscriptam
473 1891 529 1953 per
554 1885 619 1940 tuas
641 1876 754 1952 literas,
778 1887 831 1941 tuo
853 1879 990 1942 munitas

244 1966 358 2042 sigillo,
369 1967 404 2029 ad
418 1969 610 2032 venerabiles
621 1969 730 2032 iratres
742 1978 863 2034 nostros
876 1971 987 2038 Sil-E.

244 2059 421 2122 Cardinales
449 2063 706 2140 congregationis
734 2065 772 2128 de
796 2067 991 2144 Propaganda

244 2151 318 2214 Fide
348 2167 404 2230 per
433 2157 596 2234 proprium
626 2159 776 2222 nuntium
807 2161 989 2225 mittendam

243 2260 343 2307 cures.

80 2351 152 2414 rracrq
168 2352 226 2396 rura
283 2341 302 2414 ἓ
323 2339 352 2402 3.
376 2340 529 2406 Volumus
553 2343 662 2421 igitur,
689 2355 734 2422 ut,
757 2350 886 2426 acceptis
907 2350 990 2413 hisce

107 2403 225 2504 ”32¹¹ssAEss
245 2435 357 2494 nostris
378 2435 487 2510 literis,
504 2436 585 2500 illico
604 2438 702 2513 adeas,
715 2441 875 2520 capiasque
887 2443 991 2504 lliera·

243 2526 396 2603 politanae
417 2529 569 2592 Ecclesiae
584 2533 817 2609 possessionem,
840 2535 872 2595 in
895 2551 991 2614 eaque

244 2619 377 2681 retineas
398 2622 502 2683 omnia
523 2631 554 2684 et
574 2623 696 2700 singula
718 2625 798 2701 iura,
828 2629 990 2690 aucterita-

246 2719 308 2774 tem
336 2727 479 2776 exerceas
501 2723 531 2776 et
552 2722 735 2792 potestatem
758 2727 788 2782 et
809 2721 991 2784 iurisdictio·

245 2823 330 2883 nem,
352 2816 444 2887 atque
466 2809 577 2871 lroaris
592 2813 839 2889 praeeminentia
858 2826 890 2879 et
906 2834 991 2896 prae-

245 2902 404 2977 rogativis,
425 2909 457 2963 et
478 2901 661 2982 privilegiis,
683 2906 813 2986 aliisque
834 2909 990 2985 omnibus,

245 2996 357 3073 quibus
383 2997 558 3073 superiores
579 2999 807 3079 archiepiscopi
833 3002 881 3064 usi
902 3011 991 3065 antea

244 3097 329 3151 sunt.
353 3087 520 3167 Speremus
540 3096 646 3152 autem
667 3091 699 3152 in
717 3093 849 3156 Domino
864 3094 940 3171 iore,
958 3103 991 3158 ut

171 3177 174 3184 '
245 3184 414 3244 adrentum
441 3187 534 3245 tuum
561 3184 641 3260 pacis
663 3186 791 3262 angelus
811 3190 989 3264 comitetur,

246 3276 299 3354 qui
319 3276 356 3338 ad
377 3291 450 3338 eum
471 3275 589 3338 labores
609 3293 761 3357 curasque
781 3287 848 3342 tuas
870 3282 990 3346 exitum

246 3369 373 3444 dirigat,
405 3376 440 3431 ut
472 3368 567 3430 nullis
597 3369 804 3448 imposterum
834 3374 990 3436 discordiis

246 3460 389 3524 ecclesiae
414 3461 503 3523 istius
532 3461 738 3540 tranquillitas
769 3467 988 3544 perturbetur,

246 3563 338 3633 teque
366 3555 525 3630 magistro,
555 3562 647 3634 teque
669 3555 746 3618 duce
774 3559 921 3622 uberibus
942 3579 990 3622 en-

246 3649 316 3710 dem
345 3647 503 3724 religionis
524 3647 675 3710 fructibus
696 3666 728 3712 ac
750 3651 870 3729 pietatis
893 3654 990 3716 abun-

246 3739 295 3803 det
316 3747 346 3801 et
366 3741 490 3817 sentiat,
519 3749 611 3820 atque
638 3741 770 3806 laetetur
792 3747 920 3823 provido
939 3763 990 3825 pe-

246 3835 368 3914 riteque
387 3836 585 3924 gubernatori
600 3835 693 3898 luisse
707 3839 911 3902 commissam.
931 3841 990 3905 Nos

245 3948 320 3994 rero
341 3930 402 3992 iam
424 3946 509 3993 nunc
533 3932 651 3994 dilectis
666 3933 747 4012 filiis,
763 3933 907 4016 cleroque
928 3952 991 4000 sae-

246 4025 341 4088 culari
368 4032 399 4086 et
426 4025 574 4102 regulari,
603 4027 778 4106 populoque
801 4030 931 4093 civitatis
959 4040 991 4094 et

246 4119 390 4182 dioecesis
421 4119 664 4196 hierapolitanae
695 4121 834 4184 eiusdem
856 4125 990 4187 nationis

245 4212 539 4275 Graeco-Melchitae
560 4228 615 4290 per
635 4214 811 4290 apostolicas
825 4225 944 4279 nostras
956 4219 990 4281 li·

245 4314 325 4370 teras
354 4307 546 4378 mandamus,
571 4312 605 4367 ut
627 4307 727 4369 clerus
748 4314 778 4369 te
799 4324 855 4386 pro
882 4328 937 4372 sua
958 4315 990 4374 in

246 4415 301 4462 nos
323 4399 497 4476 Sedemque
518 4397 722 4477 apostolicam
744 4403 918 4464 reverentia
941 4405 990 4466 be·

246 4494 343 4569 nigne
357 4492 493 4571 recipiat,
508 4498 539 4553 et
555 4491 725 4554 honorilice
738 4499 860 4570 tractet,
878 4504 991 4575 tuaque

246 4587 363 4648 monita
384 4591 498 4663 tuaque
526 4587 666 4647 mandata
696 4586 828 4649 demisse
848 4590 991 4670 suscipiat

246 4685 276 4740 et
298 4678 466 4756 diligenter
480 4677 657 4756 adimpleat:
683 4681 795 4758 populo
811 4682 887 4744 item
903 4698 991 4760 prae-

245 4771 388 4849 cipimus,
412 4778 446 4833 ut
467 4778 499 4833 te
520 4779 678 4850 tamquam
700 4781 818 4850 patrem
838 4783 869 4836 et
891 4783 989 4854 pasto·

245 4881 315 4928 rem
346 4864 449 4928 debito
479 4873 685 4942 prosequatur
711 4870 839 4942 honore,
865 4868 990 4946 tuisque

245 4956 472 5020 hortationibus
486 4964 517 5018 et
534 4959 702 5036 praeceptis
716 4959 913 5038 obsequatur.
930 4960 988 5024 Sed

246 5051 300 5112 ubi
321 5049 422 5112 clerus
451 5067 484 5111 ac
514 5050 647 5128 populus
678 5049 813 5113 debitam
839 5053 894 5132 tibi
917 5051 991 5115 dde-

245 5145 372 5224 lemque
385 5145 595 5222 praestiterint
610 5145 827 5219 obedientiam,
845 5152 920 5207 tunc
935 5163 989 5207 no

246 5247 314 5302 tum
330 5238 401 5318 ipsis
416 5227 505 5301 iacies
525 5254 592 5313 nos,
608 5237 811 5316 appellatione
825 5239 860 5300 ad
877 5238 989 5302 Sedem

246 5331 452 5410 Apostolicam
474 5331 587 5394 isthinc
615 5330 722 5406 delata,
751 5339 990 5409 vestrarumque

247 5425 468 5488 discordiarum
490 5425 614 5503 penitus
635 5424 846 5487 tollendarum
873 5425 991 5486 deside·

246 5516 293 5577 rio
324 5517 478 5593 inductos,
507 5523 537 5578 te
562 5517 806 5594 Hierapolitanos
838 5515 990 5580 Ecclesiae

246 5609 520 5690 acchiepiscopum
541 5610 748 5686 constituisse,
764 5626 828 5672 non
849 5625 936 5684 vero,
955 5618 990 5672 ut

1046 669 1195 726 consueto
1220 662 1357 741 eligendi
1378 663 1447 728 iure
1468 665 1615 728 electores
1631 667 1793 746 Episcopo

1046 773 1117 821 rum
1144 756 1324 836 spoliemus,
1354 775 1411 822 nec
1437 767 1473 822 ut
1498 760 1614 840 aliquid
1636 762 1673 824 de
1694 761 1793 823 reteri

1046 851 1272 914 consuetudine
1292 853 1499 925 detrahamus,
1526 854 1589 916 imo
1602 854 1697 916 etiam
1711 852 1794 916 uelle

1047 960 1103 1006 nos
1131 961 1164 1006 ac
1185 945 1373 1022 praecipere,
1396 951 1431 1008 ut
1460 955 1578 1010 caetera
1603 949 1708 1009 omnia
1728 946 1793 1010 isti-

1048 1045 1130 1112 tuta,
1159 1052 1261 1100 mores
1290 1056 1324 1100 ac
1351 1040 1538 1118 praescripta
1566 1041 1602 1103 ad
1628 1039 1792 1119 Episcopo·

1046 1145 1118 1192 rum
1138 1131 1324 1194 electionem
1345 1132 1512 1210 spectantia
1538 1132 1669 1196 debeant
1697 1134 1794 1212 impo-

1045 1231 1166 1285 sterum
1188 1224 1334 1286 inviolata
1356 1224 1446 1287 isthic
1468 1226 1663 1304 firmiterque
1690 1225 1795 1288 obser-

1046 1318 1123 1378 vari.
1148 1315 1296 1380 Videmus
1318 1335 1410 1396 quam
1432 1319 1472 1380 sit
1493 1321 1588 1382 ardua
1620 1319 1792 1398 provincia,

1046 1426 1124 1488 quae
1156 1410 1210 1471 tibi
1241 1411 1404 1472 commissa
1436 1418 1493 1486 est,
1525 1411 1657 1491 ideoque
1673 1411 1793 1488 amplas

1046 1502 1215 1579 facultates,
1243 1521 1355 1582 easque
1384 1505 1518 1567 maxime
1546 1505 1732 1568 necessarias
1756 1505 1793 1566 ad

1045 1595 1130 1657 illam
1157 1596 1285 1658 alacrius
1312 1598 1484 1660 adeundam
1507 1605 1537 1660 ct
1558 1597 1676 1660 felicius
1698 1599 1793 1662 admi·

1047 1690 1236 1752 nistrandam
1259 1691 1314 1752 tibi
1336 1690 1513 1753 tribuimus.
1532 1691 1613 1753 Fieri
1629 1692 1712 1754 enim
1732 1692 1792 1754 lor-

1047 1789 1125 1844 tasse
1155 1784 1269 1860 potuit,
1293 1784 1401 1862 utqui
1432 1800 1534 1861 nuper
1560 1800 1622 1846 non
1651 1785 1793 1861 legitime

1046 1875 1103 1937 luit
1124 1875 1252 1950 electus,
1275 1875 1308 1936 in
1331 1891 1364 1937 ea
1386 1890 1479 1954 quam
1508 1875 1580 1938 lalso
1602 1893 1690 1938 suam
1713 1876 1792 1939 iudi-

1046 1969 1131 2031 cabat
1161 1968 1304 2044 dioecesi,
1329 1969 1360 2034 in
1383 1971 1614 2048 impedimentis
1644 1970 1692 2046 iis,
1715 1986 1793 2048 quae

1046 2062 1199 2124 dirimunt
1231 2063 1479 2138 matrimonium,
1513 2063 1687 2126 inconsulta
1714 2067 1792 2142 llpo·

1045 2159 1152 2222 stolica
1181 2157 1258 2222 Sede
1287 2157 1487 2235 dispensarit,
1511 2165 1602 2236 atque
1623 2158 1791 2234 omnigena

1035 2269 1152 2314 carens
1180 2251 1363 2314 auctoritate
1389 2251 1537 2330 parochos
1564 2250 1738 2327 intruserit,
1762 2261 1793 2315 et

1046 2345 1246 2408 contessarios
1268 2343 1396 2406 dederit.

1086 2441 1105 2514 ἓ
1126 2439 1154 2500 l.
1174 2436 1289 2513 Quibus
1311 2437 1343 2498 in
1366 2438 1459 2500 rebus
1474 2454 1575 2515 perse
1590 2438 1791 2516 gravissimis,
1810 2449 2023 2558 apppeoreaqussggr

1810 2557 1889 2602 clenti

1047 2538 1078 2594 et
1099 2537 1187 2595 caute
1208 2530 1509 2610 prudentissimeque
1538 2532 1716 2608 tractandis,
1738 2549 1792 2594 ro·

1046 2625 1162 2699 lumus,
1187 2633 1221 2687 ut
1243 2639 1310 2685 eam
1331 2623 1442 2700 agendi
1467 2626 1619 2687 rationem
1641 2626 1789 2704 sequaris,

1046 2827 1080 2874 ac
1101 2810 1202 2887 primo
1224 2811 1361 2888 quidem,
1384 2809 1409 2870 si
1431 2809 1626 2886 quaefactae
1648 2811 1712 2873 sint
1733 2813 1793 2876 dis-

1046 2902 1241 2981 pensationes
1276 2903 1309 2964 in
1345 2902 1576 2979 impedimentis
1607 2919 1687 2981 quae
1720 2905 1794 2967 diri-

1047 3005 1139 3059 munt
1167 2997 1384 3073 matrimonia,
1412 3013 1446 3060 ea
1473 3005 1506 3059 tu
1535 2999 1731 3060 matrimonia
1758 3009 1793 3063 ut

1045 3090 1207 3169 apostolica
1229 3099 1332 3152 nostra
1347 3090 1529 3154 auctoritate
1542 3107 1642 3168 sanes,
1658 3093 1792 3171 amplam

1048 3184 1102 3246 tibi
1123 3184 1323 3260 impertimur
1350 3183 1537 3246 facultatem.
1562 3183 1607 3246 Ne
1628 3186 1697 3264 quis
1718 3203 1792 3248 vero

1046 3277 1219 3341 istiusmodi
1255 3277 1451 3340 matrimonia
1486 3277 1520 3339 in
1554 3277 1655 3340 radice
1689 3287 1793 3341 sauata

1046 3372 1140 3435 luisse
1162 3372 1194 3434 in
1216 3379 1375 3450 posterum
1399 3371 1519 3434 dubitet
1537 3371 1595 3454 (l),
1621 3372 1793 3448 diligentis·

1045 3467 1177 3528 simeln
1199 3473 1318 3528 secreto
1342 3465 1616 3528 matrimoniorum
1638 3465 1715 3528 libro
1737 3483 1791 3528 no·

1046 3559 1136 3622 tanda
1161 3559 1299 3636 curabis3
1327 3569 1473 3638 perpetua
1495 3559 1582 3620 enim
1607 3560 1650 3622 sic
1677 3559 1793 3622 extabit

1046 3655 1111 3718 eius
1125 3651 1291 3715 sanationis
1306 3653 1468 3728 memoria,
1480 3659 1510 3714 et
1525 3653 1556 3715 id
1568 3654 1792 3716 documentum

1045 3755 1219 3828 opportune
1243 3745 1376 3825 prolerri
1398 3745 1528 3822 poterit,
1553 3754 1588 3809 ut
1611 3747 1734 3817 stabiles
1757 3747 1791 3809 in

1044 3859 1100 3904 suo
1112 3841 1268 3919 proposito
1279 3846 1441 3915 cogantur,
1452 3839 1477 3900 si
1491 3856 1569 3919 opus
1583 3841 1634 3916 sit,
1645 3841 1792 3918 coniuges

1045 3949 1239 4012 permanere,
1254 3939 1347 4010 atque
1361 3946 1454 3994 omne
1474 3931 1569 4009 prolis
1587 3948 1676 4010 quae,
1692 3933 1792 4010 legiti-

1046 4044 1095 4090 ma
1112 4026 1261 4088 declarata
1282 4032 1341 4098 est,
1356 4025 1580 4102 praeiudicium
1594 4041 1628 4087 ac
1642 4026 1792 4088 damnum

1045 4126 1234 4182 amoveatur.
1269 4119 1384 4180 Eadem
1415 4117 1492 4180 ratio
1523 4118 1694 4197 eademque
1724 4119 1793 4182 dili-

1046 4212 1149 4290 gentia
1177 4210 1349 4274 adhibenda
1377 4211 1448 4286 erit,
1471 4211 1495 4272 si
1518 4227 1595 4289 quos
1621 4211 1701 4274 torte
1729 4228 1792 4274 ma-

1047 4305 1193 4369 trimonio
1220 4304 1358 4366 iunxerit
1383 4304 1525 4365 intrusus
1553 4304 1716 4381 parochus,
1739 4305 1793 4382 qul

1047 4398 1172 4462 nullom
1193 4395 1285 4458 hahet
1306 4395 1447 4469 titulum,
1463 4412 1518 4458 seu
1533 4412 1658 4472 verum,
1673 4414 1729 4459 seu
1743 4399 1803 4459 co·'

1047 4492 1193 4564 loratum,
1225 4497 1270 4563 ut,
1300 4488 1461 4567 inquiebat
1484 4488 1536 4551 iel.
1564 4505 1623 4552 rec.
1651 4489 1793 4552 decessor

1046 4591 1150 4646 noster
1171 4583 1242 4644 Pius
1264 4600 1306 4643 rr.
1333 4582 1365 4643 in
1388 4583 1542 4659 responsis
1556 4598 1649 4661 super
1666 4585 1794 4662 quibus-

1045 4678 1115 4740 dam
1142 4674 1411 4754 quaestionibusa
1438 4673 1606 4737 Galliarum
1638 4676 1794 4755 Episcopis

1043 4769 1207 4849 propositis
1236 4768 1293 4830 sub
1323 4768 1373 4830 die
1394 4783 1480 4830 xxrr.
1512 4769 1698 4847 septembris
1718 4771 1793 4832 anni

1044 4879 1198 4928 unccxcr.
1223 4861 1382 4924 Difficilius
1403 4868 1450 4922 est
1464 4862 1572 4922 morbo
1586 4861 1713 4924 illorum
1729 4877 1793 4925 me·

1044 4959 1121 5031 deri,
1145 4955 1199 5034 qui
1220 4964 1377 5032 tamquam
1398 4953 1482 5016 iures
1510 4954 1543 5015 in
1565 4953 1648 5015 ovile
1677 4955 1792 5017 Christi

1044 5050 1188 5127 ingressi,
1204 5063 1298 5124 agnos
1320 5063 1441 5123 regere,
1458 5053 1551 5125 atque
1564 5047 1601 5107 ad
1616 5063 1725 5126 pascua
1739 5048 1794 5110 du-

1044 5159 1114 5205 cere
1135 5142 1227 5204 veriti
1257 5157 1322 5203 non
1342 5148 1427 5214 sunt,
1459 5140 1530 5202 licet
1551 5157 1567 5200 a
1589 5156 1663 5202 uero
1685 5143 1793 5203 ovium

1045 5243 1165 5314 pastore
1186 5251 1249 5297 non
1272 5233 1392 5296 luerint
1407 5233 1502 5296 missi.
1523 5234 1692 5296 Deficiente
1706 5235 1793 5296 enlm

1043 5329 1180 5405 legitima
1201 5335 1293 5405 atque
1314 5326 1459 5388 canonica
1480 5326 1686 5402 institutione,
1709 5344 1795 5390 sum·

1044 5437 1133 5484 mum
1154 5429 1200 5483 est
1221 5419 1305 5481 nelas
1337 5419 1459 5496 parochi
1491 5435 1607 5482 munus
1634 5435 1790 5483 exercere.

1044 5515 1105 5578 Sed
1125 5514 1179 5593 qui
1199 5513 1265 5575 solo
1287 5511 1469 5574 intrusionis
1492 5512 1625 5574 crimine
1639 5512 1789 5592 laborant,

1044 5609 1069 5669 si
1091 5607 1263 5688 paroeciam
1294 5604 1484 5683 poenitentia
1512 5605 1595 5668 ducti
1621 5605 1792 5683 dimittant,

288 5848 316 5904 (ι)
331 5853 360 5894 ln
375 5845 500 5906 originali
514 5850 579 5896 haec
592 5849 717 5897 adiuncta
738 5851 817 5896 rerba
830 5850 959 5907 legimus:
976 5855 1047 5904 Quae
1061 5855 1156 5896 nostra
1170 5853 1328 5895 auctoretate
1341 5851 1489 5926 sanaveras.
1506 5850 1567 5893 ocltt
1581 5850 1731 5902 comasque
1744 5850 1794 5894 clla·

247 5921 354 5968 soloere,
372 5919 402 5962 ob
416 5929 475 5963 eam
489 5929 547 5962 retra
561 5921 639 5963 totius
652 5921 836 5964 matrimonia.

1715 523 1773 594 brt
1822 527 1920 586 tue.
1943 529 2011 586 reto

1810 2567 2023 2662 trasaniisfli

1810 2673 1861 2709 ram
1882 2673 1898 2708 e
1917 2661 2023 2709 ostollca

1047 2733 1138 2796 quam
1155 2733 1239 2779 nunc
1259 2715 1312 2778 tihi
1334 2716 1516 2792 singillatim
1537 2718 1788 2795 praescribimus:
1809 2721 1918 2816 {griffoi

1888 2719 1951 2764 ries
1965 2727 2023 2762 con·
