4832 6978
942 591 1004 642 tun.
1030 597 1120 641 aona.
1144 579 1185 640 b‘e
1207 595 1234 640 e.
1260 577 1288 641 1'2'.
1313 579 1395 641 onas
1417 577 1436 641 t.

1413 735 1597 805 CLEMENS
1624 731 1684 805 ΡΡ.
1709 732 1779 806 llll.

1357 903 1393 971 ad
1421 905 1551 972 loturam
1581 906 1624 972 rei
1654 905 1834 972 memoriam.

205 580 258 641 ln.
273 591 302 642 e.
325 589 394 642 1773
446 575 502 647 l88

424 722 456 783 in
478 721 521 782 eis
542 712 696 782 contentis
717 723 748 780 el
768 716 919 797 expressis
940 714 1119 779 auctoritate
1139 731 1167 774 a·

423 815 568 894 postolica
591 825 698 876 tenore
721 813 932 892 praesentium
947 813 1168 874 confirmamus

423 919 455 972 et
470 909 684 989 approbamus,
701 907 823 986 illisque
839 907 1024 970 inviolabilis
1045 923 1078 968 ao
1100 921 1167 983 per-

423 1013 533 1081 petuae
555 1001 709 1063 firmitatis
731 1001 827 1062 robur
853 1000 1027 1075 adiioimns,
1047 1014 1168 1060 omnes-

424 1113 485 1175 que
506 1095 582 1156 iuris
609 1103 641 1156 et
671 1093 742 1155 iacti
768 1109 800 1156 ac
827 1092 1060 1155 solemnitatum
1087 1091 1167 1153 dele·

423 1197 501 1264 ctus,
517 1189 542 1249 si
564 1189 617 1266 qud
633 1191 766 1265 desuper
787 1187 1029 1260 intervenerint,
1046 1184 1169 1264 supple·

423 1299 494 1344 muts
515 1291 545 1343 et
566 1299 725 1356 sonamus,
754 1281 837 1342 salva
866 1290 968 1343 tamen
990 1293 1114 1356 semper
1136 1279 1166 1340 in

1265 1096 1283 1170 ἓ
1307 1097 1333 1158 l.
1358 1096 1478 1176 liuponi
1501 1097 1588 1158 uobis
1609 1111 1708 1174 nuper
1733 1095 1873 1158 iecerunt
1895 1093 1970 1156 dile·
1988 1089 2259 1211 οξῐωῠξρἑὶὲοιῗξῖ

1224 1199 1289 1252 ctae
1311 1191 1343 1252 in
1366 1190 1489 1254 Christo
1505 1191 1584 1251 dliae
1599 1190 1745 1252 Moniales
1760 1189 1883 1252 (lrdinis
1898 1189 1970 1249 Bea·
1988 1195 2252 1306 ligidga‘ffe‘fsffi

1226 1295 1272 1345 tae
1292 1284 1404 1346 lloriae
1425 1283 1563 1360 Virginis
1579 1285 1616 1344 de
1631 1284 1733 1346 Monte
1756 1280 1896 1345 Carmelo
1910 1281 1970 1342 Ex·
1987 1265 2245 1400 I³¹¹²³³ffits⁰iii¹

1987 1365 2112 1413 fflmno
2243 1360 2249 1381 ·

423 1376 596 1456 praemissis
628 1375 808 1437 auctoritaie
837 1374 1094 1450 congregationis
1117 1387 1168 1432 eo

424 1471 568 1532 rtxmdem
593 1469 813 1530 ttaxdtnallum.

239 1575 405 1622 concordiam
463 1565 482 1638 5
502 1563 532 1625 l.
557 1565 764 1624 Decernentes
779 1563 856 1641 lpsas
871 1567 1049 1641 praesentes
1065 1560 1168 1622 literas

192 1631 405 1740 {griii‘e‘iiiiiessi}
425 1660 539 1732 sirmas
555 1658 668 1718 validas
682 1664 713 1716 et
727 1657 862 1718 efficaces
876 1657 1020 1728 existere,
1036 1668 1169 1731 suesque

192 1737 323 1837 ῗὲῖξξωζξ
339 1739 406 1838 ᾓῖζξζ
424 1752 577 1830 plenarios
592 1759 622 1812 et
638 1751 776 1827 integros
798 1751 925 1812 ellectns
946 1749 1049 1810 sortiri
1072 1756 1102 1808 et
1117 1748 1169 1810 ob·

193 1849 237 1900 poa
256 1826 350 1902 eumue
370 1847 405 1891 m-
425 1846 536 1920 tinore,
552 1863 585 1906 ac
600 1844 661 1905 iliis
682 1846 717 1906 ad
739 1861 814 1922 quos
835 1849 1072 1922 spectat,etpro
1093 1849 1170 1904 tem-

192 1898 406 2009 iiiuihiiio'ii‘i'l
425 1955 497 2019 pere
518 1939 775 2017 quandocumque
796 1937 955 2015 spectabit,
971 1937 1001 1998 iu
1023 1936 1168 1998 omnibus

191 2009 225 2052 ¹⁰·
424 2041 454 2094 et
476 2049 531 2110 per
552 2034 656 2094 emnia
679 2032 856 2110 plenissime
870 2030 1048 2107 sulit·agari;
1064 2029 1168 2108 sicque

424 2127 455 2188 iu
478 2127 653 2205 praemissis
675 2142 730 2204 per
750 2140 963 2202 quoscumque
984 2124 1099 2184 indices
1121 2139 1168 2183 or·

422 2220 557 2282 dinarios
579 2229 609 2280 et
630 2219 796 2294 delegatos,
817 2219 911 2278 etiam
932 2233 1091 2280 cattsarnm
1119 2233 1168 2295 pa-

420 2309 485 2376 latii
502 2313 656 2392 apostolici
673 2313 840 2385 auditores,
853 2317 883 2371 et
899 2309 985 2373 SedIs
999 2311 1167 2388 praedictae

422 2409 563 2484 nuncios,
581 2407 707 2470 iudicari
723 2413 753 2467 et
768 2405 890 2467 definiri
907 2405 1030 2480 debere,
1047 2421 1080 2466 ao
1100 2403 1167 2465 irri-

423 2513 490 2565 tum
507 2510 538 2564 et
551 2504 655 2576 inane,
672 2503 696 2562 si
713 2517 800 2562 secus
811 2516 903 2578 super
918 2499 965 2560 bis
980 2516 995 2558 a
1010 2513 1165 2576 quanquam

421 2597 528 2674 quavis
549 2596 729 2659 auctoritate
760 2595 894 2656 scienter
918 2594 967 2654 vel
987 2592 1167 2669 ignoranter

421 2691 587 2766 contigerit
608 2689 762 2750 attentari.

217 2859 222 2868 ,
268 2806 401 2870 oarogaus
461 2783 529 2859 §b
554 2781 622 2844 Non
645 2783 836 2844 obstantibus
851 2780 1124 2843 constitutionibus
1135 2785 1166 2840 et

188 2859 401 2958 ffafflssissffi
420 2876 664 2940 ordinationibus
696 2875 885 2954 apiostolicis,
919 2891 976 2937 nec
1007 2891 1068 2936 non
1099 2873 1166 2952 qul-

188 2966 401 3075 ffl'igssgffi
422 2972 524 3034 busvis
546 2972 638 3034 etiam
668 2970 854 3044 luraxuento,
878 2969 1115 3030 conllrmatIone
1136 2984 1166 3028 a·

188 3075 335 3136 mentione
359 3073 400 3119 di·
421 3065 579 3146 postoiica,
610 3064 659 3125 vel
687 3063 796 3141 quavis
824 3063 969 3124 sumitate
991 3061 1047 3122 alia
1076 3061 1164 3122 robo-

187 3138 253 3183 Μ’
421 3161 493 3222 ratis
514 3160 636 3222 statutis
665 3164 696 3219 et
717 3155 1012 3233 consuetudinibus3
1039 3155 1165 3233 privile·

421 3255 477 3331 giis
505 3268 646 3332 quoque,
679 3250 823 3325 indultis,
850 3258 880 3311 et
904 3249 1001 3328 literis
1022 3249 1165 3327 apostoli·

419 3349 461 3409 eis
482 3344 693 3425 superioribus
720 3352 750 3405 et
776 3343 926 3422 personis,
955 3343 1012 3404 sub
1039 3343 1163 3421 quibus-

419 3457 555 3519 cumque
577 3438 735 3500 tenoribus
762 3444 793 3498 et
814 3435 921 3497 iot-mis
949 3451 982 3498 ac
1003 3452 1075 3498 cum
1097 3438 1165 3514 qui·

420 3535 525 3596 busvis
547 3534 640 3595 etiam
661 3531 928 3607 derogatoriarum
949 3531 1161 3606 derogatoriis,

418 3629 548 3705 aliisque
569 3625 800 3698 efficacioribus,
817 3624 1042 3700 efficacissimis,
1062 3641 1095 3686 ac
1116 3625 1162 3686 in-

418 3721 516 3782 solitis
546 3719 706 3793 clausulis,
740 3717 1009 3796 irritantibusque,
1040 3727 1070 3778 et
1096 3718 1162 3779 aliis

418 3813 549 3877 decretis
570 3813 601 3874 in
625 3825 739 3888 genere
765 3809 814 3871 vel
840 3811 872 3872 in
894 3811 1012 3889 specie,
1038 3827 1071 3871 ac
1097 3810 1163 3872 aliis

419 3909 450 3970 in
468 3907 661 3969 contrarium
685 3903 917 3983 quomodolibet
934 3904 1096 3978 concessis,
1113 3919 1162 3982 ap-

419 4001 553 4081 probatis
574 4007 604 4060 et
630 3999 794 4060 innovatis.
817 3998 934 4072 Quibus
962 3997 1107 4060 omnibus
1131 4003 1162 4057 et

416 4095 549 4172 singulis
572 4093 695 4155 illorum
719 4099 842 4154 tenores
867 4091 1079 4169 praesentibus
1108 4106 1162 4169 pro

417 4191 509 4268 plene
527 4195 557 4248 et
574 4187 766 4249 sullicienter
788 4185 951 4264 expressis,
967 4203 1000 4247 ac
1015 4187 1053 4247 de
1067 4185 1162 4246 verbo

417 4285 451 4345 ad
474 4283 606 4344 verbum
629 4281 753 4342 insertis
775 4280 931 4354 babentes,
953 4279 1013 4340 illis
1035 4278 1107 4340 alias
1129 4279 1161 4339 in

417 4392 472 4437 suo
492 4375 603 4436 robore
623 4374 846 4453 permansuris,
863 4374 899 4434 ad
922 4373 1161 4450 praemissorum

417 4468 575 4542 ellectum,
600 4471 653 4528 bac
674 4468 741 4530 vioe
762 4467 930 4540 dumtaxat,
943 4466 1116 4544 specialiter
1131 4473 1162 4527 et

416 4579 560 4642 expresse
580 4560 777 4638 derogamus,
794 4559 984 4637 caeterisque
1003 4559 1162 4620 contrariis

416 4655 674 4735 quibuscumque.

456 4751 569 4812 Datum
590 4748 714 4823 Romae,
748 4750 826 4826 apud
856 4747 886 4810 S.
914 4746 1037 4808 Mariam
1071 4745 1162 4808 Maio-

416 4859 496 4919 rem,
512 4843 570 4904 sub
591 4843 707 4904 annulo
728 4840 888 4903 Piscatons
912 4841 961 4902 die
981 4855 1034 4901 xx.
1059 4841 1162 4900 martii

417 4951 619 5003 uoceuxxxu.
645 4935 839 5014 pontificatus
862 4934 960 4996 nostri
978 4949 1060 4996 anno
1083 4949 1125 4994 xv.

673 5137 911 5151 ...n———n—-n—

732 5319 840 5384 XXIII.

418 5508 593 5588 Conprimat
612 5515 641 5572 et
654 5513 787 5570 renovet
808 5505 1056 5584 prohibitionem
1078 5503 1160 5565 elios

455 5619 474 5663 u
490 5601 646 5662 Clemente
659 5601 711 5664 XI.
728 5603 863 5682 sectum,
874 5616 912 5660 me
924 5595 1081 5676 quaelibet
1093 5613 1161 5674 per-

455 5711 533 5758 sono
554 5693 612 5758 cult
631 5711 730 5772 poeno
745 5691 1089 5755 excommunicationis
1111 5690 1162 5750 io-

455 5790 546 5869 predi
556 5790 656 5867 possit
668 5790 704 5849 in
718 5787 951 5850 meditatorium
966 5784 1159 5846 montolium

458 5883 709 5946 Curanelt'torum
733 5875 877 5944 ciuitatis
908 5879 1044 5941 Sooctue
1073 5877 1160 5939 Fidei

456 5977 491 6040 itt
509 5975 611 6038 Indiis
632 5982 691 6038 elo.

1224 1376 1371 1439 calceatae
1384 1387 1579 1455 nuncupatae
1594 1379 1728 1440 civitatis
1743 1377 1871 1441 Sanctae
1885 1373 1968 1436 Fidei
1988 1417 2172 1466 maurinae-

1225 1473 1263 1533 de
1284 1473 1396 1550 Bogota
1424 1473 1455 1535 in
1487 1472 1580 1534 Iudiis
1607 1471 1859 1544 occidentalibus,
1887 1469 1968 1546 quod

1225 1581 1295 1627 cum
1319 1567 1471 1642 regularis
1495 1582 1602 1626 earum
1630 1565 1756 1627 vivendi
1779 1565 1856 1626 ratio
1878 1565 1910 1626 in
1933 1581 1970 1624 eo

1224 1659 1421 1736 potissimum
1443 1668 1596 1735 versetur,
1614 1668 1648 1721 ut
1669 1679 1684 1721 a
1700 1661 1865 1724 mundanis
1877 1659 1970 1720 rebus

1225 1751 1342 1814 alienae
1365 1753 1396 1815 in
1410 1753 1536 1815 silentio
1551 1755 1647 1815 vitam
1669 1755 1803 1816 solitarie
1819 1755 1900 1832 ipsae
1914 1755 1969 1814 du

1226 1855 1308 1920 cent,
1332 1861 1436 1924 neque
1456 1847 1577 1924 puellae
1597 1847 1787 1910 educationis
1801 1863 1889 1909 cerusa
1905 1845 1971 1906 illa·

1225 1955 1296 2001 rum
1312 1941 1540 2004 monasterium
1555 1941 1787 2018 ingredientium
1811 1939 1883 2002 bine
1898 1937 1971 1998 alias

1224 2050 1306 2095 anno
1328 2050 1439 2110 nempe
1466 2052 1622 2097 moecxxx.
1647 2035 1727 2097 felic.
1757 2036 1875 2095 record.
1901 2031 1972 2094 Cle-

1225 2143 1313 2188 mens
1334 2128 1389 2189 PP.
1408 2129 1459 2192 xl.
1478 2130 1692 2206 praedecessor
1713 2136 1817 2190 noster
1832 2144 1886 2205 per
1901 2139 1971 2184 suas

1224 2222 1255 2282 in
1278 2222 1371 2284 simili
1395 2222 1494 2284 lorma
1510 2223 1617 2284 Brevis
1637 2221 1794 2300 expeditas
1816 2222 1919 2282 literas
1934 2217 1970 2276 ad

1224 2329 1328 2392 preces
1351 2324 1425 2377 tunc
1451 2315 1654 2377 existentium
1685 2315 1868 2377 monialium
1897 2308 1970 2372 dicti

1224 2409 1403 2471 monasterii
1419 2409 1585 2472 subsertis
1601 2417 1675 2471 tunc
1689 2409 1841 2487 expressis
1863 2399 1978 2484 poenis

1224 2502 1393 2581 probibuit,
1416 2518 1456 2565 ne
1477 2519 1691 2581 quaecumque
1711 2517 1841 2581 persona
1863 2509 1982 2558 mona-

1222 2597 1352 2657 sterium
1369 2596 1547 2658 huiusmodi
1561 2597 1683 2674 ingredi
1702 2595 1831 2668 valeret,
1848 2605 1883 2650 ac
1897 2585 1988 2647 alias

1222 2696 1314 2766 prout
1329 2687 1361 2750 in
1377 2689 1518 2751 eiusdem
1538 2688 1706 2752 Clementis
1728 2676 1994 2766 praedecessoris

1223 2781 1331 2856 literis,
1355 2798 1489 2861 quorum
1519 2791 1643 2844 teneres
1669 2778 1884 2862 praesentibus
1913 2783 1998 2846 pto

1221 2874 1313 2954 plene
1333 2884 1364 2937 et
1384 2876 1575 2938 sufficienter
1596 2876 1757 2954 expressis,
1771 2889 1805 2933 ac
1819 2871 1857 2931 de
1874 2861 1997 2924 verbo

1222 2968 1258 3030 ad
1280 2969 1413 3032 verbum
1436 2969 1562 3032 insertis
1583 2970 1689 3032 haberi
1710 2967 1872 3032 volumus,
1895 2953 1992 3016 uite-

1221 3063 1286 3124 rius
1307 3063 1495 3124 continetur.
1521 3065 1600 3126 Cum
1622 3071 1738 3136 autem,
1758 3060 1840 3119 sieut
1861 3046 1992 3108 ealleffl

1221 3156 1371 3235 expositio
1385 3156 1600 3233 subiungebat,
1617 3157 1845 3234 praedictarum
1868 3140 1996 3200 litera-

1220 3264 1291 3310 rum
1303 3249 1459 3328 dIspositio
1470 3251 1500 3311 in
1514 3249 1754 3314 desuetudinem
1765 3239 1877 3304 abiisse
1887 3240 1997 3289 utini·

1220 3344 1429 3419 dignoscatur,
1442 3343 1522 3422 ipsae
1533 3359 1608 3404 vero
1620 3345 1827 3424 exponentes,
1841 3331 1877 3387 ut
1892 3317 2004 3378 (Μ’

1219 3454 1290 3498 sura
1311 3444 1341 3498 et
1363 3438 1542 3500 monasterii
1568 3437 1732 3517 disciplina
1760 3427 1901 3516 rigorose
1924 3403 2002 3462 “¹⁸'‘

1219 3539 1372 3608 servetur,
1397 3539 1427 3593 et
1447 3532 1609 3608 religiosae
1643 3543 1754 3594 earum
1783 3514 1883 3598 quien
1907 3509 1986 3608 rolli

1219 3625 1339 3687 snitum
1359 3625 1411 3700 sit,
1434 3625 1597 3704 omnisque
1628 3608 1849 3705 distractionis·
1864 3603 1963 3699 ΡΜ
1983 3595 2003 3715 ἶ

1218 3717 1309 3780 (latur
1330 3720 1458 3794 occasio,
1481 3727 1667 3797 opportune
1693 3705 1821 3780 anobiS
1844 3688 1994 3814 ¹¹¹2th

1220 3813 1320 3874 missis
1341 3813 1510 3892 provideri,
1527 3820 1559 3874 et
1574 3821 1614 3874 ut
1628 3814 1721 3878 inlra
1735 3794 1898 3868 indoleerl
1915 3793 1938 3826 '⁵'

1218 3921 1345 3984 mopere
1366 3907 1554 3982 desiderent,
1918 3948 1984 4004 ψ

1257 4000 1326 4074 §2-
1354 3999 1414 4060 Nos
1440 4000 1497 4079 piis
1525 4005 1741 4068 earumdem
1772 3972 1921 4058 elImm*
1956 4041 2002 4076 ῃ.

1219 4095 1309 4169 votis,
1322 4099 1475 4171 quantum
1498 4109 1579 4155 oum
1602 4095 1766 4162 Domino
1786 4063 1965 4184 ll055¹ff¹ff¹¹·
1979 4131 1995 4166 a

1218 4187 1396 4250 vorabiliter
1411 4203 1570 4260 annuere,
1585 4203 1739 4272 easque,
1757 4155 1899 4256 specialis
1937 4221 1995 4256 j

1219 4282 1334 4358 gratiae
1355 4281 1496 4359 prosequi
1521 4279 1736 4366 volentes,
1750 4255 1900 4341 eliarum
1920 4344 1937 4377 ι
2006 4330 2010 4339 .

1219 4375 1296 4437 lares
1318 4391 1461 4454 personas
1486 4391 1502 4436 a
1534 4376 1764 4452 quibusvis
1788 4343 1931 4478 θῐῦῡᾛ

1219 4469 1311 4529 tionis
1338 4477 1369 4530 et
1397 4467 1599 4544 interdicti,
1642 4471 1813 4553 aliisque
1838 4439 1940 4566 ecit}

1218 4562 1368 4636 censuris,
1392 4561 1589 4624 sententias
1611 4573 1667 4627 et
1688 4553 1821 4650 poeni-i
1836 4533 1897 4634 (ΨΟ
1920 4623 1948 4657 o

1219 4661 1249 4716 et
1271 4668 1468 4734 quacumque
1483 4653 1533 4714 de
1558 4671 1714 4724 eausa
1733 4653 1821 4727 latis,
1841 4642 1870 4730 st
1889 4626 1918 4687 ‘I

1219 4751 1432 4824 incurrerunt,
1460 4747 1599 4809 buius
1639 4759 1809 4821 tantum
1828 4737 1932 4835 lffiqsq

1217 4843 1372 4906 solventes
1388 4851 1418 4906 et
1439 4841 1686 4908 absolutas
1733 4853 1805 4916 iore
1818 4813 1936 4943 0⁹1⁹*qu

1218 4937 1434 5017 plicationibus
1456 4949 1642 4997 earum
1670 4937 1845 5011 nonime
1861 4911 1939 5033 *ww

1221 5038 1267 5092 ter
1288 5031 1438 5109 porrectis
1454 5025 1747 5115 inclinati,
1772 5001 1944 5122 mett-loiffw‘,

1219 5125 1388 5189 Clementis
1409 5118 1821 5204 praedecesso&
1831 5097 1936 5201 ΨΥ

1219 5235 1292 5282 nem
1324 5211 1541 5280 huiusmodi
1613 5189 1984 5311 eoneqpffiffizfu,

1218 5312 1381 5393 apostolica
1416 5321 1610 5374 tenore
1684 5271 1979 5418 pragessssuql,

1218 5423 1287 5470 mus
1309 5414 1340 5468 et
1362 5407 1700 5476 innovamus,
1735 5373 1977 5494 illisqqe{„

1217 5501 1332 5563 mitatis
1359 5501 1441 5573 vim,
1476 5489 1694 5554 robur
1745 5512 1821 5567 et.
1846 5465 1948 5627 effi,
1972 5542 2004 5580 ,q

1216 5610 1298 5668 mus,
1321 5610 1355 5656 ac
1376 5593 1521 5654 literas
1591 5597 1873 5662 praemit
1908 5641 1981 5701 §Hs

1217 5689 1696 5765 eumquaecunque,
1735 5659 1912 5751 adast
1958 5752 1961 5761 ,

1216 5797 1279 5843 non
1303 5797 1406 5856 usum,
1431 5785 1537 5837 seu
1585 5766 1702 5828 des
1714 5747 1949 5858 uetadun

1215 5875 1365 5951 vantium,
1383 5887 1450 5937 nec
1475 5871 1616 5924 non
1650 5859 1906 5952 quemque

1215 5970 1347 6032 tradam
1379 5969 1544 6032 usum,
1613 5949 1923 6024 Gonu-at'ffl'
