4776 6974
46 4889 48 4946 l

46 4953 48 4998 ι

926 551 997 600 aros
1020 549 1069 600 rr.
1095 554 1137 618 vr,¹

257 675 403 738 catholica
418 675 514 754 magis
529 677 785 752 benemerentur,
801 692 863 738 una
878 675 1009 752 quadam

256 767 411 830 societatis
431 784 576 846 compage
593 769 748 846 colligare,
766 773 797 830 et
810 767 914 845 aliquo
936 781 1010 842 pon·

259 861 368 922 titiciae
397 862 598 937 benignitatis
626 868 833 923 monumento
858 859 1011 936 insignire

258 953 458 1030 dignaretur,
489 954 523 1016 ad
555 971 610 1016 nos
642 955 742 1016 acrius
769 955 864 1017 etiam
889 954 923 1015 ad
947 961 1010 1015 tam

257 1047 343 1126 piem
366 1065 442 1128 opos
464 1049 636 1113 coniunctis
658 1049 786 1112 insimul
810 1048 920 1111 studiis
942 1063 1012 1125 pro-

257 1144 451 1205 movendum
480 1143 669 1219 incitandos,
700 1158 833 1221 cumque
862 1141 1011 1205 Sanctitas

260 1233 320 1298 Soa
341 1236 520 1298 huiusmodi
546 1252 652 1316 preces
673 1237 708 1297 ad
732 1235 853 1300 Sacram
876 1236 1012 1310 Gangre·

260 1329 417 1407 gationem
438 1331 654 1408 Propagandae
673 1329 756 1392 Fidei
773 1329 864 1391 rebus
886 1344 1012 1408 praepo·

259 1423 348 1484 sitam
372 1424 538 1485 remiserit.

299 1517 318 1591 ἓ
340 1516 369 1577 3.
394 1517 509 1580 Eadem
530 1517 620 1579 Sacra
635 1517 854 1594 congregatio,
878 1515 913 1577 ad
936 1515 1012 1577 rela-

262 1610 379 1673 tionem
400 1626 493 1688 super
515 1611 689 1688 praemissis
716 1609 824 1672 laetam
847 1625 903 1687 per
924 1611 959 1671 lt.
978 1610 1010 1671 P.

203 1683 217 1727 ‘¹
262 1706 296 1766 b.
320 1704 515 1782 Stephanum
537 1703 646 1780 Borgia
667 1704 879 1779 secretarium,
908 1719 1013 1766 secum

262 1797 366 1858 animo
392 1795 587 1875 perpendens
610 1797 657 1872 id,
686 1798 768 1875 quod
791 1797 821 1860 S.
846 1797 1014 1873 Gregorius

262 1890 390 1965 llagnus
406 1888 534 1968 Syagrio
549 1888 849 1968 Augustbodunensi
865 1890 1014 1967 Episcopo

262 1983 424 2057 scribebat,
440 1998 513 2045 eum
528 1982 656 2058 scilicet,
673 1983 772 2061 quiin
788 1983 1014 2061 praedicatione

262 2085 293 2137 et
305 2091 399 2152 opere
413 2075 593 2152 sollicitum,
605 2077 766 2151 devotum,
779 2077 1014 2154 adiutoremque

263 2169 294 2229 in
318 2168 463 2230 omnibus
484 2169 662 2244 Augustino
688 2169 722 2230 ad
746 2169 920 2246 bogiorum
942 2185 1014 2231 con-

263 2261 441 2322 versionem
455 2261 549 2322 misso
566 2260 659 2323 luisse
673 2269 872 2339 cognoverat,
886 2264 1014 2338 dignum

263 2371 345 2432 esse,
375 2354 425 2416 eui
446 2354 611 2416 exterioris
632 2371 754 2434 quoque
776 2354 897 2417 habitus
919 2356 1015 2416 hono·

263 2463 330 2509 rem
352 2446 499 2522 deterret,
522 2449 644 2509 censuit
658 2447 819 2526 apostolica
834 2448 1015 2510 auctoritate

262 2539 363 2600 eidem
385 2537 483 2600 lasoni
505 2538 601 2600 totius
622 2539 747 2600 Russiae
762 2540 1013 2617 metropolitano,

263 2632 391 2710 eiusque
413 2632 445 2693 in
466 2631 572 2692 eadem
594 2632 758 2710 metropoli
778 2631 1014 2706 successoribus,

263 2726 491 2788 concedendam
506 2739 572 2786 esse
586 2722 764 2787 facultatem
780 2726 910 2789 ornandi
924 2741 1015 2788 cruce

264 2835 354 2881 aurea
377 2817 505 2893 triginta
534 2818 730 2894 presbyteros
751 2834 789 2880 eu
811 2818 892 2880 clero
913 2835 1016 2880 saecu·

265 2910 318 2972 lari
341 2909 601 2988 graeco-rutheni
622 2911 701 2973 ritus
722 2912 814 2988 uniti,
837 2911 891 2989 qui
910 2911 1016 2974 boios·

264 3004 347 3066 modi
369 3009 592 3066 ornamentum
612 3019 737 3082 semper
752 3012 784 3066 et
805 3007 1017 3084 quandocum-

264 3115 323 3176 que
345 3099 378 3159 in
400 3097 545 3160 omnibus
567 3105 597 3160 et
616 3098 865 3178 quibuscumque
887 3100 1014 3174 actibus,

265 3191 480 3268 congressibus
508 3197 539 3252 et
567 3191 858 3268 congregationibus
887 3191 1017 3272 publicis

265 3294 296 3346 et
315 3284 442 3364 privatis
463 3283 495 3344 in
518 3283 665 3358 ecclesiis,
682 3285 731 3346 vel
747 3293 845 3362 entra,
862 3292 892 3348 et
914 3303 1016 3348 coram

265 3379 511 3456 quibuscumque
539 3377 677 3456 personis
706 3379 842 3456 qualibet
867 3380 1017 3457 dignitate

266 3471 463 3535 ecclesiastica
489 3471 541 3532 rel
568 3472 717 3534 saeculari
745 3472 952 3549 fulgentibus,
981 3473 1016 3536 ad

266 3567 379 3630 collum
394 3580 558 3643 appensam
571 3573 692 3642 gestare
704 3567 820 3645 possint
834 3576 866 3630 et
882 3569 1014 3631 valeant.

303 3661 372 3735 §ln
397 3661 504 3724 Crucis
531 3665 635 3721 autem
662 3660 761 3722 torma
790 3661 849 3723 erit
870 3669 1015 3739 octogona

266 3755 361 3815 instar
383 3752 563 3828 Melitensis,
586 3763 732 3815 encausto
754 3755 886 3816 caerulei
908 3755 1017 3817 coloris

268 3847 375 3923 oblita;
403 3847 435 3908 in
458 3846 525 3907 eius
545 3847 702 3907 anteriore
724 3847 864 3908 orbiculo
886 3847 946 3909 erit
967 3849 1019 3910 de-

268 3942 344 4020 picta
369 3940 421 4002 rel
447 3939 600 4018 insculpta
629 3939 755 4002 Sanctae
786 3939 940 4003 Romanae
963 3942 1018 4004 Ec·

268 4033 374 4096 clesiae
389 4033 501 4110 imago,
518 4030 550 4094 in
566 4033 728 4110 posteriori
743 4048 818 4095 vero
833 4032 1017 4097 Sanctorum

269 4127 348 4187 Petri
369 4133 401 4187 et
422 4124 509 4186 Pauli
530 4126 759 4202 Apostolorum,
780 4135 815 4188 ut
836 4127 879 4188 sic
900 4128 1018 4189 cunctis

270 4229 366 4296 pateat
393 4220 472 4280 hanc
499 4219 626 4280 honoris
647 4218 852 4281 accessionem
874 4237 913 4282 ex
934 4220 1018 4282 illius

270 4311 353 4374 Sedis
375 4310 591 4374 benedictione
610 4319 642 4373 et
664 4311 760 4388 gratia
782 4313 916 4392 prodire,
941 4330 1019 4392 quae

269 4403 381 4478 abiis,
404 4405 459 4482 qui
478 4403 564 4465 illam
587 4406 770 4481 gestabunt,
799 4406 963 4482 ampliores
985 4408 1018 4469 in

268 4506 369 4559 sancta
391 4495 539 4559 catholica
554 4498 673 4559 unione
687 4514 867 4576 progressos
882 4499 938 4560 sibi
954 4499 1019 4577 pol·

269 4591 389 4653 licetur.
414 4589 513 4666 Supra
528 4589 700 4666 imaginem
721 4591 874 4654 Ecclesiae
889 4593 950 4654 erit
971 4593 1021 4654 in·

268 4685 425 4763 sculptum
451 4692 582 4744 stemma
603 4685 745 4762 regium,
775 4687 924 4764 quoniam
945 4686 1020 4747 iam-

269 4779 386 4839 dudum
418 4775 561 4838 Poloniac
592 4792 697 4853 reges,
730 4786 823 4856 atque
853 4779 943 4841 hodic
973 4795 1021 4841 se-

271 4870 451 4932 renissimus
477 4885 532 4930 reu
560 4870 729 4933 Stanislaus
750 4887 806 4950 pro
826 4888 883 4934 suo
904 4873 1020 4935 eximio

270 4964 389 5041 pietatis
409 4979 443 5024 ac
464 4961 624 5040 religionis
651 4964 753 5026 studio
773 4973 910 5027 sanctam
931 4967 1020 5028 unio·

271 5072 343 5117 nem
365 5055 450 5116 louet
470 5072 589 5134 suoque
610 5057 781 5136 patrocinio
808 5068 925 5121 tuetur.

46 5197 48 5236 ι
137 5163 255 5211 recianus
309 5149 377 5223 §b
402 5147 466 5209 Hoc
483 5158 588 5210 autem
611 5151 709 5211 crucis
730 5158 950 5213 ornamentum
965 5169 1021 5215 seu

46 5237 48 5270 ,
99 5213 123 5270 Ιιιι
141 5225 200 5273 comp

100 5275 123 5307 us
134 5277 189 5314 coare

98 5328 169 5366 tttttm.

190 5223 256 5317 iffi}
272 5242 513 5317 distinctorium,
529 5257 567 5303 ex
583 5240 722 5320 delegata
736 5244 897 5322 apostolica
918 5253 1023 5307 aucto-

272 5337 374 5411 ritate,
398 5351 462 5398 non
483 5336 521 5398 ab
542 5335 613 5412 alio,
635 5353 760 5415 quama
781 5339 1021 5417 metropolitano

272 5429 466 5506 conteratur,
489 5445 522 5490 ea
547 5437 651 5492 tamen
674 5431 754 5506 lege,
777 5440 813 5493 ut
834 5432 866 5493 in
889 5432 1022 5508 singulis

273 5525 492 5604 Episcoporum
513 5525 733 5586 llutbenorum
754 5526 944 5589 dioecesibus
964 5528 1022 5589 tria

272 5633 392 5697 semper
401 5617 594 5680 distinctoria
611 5616 708 5680 tribus
723 5618 933 5681 ecclesiasticis
947 5619 1023 5680 viris

273 5713 435 5792 utriusque
457 5711 602 5774 dioecesis
620 5711 656 5772 ab
676 5712 826 5792 Episcopo
848 5714 948 5776 eidem
962 5713 1024 5776 lte-

275 5806 459 5884 tropolitano
494 5805 725 5884 praesentandis
757 5806 956 5868 conterantur
986 5809 1023 5869 ad

275 5902 339 5980 boc,
363 5909 398 5965 ut
425 5900 606 5964 huiusmodi
633 5900 760 5963 lionoris
788 5901 963 5978 praemium
989 5917 1023 5964 ac

381 6052 432 6098 lar.
452 6050 522 6099 Pont.
539 6049 570 6095 de
585 6051 659 6111 Prop.
678 6049 737 6096 Fide
752 6051 833 6096 Partis
848 6055 866 6098 l.
882 6050 935 6096 Vol.
952 6050 990 6096 ll.

1732 531 1792 602 289
1849 535 1903 591 An.
1918 535 1948 590 G.
1970 529 2040 589 1784

1067 674 1177 736 laboris
1195 672 1434 737 incitamentum
1448 673 1480 736 in
1495 673 1625 750 singulis
1640 672 1815 751 quibusque

1068 768 1166 830 tribus
1187 767 1376 830 dioecesibus
1398 766 1497 828 tribus
1519 768 1595 828 viris
1613 781 1737 844 semper
1757 765 1817 827 lar·

1068 861 1181 937 giatur,
1205 875 1331 938 unoque
1351 859 1481 934 sublato,
1499 859 1582 926 ‚alter
1603 877 1619 920 a
1640 858 1818 922 dioecesano

1070 955 1217 1032 Episcopo
1239 952 1478 1031 metropolitano
1501 959 1735 1030 praesentetur,
1765 952 1818 1030 qui

1069 1048 1100 1110 in
1123 1048 1213 1110 illum
1240 1053 1392 1125 spectatae
1419 1046 1544 1108 virtutis
1572 1062 1605 1108 ac
1632 1045 1818 1106 meritorum

1069 1142 1231 1220 praeconio
1242 1139 1493 1204 commendatum
1506 1137 1703 1216 compererit,
1712 1138 1820 1200 eadem

1069 1251 1160 1298 cruce
1181 1251 1235 1296 seu
1257 1234 1451 1296 distinctorio
1466 1249 1579 1295 ornare
1600 1248 1664 1294 non
1686 1241 1818 1295 recuset.

1070 1330 1213 1408 Reliquas
1241 1345 1317 1392 vero
1346 1345 1451 1391 cruces
1472 1346 1504 1389 ac
1526 1327 1716 1391 distinctoria
1738 1327 1820 1390 idem

1070 1423 1326 1502 metropolitanus
1346 1421 1539 1498 dignioribus
1554 1421 1743 1500 presbyteris
1758 1437 1822 1482 me-

1072 1516 1273 1594 tropolitanae
1294 1515 1440 1577 dioecesis
1461 1513 1497 1575 ad
1519 1515 1566 1576 sui
1588 1514 1752 1576 arbitrio-m
1774 1514 1822 1575 in-

1070 1609 1200 1685 dulgere
1221 1609 1345 1685 poterit.
1673 1611 1681 1636 ι

1110 1703 1180 1777 §b
1204 1703 1312 1764 llerita
1340 1717 1416 1762 vero
1444 1718 1477 1762 ac
1498 1701 1660 1779 requisita,
1683 1716 1818 1780 quorum
1854 1770 1859 1780 ,
1885 1720 1919 1762 aa
1942 1717 2054 1780 requisc-

1071 1795 1266 1875 potissimum
1281 1795 1358 1856 ratio
1372 1802 1434 1856 tam
1449 1812 1464 1856 a
1478 1794 1715 1872 metropolitano
1727 1809 1819 1872 quam
1840 1770 2055 1881 i¹rsoa⁰si¹a¹r¹qti³eifft¹a⁸c

1072 1889 1109 1950 ab
1131 1888 1287 1966 Episcopis
1316 1889 1347 1948 in
1376 1887 1413 1948 iis
1442 1888 1654 1964 designandis,
1685 1888 1738 1964 qui
1766 1887 1821 1949 bac
1841 1889 1921 1925 eruce.

1072 1999 1162 2045 cruce
1177 1979 1308 2044 ornandi
1323 1988 1429 2057 erunt,
1446 1981 1584 2043 habenda
1600 1981 1670 2055 erit,
1685 1980 1749 2042 sint
1764 1981 1821 2041 lm-

1071 2076 1224 2137 iusmodi:
1260 2073 1460 2136 Sacerdotalis
1486 2076 1580 2150 ord03
1608 2073 1764 2136 institutio
1789 2090 1822 2134 ac

1072 2169 1176 2232 sedula
1197 2168 1373 2230 studiorum
1389 2182 1481 2244 opera
1496 2168 1528 2228 in
1545 2167 1710 2244 pontificiis
1731 2167 1825 2228 semi-

1073 2261 1167 2322 nariis
1194 2261 1351 2338 impensa3
1382 2260 1602 2323 commentaria
1632 2277 1665 2322 ac
1689 2259 1761 2321 libri
1789 2259 1823 2320 in

1073 2354 1176 2416 lucem
1197 2354 1272 2416 editi
1293 2369 1349 2432 pro
1363 2353 1529 2415 catholicae
1544 2352 1703 2430 religionis
1725 2353 1825 2415 incre-

1073 2454 1195 2524 mento,
1219 2448 1334 2526 patriae
1349 2448 1522 2523 missiones,
1545 2464 1578 2510 ac
1592 2463 1672 2510 sacra
1688 2447 1824 2510 cateche-

1073 2541 1114 2601 sis
1136 2556 1208 2602 cum
1230 2540 1320 2603 laude
1342 2548 1474 2618 peracta,
1498 2557 1531 2602 ac
1546 2548 1648 2604 sancta
1670 2541 1746 2602 unio
1760 2555 1824 2602 ma-

1074 2634 1120 2710 gis
1131 2642 1313 2712 propagata;
1329 2633 1568 2696 seminariorum
1583 2635 1744 2711 regimen;
1761 2648 1823 2695 ser-

1073 2727 1187 2789 vitium
1209 2727 1241 2788 in
1263 2728 1421 2805 paroeciis,
1438 2733 1530 2805 atque
1551 2728 1583 2789 in
1601 2727 1823 2805 Episcoporum

1073 2820 1166 2883 curiis
1187 2821 1390 2898 praestitum3
1414 2821 1542 2882 demum
1564 2819 1715 2881 natalium
1737 2819 1824 2881 nobi-

1073 2915 1152 2989 litas,
1166 2932 1220 2976 seu
1234 2915 1342 2977 saltem
1355 2916 1509 2988 honestas,
1523 2930 1566 2984 ac,
1580 2914 1606 2974 si
1618 2913 1686 2975 lieri
1698 2913 1822 2991 poterit,

1074 3011 1187 3084 gradus
1197 3007 1347 3085 aliquisin
1360 3007 1615 3069 universitatibus
1627 3011 1821 3084 assequutus.

1112 3103 1131 3176 5
1154 3102 1182 3164 7.
1207 3099 1253 3162 Ne
1273 3107 1379 3163 autem
1401 3101 1457 3160 troc
1473 3101 1573 3163 crucis
1589 3118 1622 3163 ac
1637 3097 1824 3162 distinctorii
1857 3118 2004 3172 explicatur
2018 3130 2057 3164 or-

1074 3203 1296 3258 ornamentum
1326 3195 1428 3257 aotam
1458 3194 1642 3272 superfluae
1672 3193 1824 3255 clationis
1844 3176 2057 3271 Βζωῗέξοῖξξζῗρ

1074 3305 1217 3368 pompam
1239 3289 1436 3367 praescierat,
1459 3286 1722 3366 quemadmodum
1742 3285 1824 3348 idem
1844 3289 1898 3324 ⁰⁵⁵⁰
1918 3279 2056 3334 incretum,

1074 3391 1105 3445 et
1128 3384 1257 3448 Sanctus
1278 3382 1447 3460 Gregorius
1468 3383 1578 3457 aiebat,
1600 3380 1650 3442 sed
1668 3381 1770 3460 potius
1784 3380 1824 3442 sit
1844 3343 2058 3442 ggrssranvaailraaffl

1075 3476 1248 3538 devotionis
1260 3476 1409 3538 indicium
1425 3491 1497 3552 erga
1509 3475 1727 3552 Apostolorum
1739 3474 1823 3553 prin·
1844 3440 1945 3486 ΨΜ

1075 3571 1187 3648 cipem,
1210 3577 1365 3648 pastorem
1390 3586 1423 3630 ac
1445 3569 1634 3630 nutritorem
1662 3574 1823 3643 nostrum,

1075 3665 1204 3741 eiusque
1231 3662 1428 3740 apostolicam
1450 3663 1643 3736 cathedram,
1673 3661 1825 3739 adquam

1075 3764 1200 3836 propter
1230 3757 1296 3818 eius
1325 3755 1533 3834 potentiorem
1565 3753 1825 3833 principalitatem

1076 3866 1203 3912 omnem
1231 3864 1356 3912 necesse
1384 3856 1430 3910 est
1455 3848 1624 3910 convenire
1645 3847 1823 3921 ecclesiam,

1076 3953 1168 4021 atque
1189 3957 1252 4015 eos,
1267 3942 1321 4019 qui
1336 3942 1474 4020 undique
1488 3948 1562 4004 sunt
1577 3940 1694 4014 fideles,
1718 3941 1825 4003 cadem

1076 4036 1166 4100 Sacra
1195 4034 1402 4110 congregatio
1423 4035 1529 4108 iussit,
1556 4034 1751 4112 presbyteros
1778 4033 1825 4094 tris

1077 4129 1192 4207 gloriae
1214 4135 1244 4190 et
1258 4127 1429 4206 splendoris
1449 4128 1623 4204 insignibus
1638 4126 1825 4189 decorandos

1077 4222 1348 4301 alletropolitano
1376 4227 1468 4299 atque
1489 4223 1583 4282 etiam
1604 4221 1641 4282 ab
1666 4221 1732 4281 aliis
1756 4220 1825 4297 Epi-

1076 4315 1173 4393 scopis
1195 4315 1365 4376 movendos
1386 4329 1452 4374 esse
1473 4321 1565 4392 atque
1587 4314 1766 4387 hortandos,
1790 4320 1825 4375 ut

1077 4409 1110 4471 in
1131 4407 1244 4470 sanctis
1265 4406 1408 4485 operibus
1430 4423 1463 4467 ac
1485 4406 1664 4485 praesertim
1688 4407 1720 4467 in
1736 4411 1826 4468 tuen·

1077 4504 1113 4566 da
1128 4509 1220 4579 atque
1230 4498 1444 4578 amplificanda
1458 4499 1603 4560 catholica
1615 4499 1745 4575 unione,
1758 4514 1828 4575 per-

1077 4598 1234 4668 severent,
1256 4600 1287 4654 et
1301 4591 1327 4654 si
1342 4609 1380 4654 eu
1396 4591 1508 4654 merito
1527 4593 1684 4653 actionum
1699 4607 1828 4653 suarum

1077 4689 1135 4749 boc
1157 4685 1252 4748 laudis
1274 4685 1493 4747 testimonium
1509 4685 1545 4746 ab
1560 4683 1732 4762 Apostolica
1748 4685 1826 4748 Sede

1077 4788 1150 4842 sunt
1180 4780 1300 4858 adepti,
1323 4779 1413 4842 novis
1441 4778 1583 4840 laborum
1611 4795 1643 4839 ac
1672 4778 1827 4839 virtutum

1078 4873 1303 4935 accessionibus
1324 4873 1488 4934 videantur
1509 4870 1619 4932 collato
1638 4869 1696 4932 sibi
1718 4871 1829 4932 lronori

1078 4965 1322 5031 cumulatissime
1350 4963 1546 5042 respondere.
1571 4963 1660 5040 Nam,
1684 4972 1719 5026 ut
1745 4963 1828 5026 idem

1079 5062 1109 5124 S.
1123 5061 1291 5136 Gregorius
1306 5058 1518 5138 prosequitur:
1535 5057 1614 5120 thm
1630 5057 1760 5117 tractoria
1776 5074 1829 5119 cr·

1079 5159 1228 5234 permeato
1249 5169 1330 5214 cero
1352 5167 1470 5229 quoque
1491 5150 1725 5212 sollicitudinis
1741 5149 1828 5213 debet

1080 5263 1274 5316 accrescere,
1298 5253 1336 5306 ut
1359 5244 1466 5304 cultui
1487 5245 1658 5314 vestitum,
1689 5246 1830 5307 actionis

1080 5358 1199 5419 quoque
1228 5345 1417 5402 ornamento
1443 5339 1652 5399 coeeecioat:
1682 5342 1825 5416 oportet,

1080 5442 1118 5498 ut
1146 5434 1278 5496 eutimius
1307 5432 1490 5494 lacunatis
1518 5447 1550 5491 ae
1578 5432 1699 5494 stattliis
1721 5439 1829 5496 oestro

1080 5529 1277 5611 fraternitas
1306 5531 1464 5588 cccrccni.
1491 5526 1586 5589 Circe
1610 5524 1828 5589 subiectorum

1080 5627 1173 5686 actes
1185 5621 1230 5682 sit
1241 5637 1320 5684 care
1332 5619 1482 5699 uigilans,
1495 5627 1638 5684 oestrum
1650 5620 1716 5682 iilic
1728 5637 1829 5682 cacem-

1079 5715 1179 5792 pltcm,
1198 5714 1376 5775 instructio
1392 5718 1421 5774 et
1436 5713 1505 5774 aito
1520 5714 1680 5793 magistro
1695 5714 1752 5786 sit,
1768 5713 1829 5774 lin·

1080 5787 1162 5888 pecc
1183 5815 1307 5870 destruc
1334 5806 1561 5868 cccltortotiooo
1589 5807 1716 5869 discant
1747 5806 1829 5885 quod

1080 5906 1240 5969 metricat,
1264 5904 1294 5959 ct
1320 5898 1509 5972 doceantur,
1533 5899 1614 5977 quod
1636 5900 1786 5978 diligent.

1696 6052 1721 6096 ιιι
