4808 6988
74 581 120 634 sn.
134 580 162 631 (l.
183 574 251 630 1821
333 619 335 623 ,

64 725 266 830 ,Ρξῐξῇξξὲξξξζ
329 716 416 794 560.
441 718 549 780 Eidem
571 733 644 780 vero
666 716 793 794 losepho
815 713 963 791 Episcopo
983 719 1036 770 ex-

64 833 265 898 33333333-
285 827 389 889 presse
414 812 605 888 iniungimus
625 829 657 874 ac
674 812 864 880 mandamus,
882 813 917 892 ut
932 823 1036 868 exem-

64 887 190 936 ¹¹²¹“⁹¹¹‘¹¹⁵·
285 903 334 984 pla
355 905 552 980 singulorum
574 911 714 966 actorum
733 909 795 964 tam
809 918 866 980 per
881 919 924 976 se,
941 917 1034 980 quam

285 1013 341 1075 per
362 999 399 1059 ab
420 1014 456 1059 eo
477 997 691 1075 subdelegatos
714 998 744 1058 in
768 996 980 1073 praesentium
999 993 1036 1055 li-

283 1097 421 1152 terarum
445 1093 688 1170 exequutionem
711 1088 973 1152 conficiendorum
990 1087 1034 1149 in-

285 1191 332 1246 tra
354 1185 576 1262 quadrimestre
598 1184 635 1246 ab
656 1182 776 1261 expleta
805 1184 942 1261 ipsarum
965 1195 1036 1242 exe-

285 1279 439 1355 quutione
460 1278 494 1340 ad
527 1278 605 1339 banc
630 1277 836 1356 apostolicam
866 1275 978 1338 Sedem
1000 1274 1034 1334 in

285 1371 463 1432 authentica
493 1369 591 1432 torma
620 1370 821 1442 transmittat,
843 1369 877 1429 in
898 1366 1034 1430 archivio

286 1465 534 1542 congregationis
556 1465 647 1526 rebus
669 1462 931 1526 consistorialibus
949 1477 1036 1538 prae-

287 1559 403 1634 positae
424 1559 460 1620 de
483 1575 570 1620 more
591 1559 784 1620 asservanda.

78 1657 190 1756 criusu13
205 1657 267 1704 snb
328 1653 347 1728 5
366 1651 416 1714 dl.
441 1652 618 1713 Praesentes
640 1659 749 1713 autem·
767 1651 880 1724 literas,
897 1657 929 1712 et
944 1651 975 1710 in
990 1649 1035 1711 eis

63 1715 108 1812 {3113
124 1717 266 1811 ginnega-
287 1753 433 1808 contenta
455 1761 486 1807 ac
507 1751 620 1806 statuta
641 1760 867 1822 quaecumque,
888 1744 980 1806 etiam
996 1759 1035 1804 ex

287 1840 425 1918 eoquod
447 1838 577 1917 quilibet
599 1838 630 1899 in
654 1837 838 1916 praemissis
862 1837 912 1898 vel
934 1837 965 1899 in
985 1852 1035 1898 eo-

287 1949 359 1994 rum
380 1932 484 2008 aliquo
506 1932 552 1992 lus
572 1939 625 1993 333
643 1932 793 1993 interesse
808 1931 968 2004 habentes,
985 1929 1035 1992 vel

286 2023 1036 2104 quomodolibetedamintuturnmhabereprae

286 2118 461 2193 tendentes,
475 2118 608 2180 cuiusvis
623 2125 732 2193 status,
745 2119 872 2192 ordinis,
885 2119 1034 2181 conditio-

286 2214 334 2274 nis
356 2221 387 2274 et
407 2210 679 2288 praeeminentiae,
701 2229 734 2273 ao
762 2213 855 2273 etiam
882 2213 1032 2290 specitica,

285 2322 427 2384 expressa
447 2315 480 2368 et
500 2305 660 2369 individua
682 2304 842 2367 mentione
857 2306 943 2382 digni
958 2307 1033 2379 sint,

288 2401 349 2463 illis
370 2416 436 2462 non
458 2399 685 2472 consenserint,
701 2415 756 2461 333
778 2402 858 2478 quod
880 2399 975 2477 aliqui
996 2415 1034 2461 ex

286 2494 359 2574 ipsis
375 2496 410 2554 ad
427 2493 590 2572 praemissa
605 2493 736 2553 minime
750 2494 860 2566 vocati,
876 2492 925 2553 vel
941 2493 1034 2554 etiam

286 2586 470 2656 nullimode,
483 2593 536 2647 aut
551 2585 700 2647 nonsatis
715 2586 810 2647 auditi
826 2585 956 2660 luerint,
969 2587 1033 2647 sive

287 2697 325 2742 ex
346 2679 403 2742 alia
424 2679 561 2758 qualibet
581 2679 673 2739 etiam
694 2678 836 2740 laesionis
851 2679 900 2740 vol
915 2679 972 2740 alia
988 2680 1034 2740 iu-

287 2775 392 2847 ridica,
414 2772 607 2851 privilegiata
622 2789 655 2833 33
671 2772 950 2850 privilegiatissima
966 2789 1034 2834 333-
1061 2820 1063 2849 ,

286 2885 329 2942 sa,
358 2867 472 2940 colore,
502 2873 677 2944 praetextu,
707 2873 738 2926 et
760 2865 858 2942 capite
887 2865 1033 2926 etiamid
1061 2854 1063 2984 1

286 2975 413 3038 corpore
435 2960 511 3020 ioris
543 2958 644 3020 clauso
666 2958 754 3020 nullo
786 2974 935 3036 umquam
958 2965 1034 3020 tem-

286 3071 360 3132 pore
382 3056 419 3116 de
444 3053 655 3131 subreptionis
677 3051 726 3113 vel
755 3052 958 3131 obreptionis,
981 3060 1034 3116 aut

287 3149 441 3212 nullitatis
462 3147 539 3209 vitio
559 3163 614 3208 seu
637 3146 823 3208 intentionis
846 3155 968 3209 nostrae
984 3149 1034 3209 vel

288 3243 435 3304 interesse
452 3241 632 3302 habentium
649 3255 829 3313 consensus,
845 3239 945 3302 aliove
960 3257 1034 3318 quo·
1061 3272 1064 3343 t

288 3336 361 3398 libet
383 3335 515 3409 delectu,
539 3333 742 3412 quantumvis
764 3349 888 3410 magno,
912 3335 1034 3398 inexco-

287 3430 394 3506 gitato,
416 3427 611 3490 substantiali
631 3443 664 3488 ao
678 3425 980 3503 substantialissimo,
995 3429 1034 3490 si·

286 3539 325 3584 ve
344 3522 438 3585 etiam
453 3539 491 3584 ex
505 3539 542 3582 eo
557 3523 636 3599 quod
653 3521 685 3582 in
700 3521 875 3599 praemissis
888 3521 1033 3584 solemni-

288 3624 377 3692 tates,
400 3625 431 3678 et
451 3631 663 3694 quaecumque
684 3616 742 3677 alia
763 3617 863 3678 forsan
885 3621 1034 3682 servanda

288 3719 318 3772 et
345 3709 553 3788 adimplenda,
583 3709 711 3770 minime
740 3719 859 3772 servata
887 3721 918 3772 et
939 3712 1034 3774 adim·

288 3804 379 3882 pleta,
402 3819 456 3864 seu
477 3818 584 3864 causae
610 3811 735 3879 propter
762 3820 836 3880 quas
858 3812 1034 3882 praesentes

287 3898 514 3968 emanaverint,
528 3911 591 3958 non
607 3896 797 3958 sufficienter
811 3899 968 3977 adductae,
982 3917 1035 3963 ve

287 3993 423 4056 riilcatae
442 3998 473 4052 et
495 3989 672 4051 iustificatae
691 3989 819 4067 luerint,
843 3996 955 4069 notari,
978 3995 1035 4055 im-

287 4085 420 4165 pugnari
449 4090 500 4145 aut
529 4083 601 4143 alias
629 4082 769 4159 infringi,
801 4086 958 4164 suspendi,
985 4104 1033 4150 re-

287 4180 411 4254 stringi,
434 4177 561 4238 limitari
589 4177 639 4266 vel
661 4176 692 4237 in
715 4179 958 4242 controversiam
980 4197 1033 4260 vq-

287 4274 360 4347 cari,
383 4287 438 4332 seu
460 4269 606 4331 adversus
627 4285 675 4330 eas
702 4271 909 4332 restitutionis
933 4274 964 4334 in
986 4274 1033 4334 in·

287 4371 425 4440 regrum,
448 4363 627 4442 aperitionis
654 4361 728 4436 oris,
752 4371 804 4424 aut
834 4363 917 4426 aliud
938 4366 1033 4443 quod-

286 4473 421 4536 cumque
443 4457 529 4530 iuris,
545 4455 627 4530 lacti,
643 4455 691 4517 vel
707 4456 843 4518 iustitiae
858 4458 1031 4520 remedium
1059 4508 1062 4564 Ι

286 4550 457 4627 impetrari,
471 4559 523 4610 aut
537 4549 595 4609 suh
610 4549 769 4625 quibusvis
784 4549 945 4610 contrariis
960 4566 1032 4613 con·
1059 4570 1061 4597 ⁵

285 4642 510 4716 stitutionibus,
533 4643 793 4716 revocationibus,
824 4645 1031 4723 suspensioni·

286 4737 354 4811 bus,
377 4735 625 4809 limitationibuS,
648 4735 912 4813 derogationibus
935 4739 1033 4800 modi-

286 4829 496 4904 ficationibus,
529 4829 659 4890 decretis
690 4840 742 4891 aut
774 4830 1031 4893 declarationibus

285 4923 491 4998 generalibus,
514 4923 563 4983 vel
591 4923 772 5000 specialibus
802 4925 1031 5001 quomodolibet

285 5016 370 5079 lactis
390 5017 521 5079 minime
535 5032 623 5095 posse
637 5017 870 5094 comprehendi,
885 5017 937 5078 sed
952 5034 1032 5080 sera-

285 5127 339 5190 per
360 5111 477 5174 abillis
499 5118 641 5189 exceptas
662 5126 728 5171 esse
750 5120 781 5172 33
801 5111 878 5185 lore,
900 5129 933 5172 ac
955 5117 1031 5174 tam·

284 5221 377 5284 quam
404 5222 442 5267 ex
471 5206 647 5286 pontilioiae
674 5206 888 5282 providentiae
918 5205 1029 5281 officio,

284 5308 366 5362 certa
387 5299 516 5360 scicntia
537 5308 567 5360 et
589 5299 746 5376 potestatis
767 5299 961 5376 plenitudine
977 5315 1030 5360 no-

284 5393 356 5454 stris
377 5391 467 5454 333333
497 5398 526 5452 33
554 5400 708 5452 emanatas
736 5393 911 5455 omnimoda
934 5393 1030 5454 lirini-

286 5493 346 5548 tate
368 5495 518 5564 perpetuo
546 5484 660 5548 validas
682 5491 712 5546 et
734 5485 869 5547 elllcaces
896 5488 1030 5548 existere

284 5588 316 5640 et
337 5579 414 5654 iore,
437 5595 569 5656 suosque
598 5579 751 5656 plenarios
777 5587 807 5640 et
829 5580 967 5654 integros
988 5579 1030 5640 ei·

283 5672 382 5734 iectus
409 5673 515 5734 sortiri
537 5679 567 5732 et
588 5672 740 5746 obtinere,
769 5673 860 5733 acab
886 5673 1031 5734 omnibus

284 5765 321 5825 ad
341 5783 420 5844 quos
440 5772 558 5844 spectat
582 5774 613 5826 et
633 5763 780 5843 spectabit
800 5766 1031 5843 quomodolibet

285 5855 318 5918 in
339 5857 484 5920 loturum
512 5862 660 5935 perpetuo
685 5866 716 5917 33
738 5856 960 5918 inviolabiliter
981 5858 1032 5918 ob-

285 5953 403 6016 servari
423 5970 457 6016 ac
478 5953 724 6031 supradictarum
746 5955 944 6018 ecclesiarum
960 5957 1030 6036 Epi-

957 583 1027 634 atos
1049 584 1098 631 Pe.
1123 580 1178 633 vll.

1759 561 1818 636 605
1868 565 1922 624 An.
1936 570 1966 624 G.
1988 563 2055 624 isit

1090 710 1187 788 scopis
1208 721 1239 774 et
1266 713 1420 791 capitulis,
1443 713 1572 791 aliisque
1598 727 1732 792 quorum
1754 710 1837 772 lavo-

1091 822 1156 866 3333
1180 815 1355 882 praesentes
1370 816 1493 869 nostrae
1507 806 1615 868 literae
1630 813 1835 870 concernunt,

1091 900 1248 976 perpetuis
1260 899 1372 962 tuturis
1387 900 1574 977 temporibus
1587 897 1764 976 plenissime
1775 896 1839 959 sui-

1091 991 1203 1068 iragari
1225 993 1348 1068 debere,
1371 992 1558 1072 eosdemque
1579 1008 1672 1070 super
1694 993 1839 1070 praemis·

1090 1085 1131 1146 sis
1153 1087 1297 1148 omnibus
1318 1097 1348 1148 et
1370 1087 1513 1164 singulis,
1537 1085 1587 1146 vel
1611 1084 1735 1147 illorum
1750 1102 1838 1146 causa

1091 1179 1128 1240 ab
1146 1179 1299 1258 aliquibus
1315 1180 1423 1258 quavis
1439 1180 1619 1243 auctoritate
1635 1179 1838 1255 fungentibus

1091 1273 1322 1350 quomodolibet
1338 1274 1505 1348 molestari,
1519 1273 1704 1351 perturbavi,
1718 1273 1838 1350 inquie-

1093 1367 1148 1426 tari
1170 1367 1221 1428 vel
1249 1367 1404 1445 impediri,
1428 1384 1530 1446 neque
1553 1366 1836 1445 adprobationem,

1091 1477 1144 1522 seu
1167 1461 1412 1524 verificationem
1434 1475 1711 1539 ¹quorumcumque
1734 1458 1766 1518 in
1787 1459 1838 1518 iis-

1091 1554 1161 1615 dem
1187 1555 1399 1631 praesentibus
1431 1562 1628 1616 narratorum
1658 1552 1838 1614 nullatenus

1092 1661 1239 1724 umquam
1264 1647 1374 1720 teneri,
1398 1648 1548 1724 nequead
1566 1646 1594 1707 id
1609 1644 1642 1705 in
1659 1644 1771 1706 iudicio
1788 1643 1837 1706 vel

1092 1748 1176 1801 extra
1198 1740 1265 1816 cogi
1287 1757 1341 1802 333
1363 1739 1506 1817 compelli
1531 1756 1626 1819 posse,
1651 1747 1681 1800 et
1703 1739 1728 1798 si
1750 1753 1838 1799 33333

1091 1849 1185 1910 super
1215 1834 1261 1895 his
1292 1851 1306 1894 a
1334 1849 1489 1912 quoquam
1521 1835 1627 1911 quavis
1657 1832 1837 1894 arroteritate

1091 1927 1225 1988 scienter
1255 1927 1304 1988 vel
1335 1929 1515 2004 ignoranter
1543 1927 1709 2004 contigerit
1738 1932 1838 1986 atten-

1093 2021 1160 2094 tari,
1182 2022 1307 2082 irritum
1330 2030 1361 2083 33
1383 2038 1507 2099 prorsus
1529 2021 1622 2082 inane
1643 2035 1709 2082 esse
1724 2037 1757 2082 33
1770 2018 1837 2080 fore

1091 2115 1236 2176 volumus
1258 2123 1351 2192 atque
1372 2115 1578 2177 decernimus.

1131 2211 1149 2284 ἓ
1170 2211 1219 2280 (32.
1249 2207 1317 2270 Non
1340 2209 1531 2270 obstantibus
1552 2207 1590 2268 de
1610 2209 1678 2270 iure
1700 2207 1837 2286 quaesito
1856 2213 2068 2312 tbersasotiocov·

1091 2321 1156 2366 non
1180 2303 1327 2376 tollendo,
1351 2302 1388 2364 de
1408 2303 1675 2382 suppressionibus
1697 2302 1837 2364 commit·
1869 2278 2001 2314 rariorum.

1094 2398 1193 2458 tendis
1214 2398 1249 2458 ad
1272 2407 1386 2474 partes,
1410 2397 1523 2458 vocatis
1546 2411 1679 2474 quorum
1696 2395 1835 2468 interest,

1090 2491 1220 2570 aliisque
1251 2491 1415 2552 nostriset
1438 2489 1635 2551 cancellariae
1656 2486 1836 2566 apostolicae

1091 2586 1217 2662 regulis,
1230 2601 1359 2648 necnon
1371 2583 1522 2646 dictarum
1535 2581 1837 2646 ecclesiarumetiam

1091 2681 1328 2741 confirmatione
1349 2678 1522 2756 apostolica,
1542 2678 1591 2738 vel
1614 2677 1720 2754 quavis
1742 2675 1837 2735 firmi-

1092 2782 1152 2836 tate
1176 2773 1234 2832 alia
1254 2773 1404 2834 roboratis
1432 2773 1554 2834 statutis
1583 2779 1614 2835 et
1641 2774 1837 2836 consuetudi·

1092 2866 1182 2927 nibus
1213 2867 1305 2927 etiarn
1334 2866 1642 2940 immemorabilibus,
1665 2866 1838 2945 privilegiis

1091 2976 1231 3038 quoque,
1257 2958 1385 3020 indultis
1409 2968 1440 3021 et
1462 2960 1708 3021 concessionibus
1731 2975 1839 3038 quam·

1092 3057 1136 3116 vis
1157 3054 1296 3132 specifica
1317 3061 1349 3114 et
1366 3053 1525 3114 individua
1548 3053 1707 3114 mentione
1722 3051 1835 3130 dignis,

1091 3149 1299 3225 omnibusque
1329 3154 1361 3207 et
1388 3146 1519 3223 singulis
1550 3147 1722 3224 apostolicis
1751 3149 1836 3210 acin

1090 3243 1284 3322 synodalibus
1312 3240 1361 3302 vel
1387 3241 1583 3316 generalibus
1610 3242 1838 3304 constitutioni·

1092 3339 1147 3399 bus
1169 3342 1200 3397 et
1221 3334 1464 3398 ordinationibus
1493 3349 1527 3394 ac
1551 3332 1670 3407 formis,
1699 3334 1837 3396 etiamsi

1091 3430 1239 3510 specialis,
1255 3427 1393 3506 specifica
1416 3435 1447 3490 et
1468 3426 1628 3490 individua
1651 3429 1769 3489 mentio
1782 3445 1836 3489 seu

1091 3523 1215 3604 quaevis
1237 3523 1293 3583 alia
1322 3521 1477 3600 expressio
1498 3521 1635 3584 habenda
1663 3529 1716 3583 aut
1736 3521 1837 3599 aliqua

1091 3617 1147 3678 alia
1168 3615 1320 3694 exquisita
1341 3614 1439 3676 forma
1460 3616 1496 3676 ad
1510 3615 1567 3676 hoc
1581 3613 1728 3676 servanda
1745 3615 1835 3691 loret,

1091 3711 1216 3772 illorum
1239 3711 1362 3770 tenores
1378 3725 1411 3770 33
1431 3708 1457 3768 si
1479 3709 1516 3770 de
1532 3708 1625 3771 verbo
1647 3709 1681 3770 ad
1704 3708 1837 3770 verbum

1091 3805 1170 3866 nihil
1190 3803 1313 3882 penitus
1334 3802 1447 3863 omisso
1469 3811 1499 3862 33
1521 3800 1618 3862 lorma
1639 3801 1671 3862 in
1695 3802 1756 3864 illis
1778 3810 1837 3864 tra-

1090 3901 1151 3962 dita
1181 3899 1340 3961 observata
1368 3896 1476 3958 inserti
1501 3895 1602 3958 lorent
1626 3896 1837 3974 praesentibus

1091 4010 1145 4071 pro
1166 3991 1318 4070 expressis
1346 3990 1507 4064 habentes,
1531 3991 1565 4049 ad
1596 3990 1836 4068 praemissorum

1090 4087 1232 4150 omnium
1254 4095 1285 4148 et
1305 4085 1502 4162 singulorum
1524 4082 1668 4146 ellectum
1690 4085 1837 4148 latissime

1091 4189 1120 4243 et
1143 4179 1331 4259 plenissime,
1353 4194 1387 4238 33
1408 4177 1581 4256 specialiter
1595 4185 1626 4238 et
1641 4195 1784 4257 expresse
1798 4195 1836 4238 ex

1090 4284 1170 4335 certa
1192 4272 1318 4334 scientia
1338 4278 1370 4333 et
1392 4271 1550 4350 potestatis
1572 4271 1765 4350 plenitudine
1787 4286 1836 4348 pa-

1090 4367 1174 4428 ribus
1195 4365 1391 4442 derogamus,
1408 4373 1438 4425 33
1460 4367 1641 4440 derogatum
1659 4380 1724 4424 esse
1739 4365 1838 4426 decla·
1933 4415 1937 4424 .

1090 4476 1205 4534 ramus,
1232 4459 1423 4536 caeterisque
1450 4457 1610 4519 contrariis
1635 4457 1835 4536 quibuscum-

1089 4571 1160 4634 que.

1129 4651 1148 4724 ἓ
1168 4647 1217 4710 63.
1243 4647 1394 4712 Volumus
1416 4654 1585 4725 praeterea,
1611 4655 1643 4708 ut
1666 4648 1777 4708 harum
1800 4646 1834 4706 li·
1868 4665 2067 4731 stuasuaoenua

1090 4751 1228 4805 terarum
1251 4749 1428 4804 nostrarum
1451 4741 1652 4819 transumptis
1668 4740 1763 4801 etiam
1779 4741 1835 4800 im-
1854 4723 2029 4779 transumptis.

1089 4838 1211 4916 pressis,
1240 4852 1334 4896 manu
1357 4842 1460 4896 tamen
1489 4835 1617 4896 alicuius
1645 4833 1757 4894 notarii
1780 4851 1836 4911 pu-

1089 4931 1158 4991 blici
1181 4929 1372 5008 subscriptis,
1393 4937 1423 4988 et
1444 4928 1545 5004 sigillo
1567 4944 1715 5006 personae
1736 4929 1766 4989 in
1787 4944 1834 4990 ec·

1088 5023 1252 5085 clesiastica
1267 5022 1417 5100 dignitate
1432 5022 1616 5084 constitutae
1631 5023 1771 5097 munitis,
1788 5040 1835 5084 ea·

1089 5118 1159 5179 dem
1182 5132 1307 5195 prorsus
1330 5115 1402 5176 tides
1418 5113 1532 5193 ubique
1547 5115 1739 5190 adhibeatur,
1756 5131 1836 5192 quae

1089 5211 1160 5290 ipsis
1176 5209 1386 5289 praesentibus
1401 5209 1609 5282 adhiberetur,
1625 5208 1649 5269 si
1666 5207 1767 5270 lorent
1782 5225 1834 5269 ex—

1089 5306 1201 5367 hibitae
1223 5304 1273 5366 vel
1295 5311 1444 5365 ostensae.

1128 5399 1216 5476 §tlh
1245 5397 1330 5459 Nulli
1354 5413 1429 5474 ergo
1456 5397 1586 5460 omnino
1607 5398 1772 5460 hominum
1800 5397 1834 5458 li·
1889 5415 1992 5482 sanctio
2008 5429 2065 5476 poe-

1088 5499 1153 5554 oeat
1176 5495 1253 5553 hanc
1279 5491 1423 5568 paginam
1448 5501 1572 5552 nostrae
1596 5491 1833 5570 suppressionis,
1854 5472 1927 5518 ”³¹¹³

1088 5585 1305 5658 extinctionis,
1335 5582 1574 5659 annullationis,
1608 5585 1833 5662 restitutioniS,

1087 5677 1264 5751 erectionis,
1286 5677 1425 5752 unionis,
1452 5677 1745 5756 dismembrationis,
1773 5683 1834 5742 dis-

1089 5771 1266 5845 iunctionis,
1289 5771 1500 5850 separationis,
1524 5774 1761 5850 aggregationis,
1784 5791 1834 5852 ap·

1088 5865 1272 5942 plicatIonis,
1302 5865 1608 5944 circumscriptionis
1631 5869 1834 5930 concessionis

1088 5958 1212 6034 indulti,
1237 5958 1439 6035 elargitioniS,
1463 5961 1690 6038 assignationis,
1712 5961 1834 6044 supple·
