4734 7004
918 578 1059 624 caeneus
1079 578 1150 626 xttt.

264 696 480 772 paenitentiae
494 698 659 777 fructibus
675 700 710 762 de
726 698 899 761 commissis
913 697 1009 761 satis-

265 789 402 868 fecerint
422 795 454 851 et
475 793 610 862 amissis,
626 809 736 856 eorum
753 794 880 856 animas
901 792 1009 869 poeuis

264 885 451 960 parpatorii
471 890 543 962 post
564 891 696 948 mortem
711 889 859 965 parpori,
877 890 918 954 et,
935 890 1009 948 uta

264 975 371 1050 poenis
392 975 560 1040 laiusmdi
585 981 777 1050 releventur,
800 979 943 1056 prodesse
964 978 1007 1039 eis

263 1065 407 1144 fidelium
421 1071 567 1133 oioortrm
578 1073 750 1152 suprapia,
761 1074 934 1136 Missurum
948 1072 1008 1134 sci-

265 1159 339 1221 licet
360 1164 537 1242 sacrificio,
560 1169 720 1230 orationes
741 1173 772 1229 et
787 1169 1006 1243 eleemosynas,

264 1270 302 1315 oe
322 1253 391 1317 alia
417 1258 553 1334 pietatis
575 1261 691 1339 officio,
722 1278 801 1340 quoe
821 1279 840 1324 a
860 1258 1008 1338 fidelibus

262 1362 321 1424 pro
347 1348 424 1410 aliis
451 1350 597 1429 fidelibus
617 1354 690 1434 peri
711 1361 942 1417 consueverunt
962 1369 1007 1414 se-

263 1443 407 1504 cundum
424 1445 583 1508 Ecclesiae
597 1448 803 1523 institutam
818 1449 1009 1528 illorumque

262 1535 411 1608 animas,
441 1540 507 1616 oui,
531 1547 600 1617 post
622 1539 782 1620 baptismo
810 1547 1005 1619 susceptum,

262 1633 392 1698 nattam
415 1638 543 1698 omnino
564 1639 685 1716 peccati
711 1637 872 1701 maculam
897 1639 1009 1699 iucur-

263 1733 400 1800 rerunt,
431 1729 506 1792 illas
534 1733 644 1801 etiam,
675 1747 753 1810 auae
781 1739 849 1809 post
881 1737 1008 1794 contra·

261 1825 351 1884 ctam
382 1825 507 1900 peccati
535 1825 696 1888 maculam
717 1825 764 1886 oel
787 1827 822 1888 in
843 1829 913 1889 suis
941 1844 1008 1888 cor·

260 1915 397 1990 poribus
425 1919 470 1980 ael
500 1919 615 1981 eisdem
641 1925 759 1982 3333333
785 1926 864 1982 sunt
890 1936 1007 2001 purpo-

234 2021 237 2024 ·
263 2013 349 2079 tae,.
366 2011 402 2073 in
427 2012 545 2090 coelum
576 2030 649 2076 moa
680 2014 795 2091 recipi,
829 2018 859 2075 ct
882 2013 1007 2076 intueri

261 2101 353 2164 clare
385 2104 489 2181 ipsam
520 2105 620 2168 Deum
658 2106 791 2169 Trinum
816 2115 846 2169 et
883 2106 1006 2180 Ouum,

259 2194 368 2258 siculi
388 2205 451 2268 cst,
473 2200 743 2276 promeritorum
770 2209 877 2264 tamen
905 2201 1009 2264 diocr-

259 2288 364 2352 sitate
385 2291 488 2354 oliam
502 2291 567 2355 alio
582 2295 776 2377 perfectius,-
797 2294 928 2358 illorum
950 2311 1007 2358 ou-

261 2391 326 2446 tem
349 2387 485 2454 animos,
510 2388 566 2465 oui
587 2389 622 2448 in
643 2390 770 2452 actuali
787 2390 920 2452 mortali
940 2405 1007 2468 pec-

260 2483 347 2553 cato,
365 2481 412 2542 oel
427 2483 492 2544 sola
507 2481 672 2561 aripinali,
690 2483 854 2557 decedunt,
875 2499 949 2546 moa
973 2483 1007 2544 ia

260 2573 432 2654 infernam
447 2575 641 2647 descendere,
657 2578 765 2654 poertis
781 2585 888 2640 tamen
903 2577 1007 2654 dispa-

261 2663 356 2728 ribus
378 2668 568 2744 puniendas.
586 2671 664 2734 Item
680 2670 711 2734 S.
725 2670 940 2748 Apostolicom
956 2670 1007 2734 Se·

261 2757 334 2820 dem
355 2766 387 2821 et
407 2759 585 2822 Romanam
614 2761 800 2843 Pontificem
824 2763 858 2825 iu
879 2765 1008 2826 333333-

260 2869 336 2914 sum
362 2851 472 2916 Orbem
503 2862 607 2916 tenere
632 2857 815 2934 primatem,
842 2862 873 2917 et
902 2858 1007 2935 ipsum

260 2945 450 3026 Pontificem
485 2947 663 3012 Romanum
698 2967 907 3014 successorem
945 2967 1009 3013 esse

261 3043 298 3103 Β.
318 3041 413 3103 Petri
429 3041 591 3119 Principis
606 3043 830 3120 Apostolorum
852 3051 882 3107 et
897 3061 1007 3109 aerum

265 3133 392 3198 Obristi
416 3136 577 3198 Vitorium
599 3139 762 3216 totiusque
784 3139 944 3202 Ecclesiae
958 3157 1008 3204 ca-

258 3233 324 3308 put
352 3245 390 3291 ac
412 3229 555 3290 omnium
584 3226 851 3294 Christianarum
876 3233 1008 3295 Patrem

260 3339 300 3386 ae
324 3320 489 3384 Bostarem
510 3323 658 3396 eaistere,
676 3330 707 3385 et
729 3325 791 3404 ipsi
813 3325 895 3388 inB.
912 3327 1008 3388 Petro

258 3415 426 3494 pascendi,
448 3418 577 3496 rependi
597 3423 628 3478 et
649 3417 852 3497 cohercendi
880 3420 1008 3482 univer-

260 3508 362 3571 salem
384 3509 558 3574 Ecclesiam
588 3529 608 3573 a
633 3510 768 3574 Domino
799 3519 909 3574 nostro
938 3515 1008 3577 Iesu

263 3602 397 3666 Christo
409 3605 536 3683 plenam
549 3612 739 3684 potestatem
760 3609 916 3671 traditam
932 3625 1007 3680 esse,

261 3699 527 3776 quemadmodum
538 3701 1008 3771 eliam,uteademTlorentino

266 3791 414 3869 Sanodus
429 3794 556 3865 asserit,
570 3796 605 3856 in
616 3795 713 3874 pestis
727 3797 1007 3858 oecumenicorum

264 3883 485 3948 Conciliaram
503 3893 534 3948 et
550 3889 584 3948 ia
602 3887 706 3949 sacris
718 3886 895 3950 cotronibus
907 3891 1006 3952 conti-

262 3987 374 4041 netur.
389 3979 468 4042 Item
480 3980 595 4059 lopolio
607 3982 723 4045 actoris
740 3981 942 4053 Testamenti,
952 3999 1007 4046 sea

263 4073 425 4137 Mosoicoe
435 4075 523 4156 lepis,
536 4076 761 4147 caeremonias,
770 4093 874 4149 sacra,
885 4077 1008 4156 sacrifi-

262 4171 327 4244 cia,
346 4177 376 4232 et
390 4176 606 4241 sacramenta,
624 4169 661 4231 D.
682 4173 752 4234 Iesu
773 4169 902 4233 Obristo
918 4170 1007 4234 adae·

263 4264 385 4334 niente,
406 4279 550 4336 33333333,
569 4270 599 4325 33
619 4270 689 4341 post
710 4265 950 4344 promulpatum
967 4263 1007 4326 E·

261 4355 448 4434 campilium
463 4355 531 4417 sine
546 4360 672 4434 peccato
687 4353 848 4419 obseruari
864 4373 926 4419 non
940 4373 1007 4436 pos-

261 4466 316 4522 se,·
337 4449 474 4512 eiusdem
497 4449 594 4510 etiam
616 4449 692 4528 lepis
716 4451 833 4512 veteris
856 4450 1007 4528 cyborum

261 4543 459 4605 mandorum
481 4549 510 4604 et
533 4543 770 4606 immundorum
792 4543 1006 4624 differentiam

262 4635 306 4697 ad
321 4634 567 4698 caeremonialia
579 4638 748 4713 pertinere,
763 4654 842 4715 quae
855 4643 1007 4718 carpente

263 4728 437 4809 Eeanpelio
448 4728 663 4793 transierunt.
676 4733 872 4794 Illamctiam
881 4731 1009 4810 Aposto-

262 4824 369 4885 lorum
389 4821 638 4902 prohibitionem
654 4823 692 4888 ab
711 4824 887 4888 immolatis
907 4826 1008 4887 simu-

263 4915 444 4988 lacrorum,
468 4923 498 4978 et
519 4919 688 4998 senoniae,
711 4923 742 4980 et
764 4918 932 4997 suffocato,
956 4917 1006 4980 illi

264 5010 398 5087 tempori
425 5011 621 5089 coapruisse,
647 5019 687 5074 33
709 5012 796 5074 inter
823 5011 953 5074 Iudaeos
976 5017 1006 5074 et

265 5103 406 5167 Gentiles
433 5104 640 5168 dissentionis
660 5106 800 5168 materia
824 5104 1003 5180 tolleretur,

263 5197 358 5259 caius
379 5198 571 5276 apostalicae
580 5197 810 5277 prohibitionis
832 5217 930 5263 causo
945 5217 1006 5262 ces·

262 5296 363 5364 sonte,
387 5291 486 5355 etiam
508 5293 640 5355 cessavit
655 5293 793 5374 effectus.
811 5293 945 5356 Pariter
958 5310 1007 5355 33-

264 5402 359 5446 neror
378 5394 408 5448 33
430 5387 571 5464 suscipio
592 5387 811 5450 Tridentinom
831 5387 1002 5465 Spuodum,

264 5487 292 5540 ct
304 5480 465 5558 profiteor,
477 5497 555 5558 puae
564 5481 599 5541 in
611 5497 647 5543 eo
657 5480 787 5561 definita
798 5488 828 5544 33
840 5480 1006 5545 declarata

263 5578 351 5643 sant,
368 5580 398 5634 et
417 5575 608 5650 praesertim
630 5573 827 5654 apartibus,
845 5575 880 5636 in
895 5576 1004 5648 missa,

264 5685 383 5738 oerum,
395 5669 572 5746 proprium,
587 5675 616 5732 et
625 5667 893 5747 propitiatorium
903 5669 1005 5730 sacri·

263 5762 371 5842 ficium
381 5779 440 5841 pro
451 5763 532 5823 vicis
543 5767 574 5824 et
586 5762 760 5843 defunctis,
774 5769 869 5840 atque
881 5762 914 5822 in
927 5762 1006 5825 Son·

264 5856 404 5918 ctissime
419 5856 649 5920 Eucboristiac
668 5855 888 5926 Sacramenta,
907 5856 1005 5918 iuata

264 5951 363 6028 fidem
385 5967 465 6029 puae
484 5965 605 6027 semper
627 5950 662 6012 ia
683 5948 826 6012 Ecclesia
847 5949 906 6012 Dei
925 5950 1003 6030 suit,

1065 697 1224 760 contineri
1255 715 1337 770 aare,
1367 697 1501 760 realiter
1522 703 1550 758 ct
1579 693 1807 760 substantioli-

1066 797 1114 852 ter
1138 792 1259 868 Corpus
1280 797 1311 853 et
1333 791 1620 870 Sanpuinem,nna
1643 805 1714 852 cum
1730 788 1807 854 Ani·

1064 898 1116 944 ma
1137 890 1167 946 et
1190 883 1372 946 Oioinitote
1389 883 1427 944 D.
1453 884 1491 946 Ν.
1515 884 1587 947 Iesu
1610 881 1745 952 Christi,
1769 897 1807 942 aa

1064 975 1196 1054 proinde
1219 983 1322 1039 totum
1339 976 1518 1048 Christum,
1533 976 1662 1056 fierique
1681 989 1806 1036 conver·

1063 1069 1181 1130 sionem
1205 1072 1307 1134 totius
1328 1070 1531 1134 substantiae
1552 1069 1645 1147 panis
1667 1069 1702 1130 in
1732 1068 1808 1130 Cor·

1061 1177 1133 1239 pus,
1150 1171 1179 1226 ct
1196 1164 1296 1226 totius
1310 1161 1513 1227 substantioe
1533 1163 1602 1224 vini
1618 1163 1653 1224 in
1669 1160 1808 1240 sanaui-

1063 1271 1143 1327 nem,
1168 1273 1263 1335 qaam
1291 1259 1523 1320 conversionem
1553 1254 1721 1320 Oatbolica
1748 1254 1807 1316 Ec·

1064 1348 1159 1412 clesia
1182 1351 1348 1429 aptissime
1371 1349 1733 1414 transubstantiationem
1753 1360 1807 1422 ap·
1907 1338 1911 1350 ’

1062 1444 1171 1522 pellat,
1184 1453 1214 1508 et
1228 1445 1287 1510 sub
1303 1463 1494 1525 unaquaque
1507 1445 1608 1524 specie
1623 1451 1653 1506 33
1667 1441 1806 1524 siupulis

1063 1538 1218 1617 cuiusque
1250 1541 1365 1618 speciei
1399 1538 1570 1618 portibus,
1605 1538 1807 1616 separatione

1063 1634 1165 1714 sacto,
1199 1637 1299 1696 totam
1329 1633 1496 1696 Cbristum
1526 1631 1695 1695 coretincri.
1726 1631 1806 1694 Item

1063 1733 1177 1803 septem
1189 1745 1253 1789 csse
1264 1746 1362 1792 norae
1372 1729 1449 1810 lepis
1461 1729 1701 1792 Sacramentaa
1715 1726 1806 1790 Obri-

1063 1830 1113 1885 sto
1135 1822 1267 1884 Domino
1289 1833 1399 1887 nostro
1425 1825 1583 1886 instituta
1605 1821 1807 1886 adsalutem

1065 1919 1200 1982 boemani
1221 1921 1356 2000 pencris,
1369 1920 1513 1998 quamtis
1534 1935 1598 1980 non
1620 1915 1726 1979 anania
1740 1915 1806 1978 sin·

1063 2011 1149 2090 pota
1181 2013 1372 2084 neccessario,
1404 2012 1557 2075 uidelicet
1591 2011 1804 2087 Baptismum,

1066 2101 1355 2184 Confirmationem,
1374 2104 1627 2187 Eucharistiam,
1639 2103 1807 2165 Paeniten-

1064 2199 1157 2269 tiam,
1182 2200 1370 2262 Eatremam
1397 2199 1591 2270 ductionem,
1612 2197 1761 2262 Ordinem
1776 2201 1807 2258 et

1064 2291 1323 2364 Matrimonium,
1344 2291 1461 2370 illaque
1482 2291 1627 2371 pralium
1649 2291 1806 2371 conferre,

1063 2391 1092 2444 et
1115 2401 1155 2445 eu
1170 2383 1220 2446 bis
1240 2387 1454 2464 baptismum,
1480 2383 1761 2462 confirmationem
1777 2388 1807 2443 et

1067 2477 1216 2540 Ordinem
1238 2479 1356 2542 iterari
1378 2495 1440 2540 non
1468 2493 1564 2556 posse.
1596 2477 1673 2540 Item
1696 2475 1807 2553 Bapti-

1062 2587 1165 2632 smum
1196 2589 1260 2634 esso
1291 2574 1506 2636 necessariam
1533 2571 1575 2636 ad
1602 2570 1752 2642 salutem
1768 2585 1807 2630 ac

1062 2665 1205 2742 proinde,
1229 2665 1258 2726 si
1282 2667 1397 2728 mortis
1418 2665 1599 2744 periculum
1626 2663 1803 2734 immincat,

1063 2773 1137 2820 moa
1158 2761 1228 2820 siue
1250 2760 1320 2823 ulla
1343 2760 1499 2824 dilatione
1520 2755 1747 2840 conserendum
1763 2771 1807 2815 cs-

1063 2869 1105 2924 se,
1122 2860 1189 2918 eta
1210 2869 1404 2933 quocumque
1417 2860 1448 2917 et
1464 2853 1731 2932 quandocumque,
1748 2845 1807 2910 sub

1064 2947 1170 3012 debita
1202 2950 1341 3014 matoria
1373 2955 1403 3011 et
1429 2951 1535 3031 formo
1566 2954 1596 3009 et
1628 2944 1807 3008 intentione

1063 3040 1228 3112 collatum,
1253 3059 1316 3104 esse
1336 3043 1491 3106 calidum.
1515 3044 1593 3107 item
1611 3034 1807 3102 sacramenti

1062 3136 1271 3222 matrimonii·
1294 3137 1462 3200 macutum
1488 3131 1709 3198 indissolubile
1731 3147 1806 3202 esse,

1062 3236 1093 3292 et
1122 3229 1265 3308 anamais
1293 3235 1424 3308 propter
1449 3229 1667 3300 adulterium,
1698 3225 1807 3290 baere-

1063 3325 1134 3395 sim,
1158 3331 1218 3386 out
1240 3323 1324 3386 olias
1352 3341 1469 3387 causas
1497 3325 1597 3402 possit
1625 3325 1713 3385 inter
1738 3339 1809 3384 rou·

1064 3416 1152 3497 iopes
1185 3416 1273 3479 333333Ι
1303 3423 1334 3478 33
1366 3415 1615 3480 cohabitationis
1645 3417 1807 3496 separatio

1062 3509 1145 3590 ficri,
1168 3527 1232 3572 non
1248 3519 1354 3574 tamen
1369 3509 1437 3573 illis
1458 3510 1551 3574 aliud
1561 3509 1807 3575 matrimonium

1063 3603 1251 3666 contrabere
1276 3605 1327 3686 fos
1349 3620 1423 3664 esse.
1455 3604 1533 3666 Item
1563 3604 1754 3683 apostolicos
1776 3608 1808 3663 et

1062 3697 1292 3761 ecclesiasticas
1315 3697 1508 3761 traditiones
1528 3697 1748 3775 suscipiendos
1763 3714 1808 3758 cs·

1061 3807 1105 3863 sc,
1127 3799 1157 3854 et
1179 3791 1385 3854 venerandas.
1410 3790 1693 3872 Indulpenliarum
1707 3791 1806 3853 etiam

1061 3890 1250 3962 potestatem
1271 3903 1291 3948 a
1315 3886 1441 3949 Obsisto
1464 3886 1624 3950 Ecclesiae
1644 3886 1746 3967 fuisse
1760 3901 1806 3945 33-

1062 3977 1187 4050 lictam,
1212 3979 1408 4058 illarumque
1435 3995 1530 4042 usum
1552 3978 1732 4041 cbristiano
1754 3994 1806 4056 po-

1060 4071 1136 4149 pulo
1147 4074 1289 4135 manime
1299 4074 1478 4136 solutorem
1493 4088 1566 4133 esse.
1578 4073 1713 4136 Pariter
1727 4089 1807 4150 puae

1062 4168 1098 4230 de
1119 4174 1246 4246 peccato
1268 4168 1435 4249 oripinoli,
1453 4168 1487 4229 de
1503 4167 1747 4248 iustificatione,
1771 4166 1806 4228 de

1061 4279 1228 4325 sacrorum
1261 4261 1433 4334 librorum,
1469 4270 1535 4326 tam
1566 4262 1681 4323 veteris
1711 4277 1805 4340 paam

1062 4357 1136 4418 nooi
1156 4357 1357 4429 Testamenti,
1372 4355 1476 4418 indice
1491 4364 1521 4418 et
1536 4357 1807 4433 interpretatione

1063 4449 1097 4512 ia
1118 4453 1269 4530 praefato
1303 4450 1492 4514 Tridentino
1522 4450 1646 4528 Spnodo
1674 4449 1806 4530 definita

1061 4551 1151 4612 sant,
1181 4545 1321 4624 suscipio
1347 4553 1376 4608 33
1404 4545 1563 4626 profiteor.
1594 4547 1707 4608 Cetera
1730 4544 1805 4606 item

1063 4639 1169 4700 omnia
1190 4639 1330 4716 suscipio
1354 4647 1385 4702 et
1405 4640 1565 4720 profiteor,
1589 4656 1669 4718 quae
1690 4639 1806 4717 recipit

1062 4738 1093 4793 et
1113 4731 1286 4811 profitetur
1301 4732 1333 4796 S.
1350 4732 1493 4796 Romana
1515 4731 1671 4804 Ecclesia,
1693 4731 1806 4793 simul·

1062 4841 1121 4904 que
1135 4825 1303 4888 contraria
1325 4827 1441 4897 omnia,
1455 4833 1484 4888 ct
1499 4826 1675 4888 scbismato
1687 4831 1718 4886 ct
1733 4823 1805 4888 boe·

1061 4935 1143 4980 reses
1164 4917 1202 4981 ab
1225 4918 1330 4981 codem
1353 4919 1495 4981 Ecclesia
1522 4919 1703 4989 damnatos,
1728 4919 1805 4980 reie-

1061 5018 1129 5074 ctas
1151 5017 1181 5072 et
1202 5011 1512 5085 anatbemotizatos,
1535 5029 1589 5093 epo
1609 5013 1736 5091 pariter
1751 5012 1807 5075 dor·

1061 5119 1144 5178 mno,
1163 5104 1275 5166 reiicio
1286 5111 1317 5166 et
1332 5105 1583 5169 anathematizo.
1600 5108 1735 5183 Insuper
1745 5105 1806 5167 Ilo·

1061 5212 1154 5259 mano
1176 5198 1325 5278 Pontifici
1336 5199 1372 5260 Β.
1387 5199 1478 5260 Petri
1495 5198 1659 5276 Principis
1674 5202 1806 5275 Aposto-

1061 5291 1166 5352 lorum
1181 5295 1367 5366 successori,
1384 5310 1421 5356 oc
1436 5293 1507 5356 Iesu
1524 5291 1648 5356 Christi
1667 5291 1803 5362 Vicoria,

1060 5403 1167 5449 veram
1181 5385 1390 5450 obedientiam
1405 5387 1539 5465 spondeo
1557 5405 1595 5450 ac
1613 5388 1698 5450 iuro.
1715 5387 1806 5450 Hanc

1059 5480 1151 5560 fidem
1176 5481 1359 5544 Cotbolicoc
1382 5483 1557 5555 Ecclesiae,
1587 5490 1682 5546 333333
1711 5501 1805 5563 auom

1061 5589 1149 5634 nemo
1170 5573 1278 5637 saluus
1304 5591 1367 5636 esse
1399 5582 1516 5654 potest,
1540 5593 1635 5655 paam
1657 5580 1693 5640 in
1714 5595 1805 5657 prae·

1060 5668 1143 5729 senti
1164 5674 1275 5745 sponte
1293 5671 1445 5748 profiteor
1470 5677 1501 5732 ct
1521 5673 1681 5734 333333333
1704 5678 1803 5746 teneo,

1048 5759 1198 5821 'eamdem
1220 5761 1382 5842 intepram
1397 5768 1428 5824 et
1443 5763 1634 5827 inuiolatam
1649 5782 1748 5844 usaue
1763 5765 1804 5828 ad

1059 5856 1238 5916 eatremum
1260 5856 1346 5918 citae
1362 5857 1518 5934 spiritum
1534 5859 1802 5928 constantissime,

1058 5945 1122 6008 Deo
1143 5946 1330 6022 adiurante,
1356 5949 1496 6012 retinere
1516 5968 1554 6015 ac
1575 5952 1730 6032 confiteri,
1754 5960 1805 6016 at·

1747 555 1787 618 as
1837 557 1892 613 sn.
1907 544 2027 614 33333
