4832 6978
330 545 384 604 An.
399 551 429 603 0.
451 540 519 602 1773

333 887 409 933 Ratio
422 891 446 950 et
459 890 532 948 tenor

321 951 497 988 concessionis.

571 541 628 612 llln

550 688 587 749 de
608 688 701 764 longe
723 694 890 763 venerunt,
906 686 1008 766 aliquo
1023 687 1174 762 singulari
1189 686 1293 746 lavore

550 779 703 856 adauctos,
726 791 757 844 et
778 785 993 844 condecoratas
1014 796 1080 842 esse
1102 779 1245 840 velimus.

590 875 609 949 ἓ
630 877 659 936 3.
683 876 781 949 Qviara
795 890 866 935 cum
878 889 970 936 nemo
986 876 1120 949 ignoret,
1137 871 1217 950 quod
1233 870 1293 948 pri-

552 983 599 1028 ma
623 969 694 1029 fidei
723 967 964 1045 promulgandae
993 966 1151 1028 eriateutio
1173 983 1188 1026 a
1209 981 1294 1026 sacro

552 1061 685 1138 incoepit
707 1061 902 1123 Pentecostes
918 1060 978 1134 ilie,
994 1076 1056 1137 prro
1071 1059 1203 1137 Spiritus
1218 1058 1294 1122 Sau-

551 1161 617 1214 ctus
633 1153 756 1233 illapsos
771 1154 924 1231 Apostolls
940 1168 1048 1214 eorum
1068 1153 1157 1215 corula
1174 1153 1294 1213 iollam-

552 1246 659 1320 mavit,
682 1261 816 1324 cumque
837 1246 961 1320 exinde,
982 1245 1078 1307 veluti
1100 1244 1190 1320 signo
1212 1243 1293 1317 dato,

552 1338 769 1417 Apostolorum
789 1339 967 1416 coriphaeus
983 1349 1013 1399 et
1029 1337 1171 1417 princeps
1186 1337 1295 1398 Petrus

552 1433 626 1492 adeo
655 1430 785 1492 feliciter
810 1447 883 1493 suae
909 1430 1139 1510 praedicationis
1167 1445 1294 1491 cursum

552 1525 723 1602 auspicatos
744 1523 851 1598 luerit,
864 1532 898 1586 ot
919 1539 983 1585 aino
1004 1539 1148 1586 sermone
1171 1524 1226 1584 tria
1242 1524 1296 1584 bo-

551 1619 674 1678 minum
697 1617 792 1679 millia
815 1618 847 1678 in
870 1617 983 1680 Christi
998 1616 1099 1694 legem
1121 1615 1294 1692 attr·axerit;

553 1710 632 1771 nibil
653 1711 752 1787 aptius
773 1713 936 1772 censemus
960 1714 1051 1788 atque
1080 1708 1294 1788 opportunius,

552 1819 644 1882 uuam
667 1803 692 1863 si
713 1809 895 1866 recurrente
917 1802 1082 1882 quotannis
1098 1805 1154 1862 boc
1167 1802 1231 1879 ipso
1247 1801 1295 1862 die

552 1896 629 1958 lesto
651 1895 894 1972 praerogativam
913 1905 944 1957 et
973 1896 1075 1957 locum
1106 1895 1225 1956 dicendi
1248 1911 1297 1955 co-

554 2005 618 2050 ram
641 1990 739 2063 nobis,
763 1988 807 2050 uti
830 2005 896 2050 mos
917 1996 974 2063 est,
997 1991 1034 2050 de
1057 1987 1188 2065 Spiritus
1210 1989 1296 2048 Para·

553 2082 617 2145 oliti
639 2082 775 2144 advento
797 2082 932 2144 alumnis
955 2083 1014 2143 iam
1036 2081 1125 2142 dictis
1151 2083 1296 2144 conceda-

553 2193 641 2253 mus;
663 2178 706 2238 sic
727 2175 812 2238 enim
841 2177 905 2250 liet,
929 2183 963 2237 ut
991 2191 1099 2236 omnes
1128 2184 1158 2236 et
1180 2174 1294 2252 singuli

552 2287 626 2334 suae
642 2270 810 2332 vocationis
826 2276 1095 2346 nemorosaque
1116 2269 1294 2341 iuramenti,

554 2366 634 2443 cuod
663 2365 897 2440 praestiterunt,
922 2362 1083 2424 alacriores
1104 2367 1236 2425 evadant
1260 2361 1295 2422 ad

554 2457 765 2520 ministerium
777 2455 961 2532 apostolatus
977 2458 1160 2535 quandoque
1181 2457 1297 2517 obeun-

554 2552 640 2626 dum,
651 2565 763 2628 eosque
775 2549 884 2611 uberes
895 2548 1014 2611 lructus
1027 2548 1208 2624 reddendos,
1220 2566 1297 2627 quos

555 2654 653 2707 mater
673 2643 808 2706 Ecclesia
830 2643 866 2703 ab
888 2641 959 2720 ipsis
973 2658 1029 2702 suo
1045 2642 1077 2703 in
1100 2643 1219 2718 gremio
1240 2658 1297 2716 np-

556 2740 635 2801 tritis
668 2746 759 2815 atque
792 2736 926 2798 educatis
955 2735 1066 2813 cupide
1097 2735 1233 2798 multum
1266 2751 1297 2798 ac

554 2831 684 2894 sollicite
705 2835 854 2908 expectat.
880 2827 1031 2890 Volumus
1054 2838 1168 2902 tamen,
1192 2835 1226 2890 ιιι
1248 2843 1298 2890 eo-

555 2939 627 2986 rum
649 2921 755 2984 nullus
770 2921 848 2984 hano
862 2922 1088 2984 sermocinandi
1105 2923 1297 3000 provinciam

556 3023 690 3078 assumat
711 3015 744 3077 in
772 3014 882 3076 sacello
908 3023 1014 3076 nostro
1041 3017 1216 3091 pontificio,
1239 3016 1297 3078 nisi

556 3126 650 3189 quem
680 3108 808 3170 dilectus
842 3106 922 3168 lilius
949 3109 1096 3185 magister
1126 3109 1299 3186 Stephanus

556 3202 675 3284 Borgia,
693 3202 873 3276 modernus,
890 3209 921 3262 et
937 3218 992 3281 pro
1010 3211 1149 3281 tempore
1164 3203 1299 3264 existens

557 3299 656 3360 dictae
678 3295 936 3372 congregationis
957 3291 995 3356 d'e
1009 3295 1205 3374 Propaganda
1226 3295 1300 3358 Fide

556 3391 749 3464 secretarius,
765 3398 924 3466 tamquam
938 3387 1097 3466 praelibati
1111 3389 1234 3466 collegii
1249 3407 1300 3452 su-

558 3485 660 3565 perior
682 3499 715 3545 ac
735 3480 922 3555 moderator,
944 3483 980 3544 ad
1003 3481 1060 3544 boc
1081 3482 1219 3544 officium
1238 3483 1301 3545 ele-

557 3580 637 3656 gerit
658 3587 690 3639 et
711 3592 783 3638 voce
811 3575 860 3666 vel
887 3576 1001 3652 scripto
1032 3575 1182 3638 eiusmodi
1207 3577 1301 3640 lacul-

516 3731 518 3734 ,
558 3681 652 3736 tatem
675 3663 829 3731 tribuerit.

353 3785 486 3834 Clausulas
501 3797 539 3832 sa-

328 3840 422 3886 lutares
441 3845 467 3888 et
486 3841 539 3886 irri-

327 3897 417 3940 lantes.

598 3763 666 3840 §la
692 3745 897 3824 lleeernenles
917 3761 1040 3823 easdem
1065 3769 1243 3839 praesentes
1266 3763 1302 3824 li-

559 3867 650 3932 teras,
663 3865 694 3919 et
713 3857 744 3916 in
763 3857 806 3917 eis
820 3862 966 3917 contenta
977 3871 1204 3934 quaecumque,
1221 3872 1301 3918 sem-

559 3969 612 4032 per
651 3951 772 4026 firmas,
802 3948 916 4012 validas
943 3956 974 4009 et
1003 3948 1138 4012 ellicaces
1169 3951 1301 4012 existere

558 4053 588 4108 et
609 4044 687 4119 lore,
708 4058 841 4120 suosque
867 4041 1020 4121 plenarios
1041 4047 1072 4102 et
1099 4042 1237 4118 integros
1259 4042 1300 4102 el·

454 4193 456 4198 .
558 4138 655 4200 lectus
676 4136 779 4198 sortiri
801 4143 831 4196 et
852 4136 1006 4210 obtinere,
1029 4152 1062 4196 ac
1085 4135 1157 4210 illis,
1174 4135 1209 4196 ad
1225 4152 1301 4213 quos

335 4621 470 4676 derogatio
481 4629 538 4665 con·

326 4676 470 4720 tractorum.

556 4239 683 4310 spectat,
696 4238 727 4291 et
742 4245 796 4308 pro
813 4235 952 4306 tempore
963 4229 1221 4306 quandocumque
1235 4244 1301 4306 spe-

557 4326 661 4399 elabit,
685 4325 716 4385 in
738 4323 884 4384 omnibus
904 4329 936 4382 et
957 4337 1011 4399 per
1033 4323 1138 4382 omnia
1160 4323 1301 4401 plenissi-

558 4435 608 4480 xue
639 4417 798 4493 sullragarl
821 4423 850 4476 et
877 4416 914 4476 ab
942 4417 986 4476 eis
1008 4416 1178 4494 respective
1202 4417 1301 4478 invio·

558 4511 691 4572 labiliter
712 4508 878 4571 observari.

597 4608 615 4681 ἓ
635 4605 664 4665 li.
690 4601 758 4664 Non
773 4602 964 4671 obstantibus
983 4603 1256 4665 constitutionibus
1271 4613 1301 4665 et

557 4697 802 4764 ordinationibus
823 4697 1007 4775 apostolicis,
1023 4699 1213 4776 caeterisque
1229 4714 1301 4760 con·

557 4794 658 4856 trariis
681 4791 939 4869 quibuscumque.

597 4888 708 4948 [latinu
730 4883 860 4955 Romae,
890 4884 970 4960 apud
1003 4883 1033 4945 S.
1059 4882 1184 4944 blariam
1212 4885 1301 4946 llaio-

556 4998 636 5056 rem,
652 4979 710 5041 sub
732 4978 848 5040 annulo
871 4977 1043 5052 PiscatoriS,
1063 4979 1111 5040 die
1133 4995 1199 5040 xvi.
1224 4981 1301 5042 lunii

557 5092 772 5150 nocemur,
795 5074 991 5152 pontificatus
1014 5075 1111 5134 nostri
1133 5089 1215 5136 aroxio
1238 5092 1265 5134 v.

823 5329 1050 5338 .-.......-.........,-.-.

561 5738 734 5816 Confirmat
751 5733 865 5798 decret.
885 5737 1150 5816 Conprepctiona's
1164 5731 1302 5796 ditatum

597 5847 694 5909 sttper
716 5832 906 5892 recitatione
928 5831 1021 5910 officii
1043 5837 1073 5906 et
1088 5830 1203 5890 missor
1225 5829 1304 5890 Stru-

599 5931 668 5986 ctoe
690 5923 788 5986 Roaoe
811 5922 973 5985 bisitande.

1071 560 1135 612 lon.
1159 557 1249 611 bour.
1275 553 1314 608 lte
1335 563 1364 607 r.
1389 551 1416 608 rt.
1442 551 1524 607 bans
1546 556 1567 607 ι.

2125 535 2180 593 An.
2194 541 2224 592 (l.
2247 531 2320 592 1773
2402 529 2403 600 f

1540 699 1726 771 ctfittetts
1748 698 1809 772 ΡΡ.
1835 699 1905 770 ΧΙιι.
1961 737 1963 745 =

1490 867 1984 935 mmmmmwm'

1391 1060 1410 1134 ς
1433 1060 1458 1119 ι.
1484 1059 1564 1120 nlius
1578 1059 1767 1120 venerabilis
1783 1058 1878 1118 trater
1892 1057 2019 1119 llidacus
2036 1057 2097 1118 dn·
2142 1067 2232 1110 erosas
2247 1061 2339 1119 poma·
2402 1041 2403 1094 l

1353 1155 1457 1218 tonius
1484 1152 1741 1230 drobiepiscopns
1770 1152 1918 1215 bimanus
1946 1149 2097 1228 supplices
2116 1124 2162 1271 {ld
2189 1170 2340 1232 oernenda
2402 1165 2403 1194 ³

1352 1248 1439 1310 nobis
1451 1246 1589 1324 porrexit
1604 1261 1709 1323 preces
1725 1261 1780 1322 pro
1790 1244 1939 1307 ¹lacultate
1951 1244 2096 1306 recitandi
2117 1224 2339 1329 fflmffiffl]

1352 1356 1434 1403 rinno
1456 1337 1593 1417 quolibet
1616 1338 1752 1400 odicium
1777 1354 1810 1398 ac
1830 1336 2004 1399 celebrandi
2027 1338 2098 1398 mis·
2117 1337 2154 1432 {1²0
2156 1331 2285 1432 sgglvlum
2313 1331 2337 1374 5·

1351 1449 1416 1494 sam
1429 1431 1666 1494 translationum
1681 1429 1883 1508 reliquiarum
1897 1431 2025 1493 Sanctae
2041 1431 2098 1492 Ro·
2202 1419 2208 1430 ’

1352 1543 1403 1588 sae
1418 1543 1432 1586 a
1449 1523 1558 1587 Sancta
1580 1524 1672 1586 blaria
1688 1524 1819 1600 virginis
1835 1524 1982 1586 Limanae
2005 1525 2099 1587 totius

1353 1621 1444 1696 regni
1456 1619 1617 1680 Peruviaui
1634 1626 1781 1696 patronae
1796 1617 1832 1678 ab
1847 1618 1995 1679 universo
2018 1618 2099 1679 clero

1353 1713 1491 1774 eiusdem
1515 1713 1620 1788 regui3
1644 1709 1808 1786 eruditaque
1822 1709 1954 1788 desuper
1977 1711 2098 1774 relatio-

1354 1823 1393 1868 ne
1415 1797 1518 1868 dilecti
1541 1804 1595 1865 lilii
1619 1803 1718 1865 nostri
1742 1803 1827 1864 llaril
1850 1802 1974 1865 still.
1997 1803 2100 1866 Cardi-

1353 1900 1432 1961 ualis
1453 1897 1634 1960 blm-elusolii
1658 1896 1914 1972 Congreganoms
1930 1912 2024 1957 venn.
2042 1896 2101 1958 lra-

1354 2001 1437 2054 trum
1454 1999 1634 2052 nostrorum
1658 1989 1787 2052 Sanctae
1813 1988 1969 2050 Romanae
1997 1989 2099 2050 Eccle-

1353 2087 1414 2147 siae
1436 2082 1648 2147 cardinalium
1669 2081 1893 2144 sacristiitloos
1914 2083 2101 2160 praeposito-
2193 2119 2194 2122 =

1354 2195 1425 2241 rum
1447 2175 1602 2256 praelecti,
1626 2176 1740 2253 petitae
1751 2176 1866 2252 gratiae
1881 2192 1937 2238 nos
1959 2193 2100 2239 anunen-

1354 2275 1429 2336 dnm
1452 2288 1518 2334 esse
1535 2270 1736 2343 censuimus,
1766 2269 1949 2347 editumque
1969 2270 2029 2332 fuit
2050 2273 2101 2332 de·

1353 2376 1472 2429 cretum
1497 2363 1624 2436 tenoris,
1647 2363 1701 2442 qui
1721 2363 1873 2440 sequitur,
1890 2378 2016 2443 nempe:

1458 2552 1556 2628 ttagnl
1577 2551 1754 2625 Peruvianl,
1776 2567 1833 2614 seu
1853 2551 1991 2614 Limane.

1394 2742 1462 2817 §²-
1488 2743 1568 2804 Cum
1590 2739 1867 2801 reverendissimus
1892 2739 2101 2818 drcliiepisco·
2138 2755 2339 2820 ranorpnxnae
2402 2809 2403 2816 ,

1356 2852 1412 2915 pos
1432 2834 1580 2895 bimanus
1609 2831 1807 2896 Sanctissimo
1836 2832 1965 2894 [lumino
1993 2843 2100 2897 nostro
2119 2820 2307 2856 ⁰⁰⁰⁰⁰⁵⁵¹⁰¹¹¹⁵'

1356 2927 1511 2990 Clementi
1535 2925 1589 2987 ΡΡ.
1603 2923 1683 2986 Xlll.
1701 2923 1892 2986 humillimas
1913 2940 2018 3002 preces
2032 2942 2100 3005 por·

1356 3020 1473 3081 rexerit
1495 3035 1549 3097 pro
1579 3017 1722 3080 facultate
1750 3017 1881 3094 singulis
1908 3021 1998 3080 annis
2025 3021 2101 3083 reci-

1358 3112 1442 3175 tandi
1463 3113 1500 3172 ab
1530 3112 1676 3172 universo
1707 3111 1790 3174 clero
1819 3112 1909 3187 regni
1937 3113 2100 3176 Peruviani

1356 3206 1504 3281 officium,
1528 3214 1558 3267 et
1580 3202 1755 3267 celebrandi
1781 3205 1904 3265 missam
1929 3207 2101 3270 translatio·

1357 3316 1434 3361 num
1456 3299 1661 3376 reliquiarum
1685 3296 1814 3360 Sanctae
1835 3297 1967 3360 llosaea
1992 3296 2100 3362 Sancta

1355 3393 1447 3454 Maria
1469 3390 1602 3468 virginis
1625 3389 1769 3452 Limanae
1800 3391 1891 3454 totius
1917 3393 1990 3454 dieti
2012 3395 2100 3469 regni
2187 3399 2191 3409 ‘

1357 3495 1515 3564 patronae,
1528 3484 1679 3547 Sanctitas
1693 3481 1753 3545 Sua
1770 3485 1806 3546 ad
1827 3484 2011 3546 relationem
2027 3487 2102 3548 emi·

1358 3577 1533 3640 nentissimi
1554 3585 1584 3638 el
1607 3577 1858 3638 reverendissimi
1882 3577 2006 3640 Domini
2032 3580 2102 3643 Car-

1356 3672 1467 3735 dinulis
1499 3671 1584 3733 llarii
1616 3669 1798 3732 Marelusclii
1831 3670 1939 3732 Sacrae
1973 3672 2102 3734 {lituum

1351 3763 1614 3843 'Congregationis
1639 3762 1784 3841 praelecti
1817 3765 1937 3826 censuit
1962 3782 2102 3829 annuen-

1357 3859 1431 3920 dum
1444 3873 1499 3936 pro
1515 3857 1611 3933 gratia
1626 3856 1831 3916 concessionis
1846 3857 1937 3918 allicii
1951 3866 1983 3919 et
1993 3859 2103 3921 missae

1359 3951 1567 4013 translationis
1578 3949 1730 4012 dictarum
1752 3949 1955 4027 reliquiarum
1970 3952 2008 4012 de
2022 3969 2102 4026 com-

1358 4045 1446 4106 muni
1479 4045 1640 4120 virginum
1668 4058 1741 4103 cunt
1771 4041 1955 4106 lectionibus
1976 4047 2102 4108 secundi

1358 4139 1503 4200 nocturni
1527 4136 1729 4216 approbandis
1745 4137 1801 4197 sub
1822 4137 1885 4198 ritu
1907 4138 2101 4216 semiduplici

1358 4249 1414 4311 pro
1436 4231 1485 4294 die
1511 4249 1527 4292 a
1554 4230 1635 4291 dicto
1663 4231 1925 4291 reverendissimo
1948 4232 2104 4312 nrclaiepi-

1373 4341 1448 4403 copo
1463 4322 1661 4400 designanda,
1677 4323 1807 4384 servatis
1823 4322 1968 4384 breviarii
1985 4332 2015 4386 et
2030 4327 2103 4386 mis-

1357 4417 1427 4479 salis
1448 4418 1569 4480 romani
1591 4417 1730 4478 rubricis.
1755 4417 1808 4477 [lie
1832 4432 1931 4478 xxvn.
1957 4417 2103 4480 februarii

1358 4527 1559 4574 nocccxxrn.

1501 4699 1540 4762 ll.
1565 4700 1653 4762 Card.
1677 4698 1891 4760 llnanrusoos
1914 4699 2093 4776 praelectus.

1398 4837 1478 4898 Loco
1491 4835 1512 4912 †
1527 4835 1624 4910 Signi.

1538 4987 1576 5048 ll.
1600 4985 1685 5048 Gallo
1707 4983 1738 5046 S.
1754 4985 1787 5046 ll.
1807 4987 1839 5050 C.
1860 4986 2061 5048 Secretarius.

1399 5175 1418 5248 ἓ
1439 5175 1467 5234 3.
1492 5173 1609 5234 Deinde
1624 5189 1697 5234 vcro
1711 5173 1791 5233 idem
1809 5172 1936 5234 didacus
1952 5173 2105 5234 Antonius
2163 5189 2340 5252 xtraapreeas

1360 5266 1613 5344 nrcniepismpos
1630 5266 1743 5327 iterum
1759 5265 1846 5325 noos
1858 5265 2019 5328 traciana·
2033 5283 2105 5345 sup-
2123 5242 2342 5352 lss,3,¹,’,¹l,¹,¹⁰,¹,t¹gff

1360 5360 1465 5451 plicari
1480 5359 1565 5434 lecit,
1583 5367 1618 5420 ut
1633 5360 1805 5420 orationem
1826 5375 1858 5420 ac
1874 5359 2021 5421 lectiones
2036 5375 2104 5439 pro·
2124 5351 2186 5449 32³⁸
2205 5353 2232 5397 0²
2245 5352 2344 5397 ⁰¹'³²¹⁰·
2402 5373 2403 5442 j

1361 5455 1439 5532 prins
1462 5453 1591 5514 secundi
1616 5453 1762 5514 nocturni
1790 5453 1821 5513 in
1847 5453 1983 5530 praelato
2007 5453 2104 5514 ollrcio

1362 5546 1515 5609 recitanda
1536 5545 1705 5623 approbare
1719 5546 1757 5605 de
1779 5545 1970 5622 benignitate
1986 5553 2106 5625 aposto·

1360 5641 1416 5701 lica
1439 5641 1650 5716 dignaremur.
1674 5640 1734 5702 Nos
1758 5641 1860 5718 itaque
1882 5643 2051 5702 orationem
2075 5651 2106 5702 et

1361 5734 1510 5796 lectiones
1531 5734 1708 5796 huiusmodi
1731 5735 1768 5794 ab
1790 5735 1896 5794 eorlem
1920 5735 2014 5796 llario
2035 5735 2107 5797 Car-

1360 5829 1455 5890 dinali
1477 5837 1508 5890 et
1531 5827 1683 5905 praelecto
1706 5829 1821 5889 revisas
1843 5835 1935 5905 atque
1956 5837 2107 5891 correctas

1360 5921 1419 5984 alio
1441 5924 1563 5984 decreto
1578 5921 1826 6001 approbavimus,
1839 5938 1950 5999 easque
1971 5922 2008 5982 ab
2023 5931 2106 5985 utro·

2219 1120 2340 1162 Ossedlflfl
2402 1123 2403 1128 ’
