4750 6980
903 589 974 641 PIUS
996 590 1044 640 Pl).
1069 590 1110 640 Vl.

242 711 417 792 plenissime
437 710 613 790 suflragari3
629 713 731 791 sicque
747 729 802 792 per
817 727 980 790 quoscum·

241 823 297 885 que
319 806 433 870 ludices
454 807 624 869 ordinarios
645 815 676 868 et
697 805 864 882 delegatos,
886 805 979 865 etiarn

241 913 396 961 causarum
426 899 525 978 palatii
557 899 712 978 apostolici
745 897 915 972 auditores,
948 913 980 957 ac

241 990 979 1056 SanctaellomanaeEcclesiaeGardinalesetlam

241 1083 275 1146 do
289 1084 383 1147 latere
397 1084 538 1161 Legatos,
550 1093 581 1146 et
597 1084 681 1148 Sedis
693 1083 881 1162 hpostolicae
894 1081 981 1145 Nun·

242 1179 310 1252 cios,
332 1177 450 1241 sublata
471 1178 514 1241 eis
542 1185 572 1240 et
594 1193 703 1240 eorum
725 1177 851 1240 cuilibet
873 1175 980 1254 quavis

242 1270 327 1332 aliter
354 1271 507 1332 iudicandi
530 1277 559 1332 et
585 1269 806 1348 interpretandi
838 1268 981 1329 facultate

243 1371 271 1426 et
291 1364 481 1437 auctoritate,
504 1363 630 1426 iudicari
653 1372 683 1424 et
708 1361 831 1424 deliniri
856 1361 979 1434 debere,

242 1473 273 1520 au
296 1457 420 1520 irritum
441 1465 472 1519 et
493 1458 597 1530 inane,
621 1457 647 1518 si
672 1472 758 1519 secus
782 1471 874 1536 super
897 1455 980 1516 hlsa

243 1567 393 1630 quoquam
420 1552 526 1631 quavis
556 1551 737 1614 auctoritate
766 1549 901 1610 scienter
934 1545 980 1608 vel

243 1645 419 1720 ignoranter
439 1645 604 1722 contigerit
625 1642 780 1706 attentari.

280 1740 299 1813 5
318 1737 347 1800 8.
372 1739 438 1803 Nou
460 1738 650 1800 obstantibus
664 1736 937 1800 constitutionibus
952 1743 982 1796 et

244 1832 485 1896 ordinationibus
505 1830 686 1910 apostolicis,
704 1845 759 1892 neo
775 1846 838 1892 non
854 1829 981 1902 ordinis,

244 1925 416 2007 provinciae
430 1933 468 2008 ¹et
492 1923 612 2001 collegii
641 1922 867 2002 praedictorum
889 1923 979 1984 etiam

245 2022 432 2094 iuramento,
459 2018 696 2080 confirmatione
726 2016 898 2095 apostolica,
932 2016 982 2077 vel

245 2113 346 2192 quavis
372 2113 519 2175 llrmitate
546 2112 602 2173 alia
632 2111 780 2174 roboratis
808 2111 929 2172 statutis
952 2117 982 2172 et

245 2207 535 2282 consuetudinibus3
549 2204 717 2283 privilegiis
732 2221 867 2283 quoque,
882 2201 983 2266 indul·

245 2304 280 2362 tis
299 2307 330 2362 et
345 2301 442 2362 literis
456 2299 627 2378 apostolicis
641 2297 850 2377 superioribus
871 2304 902 2358 et
914 2311 983 2376 per·

245 2396 323 2456 sonis
348 2394 407 2456 sub
425 2393 672 2471 quibuscumque
689 2391 849 2454 tenoribus
871 2397 901 2452 et
923 2388 982 2450 lur-

244 2488 310 2562 mis,
336 2503 369 2548 ac
390 2501 461 2548 cum
483 2485 642 2564 quibusvis
664 2484 756 2544 etiam
778 2483 982 2559 derogaturia·

245 2597 311 2644 rum
342 2579 555 2655 derogaturus,
587 2577 714 2655 allisque
751 2575 981 2650 efficacioribus,

244 2673 455 2736 efficacissimis
476 2689 509 2733 ac
530 2671 663 2733 insolitis
685 2670 842 2746 clausulis,
860 2669 982 2731 irritan-

243 2767 382 2844 tibusque
397 2773 428 2826 et
450 2765 515 2827 aliis
537 2765 665 2828 decretis
686 2765 717 2826 in
742 2779 856 2840 genere
877 2761 927 2824 vel
950 2763 980 2824 in

243 2861 351 2939 specle,
380 2875 414 2920 ac
434 2859 500 2920 allis
522 2859 553 2920 in
579 2859 769 2921 contrarium
792 2855 983 2936 quomodoli-

243 2955 291 3016 bet
311 2953 472 3026 concessis,
496 2951 668 3031 approbatis
684 2960 715 3012 et
737 2951 985 3026 innovatisoui-

243 3049 295 3110 bus
321 3046 468 3108 omnibus
496 3055 527 3106 et
549 3045 679 3122 singulis
710 3043 836 3106 illorum
858 3054 983 3106 tenores

244 3140 453 3220 praesentibus
475 3154 529 3219 pru
551 3138 642 3218 plene
663 3146 693 3199 et
720 3137 910 3201 sufficienter
932 3154 983 3198 ex-

244 3235 396 3313 pressisac
411 3235 448 3296 de
469 3233 564 3294 verbu
579 3233 613 3294 ad
635 3232 765 3294 verbum
788 3232 911 3294 insertis
933 3233 984 3292 ha-

244 3330 359 3410 bentes,
377 3328 439 3390 illis
459 3328 531 3388 alias
553 3327 584 3387 in
599 3343 655 3387 suu
676 3326 786 3387 robore
806 3341 983 3404 permansu-

244 3424 298 3500 ris,
326 3423 360 3484 ad
391 3423 627 3501 praemissurum
656 3420 801 3482 ellectum
835 3423 888 3482 hac
917 3420 984 3480 vice

244 3517 399 3579 dumtaxat
412 3515 584 3596 specialiter
594 3523 625 3576 et
634 3529 778 3594 expresse
787 3515 982 3589 derogamus,

244 3611 428 3691 caeterisque
444 3609 605 3672 contrariis
627 3610 884 3686 quibuscumque.

282 3704 392 3766 llatum
415 3702 492 3782 apud
516 3700 829 3765 llunasteriumdrd.
853 3701 984 3762 Gartlru·

244 3799 318 3860 sien.
340 3805 427 3860 extra
449 3797 569 3860 moenia
592 3794 724 3858 civitatis
745 3794 920 3858 Florentiae
935 3795 984 3856 die

246 3907 329 3956 xxiv.
355 3891 538 3970 septembris
563 3905 763 3954 xuecxcvnr.
789 3891 984 3966 pontificatus

245 3989 338 4050 nostri
360 4002 443 4050 anno
465 4001 552 4048 xxiv.

493 4149 730 4163 m

543 4277 678 4340 cxxix.

246 4463 372 4526 Erectio
395 4463 501 4542 oppidi
531 4465 748 4526 Vorouuiertsir
771 4465 804 4524 itt
829 4466 985 4542 episcopu-

283 4557 515 4634 tamaiumque
544 4555 730 4636 collegiatae
755 4557 788 4618 in
818 4556 986 4620 cathedre·

282 4651 350 4711 lem.

450 4769 537 4838 etos
561 4768 777 4840 eetsooeus

430 4939 538 4990 servus
561 4939 714 4990 servorun
737 4923 801 5000 liei,

361 5031 397 5098 ad
421 5036 594 5114 perpetuant
620 5032 662 5096 rei
688 5031 867 5098 memorien.

283 5221 301 5295 ς
324 5219 351 5280 l.
376 5220 420 5281 hd
438 5221 615 5282 universam
638 5221 702 5298 agri
719 5221 863 5283 dominici
881 5235 985 5282 curatn

248 5321 275 5375 et
294 5313 518 5392 inspectionem
541 5313 592 5378 ubi
609 5316 743 5392 priunum
759 5315 875 5378 luimus
890 5331 927 5375 ex
944 5312 987 5376 di-

249 5405 334 5468 rihae
356 5406 498 5468 bonitatis
513 5405 653 5479 consilio,
670 5404 819 5483 nulloque
840 5406 928 5467 nobis
944 5421 988 5464 as-

250 5499 372 5562 sistente
384 5499 567 5561 meritorum
580 5498 736 5575 sullragio,
749 5499 858 5572 vocati,
872 5499 986 5560 nedum

250 5609 300 5656 nos
320 5593 412 5672 plane
432 5593 466 5654 ad
489 5594 546 5655 hoc
571 5594 754 5655 constitutos
778 5607 844 5654 esse
867 5590 988 5653 intelle·

251 5688 358 5763 ximus,
371 5697 406 5750 ut
418 5690 501 5750 iuxta
517 5687 649 5748 verbum
665 5686 880 5764 propheticum
896 5700 986 5764 prava

182 5837 186 5850 ,
253 5781 386 5855 germina
407 5781 553 5854 evellere,
576 5796 609 5841 ac
630 5781 719 5841 noxia
742 5795 878 5857 quaeque
901 5795 986 5840 cura-

254 5887 351 5935 remus
366 5875 536 5948 destruere,
549 5880 584 5933 ul
596 5872 752 5934 fructuosa
767 5871 985 5949 plantaremus,

253 5973 337 6048 atque
370 5967 601 6030 aedificaremus
633 5965 735 6042 utilia,
768 5965 819 6026 sed
853 5964 986 6026 vicissim

1699 571 1757 636 tet

1035 713 1217 788 agnovimus
1239 713 1341 791 vigilis
1363 729 1429 776 esse
1450 722 1480 776 et
1503 711 1645 775 industrii
1662 711 1776 788 agrico-

1036 805 1080 866 lae
1095 805 1233 868 studium
1250 809 1459 886 praecipuum,
1477 815 1521 880 ut,
1538 806 1590 868 ubi
1607 802 1776 884 inspexerit

1035 907 1152 974 partem
1175 898 1307 977 aliquam
1330 900 1422 977 ipsius
1444 899 1507 975 agri
1530 898 1617 960 bonis
1639 898 1776 974 undique

1036 990 1199 1052 herentem
1222 993 1381 1053 arboribus
1396 999 1426 1052 et
1448 991 1570 1069 plantis,
1588 989 1648 1052 illic
1663 997 1777 1064 satagat

1035 1083 1188 1146 coloniam
1217 1085 1381 1160 instruere,
1405 1101 1584 1164 novumque
1612 1085 1777 1163 praeficere

1036 1176 1199 1252 culturom,
1218 1187 1252 1240 ut
1273 1179 1432 1242 circaeam
1449 1177 1608 1256 duplicatis
1624 1177 1777 1256 operariu-

1037 1286 1107 1333 rum
1130 1271 1231 1334 labere
1252 1281 1282 1334 et
1304 1274 1453 1336 industria
1478 1271 1599 1336 nollunt
1624 1273 1654 1333 in
1678 1279 1778 1349 postc-

1037 1379 1118 1440 rum,
1135 1366 1214 1443 quod
1231 1374 1387 1428 mereatur
1401 1367 1525 1440 succidi,
1543 1381 1670 1442 germen
1691 1379 1777 1444 appa·

1037 1466 1112 1531 reat,
1144 1459 1196 1520 sed
1227 1459 1329 1520 herbis
1353 1461 1393 1520 ita
1422 1460 1594 1522 salubribus
1625 1459 1778 1520 virescere

1037 1549 1189 1626 videatur,
1212 1561 1247 1614 ut
1268 1552 1367 1615 dulcia
1390 1553 1497 1632 pabula
1521 1554 1605 1629 liant,
1619 1567 1697 1631 qnae
1712 1567 1778 1627 gre-

1038 1657 1106 1719 gem
1129 1659 1165 1705 eo
1186 1646 1403 1709 advenientem
1427 1647 1548 1708 valeant
1569 1647 1723 1722 saginare;
1747 1663 1780 1707 ac

1038 1737 1183 1816 denique,
1200 1746 1359 1815 repetente
1376 1739 1506 1800 Domino
1527 1739 1677 1816 cuiusque
1699 1738 1779 1799 villi-

1037 1832 1163 1893 cationis
1185 1833 1348 1908 cationem,
1364 1842 1395 1896 et
1411 1850 1466 1896 nus
1482 1835 1518 1894 de
1535 1835 1676 1897 iniuncto
1693 1833 1778 1895 nobis

1038 1939 1171 1988 munere
1193 1926 1389 2003 gaudeamus,
1406 1927 1488 1992 etde
1510 1929 1627 1990 traditis
1649 1928 1780 2006 quisque

1036 2020 1091 2082 sibl
1115 2023 1237 2084 talentis
1259 2020 1369 2084 relatos
1391 2021 1507 2086 lructus
1528 2023 1655 2086 uberius
1669 2023 1697 2084 ei
1713 2039 1778 2101 pos·

1037 2115 1075 2176 sit
1098 2116 1253 2178 exhibere.
1361 2173 1364 2180 .

1078 2211 1145 2285 §2
1171 2211 1249 2274 Cum
1275 2212 1388 2290 itaque,
1412 2212 1490 2274 sicut
1512 2227 1548 2272 ex
1571 2210 1779 2272 insinuatione

1038 2302 1160 2363 nubisa
1190 2303 1346 2366 Friderico
1373 2303 1538 2366 Guillelmo
1566 2305 1623 2366 huc
1652 2305 1779 2366 nomine

1038 2395 1777 2478 tertioBorossiaeregenuperlactaaccepimus,

1037 2489 1107 2549 satis
1130 2490 1253 2566 insigne
1283 2491 1412 2552 numine
1434 2508 1491 2553 suo
1514 2490 1674 2552 Varsaviae
1695 2493 1778 2569 oppi-

1037 2582 1111 2643 dum
1132 2585 1190 2646 sub
1218 2585 1347 2646 dioecesi
1375 2585 1570 2647 Posnaniensi
1597 2585 1629 2647 in
1661 2586 1778 2647 ultimis

1038 2676 1134 2739 lerme
1156 2678 1309 2742 orientem
1332 2696 1438 2742 versus
1461 2681 1575 2742 sinibus
1602 2681 1779 2759 provinciae

1038 2771 1196 2834 Borossiae
1224 2775 1444 2849 meridionalis,
1469 2775 1499 2836 in
1529 2791 1560 2836 ea
1591 2791 1703 2853 nempe
1732 2790 1778 2836 re-

1039 2867 1141 2942 gione,
1165 2883 1242 2946 quae
1266 2869 1393 2930 llasovia
1415 2870 1571 2931 dicebatur
1596 2873 1777 2946 consistens,

1039 2963 1070 3022 in
1093 2960 1211 3023 elatiori
1234 2962 1371 3039 planitie,
1395 2980 1472 3042 quae
1494 2964 1695 3042 perlongum
1719 2975 1778 3026 ter·

1041 3071 1143 3117 rarum
1172 3063 1302 3118 tractum
1324 3057 1360 3118 ab
1387 3057 1544 3121 occidente
1568 3060 1599 3122 in
1625 3059 1777 3122 orientem

1040 3149 1098 3212 late
1121 3159 1223 3229 patere
1246 3151 1446 3226 dignoscitur,
1463 3153 1658 3230 lintriumque
1675 3153 1775 3216 Vistn·

1039 3243 1098 3305 lana
1120 3243 1254 3320 attingit,
1282 3261 1342 3322 quo
1369 3246 1657 3402 traiectervincit
1678 3247 1779 3310 subito

1038 3337 1151 3412 solum,
1163 3353 1333 3417 rursusque
1350 3339 1382 3400 in
1401 3341 1493 3401 vastis
1554 3357 1603 3403 arn
1619 3341 1779 3420 planitiem

1039 3432 1191 3494 orientem
1223 3447 1331 3495 versus
1363 3434 1568 3512 protenditur.
1604 3435 1779 3498 Fundatum

1039 3543 1107 3588 arce
1129 3528 1212 3604 regia
1233 3527 1410 3602 munitum,
1434 3529 1581 3608 regioque
1603 3529 1708 3593 itidem
1731 3547 1778 3610 pa·

1039 3619 1123 3694 latio,
1146 3626 1177 3680 et
1198 3621 1392 3683 diversorum
1414 3639 1577 3701 procerum
1606 3626 1704 3686 curiis'
1718 3642 1780 3686 nra·

1040 3715 1171 3790 gnihcis,
1194 3731 1227 3776 ac
1248 3714 1441 3792 privatorum
1469 3715 1625 3793 domibus,
1649 3735 1778 3796 quarunt

1040 3806 1203 3886 pleraeque
1215 3807 1347 3884 eleganti
1364 3825 1456 3888 opere
1471 3827 1488 3870 e
1503 3810 1597 3886 latere
1608 3819 1692 3874 cocto
1706 3819 1780 3873 sunt

1039 3908 1242 3975 constructae,
1271 3901 1407 3979 reliquae
1434 3918 1508 3963 vere
1529 3903 1650 3980 ligneae
1681 3913 1782 3988 extrc7

1040 4011 1121 4058 marn
1143 3995 1301 4057 dumtaxat
1324 3997 1467 4074 praedicti
1488 3998 1589 4075 oppidi
1611 4009 1712 4077 partes
1733 4017 1780 4062 oc·

1040 4096 1184 4168 cupantes
1200 4097 1358 4163 exornata,
1372 4105 1427 4151 nuc
1440 4107 1500 4153 non
1518 4091 1621 4169 pupuli
1636 4092 1780 4172 lrequen·

1041 4185 1079 4244 tia
1111 4181 1246 4256 celebre,
1276 4189 1383 4260 utpote
1413 4185 1570 4261 sexaginta
1602 4193 1632 4247 et
1663 4187 1780 4266 aliquot

1041 4276 1176 4339 millium
1207 4275 1410 4338 habitatorum
1435 4294 1578 4354 numero,
1601 4282 1779 4360 intorques

1039 4370 1286 4453 quamplurimae
1318 4369 1434 4432 nubiles
1466 4372 1603 4451 aliaeque
1634 4375 1780 4436 honestae

1040 4464 1184 4544 civilique
1206 4465 1291 4526 cultu
1313 4465 1454 4526 viventes
1475 4481 1506 4526 ac
1528 4481 1583 4544 pro
1605 4473 1780 4546 temporum

1040 4559 1214 4622 conditione
1230 4559 1300 4620 satis
1315 4559 1481 4637 locupletes
1499 4569 1726 4622 enumerantur
1740 4562 1780 4622 la-

991 4657 993 4662 ’
1041 4652 1144 4713 miliae
1176 4651 1337 4726 refertum,
1361 4655 1399 4712 ub
1426 4653 1502 4714 situs
1528 4653 1779 4731 amplitudinem,

1040 4745 1105 4806 sive
1119 4744 1282 4821 ambitum,
1298 4754 1366 4806 octo
1381 4745 1525 4808 italorum
1543 4747 1695 4823 milliaria,
1711 4749 1781 4811 sob-

1042 4840 1148 4912 urbiis,
1172 4840 1300 4917 ipsomet
1323 4839 1432 4918 oppido
1452 4840 1711 4918 splendidioribus
1726 4846 1781 4906 hoc

1042 4935 1073 4994 ln
1087 4932 1201 4995 calculo
1215 4932 1445 5010 comprehensis
1460 4933 1547 4994 lacilu
1561 4934 1780 5013 complectens,

1042 5029 1181 5107 aerisque
1210 5027 1293 5088 mitis
1322 5035 1352 5087 et
1374 5027 1536 5105 temporati
1558 5025 1780 5105 salubritatem,

1042 5123 1096 5184 soli
1119 5121 1347 5195 amoenitatem,
1379 5125 1647 5200 humanarumque
1675 5139 1782 5185 rerum

1043 5217 1227 5289 ubertatem,
1252 5223 1283 5276 et
1310 5215 1471 5294 praecipue
1495 5232 1550 5295 pro
1576 5233 1624 5290 eo,
1648 5217 1782 5295 quadiu

1043 5311 1108 5389 ipso
1130 5311 1240 5388 oppido
1261 5310 1430 5388 praedictae
1446 5309 1563 5371 nubiles
1582 5309 1713 5371 lamiliae
1729 5325 1783 5386 per

1043 5405 1207 5465 maximam
1224 5401 1296 5464 anni
1313 5409 1431 5480 partem
1443 5402 1575 5480 hyemali
1587 5403 1782 5488 potissimum

1043 5502 1181 5572 tempore
1203 5494 1354 5569 resident,
1381 5495 1520 5573 inibique
1542 5512 1630 5558 mons
1659 5496 1783 5557 Pietatis

1044 5589 1170 5666 provide
1190 5589 1352 5651 institutus
1380 5589 1545 5666 reperitur,
1568 5589 1638 5651 licet
1666 5597 1782 5650 attenta

1044 5681 1125 5742 illius
1147 5682 1324 5744 reddituum
1354 5681 1516 5756 tenuitate,
1538 5699 1616 5760 quae
1641 5698 1782 5761 praesen·

1807 567 1861 625 Au.
1875 573 1904 627 0.
1926 569 1994 626 1798

1812 2213 1948 2270 Descriptio
1965 2223 2008 2268 up·

1798 2266 1850 2322 pidi
1866 2269 2007 2314 varradas.

1044 5773 1124 5834 tibus
1147 5775 1377 5836 necessitatibus
1404 5783 1560 5853 nequeant
1585 5774 1780 5853 respondere,
1822 5841 1823 5844 ,

1043 5867 1249 5945 pignoratoria
1272 5869 1408 5942 societas,
1432 5882 1509 5945 quae
1526 5869 1639 5929 montis
1661 5869 1782 5930 Pietatis

1043 5960 1219 6022 huiusmodi
1245 5959 1312 6022 vice
1333 5961 1452 6022 abunde
1479 5959 1599 6040 supplet
1621 5960 1781 6042 subrogata
