4776 6974
35 629 37 674 ;
60 592 123 648 mu.
140 577 199 638 ttae

891 584 962 640 elus
984 588 1034 640 nr.
1058 583 1102 638 tr.

532 711 654 779 dxxv.

226 901 260 962 ln
291 899 484 979 Episcopum
513 899 713 965 Adulituauc
746 900 904 962 Ecclesiae
934 899 970 960 ia

261 993 432 1169 ming?
452 992 579 1056 Tedium
598 995 767 1072 Georgium
785 991 970 1073 thrupzer

254 1269 369 1338 Dilecto
391 1270 455 1338 tilio
477 1269 591 1338 Tobiae
614 1273 744 1355 deorpio
767 1269 945 1354 tthbrapzer

449 1365 550 1434 electo
573 1364 744 1444 Adulitano,

478 1511 566 1580 etus
590 1513 650 1580 ΡΡ.
673 1513 716 1580 vt.

433 1675 434 1679 ¹
501 1649 619 1717 uiteote
642 1650 694 1728 titi,

258 1733 385 1808 adiutem
408 1747 440 1810 et
461 1743 660 1826 apostolicam
688 1743 937 1810 benedictionem.

264 1931 331 2006 §A
357 1931 545 1994 Animarum
573 1933 665 1995 saluti
693 1933 827 2014 pretioso
856 1933 971 1995 Christi

225 2023 378 2100 sanguiue
399 2027 635 2103 redemptarum
655 2026 776 2108 assidue
796 2041 852 2103 pro
867 2033 973 2086 nostro

226 2116 368 2196 pastorali
383 2131 516 2179 munere
531 2117 743 2192 intendentes,
760 2124 790 2178 et
805 2117 910 2180 sedulo
926 2134 974 2178 co·

226 2211 359 2285 gitantes
380 2212 461 2288 quod
493 2227 645 2287 magnum
674 2211 853 2288 Aethiopiae
876 2211 975 2287 impe-

226 2303 318 2375 rium,
350 2301 403 2363 ubi
425 2303 543 2364 dudum
565 2303 761 2364 disseminata
783 2309 815 2363 et
834 2308 974 2380 suscepta

225 2395 393 2457 orthodoxa
415 2394 526 2471 religio
547 2396 664 2469 floruit,
687 2394 723 2456 ad
745 2411 889 2474 praesens
910 2411 972 2456 non

227 2489 315 2549 modo
337 2486 369 2548 in
393 2487 496 2564 pravis
511 2496 653 2550 versatur
673 2489 845 2564 erroribus,
862 2505 973 2551 verum

226 2588 255 2640 et
274 2579 465 2655 evangelicis
491 2586 576 2642 vacat
603 2582 763 2658 operariis,
779 2581 833 2658 qui
847 2577 976 2644 affluen-

228 2675 376 2736 tissimam
406 2672 490 2734 illam
517 2672 680 2750 regionem
702 2674 736 2735 ad
759 2675 922 2737 veritatem
944 2683 976 2737 et

227 2767 379 2830 Ecclesiae
394 2768 552 2842 gremium
574 2765 721 2830 reducere
737 2767 880 2844 valeant;
906 2767 977 2830 hinc

228 2878 336 2928 omnes
358 2864 396 2924 de
411 2877 483 2923 ren.
501 2861 634 2924 fratrum
650 2872 831 2927 nostrorum
847 2863 877 2926 S.
892 2865 926 2925 lt.
939 2864 973 2926 E.

228 2956 439 3019 Cardinatium
472 2957 607 3032 negotiis
642 2956 857 3034 Propagandae
891 2957 977 3020 Fidei

227 3050 474 3128 praepositorum
495 3049 636 3124 consilio,
652 3057 694 3123 te,
717 3050 772 3128 qui
786 3051 891 3113 aetatis
907 3060 977 3113 tuae

228 3159 347 3208 anuum
367 3143 432 3219 agis
456 3144 582 3204 tertium
598 3159 691 3220 supra
714 3144 922 3220 trigesimum,
939 3160 976 3205 33

228 3237 368 3312 legitimo
391 3236 591 3298 matrimonio
623 3245 813 3313 procreatus,
838 3238 870 3298 in
892 3253 977 3299 sacro

227 3331 458 3408 presbyteratus
480 3329 588 3390 ordine
604 3330 802 3403 constitutae,
819 3331 979 3392 omnibus-

228 3443 287 3504 que
302 3424 462 3503 requisitis
476 3421 676 3500 qualitatibus
689 3424 844 3500 praeditus
859 3424 976 3499 existis,

228 3526 257 3580 et
279 3520 317 3580 de
331 3518 419 3579 cuius
435 3517 515 3577 vitae
532 3517 695 3590 munditiis,
711 3516 864 3594 probitate
878 3524 909 3577 et
924 3520 978 3577 ho·

229 3619 347 3674 nestate
369 3625 506 3683 morum,
532 3609 645 3686 pietate
668 3617 699 3670 et
720 3609 885 3671 catholicae
907 3609 978 3670 3311-

229 3703 332 3782 giouis
347 3704 426 3778 zelo,
438 3701 566 3780 aliisque
583 3700 806 3779 multiplicibus
823 3703 978 3765 virtutum

230 3798 319 3860 donis
335 3797 393 3859 lide
405 3796 497 3872 digna
511 3795 685 3856 testimonia
701 3795 917 3873 perhibentur,
931 3813 979 3858 ec-

230 3891 339 3952 clesiae
360 3888 543 3952 Adulitanae
561 3887 592 3948 in
608 3888 768 3966 Aethiopia
784 3891 819 3950 ad
835 3905 980 3967 praeseus

231 3983 467 4058 mantissam
489 3982 579 4060 plena
601 3981 814 4044 iurisdictione
835 3983 982 4046 3113331-

234 4078 345 4140 tatibus
359 4077 540 4139 necessariis
562 4083 593 4137 et
613 4076 795 4155 opportunis
809 4075 841 4136 in
857 4077 900 4137 eis
915 4093 980 4138 our·

234 4172 334 4246 uibus,
356 4186 435 4248 quae
458 4168 628 4249 respiciunt
649 4169 836 4247 Aethiopum
851 4185 980 4232 conver·

233 4264 352 4326 sionem
376 4272 406 4325 et
427 4279 544 4338 curam,
568 4264 600 4323 in
631 4262 815 4341 Episcopum
844 4263 980 4339 praefici·

274 4495 303 4550 (ll
318 4497 355 4540 Ex
369 4494 511 4540 Tabulario
530 4497 625 4542 Sacrae
644 4495 861 4551 congregationis
875 4495 907 4540 de
920 4499 979 4541 Pro-

235 4564 352 4620 paganda
366 4562 437 4608 Fide.

292 4701 431 4742 Decretum
445 4701 542 4742 Sacrae
557 4701 776 4750 oonprepottcala
789 4701 923 4750 uenenatas

453 4769 485 4811 cte
499 4767 682 4818 Propoaonao
696 4767 760 4809 Fide

325 4834 429 4878 habitae
442 4836 485 4877 ate
502 4843 557 4878 uxr.
572 4835 669 4886 aprilis
685 4841 886 4877 unccuxxxvur.

273 4966 347 5012 luter
361 4965 451 5022 plures
466 4965 668 5021 sollicitudines,
682 4976 750 5022 quae
762 4967 785 5010 S.
797 4963 981 5022 congregatio-

235 5044 293 5078 nem
307 5033 427 5080 adiciunt
441 5032 475 5078 ad
489 5031 567 5076 tidem
578 5032 736 5078 catholicam
747 5032 773 5076 in
783 5033 846 5077 orbe
857 5031 981 5076 universo

235 5099 441 5156 propagandam,
458 5109 510 5145 non
531 5099 660 5144 modicam
681 5111 784 5156 semper
805 5099 856 5144 sibi
877 5099 980 5155 partem

236 5167 376 5214 vindicarit
391 5166 534 5222 imperium
549 5175 675 5222 magnum
685 5165 848 5222 Aethiopiae,
858 5177 910 5222 quo
919 5165 982 5210 licet

235 5234 347 5280 diversis
362 5231 526 5289 temporibus
536 5231 681 5288 euangelici
692 5243 833 5288 praecones
842 5232 920 5278 missi
930 5232 982 5276 fue·

236 5301 299 5356 rint,
314 5304 341 5345 31
354 5310 432 5344 omne
445 5299 594 5356 peniculum
610 5299 708 5344 factum
728 5297 888 5344 restituendi
901 5297 928 5342 in
943 5307 983 5342 3ο-

237 5368 294 5413 dem
308 5366 422 5422 imperio
437 5365 615 5411 orthodoxam
630 5365 797 5422 religionem,
807 5375 875 5421 quae
885 5368 908 5408 s.
919 5367 983 5410 Fru-

237 5433 330 5480 333111
344 5433 585 5490 praedicationibus
599 5424 772 5478 disseminata
785 5431 839 5476 iam
858 5435 885 5476 et
899 5436 983 5476 susce·

237 5503 280 5558 pta
293 5500 330 5546 ibi
344 5501 404 5556 fuit,
419 5501 521 5545 frustra
541 5503 631 5545 tamen
652 5499 810 5556 plerumque
831 5498 983 5544 ceciderunt

236 5570 354 5622 3333133,
367 5577 416 5612 nec
428 5567 612 5624 operariorum
626 5565 724 5623 aliquis
733 5566 787 5612 iam
798 5569 927 5622 superest,
937 5565 983 5622 qui

236 5633 464 5680 affluentissimam
478 5633 556 5679 illam
576 5632 711 5678 nationem
732 5635 828 5689 purget
847 5632 983 5677 erroribus

237 5703 262 5746 et
275 5701 407 5748 Ecclesiae
421 5701 509 5746 sinum
525 5701 640 5745 reducat.
657 5699 769 5756 Cupiens
783 5699 868 5756 igitur
878 5710 925 5756 pro
936 5710 984 5744 suu

238 5778 346 5813 munere
356 5771 381 5812 s.
390 5769 515 5824 congreg.
526 5769 651 5812 aeternae
661 5766 815 5811 eorumdem
826 5765 983 5822 populorum

238 5835 327 5888 saluti,
341 5833 432 5879 divina
445 5834 548 5878 favente
561 5833 659 5890 gratia,
673 5831 810 5878 consulere
824 5836 850 5877 et
867 5831 984 5889 aliquem

237 5901 322 5948 denuo
336 5900 454 5955 mittero,
468 5901 514 5957 qui
528 5910 620 5945 eorum
635 5904 711 5945 curet
725 5899 932 5952 conversionem,
946 5910 986 5944 re·

239 5967 338 6017 ferente
353 5966 418 6014 Eriro
431 5978 462 6015 ao
476 5965 542 6015 Enim
556 5969 583 6014 D.
600 5967 673 6015 card.
691 5967 829 6014 Autonelio
843 5967 985 6024 Praefecto,

1022 726 1092 773 mus
1114 717 1144 772 et
1167 711 1334 787 Pastorem,
1358 707 1390 772 in
1414 707 1479 786 illu,
1502 711 1554 788 qui
1584 711 1634 774 dat
1660 710 1773 787 gratias

1022 816 1054 870 et
1074 807 1190 883 legitur
1211 805 1357 885 praemia,
1381 805 1583 879 confidentes,
1603 806 1685 884 quod
1701 805 1774 867 diri·

1025 909 1119 976 gente
1139 900 1272 962 Domino
1294 907 1377 962 actus
1398 907 1466 961 tuus
1481 898 1634 977 praedicta
1649 900 1773 962 ecclesia

1025 992 1187 1055 Adulitano
1209 994 1267 1054 suh
1289 998 1343 1055 tuo
1364 991 1445 1054 felici
1468 991 1621 1066 gubernio
1648 997 1774 1068 regetur

1026 1085 1145 1147 utiliter
1166 1092 1197 1146 et
1218 1100 1365 1163 prospere
1386 1083 1551 1162 dirigetur,
1574 1102 1607 1147 ac
1635 1091 1720 1162 grata
1742 1086 1774 1147 in

1024 1177 1236 1256 spiritualibus
1258 1185 1289 1239 et
1315 1177 1535 1254 temporalibus
1557 1178 1704 1257 suscipiet
1728 1179 1775 1240 13-

1024 1277 1194 1333 crementa.
1218 1269 1330 1345 Iugum
1358 1269 1455 1346 igitur
1482 1272 1606 1334 Domini
1634 1275 1776 1352 prompti

1025 1365 1190 1427 devotione
1212 1363 1394 1441 suscipiens,
1414 1379 1520 1426 curam
1536 1372 1567 1427 et
1580 1365 1776 1429 administra·

1027 1459 1143 1520 limem
1158 1460 1255 1522 dictae
1271 1460 1421 1521 Ecclesiae
1436 1460 1479 1523 sic
1493 1477 1640 1524 exercere
1654 1465 1776 1524 studeas

1026 1555 1167 1628 sollicite,
1185 1553 1319 1616 fideliter
1340 1562 1370 1616 et
1392 1554 1638 1633 prudentem-ut,
1655 1564 1777 1634 praeter

1026 1657 1170 1709 aeternae
1192 1647 1407 1708 retributionis
1428 1649 1617 1727 praemium,
1637 1659 1775 1713 nostram

1027 1747 1058 1802 et
1080 1738 1269 1816 Apostolicae
1291 1740 1377 1802 Sedis
1399 1741 1529 1816 gratiam
1544 1750 1575 1803 et
1589 1742 1778 1805 henedictio-

1027 1848 1100 1894 nem
1122 1831 1233 1894 exinde
1254 1832 1381 1894 uberius
1401 1835 1548 1911 consequi
1565 1838 1721 1900 merearis.

1067 1925 1136 1999 §E
1162 1925 1204 1986 Ac
1224 1923 1262 1986 de
1285 1941 1331 1998 ea,
1355 1942 1434 2003 quae
1455 1927 1488 1988 in
1512 1936 1581 1990 tuae
1609 1935 1777 1996 commodi·

1030 2020 1099 2079 tatis
1121 2026 1326 2093 augmentum
1348 2018 1457 2080 cedere
1472 2031 1610 2099 possunt,
1627 2024 1777 2088 favorabi-

1029 2112 1100 2172 liter
1131 2111 1347 2187 intendentes,
1378 2113 1444 2188 tibi,
1475 2123 1509 2176 ut
1535 2133 1552 2176 a
1583 2133 1656 2179 ven.
1682 2119 1777 2182 fratre

1029 2204 1142 2266 Ioanne
1166 2205 1386 2281 chrysostomo
1410 2207 1646 2289 Archiepiscopo
1667 2212 1778 2290 Dyrra·

1029 2298 1146 2359 chiensi
1169 2297 1201 2358 in
1223 2297 1303 2359 almi
1325 2298 1407 2359 Urbe
1428 2311 1650 2377 commorante,
1675 2306 1778 2367 accitis

1028 2397 1060 2451 et
1081 2391 1113 2451 in
1137 2391 1194 2452 hoc
1215 2390 1260 2450 illi
1283 2391 1498 2454 assistentibus
1521 2393 1586 2456 loco
1616 2397 1780 2477 Episcopo-

1030 2505 1100 2550 rum
1122 2485 1240 2548 duobus
1255 2484 1444 2563 presbyteris
1466 2486 1498 2547 in
1519 2487 1720 2552 ecclesiastici
1735 2492 1779 2553 di-

1030 2583 1148 2660 gnitate
1169 2581 1358 2656 constitutis,
1382 2582 1511 2657 gratiam
1534 2586 1778 2647 3133333313-

1032 2691 1104 2738 nem
1117 2675 1256 2737 eiusdem
1269 2674 1356 2738 Sedis
1366 2675 1563 2750 habentibus,
1579 2693 1696 2740 munus
1707 2695 1778 2740 con-

1031 2769 1212 2830 secrationis
1226 2768 1382 2848 suscipere
1395 2792 1404 2845 ;
1428 2770 1547 2847 ipsique
1562 2771 1665 2834 loanni
1683 2772 1779 2850 Chry·

1030 2871 1164 2926 sostomo
1179 2863 1428 2941 Archiepiscopo,
1442 2872 1477 2924 ut
1487 2866 1617 2942 receptis
1632 2881 1647 2925 3
1665 2875 1694 2927 te
1710 2865 1780 2929 ddei

1029 2957 1196 3020 catholicae
1210 2955 1399 3032 professione
1415 2956 1498 3018 iuxta
1510 2958 1656 3022 articulos
1670 2976 1685 3020 3
1701 2960 1781 3022 dicti

1031 3049 1109 3114 Sede
1132 3051 1311 3130 propositos,
1334 3049 1378 3111 ac'
1389 3059 1495 3112 nostru
1510 3060 1542 3112 et
1556 3053 1710 3114 Romanae
1726 3054 1781 3116 Ec-

1031 3145 1141 3206 clesiae
1162 3144 1288 3205 nomine
1310 3142 1466 3205 fidelitatis
1488 3145 1607 3208 debitae
1622 3155 1652 3208 et
1666 3147 1704 3208 de
1718 3163 1780 3208 ser·

1031 3239 1132 3300 vando
1147 3236 1271 3315 proprio
1285 3237 1348 3298 ritu
1359 3236 1451 3298 solito
1463 3239 1651 3313 iuramento,
1664 3255 1781 3303 munus

1032 3331 1222 3410 praedictum
1245 3330 1300 3391 tibi
1322 3345 1430 3406 graeco
1451 3331 1513 3392 ritu
1528 3332 1710 3416 auctoritate
1727 3349 1781 3394 no·

1031 3425 1093 3504 stri
1104 3423 1286 3500 impendere
1297 3422 1381 3484 licite
1393 3423 1517 3485 valeatis
1531 3425 1651 3501 plenam
1665 3425 1781 3488 3111113-

1032 3534 1097 3580 ram
1118 3526 1227 3578 tenore
1242 3518 1453 3594 praesentium
1475 3520 1673 3582 currcedimus
1688 3519 1781 3583 lacul-

1034 3621 1138 3672 tatem.
1157 3609 1310 3672 Volumus
1330 3615 1435 3670 autem
1449 3619 1481 3670 et
1498 3613 1681 3676 auctoritate
1695 3629 1781 3691 prae·

1033 3704 1112 3768 dicta
1133 3705 1299 3765 statuimus
1325 3711 1417 3781 atque
1442 3705 1655 3780 decernimus,
1682 3711 1780 3785 quod,

1034 3797 1093 3858 nisi
1115 3797 1247 3875 receptis
1261 3813 1278 3857 3
1292 3802 1323 3856 13
1339 3813 1393 3874 per
1408 3798 1682 3877 Archiepiscopum
1698 3817 1784 3880 prae·
1815 3865 1819 3874 ,
1912 3791 1917 3802 ”

1034 3893 1151 3953 dictum
1164 3891 1339 3952 iuramento
1351 3897 1383 3951 et
1394 3891 1479 3953 Fidei
1494 3892 1684 3969 professione
1698 3909 1784 3971 prae·

1034 3983 1132 4057 dictis,
1163 3983 1246 4045 idem
1273 3983 1502 4061 Archiepiscopi
1534 4000 1649 4046 munus
1677 3986 1782 4048 huius-

1035 4075 1117 4137 modi
1139 4075 1193 4137 tihi
1217 4075 1409 4154 impendere,
1422 4085 1453 4138 et
1476 4084 1508 4138 tu
1529 4076 1607 4141 illud
1627 4079 1784 4156 suscipere
1850 4135 1854 4141 .

1035 4168 1318 4246 praesumpseritis,
1350 4168 1450 4232 dictus
1484 4170 1739 4250 Archiepiscapus
1767 4189 1783 4232 a

1035 4262 1218 4341 pontificalis
1248 4263 1341 4324 officii
1371 4263 1531 4341 exercitio,
1560 4282 1594 4327 ac
1625 4275 1687 4327 tam
1718 4266 1783 4343 ipse

1035 4477 1132 4541 statuit
1151 4506 1182 4542 ac
1202 4495 1319 4541 decrevit
1341 4495 1543 4552 supplicandum
1564 4507 1622 4542 esse
1644 4494 1723 4542 ssriro
1737 4507 1784 4554 pro

1033 4561 1203 4619 deputatione
1218 4565 1245 4607 et
1264 4562 1391 4607 electione
1411 4562 1562 4619 presbyteri
1583 4563 1722 4621 Anthiopis
1740 4569 1785 4610 ‘lo-

1034 4628 1093 4675 biae
1107 4628 1210 4685 Georgii
1226 4629 1376 4685 (tbbragzer
1390 4641 1422 4674 ex
1436 4629 1572 4686 provincia
1587 4634 1724 4686 comacan,
1739 4643 1784 4676 an·
1861 4661 1867 4674 .

1035 4703 1098 4740 num
1113 4696 1218 4751 agentis
1229 4685 1330 4742 aetatis
1345 4706 1408 4740 suae
1418 4707 1524 4752 xxxrm,
1537 4697 1587 4741 riri
1597 4697 1724 4754 probatae
1733 4698 1786 4755 pie·

1036 4762 1099 4807 tatis
1114 4774 1144 4808 ac
1160 4762 1227 4818 fldei,
1242 4763 1271 4807 in
1285 4763 1443 4819 Episcopum
1460 4764 1560 4808 Adulae
1580 4765 1635 4809 sive
1654 4765 1784 4810 Ecclesiae

1034 4829 1192 4876 Adulitanae
1206 4830 1234 4874 in
1244 4830 1386 4888 Antbicpia
1401 4841 1462 4876 cum
1472 4831 1549 4887 plena
1560 4831 1744 4878 iurisdictione
1758 4835 1784 4876 et

1034 4897 1208 4942 facultatibus
1228 4897 1386 4942 necessariis
1401 4900 1428 4944 et
1442 4897 1597 4955 opportunis
1613 4898 1640 4944 iu
1655 4898 1689 4944 ils
1703 4898 1786 4946 omni-

1035 4963 1092 5018 bus,
1111 4974 1178 5020 quae
1199 4963 1346 5021 respiciunt
1362 4963 1523 5021 Anthiopum
1545 4965 1743 5010 corrnersiouem
1758 4969 1785 5010 31

1035 5041 1140 5085 curam;
1155 5031 1218 5076 data
1232 5031 1342 5088 insuper
1360 5033 1390 5076 lt.
1407 5035 1432 5076 P.
1448 5033 1474 5076 Ι).
1491 5032 1583 5078 loanni
1598 5032 1785 5088 cnrysostomo

1035 5097 1235 5154 Archiepiscopo
1250 5097 1446 5154 Dyrrachiensi,
1457 5097 1503 5155 qui
1512 5102 1672 5146 Graecorum
1682 5099 1786 5146 ordina·

1035 5163 1154 5209 tionibus
1168 5165 1196 5209 13
1211 5165 1279 5210 Urbe
1294 5168 1408 5223 praeest,
1423 5165 1551 5211 facultate
1566 5166 1689 5212 eunrdem
1704 5170 1730 5211 D.
1741 5169 1786 5212 Το-

1035 5233 1106 5278 biam
1120 5231 1261 5288 Georgium
1272 5231 1431 5288 Ghbragzer,
1441 5233 1571 5289 praestito
1581 5234 1656 5290 prius
1666 5244 1714 5290 per
1723 5244 1785 5278 eum

1035 5299 1188 5344 iuramento
1204 5298 1235 5344 de
1257 5299 1386 5344 servando
1400 5299 1512 5356 ,proprio
1530 5299 1595 5354 ritu,
1615 5300 1786 5346 consecrandi

1036 5375 1131 5424 graeco
1138 5365 1194 5410 ritu
1202 5366 1229 5410 in
1238 5365 1394 5422 Episcopum
1404 5365 1585 5422 Adulitanum‚
1594 5366 1696 5412 duobus
1703 5367 1785 5412 etiam

1036 5431 1213 5480 adstantibus.
1227 5431 1284 5477 loco
1299 5431 1413 5476 duorum
1424 5431 1612 5489 Episcoporum
1623 5433 1786 5490 presbyteris

1037 5498 1102 5544 cleri
1117 5497 1262 5544 saecularis
1277 5498 1317 5542 uel
1331 5498 1473 5554 regularis.

1078 5569 1160 5616 Quam
1176 5569 1199 5610 s.
1216 5566 1434 5622 congregationis
1455 5564 1616 5612 sententiam
1638 5563 1721 5612 ssriso
1732 5563 1787 5612 Dino

1037 5633 1132 5678 Nostro
1146 5631 1191 5676 Pio
1205 5635 1250 5677 ΡΡ.
1262 5635 1300 5676 vt.
1317 5633 1431 5677 relatam
1446 5632 1473 5676 13
1487 5630 1625 5678 audientia
1639 5631 1731 5677 habita
1740 5643 1787 5689 per·

1037 5703 1067 5744 R.
1083 5702 1108 5743 Ρ.
1124 5701 1150 5742 D.
1166 5699 1329 5754 stephanum
1344 5699 1440 5754 Borgia
1459 5698 1638 5744 secretarium
1653 5698 1696 5744 die
1709 5711 1786 5746 uvrrr.

1040 5765 1131 5812 martii
1145 5776 1355 5820 muccuxxxvrn,
1366 5765 1499 5811 Sanctitas
1510 5767 1562 5810 Sua
1575 5765 1685 5822 benigue
1697 5765 1724 5810 13
1734 5777 1788 5811 om·

1039 5833 1117 5878 nibus
1137 5833 1314 5888 confirmavit,
1334 5833 1479 5889 literaeque
1500 5832 1659 5889 apostolicas
1678 5832 1711 5878 ad
1729 5843 1788 5882 nor·

1041 5910 1111 5946 mam
1126 5899 1226 5946 decreti
1240 5899 1358 5958 expediri
1372 5898 1459 5946 iussit.

1694 559 1752 634 331
1803 557 1993 627 1333333
