4754 6966
904 618 1045 674 casatus
1068 618 1137 676 xrlt

247 758 279 812 et
298 749 434 826 benigne
465 745 642 827 excepimus
672 745 820 810 dilectum
848 747 948 808 blium
977 762 993 806 e

247 843 327 903 sacri
349 841 507 903 llinorum
529 841 766 904 observantium
789 839 901 900 familia
924 837 996 898 reli·

248 935 367 1010 giosum
390 935 495 996 airum
518 933 716 996 llonrinlcum
739 932 911 995 bulonium
934 932 994 993 Lu-

248 1041 370 1088 censem
393 1028 429 1088 ad
452 1043 509 1088 nos
530 1035 562 1088 et
583 1026 660 1088 banc
674 1025 705 1088 S.
724 1025 835 1088 Sedem
851 1025 993 1098 missum,

248 1121 300 1196 qui
325 1127 378 1180 tuo
403 1126 434 1181 et
463 1119 686 1198 Episcoporum
714 1119 877 1181 uominea
907 1117 994 1178 nobis

248 1219 381 1290 peteret,
397 1219 432 1276 ut
453 1212 639 1274 electionem
656 1219 686 1272 et
702 1210 944 1289 postulationem
958 1211 996 1270 de

249 1314 279 1366 te
301 1305 408 1368 iactam
421 1305 581 1384 apostolica
603 1305 785 1366 auctoritate
801 1301 904 1364 nostri
925 1317 996 1364 con·

250 1400 456 1460 brmmemns.
480 1398 574 1476 ldque
596 1414 652 1460 nos
673 1397 840 1473 diligenter
859 1403 890 1456 et
912 1412 996 1456 accar-

249 1501 314 1552 rate
325 1493 462 1555 eiusdem
476 1492 634 1553 electionis
646 1499 676 1553 et
692 1490 906 1570 postulationis
917 1487 997 1549 sarie

248 1587 399 1663 inspecti,
422 1585 456 1646 ud
481 1585 533 1648 bei
557 1586 687 1662 gloriam
710 1591 740 1646 et
756 1584 889 1647 nationis
911 1583 997 1642 istius

250 1679 418 1742 utilitatem
434 1696 467 1740 re
483 1679 545 1758 ipsa
557 1678 778 1758 praestitimus.
805 1675 997 1741 confidimus

249 1773 335 1835 enirn
359 1775 390 1835 in
413 1774 556 1847 bonrino,
570 1788 641 1834 ren.
659 1772 765 1846 irater,
788 1786 881 1851 quam
904 1771 935 1830 in
951 1784 998 1828 ar-

248 1866 461 1945 cbieplscopali
484 1865 583 1926 ulbcio
610 1865 779 1939 doetrinae,
803 1862 996 1942 prudentiae,

249 1961 373 2038 pietatis
395 1971 426 2022 et
448 1958 605 2039 pastoralis
630 1957 808 2036 vigilantiae
829 1957 951 2018 laudem
967 1970 998 2015 es

249 2060 473 2132 consequutus,
502 2061 532 2114 te
560 2053 659 2114 multo
687 2051 796 2128 magis,
826 2049 922 2126 gratia
945 2047 997 2108 [lei

247 2149 411 2222 adiutrice,
434 2149 573 2210 eamdem
589 2145 780 2224 patriarcbali
805 2158 938 2206 munere
951 2158 998 2202 re-

248 2250 426 2305 tenturum.
452 2241 581 2302 Pallium
603 2241 683 2318 quod
699 2256 715 2299 a
730 2239 819 2300 nobis
840 2236 1010 2316 postulasti

249 2336 436 2398 fraternitati
454 2345 523 2396 tuae
539 2334 691 2396 mittimus
706 2331 744 2393 de
758 2348 887 2411 corpore
902 2331 935 2392 Β.
947 2331 999 2391 Po-

249 2430 289 2490 tri
311 2438 488 2508 sumptum,
510 2429 542 2490 in
566 2444 626 2508 quo
649 2434 694 2488 est
717 2426 877 2504 plenitudo
900 2425 1000 2504 ponti-

250 2524 346 2585 bcalis
369 2523 470 2584 obicii.
494 2523 578 2598 Quod
596 2521 752 2600 reliquum
768 2526 826 2594 est,
844 2520 875 2580 iu
893 2519 919 2579 bl
937 2535 1001 2580 rtru-

248 2618 335 2678 xime
368 2616 532 2690 incumbe,
566 2631 637 2678 rou.
670 2615 778 2684 buter,
808 2622 843 2675 ut
871 2629 998 2690 gregem

249 2711 346 2772 istum
377 2709 521 2784 gentibus
552 2708 718 2787 impietatis
748 2708 814 2770 labe
846 2707 999 2785 corruptis

250 2803 392 2880 trudique
412 2803 667 2880 circumseptum,
684 2808 714 2862 et
730 2810 833 2863 tamen
848 2799 998 2876 singulari

251 2897 305 2959 Dei
329 2897 479 2958 beneficio
508 2897 668 2972 integrum
690 2905 721 2957 et
743 2895 779 2956 ab
801 2896 889 2956 omni
917 2909 1000 2956 erro

251 3007 324 3052 rum
346 2989 465 3052 macula
482 2989 666 3050 mirabiliter
681 3004 795 3066 purum
811 2989 954 3064 vigilanti
970 2996 1000 3048 et

249 3084 357 3144 sedala
385 3082 520 3144 eristodii
552 3081 740 3142 incolumem
770 3097 892 3155 serves,
915 3081 998 3142 etin

251 3177 376 3238 unitate
399 3175 534 3236 retinens
555 3173 721 3236 catholicae
744 3173 907 3248 Ecclesiae,
924 3189 1001 3250 quae

251 3287 315 3332 una
338 3277 397 3344 est,
421 3269 515 3330 unius
544 3283 635 3328 verae
658 3266 727 3328 bulci
757 3266 949 3328 confessione
971 3275 1001 3328 et

250 3363 435 3426 diuinorum
472 3362 745 3424 sacramentorum
780 3363 1001 3423 communione

250 3459 312 3518 sub
339 3472 404 3518 uno
435 3455 549 3516 risibili
572 3454 679 3531 Capite
709 3470 834 3516 summo
864 3455 1002 3516 Romano

250 3551 404 3612 Pontibee
427 3548 541 3612 Cbristi
563 3548 687 3609 Domini
709 3548 846 3610 interris
869 3547 1000 3624 vicario,

251 3653 283 3708 et
306 3643 377 3704 Briti
402 3642 484 3703 Petri
511 3641 728 3719 Apostolorum
758 3642 908 3721 Principis
934 3661 1001 3706 sue-

252 3753 392 3810 cessure,
415 3736 503 3797 cuius
526 3750 610 3796 nunc
637 3734 852 3797 auctoritatem
880 3736 935 3815 ipsi
959 3746 1002 3800 te·

252 3847 369 3894 nemus
383 3839 415 3891 et
429 3829 543 3902 locum,
557 3827 650 3890 nullis
672 3827 796 3906 quidem
814 3831 933 3892 aberitis
949 3849 1001 3894 uo-

251 3928 339 3999 stris,
355 3925 408 3986 sed
423 3923 486 3983 solit
504 3922 556 3983 Dei
578 3921 784 3997 benignitate,
801 3923 854 4001 qui
876 3923 1003 3987 bumili-

252 4029 353 4082 tatem
375 4023 510 4080 nostram
534 4015 564 4077 in
587 4015 641 4076 bac
665 4015 837 4092 Apostolical
860 4015 938 4080 Sede
960 4020 1003 4080 lo-

251 4113 349 4188 cavit,
362 4118 397 4173 ut
409 4109 616 4172 universalem
629 4108 797 4170 Ecclesiam
812 4110 1002 4174 difficillimis

1051 749 1237 826 quillitatem
1250 750 1334 813 inter
1344 751 1546 834 coepiscopos
1559 763 1625 817 turos
1636 771 1795 833 conseram

1052 841 1129 904 nibil
1146 844 1231 906 enim
1252 845 1404 908 Ecclesiae
1426 848 1628 926 perniciosius
1650 851 1797 929 praelato-

1051 952 1122 998 rum
1145 936 1301 1000 tltsroulta.
1325 939 1532 1005 llinisterium
1550 952 1639 1008 tuum
1657 948 1750 1027 imple
1767 951 1797 1012 ln

1052 1030 1138 1091 omni
1150 1032 1296 1109 patientta
1312 1042 1343 1096 et
1354 1035 1501 1112 doctrina,
1517 1044 1551 1100 ut
1568 1038 1703 1104 irnclum
1719 1043 1798 1104 mul-

1053 1128 1118 1184 tum
1143 1123 1261 1200 alteras,
1284 1126 1487 1190 benedicente
1512 1133 1655 1209 Domino,
1678 1137 1729 1214 qui
1751 1154 1799 1198 so-

1052 1214 1100 1276 lus
1122 1216 1362 1294 plantationibus
1378 1231 1408 1283 et
1430 1222 1663 1298 irrigationibus
1685 1233 1799 1292 nostris

1053 1307 1102 1370 dat
1126 1310 1367 1376 incrementum.
1391 1317 1532 1396 Denique
1547 1323 1728 1400 praecipuae
1744 1343 1799 1388 no·

1053 1409 1134 1462 strae
1155 1420 1226 1480 erga
1243 1413 1273 1468 te
1288 1407 1524 1472 benevolentiae
1540 1413 1652 1490 pignus
1667 1420 1798 1481 casulauu

1056 1494 1109 1555 tibi
1132 1497 1212 1558 dono
1236 1498 1409 1575 mittimus,
1433 1501 1671 1586 laacultatamque
1693 1527 1799 1574 conce-

1054 1585 1166 1663 dimus,
1184 1596 1218 1651 ut
1233 1600 1339 1655 nostro
1361 1595 1489 1658 nomine
1511 1597 1556 1658 bis
1568 1601 1705 1678 quolibet
1719 1622 1801 1668 anuo

1055 1681 1201 1744 universo
1216 1683 1266 1745 isti
1281 1687 1393 1764 populo
1404 1691 1599 1768 apostolicam
1617 1695 1802 1762 benedictio-

1056 1790 1126 1834 nem
1143 1776 1275 1840 solemni
1289 1779 1350 1842 ritu
1370 1781 1538 1861 impertias.
1566 1787 1602 1848 Et
1614 1787 1801 1856 fraternitati

1056 1872 1127 1928 tuae
1148 1868 1260 1931 intimo
1281 1870 1381 1934 cor-alis
1395 1876 1494 1938 nostri
1516 1877 1625 1942 ellectu
1649 1882 1803 1948 benedici·

1055 1975 1137 2034 mus,
1160 1960 1321 2042 Deumque
1341 1966 1483 2044 impense
1504 1987 1676 2050 precamur,
1694 1986 1728 2039 ut
1750 1996 1803 2043 ro-

1056 2053 1101 2114 bis
1123 2055 1267 2116 omnibus
1290 2059 1426 2122 maxime
1447 2062 1487 2122 sit
1509 2067 1669 2144 propitius.

1095 2147 1206 2208 Datum
1229 2149 1344 2211 Romae
1365 2155 1443 2230 apud
1467 2155 1497 2217 S.
1523 2158 1648 2222 Petrum
1671 2166 1728 2226 sub
1750 2184 1802 2228 an·

1057 2239 1132 2300 nulo
1154 2238 1313 2303 Piscatoris
1334 2243 1382 2304 die
1411 2261 1501 2309 rura.
1525 2251 1604 2313 iunii
1635 2255 1801 2322 Beatorum

1057 2334 1274 2409 apostolorum
1297 2335 1379 2399 Petri
1402 2347 1434 2400 et
1457 2341 1540 2403 Pauli
1560 2349 1710 2425 martyrio
1732 2369 1803 2415 con-

1055 2425 1170 2488 serrata
1192 2444 1378 2491 uncctxrn.
1397 2435 1534 2510 pontific.
1547 2442 1643 2500 nostri
1659 2460 1742 2508 ranno
1754 2463 1798 2508 rx.

1312 2591 1552 2608 -ῂ

1377 2717 1481 2781 txlll.

1059 2895 1224 2976 Rescripta
1244 2904 1397 2978 quaedam
1414 2907 1568 2985 appa-atat
1585 2916 1805 2995 congregotio-

1097 2989 1149 3049 ais
1172 2991 1207 3052 de
1229 2991 1444 3075 Propaganda
1461 3001 1548 3072 Fide,
1565 3011 1748 3083 spectantia
1764 3011 1805 3071 ad

1099 3083 1303 3162 disciplinam
1316 3094 1553 3170 proeseriptom
1569 3099 1604 3158 iu
1619 3103 1737 3176 synodo
1757 3105 1805 3164 bi-

1099 3176 1231 3239 baaenst'
1252 3195 1309 3256 pro
1331 3185 1413 3244 clero
1437 3187 1688 3254 Maronitarum.

1160 3363 1331 3436 Venerabili
1354 3369 1443 3438 lralri
1466 3372 1593 3458 loaepbc
1617 3377 1709 3447 Patro

1105 3455 1304 3528 Patriarcbae
1327 3464 1515 3535 llntloabenc
1539 3468 1764 3552 Maronitarum,

1251 3645 1438 3718 etebebs
1460 3652 1519 3720 ΡΡ.
1543 3654 1612 3724 lllll.

1273 3834 1462 3908 llenerabilis
1485 3842 1593 3924 lrater,

1093 3925 1221 4000 salutern
1243 3932 1275 3995 et
1296 3933 1495 4013 apostolicam
1519 3937 1771 4010 benedictionem.

1722 606 1778 680 llo
1828 615 1882 672 ln.
1897 621 1927 674 c.
1949 613 2018 674 trel

1099 4117 1117 4192 ἓ
1141 4117 1167 4177 l.
1183 4119 1375 4198 Quamquam
1390 4140 1445 4202 pro
1460 4136 1619 4206 cuniperto
1642 4131 1807 4194 babeamus
1849 4158 1908 4204 arus
1922 4158 2039 4206 stactam

1061 4219 1090 4272 te
1112 4213 1330 4276 communibus
1359 4217 1513 4296 sullragiis
1539 4223 1569 4283 in
1600 4223 1806 4288 Patriarcbam
1825 4213 2040 4322 gssffffiffidiffip

1059 4303 1183 4365 inclitae
1206 4307 1428 4373 bloronitarum
1451 4315 1584 4376 nationis
1606 4317 1753 4393 electum,
1775 4325 1806 4382 et
1826 4321 1950 4375 tatemer
1962 4319 2039 4366 cacas

1060 4413 1075 4457 a
1098 4399 1186 4459 nobis
1201 4401 1314 4463 deinde
1329 4404 1560 4484 confirmatum,
1578 4427 1704 4472 omnem
1722 4413 1753 4474 in
1769 4429 1805 4474 eo
1824 4377 2040 4483 3{‘ss,¹,'‘,³,‘„⁰,‘,',¹,¹,†,⁰,{1

1060 4507 1166 4552 curam
1188 4500 1279 4570 atqua
1300 4511 1425 4574 operam
1442 4499 1670 4579 impensurum,
1684 4512 1718 4567 ut
1733 4523 1804 4568 cttm
1825 4460 2040 4592 ‘sssnffltbaaanffast'f-

1062 4584 1121 4646 lide
1151 4585 1320 4649 orthodoxa
1352 4590 1435 4652 inter
1466 4594 1671 4658 circumtusus
1703 4599 1806 4664 bostes
1826 4587 1904 4632 ⁸¹⁰⁰&

254 4209 341 4270 bisce
352 4205 541 4284 temporibus
553 4219 743 4280 regeramus.
762 4203 921 4267 Praeterea
938 4223 1002 4270 me-

253 4300 389 4364 mineris
410 4298 555 4372 velimus,
578 4299 610 4358 in
633 4297 690 4359 boc
711 4297 813 4373 gentis
830 4306 903 4361 tuae
925 4302 1003 4364 Pon-

255 4396 352 4458 tisrcio
376 4391 512 4467 collegio
529 4403 558 4452 te
572 4391 709 4452 hausisse
731 4391 1002 4471 Romaepietatem

253 4496 349 4567 atque
372 4486 558 4549 doctrinam:
583 4483 673 4546 tacito
695 4485 793 4561 igitur
809 4485 900 4548 talem
923 4497 957 4551 ut
974 4497 1003 4552 te

253 4589 404 4660 praestes,
427 4577 549 4658 qualem
573 4585 604 4638 te
621 4577 719 4640 adbuc
740 4581 930 4656 praestitisti,
946 4575 1006 4645 boc

254 4685 317 4751 est,
339 4673 464 4753 qualem
486 4687 552 4733 esse
575 4677 696 4750 oportet
710 4671 871 4735 bominem
893 4675 925 4737 in
948 4677 1004 4740 boe

254 4767 420 4845 religionis
441 4765 598 4828 domicilio
619 4765 717 4828 altum
733 4773 763 4827 et
778 4769 953 4831 educatum.
966 4771 1004 4832 llt

254 4861 408 4942 quoniam
428 4858 467 4920 de
487 4860 545 4920 boc
565 4857 788 4922 Maronitarum
801 4861 937 4938 collegio
959 4864 1004 4926 in·

254 4957 333 5019 cidit
352 4968 467 5028 sermo,
482 4953 596 5027 rideat,
613 4969 812 5030 quaesumus,
830 4953 1005 5020 fraternitas

257 5059 323 5120 tua,
346 5058 381 5110 nt
402 5047 455 5126 qui
478 5047 569 5108 istinc
583 5047 617 5107 ull
634 5061 690 5107 nos
711 5047 880 5111 mittuntur
902 5049 933 5113 in
955 5067 1005 5113 eo-

255 5143 329 5204 dem
352 5139 489 5216 Collegio
503 5139 656 5215 religione
670 5139 824 5218 sacrisque
848 5142 943 5206 literis
959 5146 1006 5208 in-

255 5235 420 5310 stituendi,
446 5234 574 5309 ingenio
596 5233 718 5296 ualeant
746 5242 789 5309 et,
813 5239 892 5314 quod
916 5249 1005 5319 caput

256 5339 317 5404 est,
340 5329 478 5392 moribus
497 5329 560 5389 sint
585 5325 815 5404 probatissimis.
838 5331 896 5405 Qui
919 5349 1004 5407 vero,

256 5424 434 5486 studiorum
448 5421 587 5485 conlecto
601 5438 706 5497 cursu,
722 5423 757 5485 ad
773 5438 827 5485 ros
842 5431 1006 5489 revertun-

257 5527 324 5592 tur,
346 5533 398 5580 eos
419 5516 485 5590 tibi,
504 5531 574 5577 ren.
591 5515 698 5591 frater,
713 5533 910 5596 summopere
924 5535 1005 5582 ccm-

258 5611 454 5686 memlamus,
468 5626 582 5689 amque
603 5609 736 5672 velimus
751 5611 793 5671 ita
803 5613 958 5690 respicias,
972 5623 1006 5676 ut

258 5713 401 5786 appareat
428 5706 598 5767 maximam
621 5711 651 5765 te
673 5704 709 5765 de
732 5704 792 5765 illis
820 5705 932 5768 babere
954 5725 1006 5770 cu·

258 5817 336 5862 ram.
372 5799 582 5861 Ecclesiastica
607 5797 779 5876 disciplina,
807 5815 1007 5879 summopere

260 5893 393 5969 studeas,
417 5899 450 5954 ut
471 5890 696 5971 praescriptum
717 5893 834 5970 synodi
856 5893 1006 5957 Libanen-

260 5987 302 6048 sis
322 6001 413 6068 quam
437 5984 573 6046 maxime
597 5984 710 6060 rigeat.
741 5985 849 6048 Pacem
870 5995 902 6048 et
925 5997 1007 6051 tran·

1061 4679 1186 4756 egregie
1206 4689 1337 4757 serrata,
1353 4684 1446 4747 etiam
1468 4687 1646 4766 discipliuae
1667 4695 1806 4756 studium

1062 4778 1202 4850 lloreret,
1233 4792 1294 4852 quo
1327 4777 1477 4840 Ecclesiae
1498 4781 1634 4856 dignitas
1656 4792 1687 4846 et
1715 4787 1806 4852 decus

1062 4871 1220 4943 innititur,
1245 4878 1346 4930 tamen
1376 4871 1457 4934 baud
1483 4875 1603 4937 modice
1633 4877 1735 4942 laetati
1757 4901 1807 4946 su-

1062 4981 1131 5027 mus
1158 4963 1253 5024 simul
1275 4980 1308 5024 ac
1338 4963 1568 5043 intelleximus,
1593 4971 1647 5031 tibi
1676 4973 1721 5035 nil
1743 4993 1808 5040 esse

1062 5061 1230 5138 antiquius,
1254 5073 1346 5136 quam
1369 5069 1404 5122 ut
1426 5058 1539 5138 Synodi
1561 5062 1743 5129 Libanensis
1757 5070 1807 5132 de-

1061 5163 1144 5216 creta
1166 5171 1180 5214 a
1203 5153 1436 5231 praedecessore
1463 5164 1569 5219 nostro
1591 5157 1643 5221 iel.
1668 5177 1729 5224 rec.
1753 5165 1809 5226 Be-

1063 5247 1184 5309 nedicta
1199 5245 1279 5308 xlll.
1297 5248 1459 5326 approbata
1482 5250 1612 5328 plenum
1627 5256 1808 5334 exequutio-

1063 5341 1110 5403 nis
1133 5341 1228 5401 robur
1249 5339 1421 5416 obtineant,
1438 5348 1469 5402 et
1483 5342 1520 5404 ab
1534 5346 1679 5409 omnibus
1700 5356 1730 5411 et
1746 5351 1808 5412 sin-

1062 5433 1144 5509 gulis
1157 5441 1219 5494 tam
1234 5431 1308 5495 oleri
1329 5433 1493 5496 saecularis
1508 5445 1539 5498 et
1555 5439 1704 5516 regularis
1714 5460 1808 5522 quam

1062 5527 1167 5606 populi
1190 5526 1323 5587 fideliter
1351 5528 1589 5606 adimpleantur.
1623 5533 1702 5597 llaec
1722 5537 1806 5598 enim

1062 5627 1167 5698 aperte
1196 5619 1365 5682 ostendunt
1392 5637 1425 5683 ea
1454 5625 1623 5702 postulata,
1652 5645 1731 5706 quae
1758 5629 1808 5708 pio

1063 5712 1268 5791 laudabilique
1290 5713 1357 5774 zelo
1378 5723 1554 5780 commotus
1568 5721 1603 5786 ad
1617 5724 1809 5784 venerabiles

1062 5805 1172 5866 tratres
1193 5811 1314 5868 nostros
1343 5803 1374 5867 S.
1399 5806 1434 5867 b.
1460 5809 1494 5870 E.
1521 5811 1698 5874 Cardinales
1724 5815 1807 5878 Fidei

1062 5899 1277 5976 Propagaudae
1308 5901 1442 5977 negotiis
1470 5905 1656 5982 praepositos
1689 5907 1809 5968 delerre

1062 5991 1201 6067 uoluisti,
1218 6007 1358 6073 quaeque
1373 5994 1410 6056 ab
1431 5997 1548 6059 eisdem
1570 6007 1637 6080 post
1653 6009 1808 6066 maturam
