4722 6976
926 605 998 650 rttts
1019 605 1068 652 PP·
1092 607 1146 654 vtl.

263 715 350 777 enim
371 732 526 782 annorum
546 723 741 801 septuaginta
764 722 875 798 trium;
898 729 928 785 et
944 729 1005 785 tor-

263 817 380 885 menta,
391 811 504 889 quihus
514 811 649 877 terendis
662 816 762 895 impar
775 815 899 878 iuturus
914 824 1004 892 esset,

263 917 281 962 a
300 917 333 962 se
353 914 540 968 removeret.
559 907 616 971 Sed
632 924 702 971 cum
718 909 796 970 nihil
811 909 1004 986 Augustinus

263 996 375 1058 desua
396 999 566 1062 constantia
590 1000 776 1077 remitteret,
800 1001 932 1063 ludibrio
953 1001 1004 1062 ha·

263 1088 357 1164 bitus,
379 1105 451 1152 mox
466 1090 597 1178 fustibus
611 1094 1004 1198 vehementissimi-caesus

263 1181 298 1242 ad
321 1183 396 1246 talos
410 1190 467 1246 est.
486 1186 566 1248 Tum
582 1186 691 1250 ludex:
709 1188 873 1266 «Ecquid,
891 1187 1003 1266 inquit,

262 1271 457 1356 Augustino,
487 1278 613 1341 cultam
635 1296 674 1340 aa
696 1282 747 1343 tai
775 1297 888 1343 caram
914 1282 1003 1344 lasus

263 1368 317 1430 ilie
333 1376 411 1432 taos
425 1369 538 1436 babet?
548 1389 566 1433 a
577 1405 596 1418 -
607 1390 625 1434 c
637 1371 733 1434 Enim
748 1390 821 1435 vero
835 1372 940 1444 hahet,
957 1391 1003 1436 re·

261 1463 387 1541 spondit
408 1465 611 1542 Augustinus,
635 1482 705 1544 cam
726 1466 768 1529 ad
791 1466 874 1529 talia
901 1469 1005 1548 perfe-

261 1555 362 1620 renda
383 1557 467 1618 airas
482 1557 687 1636 impartiat.»
703 1558 748 1623 Aa
763 1560 836 1623 haec
851 1559 944 1623 iudex
959 1561 1003 1622 ira

261 1648 484 1725 inllammatus,
516 1649 589 1713 diris
620 1651 686 1714 eius
717 1653 840 1717 vultum
870 1652 1003 1731 colaphis

260 1743 408 1806 contundi
430 1742 527 1818 iubet,
542 1760 677 1822 quorum
695 1761 827 1808 numero
842 1755 873 1809 at
888 1747 917 1808 vi
931 1760 1004 1823 pau·

260 1851 311 1898 cos
332 1844 399 1914 post
418 1836 483 1902 dies
496 1837 690 1900 exanimatus
704 1847 760 1901 est.
777 1840 856 1901 llaec
870 1839 1004 1902 innuere

259 1929 430 2006 voluimus,
453 1929 644 1992 venerabiles
663 1931 785 2006 iratres,
802 1940 836 1995 ut
851 1931 935 1995 illius
949 1949 1004 1996 vos

259 2024 361 2088 solatii
392 2025 554 2104 participes
575 2023 777 2100 efficeremus,
800 2025 882 2105 quod
903 2026 1001 2102 nohis,

260 2118 699 2182 incredibilisollicitudinum
722 2119 804 2180 mole
826 2120 957 2196 gravatis
972 2127 1003 2182 et

259 2228 339 2295 pene
371 2212 501 2286 obrutis,
532 2227 580 2274 res
611 2228 667 2291 pro
698 2214 853 2276 catholica
874 2213 1002 2290 regione

259 2307 376 2372 tuenda
396 2314 460 2369 tam
481 2306 603 2368 fortiter
623 2305 703 2384 apud
724 2306 810 2369 Sinas
832 2316 934 2384 gestae
959 2313 1002 2368 at-

260 2401 413 2464 tuleruut.
443 2400 585 2475 Magnam
611 2399 683 2462 inde
704 2415 792 2478 spem
813 2403 1001 2482 concipimus

258 2495 336 2567 lore,
353 2501 388 2557 ut
409 2493 582 2554 misericors
598 2492 677 2554 Deus
695 2509 860 2557 servorum
873 2513 1002 2559 suorum

258 2587 410 2665 sanguine
424 2584 571 2662 placatus,
584 2601 657 2663 quas
670 2600 732 2648 non
744 2586 883 2649 sidensis
897 2590 1000 2667 modo,

257 2681 309 2743 sed
333 2680 477 2742 uniuersa
500 2678 632 2740 Ecclesia
659 2679 845 2742 calamitates
873 2682 999 2760 patitur,

257 2780 455 2836 averruncet.

296 2869 393 2944 Quam
415 2882 453 2928 eu
475 2867 653 2928 memoratis
673 2867 806 2946 episcopi
834 2869 1000 2932 Tabracen·

257 2963 299 3024 sis
321 2969 352 3024 et
379 2959 601 3022 catholicorum
628 2957 808 3023 Sinensium
835 2963 1001 3042 triumphis

257 3055 418 3117 hausimus
440 3053 642 3131 voluptatem,
659 3055 800 3116 eamdem
814 3054 865 3117 lel.
879 3058 996 3118 record.

256 3147 407 3210 decessori
429 3145 542 3209 Nostro
564 3145 617 3207 Pio
632 3146 683 3209 Vl.
701 3147 880 3211 indiderunt
896 3157 1000 3228 partae

257 3241 395 3304 fidelium
427 3239 579 3315 sanguine
604 3239 636 3300 in
659 3240 870 3318 Tanqulnensi
902 3259 999 3321 regno

256 3350 312 3413 pro
341 3333 465 3396 Christo
496 3332 734 3396 interfectorum
769 3335 925 3399 victoriae.
961 3338 999 3400 Et

256 3427 517 3506 quemadmodum
538 3426 620 3489 idem
642 3443 783 3492 summus
797 3430 937 3507 pontilari
952 3449 999 3494 re-

256 3529 360 3584 centes
376 3519 604 3598 l'onquinensis
620 3519 771 3582 Ecclesiae
782 3521 873 3584 fastos
885 3523 917 3585 in
927 3541 999 3586 con-

254 3614 377 3678 sistorio
392 3628 561 3690 exponens,
585 3619 619 3674 ut
641 3613 737 3676 animi
757 3615 804 3677 sui
827 3615 999 3679 iucundita-

257 3717 320 3772 tem
341 3706 477 3784 apertius
498 3705 676 3781 declararet,
701 3713 731 3767 et
752 3707 884 3786 quodam
900 3711 998 3774 veluti

255 3803 444 3864 documento
467 3804 643 3873 testaretur,
665 3799 781 3877 aliquot
802 3801 914 3863 eximia
936 3805 999 3866 rir-

255 3904 324 3958 tute
345 3895 429 3956 viros
449 3895 484 3954 ad
506 3893 728 3956 cardinalitium
743 3893 927 3971 dignitatem
941 3899 999 3962 sihi

255 3987 432 4050 evehendus
447 4002 512 4047 esse
523 3986 628 4061 duuit3
646 3987 686 4050 ita
698 4003 753 4048 nos
763 3991 798 4050 ad
811 3990 888 4052 hanc
903 3993 997 4070 diem,

255 4098 315 4161 qua
337 4095 455 4158 nupera
477 4079 614 4142 simensis
630 4080 774 4142 ecclesiae
789 4083 895 4145 decora
913 4087 998 4148 vobis

255 4174 475 4238 nunciavimus
491 4173 633 4234 uberiore
644 4173 757 4234 laetitia
766 4176 996 4256 cumulandam,

254 4266 423 4332 nonnullos
445 4263 475 4326 S.
499 4265 534 4326 R.
558 4265 593 4326 E.
618 4267 792 4329 cardinales
813 4269 879 4331 sive
900 4272 999 4348 puhli-

255 4378 325 4424 care
354 4359 420 4420 sive
451 4373 553 4420 creare
585 4357 800 4436 decrevimus,
829 4379 905 4440 quos
934 4380 998 4427 non

255 4455 361 4516 minus
384 4451 518 4528 egregia,
544 4451 658 4530 quibus
685 4461 851 4530 ornantur,
876 4459 996 4534 merita,

255 4561 348 4626 quam
368 4539 600 4607 carissimorum
614 4545 702 4606 nohis
724 4546 755 4606 in
778 4547 899 4610 Christo
913 4551 999 4626 prin-

254 4641 360 4719 cipum
384 4638 482 4700 ollicia
507 4639 774 4700 commendarunt.
799 4641 837 4704 Et
858 4658 909 4703 eos
931 4645 999 4722 qui·

254 4733 325 4796 dem
340 4748 404 4795 uuo
418 4735 591 4808 eodemque
608 4739 745 4810 tempore
758 4749 840 4796 sacra
854 4734 998 4800 decorare

254 4843 392 4907 purpura
418 4834 606 4904 optaremus,
636 4827 688 4887 sed
717 4825 764 4902 iis,
794 4829 906 4905 quihus
934 4847 997 4892 non

254 4921 357 4983 omnia
375 4919 474 4982 adhuc
487 4918 520 4979 in
536 4924 682 4996 promptu
696 4926 781 4994 sunt,
799 4919 900 4982 locum
915 4923 998 4985 inter

255 5031 308 5076 vos
330 5012 560 5092 quamprimum
582 5012 694 5086 daturi,
714 5013 788 5075 alios
808 5015 997 5093 amplissimo

254 5106 483 5170 fraternitatum
504 5112 680 5167 vestrarum
701 5105 830 5184 collegio
849 5125 932 5171 nunc
947 5112 998 5172 ad·
1018 5183 1020 5188 ι

254 5217 466 5265 numeramus.
490 5200 527 5262 lli
549 5216 623 5261 vero
644 5207 733 5262 sunt:

292 5295 401 5356 Petrus
420 5295 565 5370 Quevedo
587 5293 685 5372 Episc.
710 5294 881 5371 Auriensis,
903 5313 994 5375 quem

253 5389 286 5452 in
314 5388 494 5450 consistorio
523 5387 625 5450 habito
647 5386 696 5447 die
721 5404 790 5449 vrri.
811 5389 913 5450 martii
939 5391 995 5452 hu-

252 5483 300 5544 ius
321 5481 395 5542 anni
417 5480 449 5542 in
471 5486 594 5558 pectore
620 5487 813 5543 reservatum
835 5497 919 5545 nunc
940 5500 995 5562 pu·

253 5575 417 5652 blicamus3

292 5668 470 5731 Franciscus
485 5665 640 5729 Antonius
655 5667 785 5730 Cehrian
801 5683 819 5748 y
834 5667 928 5732 llaltla
943 5670 995 5730 Pa·

253 5760 384 5822 triarcha
405 5760 582 5838 ludiarum,

291 5853 384 5915 ldaria
415 5853 592 5916 Thaddaeus
622 5855 911 5920 Trautmannsdorll
939 5856 995 5919 Ar-

252 5947 461 6026 chiepiscopus
482 5947 708 6027 Olo'mucensis3

1102 725 1213 788 Paulus
1234 727 1339 806 loseph
1362 727 1467 790 Solaro
1488 727 1549 790 iam
1563 728 1727 807 Episcopus
1742 726 1803 787 Au·
1895 739 1898 744 ·

1062 827 1168 894 gustae
1189 820 1372 882 Praetoriae.

1100 912 1153 973 llis
1174 921 1330 990 praeterea
1344 913 1503 976 adiicimus
1519 913 1729 976 venerabilem
1744 913 1804 975 ira·

1062 1013 1142 1067 trem
1163 1005 1360 1069 Eranciscum
1382 1005 1555 1070 llarerium
1570 1009 1605 1070 de
1621 1005 1716 1081 Salm,
1736 1007 1801 1086 qui,

1061 1097 1207 1176 quamdiu
1229 1099 1376 1162 auditoris
1404 1115 1549 1162 romanae
1573 1108 1658 1163 rotae
1687 1115 1803 1162 munus

1061 1190 1216 1264 exercuit,
1246 1205 1389 1267 magnam
1417 1192 1475 1253 sihi
1500 1193 1688 1270 integritatis
1716 1192 1803 1254 iusti·

1062 1282 1182 1359 tiaeque
1201 1282 1313 1345 lamam
1334 1285 1531 1360 comparavit,
1554 1291 1585 1346 et
1606 1293 1755 1363 perpetuo
1771 1286 1803 1347 in

1061 1372 1265 1451 Apostolicam
1286 1371 1408 1451 Sedom,
1421 1376 1635 1454 constantique
1656 1376 1689 1438 in
1711 1375 1813 1437 rebus.

1061 1465 1153 1527 etiam
1174 1467 1309 1529 adversis
1323 1467 1436 1542 studio,
1453 1468 1505 1530 Pio
1519 1485 1562 1529 rr.
1578 1469 1653 1531 dum
1667 1469 1801 1544 vireret,

1061 1559 1210 1637 nobisque
1237 1560 1411 1623 carissimus
1439 1576 1561 1638 semper
1588 1562 1708 1639 eutitit3
1732 1577 1803 1624 cum

1060 1668 1135 1714 vero
1156 1652 1304 1717 Gurcensi
1323 1653 1468 1716 ecclesiae
1489 1655 1643 1732 regendae
1662 1655 1803 1716 admotus

1060 1754 1119 1820 est,
1141 1748 1304 1825 pastorales
1324 1748 1391 1810 eius
1412 1749 1545 1812 virtutes
1559 1751 1600 1811 ita
1623 1750 1655 1811 in
1676 1765 1802 1811 omnem

1060 1847 1180 1918 partem
1201 1841 1410 1917 emicuerunt,
1438 1850 1485 1915 ut,
1508 1857 1601 1921 quam
1621 1842 1650 1903 ei
1671 1841 1803 1904 conteri-

1060 1949 1140 2009 mus,
1157 1933 1339 2010 dignitatem
1355 1933 1511 1996 carissimo
1526 1951 1649 2014 quoque
1664 1935 1696 1998 in
1713 1935 1801 1998 Chri-

1059 2033 1107 2087 sto
1136 2025 1200 2088 tilio
1220 2033 1325 2088 nostro
1351 2028 1513 2090 Francisco
1543 2029 1685 2091 Austriae
1705 2031 1801 2108 impe

1060 2118 1154 2180 ratori
1174 2118 1240 2181 lore
1261 2120 1504 2196 acceptissimam
1526 2137 1589 2184 nou
1604 2121 1801 2200 dubitemus;

1059 2211 1150 2274 sicuti
1175 2211 1382 2291 acceptissima
1410 2213 1497 2276 nohis
1524 2215 1598 2277 haec
1618 2223 1665 2277 est
1686 2216 1801 2278 occasio

1060 2312 1219 2382 pergratae
1241 2312 1363 2366 nostrae
1385 2305 1554 2368 voluntatis
1573 2307 1671 2386 palam
1686 2309 1742 2386 ipsi
1760 2318 1803 2371 te·

1058 2397 1184 2459 standae
1214 2397 1253 2460 oh
1275 2405 1391 2460 tantam
1413 2415 1507 2478 quam
1536 2416 1607 2463 cum
1638 2401 1802 2465 foederatis

1059 2489 1248 2568 principibus
1278 2491 1410 2570 suscepit
1441 2499 1575 2570 partem,
1610 2501 1644 2556 ut
1678 2503 1802 2573 ereptae

1059 2582 1130 2645 Sedi
1151 2582 1340 2661 Apostolicae
1361 2583 1510 2664 uobisque
1532 2585 1690 2664 provincia
1713 2588 1800 2651 resti-

1059 2685 1233 2739 tuerentur.

1250 2862 1334 2938 opta
1355 2861 1441 2927 vohis
1464 2865 1613 2927 oidelarl

1097 3051 1289 3116 Auctoritate
1302 3053 1525 3130 omnipotentis
1540 3054 1605 3132 liei,
1622 3065 1801 3121 sanctorum

1057 3145 1265 3227 apostolorum
1292 3146 1375 3208 Petri
1396 3151 1425 3208 et
1453 3147 1549 3223 Pauli,
1572 3166 1604 3211 ac
1625 3159 1729 3213 nostra
1750 3151 1802 3216 de-

1056 3241 1206 3302 claramus
1222 3237 1251 3300 S.
1267 3238 1302 3300 ll.
1317 3239 1351 3300 E.
1368 3240 1585 3318 presbyterum
1600 3243 1797 3308 cardinalem.

1097 3428 1223 3489 Petrum
1244 3425 1387 3500 Queredo
1408 3426 1599 3504 pQuinzano
1614 3429 1800 3512 Episcopum

1056 3520 1252 3582 Auriensem.

1097 3614 1224 3692 insuper
1251 3629 1391 3676 creamus
1418 3615 1447 3678 S.
1476 3615 1512 3677 ll.
1540 3617 1575 3678 E.
1605 3619 1800 3699 presbyteros

1057 3707 1231 3770 Cardinales

1095 3801 1292 3864 Franciscum
1317 3801 1489 3865 Antonium
1512 3805 1642 3868 Cehrian
1665 3825 1683 3886 p
1706 3809 1799 3874 Valda

1056 3895 1261 3957 Patriarcham
1283 3895 1451 3972 ludiarum,
1550 3975 1554 3982 ⁸

1096 3990 1221 4051 Mariam
1237 3989 1432 4052 Thaddaeum
1447 3991 1736 4059 Trautmannsdorll
1744 4001 1799 4060 Ar·

1055 4083 1283 4162 chiepiscopum
1304 4083 1548 4146 Olomucensem.

1095 4177 1291 4240 Eranciscum
1318 4175 1488 4239 llarerium
1514 4180 1551 4242 de
1573 4181 1654 4246 Salm
1678 4183 1798 4263 Episco-

1055 4286 1131 4352 pum
1152 4269 1351 4333 Gurcensem.

1095 4364 1226 4428 Paulum
1241 4365 1403 4444 losephum
1418 4363 1522 4429 Solaro
1538 4368 1596 4430 iam
1613 4369 1797 4450 Episcopum

1056 4459 1212 4536 Augustae
1233 4459 1416 4524 litterariae.

1115 4552 1194 4615 Cum
1219 4551 1509 4631 dispensationibus
1534 4556 1796 4638 derogationibus,

1055 4653 1085 4706 et
1107 4645 1252 4707 clausulis
1272 4645 1450 4708 necessariis
1471 4653 1502 4708 et
1523 4653 1715 4728 opportunis.

1096 4740 1129 4800 ln
1153 4739 1284 4800 Numine
1311 4738 1406 4801 Patris
1419 4742 1455 4813 ff<
1468 4747 1498 4802 et
1520 4742 1588 4804 Filii
1601 4747 1637 4818 »Β
1651 4753 1680 4807 et
1703 4747 1797 4826 Spiri-

1055 4840 1103 4894 tus
1116 4836 1151 4906 ffi
1166 4831 1280 4896 Sancti.
1305 4832 1416 4894 Amen.

1307 5084 1544 5098 m·—

1372 5397 1476 5461 Llllll.

1056 5584 1134 5646 Cara
1160 5583 1369 5648 Pracaaiibaa
1390 5585 1566 5650 Maronitis
1588 5587 1740 5664 queritur
1761 5591 1797 5652 de

1093 5674 1329 5739 cohabitatione
1359 5678 1586 5741 monachorum
1615 5684 1645 5741 ct
1673 5682 1797 5744 anaaia-

1092 5767 1173 5830 iiam
1201 5770 1259 5835 suh
1284 5770 1386 5832 codena
1416 5778 1507 5842 tecto,
1536 5780 1566 5835 at
1589 5773 1625 5834 dc
1650 5773 1795 5839 absentia

1092 5861 1321 5941 Episcoporatm
1350 5882 1370 5926 a
1398 5865 1467 5927 sais
1495 5863 1643 5940 redibam·
1670 5868 1796 5932 decreta

1095 5953 1357 6036 congregationis
1380 5957 1415 6018 tic
1437 5956 1473 6018 P.
1497 5955 1533 6018 E.
1557 5958 1591 6020 ia
1612 5957 1795 6024 iahihmtia

1725 587 1784 652 547
1834 587 1932 642 Ana.
1954 589 2021 643 rma

1838 6028 1869 6102 Ι
