4740 6962
34 563 36 648 i
65 572 130 630 inc.
147 565 207 619 tata

894 580 965 626 etus
987 579 1036 623 PP·
1062 579 1104 626 Vl.

270 691 352 752 rinno
373 693 490 775 cit'qcre
512 694 599 758 debat
622 695 657 756 in
678 711 813 772 quonaone
844 696 944 778 Proep‘
957 730 972 743 -

247 783 311 894 'cti
329 801 388 862 pro
411 794 548 865 ternpore
568 787 624 870 (l).

259 968 371 1037 nttectc
392 971 457 1039 iilic
480 973 603 1042 claudio
625 973 744 1042 concon
767 975 945 1059 oncobptcco

285 1061 445 1134 soeculari
469 1066 723 1154 congregationis
746 1069 910 1148 illusionis,

475 1239 560 1308 etus
584 1240 644 1309 ΡΡ.
670 1241 715 1307 tt.

502 1429 619 1496 cliente
642 1430 695 1510 iiii,

259 1521 386 1589 salutern
408 1528 441 1592 et
461 1524 658 1608 apostolicam
686 1523 935 1592 benedictionem.

264 1713 321 1774 Pro
343 1713 505 1776 commissa
526 1714 615 1776 nobis
643 1713 793 1778 divinitus
816 1713 971 1792 pastoralis

228 1804 313 1867 oflicii
336 1824 426 1882 cura,
448 1807 660 1886 spiritualibus
687 1807 917 1870 catholicorum
939 1807 970 1868 in

230 1897 324 1960 birico
355 1899 414 1961 snb
446 1901 619 1964 ancarnm
642 1902 760 1964 ditione
787 1901 971 1978 degentium

230 1991 469 2069 necessitatibus,
492 2003 646 2074 quantum
670 1995 757 2058 nobis
769 2011 807 2058 cx
822 1995 884 2056 alto
899 2010 970 2056 con-

227 2084 356 2160 ceditur,
383 2086 546 2150 consulere
573 2093 759 2165 satagentes,
791 2093 894 2166 teque,
916 2086 969 2165 qni

228 2179 273 2255 (nt
302 2179 425 2258 asseris)
452 2180 613 2258 presbyter
643 2181 807 2243 saecularis
836 2181 971 2258 congre-

227 2272 356 2349 gationis
377 2273 528 2337 Missionis
549 2273 666 2348 existis,
682 2291 716 2336 ac
737 2275 775 2336 de
789 2274 877 2336 cuins
897 2275 970 2348 fide,

227 2365 375 2442 doctrina,
389 2367 565 2447 prudentia,
581 2368 706 2446 pietate,
722 2367 849 2430 caritate
870 2374 901 2428 et
916 2367 971 2430 ca-

229 2459 355 2524 tbolicae
381 2461 550 2538 Religionis
573 2461 639 2524 zelo
666 2461 836 2540 plurimum
859 2461 893 2522 in
914 2462 971 2524 Do-

227 2552 310 2614 mino
331 2553 529 2631 confidimns,
540 2554 722 2632 specialibus
740 2561 799 2615 etc.
817 2554 969 2630 volentes,

226 2653 256 2707 et
280 2665 296 2706 a
324 2647 487 2725 quibusvis
515 2655 574 2710 etc.
602 2655 776 2722 censentes,
805 2647 843 2709 de
874 2663 968 2712 venn.

227 2739 355 2802 fratrum
382 2747 561 2803 nostrornm
584 2741 615 2805 S.
635 2741 672 2803 ll.
693 2742 729 2804 n.
761 2740 968 2804 cardinalium

226 2833 356 2910 negotiis
380 2834 591 2912 Propagandac
612 2834 695 2898 Fidei
725 2835 970 2912 praepositorum

225 2927 351 2990 consilio
373 2933 404 2989 te
431 2927 463 2988 in
493 2928 650 2991 vicarium
678 2927 890 3006 Apostolicnm
919 2927 970 2990 dt-

226 3022 358 3098 gerien.,
374 3021 441 3084 loco
462 3021 567 3084 dilecti
586 3021 682 3083 etiam
704 3020 760 3081 lilii
776 3020 860 3082 Petri
875 3022 969 3084 Pran-

225 3114 295 3176 cisci
315 3113 446 3192 Vignier
467 3113 605 3177 eiusdem
628 3113 885 3190 congregationis
900 3115 971 3178 biis-

224 3207 317 3270 sionis
337 3207 510 3287 presbyteri
532 3208 599 3286 (qni
615 3207 749 3300 officinm
765 3207 876 3271 Vicarii
891 3212 970 3287 Apo·

224 3301 321 3364 stolici
342 3301 523 3364 irninsmodi
543 3308 652 3378 sponte
673 3298 804 3382 dimisit)
824 3317 896 3364 cum
918 3319 970 3364 ev·

225 3393 367 3457 tensione
384 3393 420 3456 ad
435 3394 592 3456 civitatem
607 3393 774 3468 Tunetenn,
797 3401 828 3457 et
842 3410 913 3457 cnm
928 3394 969 3457 ia·

224 3488 389 3551 unitatibus
416 3487 515 3550 solitis
536 3493 567 3548 et
593 3487 761 3560 consuetis,
787 3488 969 3551 anctoritate

224 3581 397 3659 apostolica,
409 3589 516 3646 tenore
528 3579 739 3658 praesentium
750 3580 970 3644 constituimus

224 3687 255 3739 et
275 3679 470 3754 deputamus.
494 3679 623 3737 Attente
639 3690 713 3736 vero
730 3674 851 3736 itineris
873 3675 971 3738 intar-

224 3770 313 3847 vallo,
337 3787 399 3849 qno
415 3778 449 3832 tn
464 3769 582 3845 Algerii
604 3769 741 3833 residens
763 3769 857 3845 longe
878 3770 970 3834 distas

224 3883 239 3926 a
260 3865 395 3940 Tunete,
418 3872 453 3925 nt
467 3870 642 3942 opportune
665 3861 921 3926 cbristilidelinm
935 3865 968 3928 in

224 3958 356 4037 praefata
377 3958 502 4020 civitate
523 3958 684 4020 Tunetana
704 3973 759 4019 sen
780 3958 816 4020 ad
838 3974 906 4020 eam
921 3975 970 4038 ap-

224 4052 408 4132 pellentium
429 4051 642 4132 spiritualibus
658 4049 839 4128 indigentiis
854 4053 969 4131 prospi-

222 4146 968 4224 ciaonn,votumns,ut,statimaopnaesenncsno-

224 4247 283 4303 tras
297 4240 418 4302 litteras
433 4238 597 4325 receperis,
614 4254 668 4317 per
683 4230 823 4318 patentes
839 4247 905 4302 tuas
920 4242 969 4304 iit-

223 4342 301 4396 teras
319 4335 352 4395 in
372 4342 462 4395 tunm
476 4332 708 4395 Pro-Vicanium
725 4333 903 4408 generalem
914 4351 969 4414 pro

223 4428 366 4491 fdissinne
387 4428 546 4490 Tunetana
569 4426 716 4490 dilectum
738 4429 854 4507 pariter
868 4429 967 4493 ntion

222 4524 410 4585 modernum
432 4519 625 4583 Praefectum
653 4519 793 4584 eiusdem
814 4521 969 4585 missionis

223 4616 352 4679 'cunetis
373 4631 411 4675 ex
431 4613 544 4677 Ordine
564 4613 697 4675 fratrum
718 4614 875 4677 blinornm
896 4616 968 4680 San·

223 4710 261 4772 cti
293 4707 450 4770 Francisci
486 4705 752 4786 cappucoinornm
788 4719 969 4787 nuncupato

223 4801 402 4876 constituas,
425 4807 455 4862 et
477 4802 509 4862 in
532 4809 691 4879 posterum
713 4801 807 4864 dictas
829 4811 969 4882 patentes

222 4899 325 4962 literas
342 4897 375 4960 in
398 4912 563 4977 personam
584 4897 807 4976 cuiuscumque
823 4915 877 4978 pro
894 4907 968 4962 tem-

222 5009 295 5071 pore
324 4991 509 5055 successoris
535 4991 569 5052 in
601 4992 679 5055 dicta
712 4990 906 5056 Praefectura
932 4995 968 5058 ab

222 5087 327 5149 eadem
350 5084 599 5162 congregatione
618 5083 830 5147 Cardinalinm
851 5086 889 5148 dc
903 5103 969 5149 mo·

222 5197 255 5242 re
275 5178 450 5258 eligendam
479 5179 628 5241 reiterare
653 5178 773 5254 debeas,
796 5179 829 5242 in
856 5181 969 5259 quibus

222 5273 346 5353 quidem
372 5271 549 5352 patentibus
577 5271 675 5334 literis
703 5271 784 5334 dicto
812 5273 968 5337 Praefecto
1060 5275 1062 5280 '

223 5365 416 5429 Pro-Picario
448 5366 633 5428 concedatur
658 5364 784 5428 facultas
811 5368 916 5438 omnia
937 5376 969 5431 et

222 5461 354 5538 singula,
377 5475 456 5539 qnae
476 5459 570 5521 etiam
597 5459 762 5538 specialem
785 5467 967 5539 potestatem

223 5556 399 5636 requirunt,
430 5553 606 5628 exercendi,
633 5553 748 5632 absque
768 5554 831 5616 nlla
853 5555 899 5617 tui
920 5572 968 5617 re-

261 5753 291 5809 (1)
306 5753 405 5799 cadem
426 5753 578 5810 eisdemque
596 5753 684 5800 verbis
704 5755 822 5812 disponit
840 5767 888 5813 pro
906 5756 968 5803 aliis

222 5819 337 5866 eiusdem
352 5823 431 5877 cong.
445 5821 621 5876 Presbyter-is,
635 5820 771 5867 videlicet:

260 5888 358 5934 Dilecto
372 5885 428 5932 filio
442 5885 565 5934 bticboelt
576 5889 678 5934 Roneto
687 5889 806 5936 Perrend
815 5892 840 5934 P.
852 5892 876 5934 S.
888 5892 965 5948 cong.

222 5956 285 6012 biis..
299 5955 362 6002 Pius
376 5957 421 6000 ΡΡ.
433 5956 473 6000 vt.
488 5975 504 5988 -
517 5956 613 6001 Datum
627 5957 726 6002 Romae
740 5956 810 6013 apud
824 5959 848 6004 S.
858 5959 966 6004 Petrum

325 6079 378 6124 lac.
397 6046 466 6123 Pnnt.
482 6076 514 6124 de
530 6075 601 6136 Prop.
618 6075 680 6123 Pide
694 6077 776 6124 Partis
789 6079 808 6124 l.
825 6077 877 6126 vol.
893 6081 931 6124 lv.

1026 697 1187 760 strictione
1195 712 1251 758 sen
1273 694 1470 769 limitatione,
1484 695 1524 754 ita
1540 700 1573 754 nt
1588 691 1671 754 idem
1686 688 1774 750 Prac-

1028 789 1125 852 fectns
1147 788 1359 851 Pro-Picarias
1380 802 1526 849 exercere
1549 784 1646 846 valeat
1667 796 1774 860 qnam·

1029 898 1162 960 cunique
1178 880 1423 944 iurisdictionem
1444 877 1632 942 ordinariam
1648 874 1680 936 in
1695 871 1773 934 dicta

1028 975 1174 1038 missione
1196 974 1326 1037 Tunetis
1347 983 1410 1035 tarn
1431 986 1523 1048 supra
1544 969 1660 1043 Laicos,
1682 979 1774 1045 qnam

1027 1085 1118 1146 snpra
1135 1067 1359 1130 Ecclesiasticus
1375 1075 1406 1129 et
1420 1065 1586 1141 Regulares
1601 1063 1774 1126 cuiuscum-

1029 1177 1089 1239 que
1110 1161 1233 1225 Ordinis
1254 1160 1296 1222 ibi
1318 1162 1478 1237 degentes,
1494 1174 1550 1219 sen
1571 1157 1774 1219 adventantes

1029 1261 1090 1316 tam
1113 1255 1343 1333 liberos,qnam
1364 1253 1511 1332 captivos,
1526 1257 1645 1312 servata
1670 1257 1772 1310 tamen

1030 1347 1084 1409 tibi
1106 1347 1312 1426 appellatione
1343 1347 1376 1410 in
1405 1345 1584 1408 devolutivo
1613 1349 1773 1404 tantuma

1028 1441 1158 1504 decretis
1172 1450 1204 1504 et
1215 1440 1454 1520 provisionibus,
1471 1455 1545 1518 qnas
1560 1455 1574 1498 a
1589 1436 1670 1500 dicto
1686 1435 1773 1496 Prae-

1028 1533 1108 1597 fecto
1129 1533 1322 1597 Pro-Vicerio
1350 1533 1418 1595 fieri
1439 1530 1615 1607 contigerit.
1639 1528 1674 1591 ln
1702 1527 1773 1589 casi-

1029 1628 1083 1690 bns
1104 1636 1220 1702 antem,
1245 1629 1276 1688 in
1298 1627 1411 1706 quibus
1433 1635 1466 1687 tn
1487 1624 1632 1701 procedas
1646 1637 1702 1700 pro
1721 1620 1775 1682 ali·

1028 1737 1086 1800 qna
1109 1722 1205 1796 gratia
1227 1721 1277 1784 vel
1299 1718 1420 1782 indulto
1441 1717 1546 1780 lavore
1562 1715 1691 1778 alicuius
1706 1730 1775 1792 per·

1026 1829 1120 1876 sonae
1135 1815 1167 1876 in
1185 1813 1330 1876 missione
1352 1813 1513 1876 Tunetana
1532 1809 1705 1883 existentis,
1721 1825 1774 1869 vo·

1028 1907 1131 1971 lumns
1153 1907 1278 1986 pariter,
1300 1913 1336 1968 ut
1349 1920 1561 1984 quascumque
1581 1903 1774 1980 provisiones

1027 2000 1183 2063 Praefecto
1198 1999 1391 2062 Pro-vicano
1406 1998 1560 2075 praedicto
1574 1995 1709 2072 dirigere
1723 1997 1774 2058 dc-

1028 2093 1096 2156 beas
1117 2109 1189 2156 cnm
1204 2091 1350 2166 clausula,
1366 2091 1450 2152 ceris
1466 2087 1682 2154 omittentibus
1697 2103 1773 2150 ncr-

1028 2188 1122 2258 rotis,
1147 2194 1177 2249 et
1204 2185 1373 2248 dummodo
1395 2185 1478 2246 idem
1500 2182 1674 2245 Praefectus
1696 2183 1775 2244 Prc-

1028 2278 1166 2342 Vicarins
1188 2294 1250 2340 non
1271 2278 1380 2339 habeat
1398 2291 1519 2338 causam
1536 2275 1567 2337 in
1583 2275 1771 2338 contrarium
1806 2307 1807 2324 ι

1028 2389 1081 2452 pro
1102 2373 1286 2434 executione
1307 2369 1546 2450 patefaciendam
1561 2368 1629 2444 tibi,
1644 2369 1694 2432 cni
1710 2369 1774 2446 ipse

1027 2461 1201 2527 Praefectus
1222 2463 1448 2536 Pro-Picarias,
1466 2468 1500 2523 nt
1523 2467 1595 2523 tuns
1616 2461 1772 2537 minister,

1027 2573 1239 2637 quoscumque
1260 2563 1344 2618 actus
1366 2555 1516 2618 officiosos
1534 2562 1564 2616 et
1586 2555 1773 2617 reverentia-

1027 2651 1071 2712 les
1091 2650 1238 2713 exhibere
1259 2649 1389 2712 omnino
1407 2654 1566 2711 teneatur:
1590 2647 1674 2710 salva
1694 2663 1775 2712 scm·

1026 2761 1081 2824 per
1101 2744 1135 2808 in
1156 2743 1331 2823 praemissis
1352 2743 1534 2806 auctoritate
1555 2742 1774 2818 congregatio-

1027 2839 1075 2902 nis
1086 2839 1268 2902 eornmdem
1280 2835 1499 2900 cardinalium.
1512 2834 1689 2898 uanoannos
1704 2851 1774 2914 pro-

1026 2939 1130 3011 pterea
1154 2931 1185 2994 in
1207 2931 1325 2994 virtute
1346 2937 1468 2992 sanctae
1489 2928 1688 2994 obedientiae
1708 2947 1770 2992 om·

1028 3027 1119 3088 nibus
1149 3030 1181 3087 et
1212 3023 1344 3100 singolis
1366 3022 1625 3087 christifidelibus
1652 3039 1774 3086 earnm-

1026 3121 1097 3182 dem
1119 3118 1293 3191 civitatum,
1305 3117 1495 3196 caeterisque
1516 3117 1552 3180 ad
1567 3133 1644 3195 quos
1658 3124 1773 3195 spectat

1026 3220 1057 3276 et
1077 3210 1225 3290 spectabit
1244 3211 1277 3274 in
1306 3209 1460 3286 futurum,
1483 3215 1518 3272 nt
1542 3217 1570 3272 te
1591 3211 1626 3274 ad
1649 3211 1774 3273 deman·

1025 3305 1132 3368 datum
1156 3303 1209 3366 tibi
1231 3319 1286 3383 per
1315 3305 1437 3366 easdem
1458 3311 1634 3382 praesentes
1660 3304 1773 3368 vicarii

1024 3397 1190 3477 apostolici
1212 3397 1349 3460 officium
1371 3396 1517 3475 illiusque
1537 3396 1670 3461 liberum
1685 3414 1775 3460 ener-

1024 3491 1145 3565 citinm,
1158 3492 1244 3553 iuxta
1265 3491 1445 3571 earumdem
1469 3496 1608 3552 tenorem
1630 3507 1774 3570 praesen-

1027 3587 1118 3661 tium,
1142 3584 1291 3661 recipiant
1311 3592 1342 3645 et
1363 3582 1540 3659 admittant,
1570 3591 1662 3664 teque
1689 3601 1775 3647 reco-

1026 3683 1174 3757 gnoscant
1186 3686 1216 3740 et
1232 3677 1286 3738 tibi
1300 3677 1331 3738 in
1343 3678 1489 3738 omnibus
1500 3677 1625 3755 qnaead
1637 3679 1773 3740 officinm

1026 3770 1213 3852 praedictum
1237 3769 1413 3848 pertinent,
1435 3770 1606 3850 respective
1628 3779 1772 3850 pareant,

1024 3866 1148 3928 faveant
1161 3874 1193 3926 et
1208 3863 1361 3938 assistant,
1378 3869 1492 3942 tuaque
1505 3863 1639 3927 salubria
1655 3867 1774 3929 monita

1025 3965 1056 4020 et
1071 3959 1213 4019 mandata
1229 3955 1390 4018 lrnmiliter
1410 3957 1588 4034 suscipiant,
1601 3967 1633 4020 et
1647 3959 1774 4022 efficaci-

1026 4060 1074 4115 ter
1095 4051 1264 4131 adimplere
1285 4058 1464 4130 procurent,
1487 4051 1625 4132 alioquin
1647 4062 1774 4118 senten·

1011 4147 1112 4222 tiam,
1134 4145 1200 4212 sive
1222 4160 1367 4224 poenam,
1393 4159 1486 4224 qnam
1508 4145 1567 4207 rite
1589 4147 1697 4210 tuleris
1718 4167 1773 4213 sen

1024 4240 1170 4302 statueris
1192 4239 1224 4301 in
1246 4237 1389 4312 rebelles,
1406 4245 1503 4300 ratam
1528 4239 1719 4320 babebimus,
1743 4252 1774 4306 et
1868 4236 1872 4244 ’

1024 4335 1183 4409 faciemus,
1205 4340 1330 4394 anctore
1352 4331 1495 4409 Domino,
1512 4349 1610 4412 usqne
1631 4333 1667 4396 ad
1688 4339 1774 4399 satis·

1023 4427 1190 4492 factionem
1212 4425 1398 4502 condignam
1420 4425 1644 4490 inviolabiliter
1670 4429 1775 4492 obser-

1024 4522 1101 4584 vari.
1118 4519 1188 4582 Non
1203 4518 1396 4582 obstantibus
1411 4519 1594 4597 apostolicis,
1607 4536 1640 4583 ao
1652 4522 1685 4583 in
1704 4524 1773 4586 voni·

1024 4613 1195 4675 versalibns
1217 4620 1275 4673 etc.
1302 4611 1561 4688 ordinationibus,
1584 4616 1773 4696 caeterisque

1024 4707 1185 4771 contrariis
1207 4704 1466 4784 quibuscumque.

1063 4802 1175 4864 Datum
1190 4799 1318 4874 Romae,
1340 4798 1419 4878 apnd
1437 4797 1468 4862 S.
1491 4800 1618 4864 Petrum
1640 4802 1698 4866 snb
1718 4820 1772 4865 an-

1024 4896 1100 4959 nulo
1115 4893 1272 4975 piscatoris
1293 4893 1343 4956 die
1355 4909 1377 4954 ι.
1392 4894 1529 4957 decemb.
1546 4911 1767 4961 nnccnxrvnv.

1023 4990 1219 5071 pontificatus
1240 4986 1336 5050 nostri
1357 5003 1439 5049 anno
1460 5004 1504 5052 vv.

1338 5272 1448 5338 XXIV.

1027 5463 1202 5540 Confirmet
1219 5463 1287 5524 trio
1302 5461 1429 5525 decreto
1445 5460 1476 5524 S.
1491 5460 1768 5542 congregationis,

1063 5570 1199 5635 qnorum
1228 5555 1276 5616 1.⁰
1298 5554 1450 5617 monialis
1472 5554 1576 5617 Endie
1596 5571 1652 5618 sca
1675 5554 1770 5620 Ancaeo

1024 5757 1066 5804 dio
1081 5769 1126 5803 xx.
1141 5754 1286 5803 decembris
1307 5767 1479 5802 noccnxxxn.
1494 5765 1536 5802 an.
1551 5766 1608 5802 vnn.
1629 5755 1729 5802 Dilecto
1743 5756 1772 5801 ii·

1023 5823 1060 5869 lio
1074 5823 1162 5870 blasio
1176 5827 1200 5870 P.
1217 5827 1272 5869 Sec.
1287 5827 1312 5868 0.
1328 5825 1359 5868 M.
1382 5823 1443 5869 Pius
1457 5825 1502 5869 ΡΡ.
1518 5825 1557 5868 Vl.
1573 5845 1588 5857 ·
1608 5824 1703 5868 Datum
1723 5826 1771 5870 lto

1023 5902 1082 5937 mae
1096 5892 1166 5949 apud
1181 5895 1204 5938 S.
1216 5891 1325 5937 Petrum
1339 5888 1768 5936 diex.novembnisosnccnxxx1v.

1022 5969 1064 6006 en.
1079 5967 1105 6004 x.

1638 6079 1664 6122 et

1695 551 1752 614 ibt
1805 549 1858 602 an.
1873 550 1903 602 n.
1925 550 1995 604 rive
