4734 7004
929 663 932 670 Ι
963 593 1104 641 CLEMENS
1125 593 1195 641 xttt.

347 711 430 773 lonii
444 713 559 792 Gange.
571 712 770 786 Libanensis,
784 714 903 777 irritet
914 712 1055 778 arbitro·

345 805 431 868 riom
450 807 609 886 generalis
633 808 773 887 capituli
797 810 1052 873 convocationem

345 905 376 959 ct
397 899 562 963 electiones
585 903 620 964 in
641 920 675 963 ee
697 905 803 984 [actas
818 921 838 966 o
853 901 1053 982 quampluri·

345 989 403 1054 bus
421 995 586 1056 monacbis
602 993 872 1068 inobedientibus·
886 997 989 1073 eisque
1005 996 1053 1056 in-

346 1087 458 1166 ianqit
487 1085 699 1152 obedientiam
728 1107 805 1151 noco
834 1087 943 1152 abbati
964 1103 1054 1168 qene-

345 1180 421 1253 rnli,
446 1181 582 1260 aliisque
597 1181 819 1261 superioribus
835 1183 941 1244 electis
957 1199 976 1244 e
992 1181 1053 1244 Pu-

347 1275 496 1337 trinrcbu
519 1276 732 1350 Antiocheno,
758 1279 856 1338 iacto
878 1275 1052 1356 facultates

346 1368 400 1428 illi
436 1367 580 1440 tributos
615 1388 634 1433 a
665 1369 879 1448 praelaudato
915 1369 1054 1432 Remedi-

345 1462 495 1544 rtofflb'll'.
520 1462 576 1542 (l).

304 1651 477 1718 venerabili
499 1650 587 1718 fratri
610 1647 722 1718 Tobiae
746 1649 838 1718 Petro
855 1649 1052 1718 Patriarcbae

460 1745 649 1812 tnttnrneno
673 1743 895 1824 Maronitarum,

502 1917 687 1987 euentus
711 1918 771 1986 ΡΡ.
790 1918 859 1987 ΧΙΙΙ.

519 2095 711 2164 Venerabilis
731 2095 840 2175 trater,

340 2219 524 2288 salutemet
547 2218 745 2302 apostolicam
768 2216 1018 2286 benedictionem.

116 2431 193 2490 'cesa
210 2435 225 2470 a
241 2427 284 2486 qa-
345 2413 365 2487 ἓ
389 2411 415 2472 t.
433 2413 651 2490 Quaecumque
666 2429 681 2471 a
699 2419 739 2486 te,
753 2426 825 2472 ven.
839 2411 890 2483 ir,
904 2416 939 2472 ut
953 2408 1053 2470 oxnni-

90 2481 286 2594 fflgffssffiff.
304 2508 430 2567 modam
461 2505 660 2584 debitamque
692 2504 865 2583 apostolicis
897 2505 927 2565 in
959 2502 1053 2563 simili

88 2585 285 2694 {fffipflffffflg
305 2599 406 2662 foruna
427 2600 535 2661 Brevis
561 2599 689 2673 litteris,
713 2615 786 2676 quas
814 2597 911 2659 felicis
933 2596 1051 2658 record.

305 2692 493 2756 Benedictus
514 2691 595 2755 xlv.
615 2692 831 2770 praedeeessor
852 2700 958 2752 noster
972 2690 1007 2750 ad
1024 2697 1054 2751 te

305 2787 356 2849 die
377 2803 457 2849 nutu.
485 2786 603 2848 mensis
623 2785 694 2846 maii
723 2801 887 2846 uuecuvrt.
917 2781 1052 2856 dederat,

304 2882 551 2962 exequutionem
572 2879 679 2954 dares,
702 2888 785 2955 gesta
807 2884 881 2939 sunt
903 2892 957 2955 pro
979 2875 1055 2937 dite·

305 2978 364 3038 etis
386 2975 457 3037 bilis
471 2975 629 3037 monacbis
644 2970 750 3036 Sancti
763 2972 892 3035 Antonii
917 2971 1054 3046 Congre-

306 3069 440 3148 gationis
460 3069 641 3131 Libanensis
662 3066 931 3140 inobedientibus,
953 3063 988 3126 ad
1011 3062 1054 3124 of·

306 3165 412 3228 ficium
433 3165 569 3227 suaviter
592 3161 776 3239 fortiterque
796 3159 987 3233 reuocandis,
1005 3158 1054 3220 iis-

306 3260 441 3337 demque
462 3254 662 3319 exhortandis
683 3255 718 3316 ad
735 3254 984 3316 interessendum
1006 3270 1054 3314 ca-

304 3353 406 3430 pitulo
427 3349 564 3428 generali
588 3365 642 3427 pro
663 3350 781 3413 abbatIs
803 3350 967 3427 generalis,
981 3350 1054 3411 deb-

305 3446 447 3507 nitorum
474 3444 669 3522 aliorumque
689 3444 886 3522 superiorum
909 3443 1054 3506 localium

305 3539 459 3602 electione
481 3537 679 3610 celebrando,
702 3543 794 3615 prout
815 3537 848 3598 in
876 3538 1054 3600 memoratis

304 3634 419 3696 littaris
440 3631 714 3711 praescribebatur,
731 3646 765 3692 ea
781 3631 905 3709 quidem
929 3648 991 3694 nou
1007 3647 1054 3694 so·

304 3729 371 3789 tarn
389 3726 524 3788 libenter
538 3725 724 3798 audivimus,
742 3739 854 3786 rerunt
875 3725 968 3787 etiam
991 3743 1054 3788 nra-

305 3836 444 3898 gnupere
465 3819 674 3898 probavimus

147 3931 285 3992 Ιιεςῆιῑιιιιιρ
348 3915 416 3991 §2
443 3912 649 3987 Quamobrem
677 3925 748 3972 eunt
782 3913 888 3988 eadem
910 3914 1054 3975 monaehi

101 3989 287 4083 ffissffl
305 4025 383 4070 sano
404 4007 530 4070 consilio
552 4005 683 4066 minime
706 4009 912 4084 susceperint,
936 4009 998 4070 imo
1021 4009 1053 4072 in

96 4091 287 4190 jffissiffiff
305 4097 516 4164 inobedientia
533 4107 766 4176 perseuerantes
781 4116 917 4179 eousque
936 4117 1054 4180 proces-

94 4203 132 4244 fflr
304 4191 466 4269 serint,ut
486 4193 569 4254 aliud
590 4191 760 4270 capitulum
776 4195 920 4270 generale
941 4211 1055 4258 contro-

305 4303 376 4351 care
398 4289 429 4348 in
453 4302 551 4364 euque
571 4286 712 4348 abbatem
733 4287 923 4364 generalem,
946 4290 1055 4352 defini·

304 4389 390 4443 tores
422 4379 560 4458 aliosque
597 4378 705 4440 locales
733 4381 909 4459 superiores
937 4382 1054 4460 eligere

304 4477 364 4554 ipsi
386 4491 442 4553 per
461 4489 494 4536 se
515 4473 581 4536 ausi
602 4472 731 4548 fuerint,
754 4475 910 4552 sapienter
925 4485 956 4538 et
978 4477 1051 4554 legi·

306 4570 383 4631 time
402 4568 510 4629 fecisse
525 4567 749 4629 fraternitatem
767 4576 849 4629 tuam
874 4572 1055 4646 pronuntia-

304 4679 390 4736 mus,
412 4661 495 4742 quod
516 4662 601 4723 iuxta
624 4659 736 4723 laudati
749 4661 907 4724 Benedicti
929 4665 1052 4742 praede·

303 4757 435 4820 cessoris
449 4749 576 4828 litteras,
589 4771 623 4815 ac
636 4754 795 4818 facultates
811 4755 866 4816 tibi
888 4757 921 4818 in
937 4758 1053 4821 etsdexn

304 4851 479 4930 impertitas
493 4849 529 4910 ad
545 4849 617 4909 noui
632 4849 747 4910 abbatis
769 4851 921 4926 generalis
937 4851 969 4914 in
985 4868 1053 4930 per·

303 4960 380 5006 sona
398 4943 501 5006 dilecti
516 4943 572 5004 filii
584 4944 710 5004 Antonii
722 4940 842 5015 ,Seioori
858 4945 1054 5024 afrorumque

304 5037 506 5100 definitorum
526 5036 711 5098 electionem
733 5037 906 5099 detonans.
931 5039 977 5099 Ex
992 5055 1053 5118 quo

305 5138 392 5194 certe
413 5131 511 5192 maior
525 5139 556 5191 et
571 5129 750 5208 culpabilior
771 5131 869 5191 exasit
884 5133 1053 5209 praedicto-

306 5241 378 5287 rum
402 5225 624 5285 monachorum
647 5221 865 5285 inobedientia.

99 5337 226 5396 straneas
242 5333 287 5378 ru·
347 5319 366 5393 ς
387 5318 416 5378 3.
440 5315 692 5394 Quandoquidem
707 5315 861 5394 encyclica
880 5317 1053 5380 fraternita-

79 5389 285 5487 Qbffndssfflffi
307 5412 346 5474 tis
368 5417 439 5474 tuae
460 5408 587 5489 epistola
608 5409 725 5470 iterum
746 5409 868 5472 invitati
882 5412 917 5472 ad
939 5427 990 5471 eos
1005 5427 1053 5472 so-

79 5496 286 5595 ffffiss'pabssg
305 5504 374 5568 ium
390 5512 546 5582 tamquam
562 5502 722 5580 generales
739 5502 899 5576 religionis
912 5505 1053 5582 superio-

79 5603 161 5648 muse.
304 5616 355 5660 res
378 5596 653 5673 recognoscendos,
669 5595 720 5672 qui
737 5596 919 5658 auctoritate
934 5605 1053 5675 aposto·

299 5695 362 5765 ,lica
383 5709 400 5752 a
421 5691 615 5754 fraternitate
630 5692 1053 5767 tuaelectifuerant,censu-

301 5787 346 5848 rIs
358 5785 451 5848 ettam
466 5792 570 5846 contra
583 5799 647 5846 non
659 5792 828 5872 parentoso
843 5792 871 5868 te
882 5787 1052 5847 culumina·

343 6007 377 6064 (1)
394 6005 457 6050 Vide
472 6004 521 6051 vol.
536 6005 588 6056 ΙΙΙ..
601 6014 660 6064 pag.
674 6005 721 6050 686.

1798 573 1836 639 Ἠ
1885 575 1940 631 An.
1955 579 1986 632 0.
2007 576 2075 632 1759

1112 711 1148 774 tis
1164 714 1243 776 nibil
1259 713 1402 793 permoti,
1421 731 1484 777 non
1501 715 1603 789 modo,
1619 731 1689 778 cum
1706 715 1854 792 berytum

1111 817 1140 869 te
1161 809 1338 882 contulisti,
1366 824 1458 872 nemu
1486 825 1597 871 eorrrrn
1627 807 1856 872 fraternitatem

1112 909 1194 964 tuam
1217 902 1377 974 conuenit,
1393 903 1608 980 mandatisque
1624 901 1683 964 tuis
1697 902 1857 979 obtempe-

1110 995 1202 1070 rauit,
1226 997 1450 1058 verumetiam
1481 996 1725 1084 gubernaturum
1746 994 1857 1056 infude-

1110 1088 1187 1150 lium
1208 1089 1323 1151 auxili)
1345 1088 1427 1161 freti,
1448 1105 1483 1152 eo
1505 1091 1712 1164 devenerunt,
1730 1098 1765 1150 ut
1786 1089 1856 1150 obe-

1110 1182 1227 1246 dientes
1242 1183 1408 1266 monacbos
1419 1178 1455 1244 ab
1466 1198 1576 1244 eurum
1593 1183 1791 1245 monasteriis
1801 1197 1857 1261 per

1110 1276 1173 1336 rim
1195 1285 1227 1338 et
1248 1277 1394 1338 hostilem
1415 1277 1447 1338 in
1473 1277 1600 1338 modum
1621 1277 1780 1338 eiecerint.

1149 1369 1217 1443 §ln
1241 1368 1443 1449 Quapropter,
1470 1371 1596 1448 praeuio
1629 1370 1854 1433 venerabilium
1888 1384 2088 1448 commistaru-

1110 1461 1242 1524 fratrum
1265 1471 1442 1526 austrorum
1466 1466 1497 1527 S.
1521 1463 1557 1524 n.
1583 1465 1616 1526 n.
1644 1438 2088 1538 Car·dinaiiumf,‘1',²,'3?}3,¹¹1¹b¹d¹,'

1110 1559 1244 1633 negotiis
1267 1557 1482 1637 Propagandae
1504 1556 1586 1619 Fidei
1612 1557 1852 1638 praepositorum
1873 1545 2007 1591 ΝΟΜ
2032 1549 2087 1592 ²⁰*

1110 1651 1251 1725 consilio,
1267 1652 1438 1730 expediens
1452 1667 1520 1714 esse
1535 1653 1681 1714 duximus
1698 1651 1763 1724 tibi,
1780 1668 1852 1713 ren.
1873 1599 1985 1698 ffiffiugsd
1997 1597 2088 1698 ⁹333*

1293 1747 1297 1753 .
1874 1707 2017 1761 superiores
2045 1717 2088 1752 re*

1110 1742 1163 1818 fr.,
1185 1753 1382 1806 committere
1409 1753 1440 1806 et
1466 1747 1610 1807 manrfare
1639 1745 1855 1824 (quemadmo-
1874 1759 2071 1816 cognoscamus.

1110 1839 1183 1898 duur
1206 1838 1368 1915 apostolica
1383 1841 1563 1901 auctoritate
1586 1848 1692 1902 tenore
1716 1856 1856 1918 praesen·

1111 1931 1189 1992 tium
1220 1931 1318 2009 retpsa
1346 1933 1571 1996 committimus
1599 1940 1629 1994 et
1658 1933 1856 2015 mandamus)

1112 2031 1145 2086 ut
1174 2026 1321 2087 omnibns
1350 2036 1380 2088 et
1408 2026 1539 2104 singulis
1565 2027 1723 2089 monacbis
1751 2029 1856 2092 inube-

1110 2118 1267 2181 dientibus
1288 2120 1482 2196 huiusmodi,
1504 2137 1578 2184 eum
1601 2131 1707 2185 nostro
1728 2123 1857 2185 nomine

1111 2215 1226 2278 indicas
1246 2224 1277 2278 et
1298 2215 1484 2294 praescribas
1506 2217 1677 2279 terminum
1700 2224 1856 2296 tamquam

1111 2310 1261 2372 ultimum
1282 2318 1312 2372 et
1333 2310 1591 2388 peremptorium,
1620 2311 1674 2388 qui
1697 2312 1782 2373 iuxta
1801 2313 1858 2374 cir-

1111 2405 1313 2467 cumstantias
1342 2417 1535 2482 opportunus
1558 2405 1610 2467 tibi
1639 2406 1722 2468 risus
1750 2406 1856 2482 fuerit,

1110 2499 1192 2560 iutra
1213 2513 1307 2577 quem
1329 2507 1400 2559 ante
1422 2496 1648 2560 fraternitatem
1672 2507 1755 2562 tuam
1776 2516 1859 2562 cont·

1111 2609 1219 2672 parere
1250 2600 1280 2654 et
1305 2609 1337 2654 se
1358 2591 1483 2666 sistere,
1513 2600 1605 2670 atque
1635 2592 1765 2654 insimul
1785 2610 1858 2654 uera

1110 2689 1207 2750 animi
1224 2685 1411 2749 (lamissione
1425 2687 1607 2765 sinceroque
1623 2687 1859 2764 praeteritarum

1109 2785 1270 2864 culparum
1294 2783 1411 2859 dolore,
1427 2798 1546 2844 novum
1568 2782 1709 2846 abbatem
1731 2800 1858 2861 genera-

1110 2879 1189 2953 lem,
1215 2878 1351 2955 aiiosque
1377 2877 1587 2956 superioresa
1617 2887 1646 2940 te
1675 2883 1858 2945 auctoritate

1109 2971 1272 3053 apostolica
1294 2971 1419 3046 electos,
1433 2971 1616 3034 solemniter
1638 2989 1857 3051 recognoscere

1110 3067 1239 3130 omnino
1263 3073 1440 3128 teneantur.

1150 3161 1219 3240 §b
1242 3159 1326 3234 Quod
1349 3160 1375 3220 si
1397 3161 1437 3220 ita
1460 3160 1491 3222 in
1512 3177 1545 3222 se
1573 3161 1631 3240 ipsi
1658 3164 1787 3238 reuersi,
1812 3166 1856 3228 uti
1875 3169 2090 3270 eutfflfflusst'-

1110 3256 1254 3318 stitutum
1277 3255 1309 3316 iu
1335 3255 1468 3316 Domino
1494 3255 1696 3333 confidimus,
1720 3257 1856 3322 debitam
1874 3275 1949 3338 vendi
1973 3286 2091 3340 steenstr-

1110 3349 1319 3414 0bedientiam
1334 3347 1565 3427 pollicebantur
1579 3349 1645 3424 tibi,
1660 3367 1731 3413 ven.
1744 3352 1796 3427 fr.,
1814 3362 1856 3418 te·
1875 3329 2091 3438 §¹50¹ss'fflfflssl

1110 3460 1186 3507 nore
1211 3453 1243 3507 et
1264 3443 1446 3508 auctoritate
1466 3443 1589 3522 paribus
1617 3443 1775 3514 facultates
1803 3465 1859 3510 ne·
1874 3435 2089 3546 {issffipssffiff‘

1109 3539 1254 3602 cessarias
1269 3537 1493 3611 tributionem
1507 3536 1545 3597 ab
1558 3537 1703 3600 omnibus
1718 3545 1858 3606 censuris
2062 3525 2068 3536 ⁵

1111 3643 1141 3695 et
1163 3631 1443 3708 irregularitatibus
1459 3639 1586 3710 propter
1597 3647 1629 3693 ea
1648 3631 1777 3696 incursis
1792 3653 1858 3698 eos-

1110 3727 1180 3788 dem
1209 3725 1346 3788 absofvas
1373 3730 1405 3785 ot
1426 3723 1593 3802 dispenses.
1616 3724 1777 3790 Praeterea
1799 3730 1857 3792 fra·

1112 3821 1291 3883 ternitatem
1318 3828 1403 3882 tuam
1425 3818 1635 3896 maximopere
1661 3837 1806 3900 rogamus
1826 3830 1857 3887 et

1110 3914 1276 3994 poscimus,
1293 3921 1328 3975 ut
1343 3909 1484 3990 praefatis
1501 3912 1657 3974 monacbis
1678 3925 1784 3977 nostro
1803 3933 1858 3979 no-

1111 4010 1196 4070 mine
1216 4007 1383 4084 sfgnillces,
1403 4008 1483 4083 quod
1505 4007 1530 4066 si
1552 4023 1631 4084 quae
1652 4009 1777 4070 maioris
1793 4027 1858 4073 rno-

1111 4103 1221 4176 menti,
1235 4101 1284 4162 ref
1298 4117 1353 4179 pro
1366 4101 1504 4179 ipsorum
1516 4103 1725 4178 excusatione,
1739 4105 1788 4166 rei
1802 4122 1857 4185 pro

1109 4211 1240 4258 suorum
1263 4193 1524 4256 monasteriorum
1554 4195 1801 4272 necessitatibus,
1825 4200 1856 4261 in

1111 4289 1249 4350 medium
1271 4286 1411 4365 proferre
1433 4285 1602 4362 voluerint,
1622 4304 1668 4360 ea,
1691 4291 1726 4351 ad
1750 4307 1805 4354 nos
1827 4300 1858 4354 et

1110 4385 1145 4443 ad
1167 4382 1321 4444 laudatam
1336 4380 1617 4458 Congregatiuuem
1643 4381 1857 4462 propagandae

1111 4475 1193 4538 Fidei
1210 4475 1343 4550 dtrigore
1358 4481 1390 4534 et
1407 4475 1618 4536 transmittere
1635 4483 1784 4554 satagant.
1796 4478 1857 4541 Nos

1110 4569 1194 4630 enirn
1221 4584 1284 4630 non
1310 4567 1411 4630 solum
1439 4567 1546 4630 eadem
1576 4578 1704 4648 paterna
1732 4587 1857 4650 prorsus

1110 4661 1303 4738 benignitate
1314 4662 1515 4740 excipiemus,
1525 4677 1636 4724 rerum
1647 4665 1741 4726 etiarn
1752 4667 1856 4728 omnia

1110 4774 1144 4819 ea
1165 4755 1294 4820 consilia
1315 4755 1397 4817 inire
1418 4755 1604 4830 curabimus
1621 4773 1699 4834 quae
1718 4757 1753 4820 ad
1768 4760 1858 4822 resti-

1110 4852 1260 4914 tuendam
1275 4857 1306 4912 et
1320 4851 1560 4912 conservandam
1583 4850 1614 4912 in
1638 4850 1765 4915 illorum
1778 4854 1858 4917 con-

1110 4943 1289 5022 gregatione
1318 4957 1422 5020 pacem
1452 4949 1484 5004 et
1511 4943 1706 5008 concordiam
1740 4947 1854 5025 aptiora

1109 5046 1140 5099 et
1162 5037 1286 5100 rutiliora
1308 5035 1507 5098 ridebuntur.

1149 5132 1168 5206 g
1188 5131 1218 5193 6.
1243 5127 1272 5190 Si
1297 5144 1383 5203 uero,
1413 5127 1514 5208 elapso
1536 5130 1690 5209 praedicto
1720 5133 1856 5195 termino
1895 5148 1924 5192 tn
1941 5145 2088 5192 rnoueuten-

1110 5226 1142 5287 in
1165 5223 1375 5286 inobedientia
1397 5221 1496 5301 (quod
1519 5221 1614 5302 absit)
1635 5225 1733 5288 adftuc
1754 5241 1857 5304 perse-
1874 5199 2088 5306 {¹0}‚s,?3,¹1'⁵,¹,{,²{³¹1¹fi

1109 5317 1299 5390 verarxerint,
1315 5315 1461 5376 volumus
1475 5322 1506 5375 et
1518 5317 1699 5378 mandamus
1711 5324 1756 5392 ut,
1770 5334 1857 5397 prae·
1874 5307 2087 5406 ξξᾞζῃθξξῆᾞξ

1110 5419 1157 5472 ter
1179 5407 1389 5472 omnimodam
1416 5407 1571 5487 praetensi
1595 5409 1721 5488 capituli
1746 5412 1784 5473 ab
1805 5412 1856 5474 iis·
1874 5414 1964 5513 ggtents
1999 5413 2088 5460 eiera-

1109 5505 1180 5566 dem
1202 5499 1359 5564 monacbis
1382 5499 1630 5564 inobedientibus
1651 5502 1809 5580 celebrati,
1825 5512 1856 5568 et
1917 5501 1920 5510 '

1109 5593 1583 5673 electionuminipsofactarum
1595 5596 1854 5672 annullationem,

1109 5705 1219 5752 omnes
1239 5696 1271 5750 et
1291 5687 1432 5764 singulos
1454 5688 1618 5751 monachos
1648 5690 1761 5770 absque
1792 5691 1856 5753 ulla

1109 5785 1233 5863 penitus
1262 5782 1479 5856 distinctione,
1502 5781 1555 5860 qui
1584 5783 1719 5861 praefato
1740 5791 1856 5848 asserto
