4740 6962
321 510 375 566 An.
389 511 419 566 (l.
441 503 510 567 1780
560 509 619 578 252

539 651 653 715 ‹lolibet
676 655 741 717 lieri
764 656 942 732 contigerit,
958 656 1151 720 subscribere
1166 664 1197 720 et
1218 674 1288 737 pro-

537 747 604 824 prio
625 747 728 823 sigillo
749 750 874 811 munire
889 749 985 812 libere
999 759 1030 812 et
1046 751 1140 828 licite,
1157 751 1219 813 vitai
1233 753 1287 816 sui

537 838 680 916 durante,
704 843 796 920 possit
818 851 848 906 et
869 842 980 917 valeat,
1003 844 1164 922 apostolica
1184 853 1286 909 aucto-

538 933 628 995 ritate
650 943 758 998 tenore
779 939 1001 1014 praesentium,
1016 938 1194 1002 facultatem
1215 957 1288 1004 con·

537 1026 675 1089 cedimus
696 1037 727 1090 et
748 1029 958 1108 impertimur.

577 1121 644 1196 52.
669 1122 888 1199 Deeernentes,
911 1127 1030 1188 easdem
1053 1135 1229 1205 praesentes
1251 1129 1285 1191 li-

538 1221 617 1276 taras
639 1216 754 1291 llrmas,
777 1217 890 1278 validas
911 1226 942 1280 et
957 1217 1091 1283 efficaces
1105 1223 1239 1284 existere
1252 1240 1285 1285 ac

537 1307 614 1385 lore,
636 1325 770 1389 suosque
792 1311 944 1389 plenarios
958 1319 989 1374 et
1006 1313 1143 1390 integros
1158 1315 1285 1379 allectus

535 1401 641 1464 sortiri
661 1411 694 1464 et
714 1403 866 1480 obtinere,
890 1412 921 1467 et
941 1406 978 1468 ab
1000 1408 1146 1469 omnibus
1169 1425 1201 1472 ac
1222 1411 1286 1472 sin-

536 1496 629 1572 gulis,
651 1498 685 1558 ad
708 1513 783 1575 quos
797 1506 924 1577 spectat,
939 1500 1161 1565 inviolabiliter
1182 1506 1285 1567 obser-

538 1590 616 1666 vari;
639 1591 744 1670 sieque
764 1606 821 1670 per
841 1609 1052 1673 quoscumque
1066 1597 1182 1660 iudices
1203 1599 1283 1660 ordi·

536 1688 640 1748 narios
662 1694 692 1748 et
713 1685 878 1762 delegatos,
895 1689 988 1750 etiam
1004 1705 1165 1753 causarum
1182 1693 1284 1771 palatii

535 1779 691 1858 apostolici
715 1780 889 1856 auditores,
916 1799 949 1845 ac
970 1783 1108 1846 eiusdem
1131 1786 1161 1849 S.
1187 1789 1222 1850 ll.
1246 1790 1281 1852 E.

536 1874 730 1960 CardinaleS,
752 1875 845 1936 etiam
867 1876 903 1936 do
927 1876 1022 1939 latere
1043 1879 1184 1958 Legatos,
1207 1881 1285 1945 iudi-

534 1970 596 2034 cari
616 1975 648 2032 et
669 1967 791 2056 deliniri
806 1969 930 2046 debere,
947 1989 980 2033 ac
994 1973 1119 2036 irritum
1134 1985 1165 2038 et
1181 1976 1283 2053 inane,

534 2066 559 2125 si
581 2079 668 2126 secus
697 2063 858 2141 superbis
880 2081 895 2126 a
918 2081 1074 2144 quoquam
1103 2071 1211 2146 quavis
1233 2088 1286 2134 au·

533 2159 685 2231 ctoritate,
697 2157 831 2219 scienter
846 2157 896 2219 vel
910 2157 1101 2236 ignoranter,
1118 2163 1283 2240 contigerit

533 2251 687 2312 attentari.

573 2343 642 2407 Non
670 2345 863 2409 obstantibus
889 2346 986 2409 literis
1008 2365 1068 2411 rec.
1093 2365 1186 2414 mem.
1209 2353 1282 2416 Gre-

535 2439 614 2516 gorii
635 2438 690 2500 PP.
708 2437 773 2502 XV.
798 2439 1035 2516 praedecessoris
1054 2445 1170 2521 pariter
1184 2449 1283 2509 nostri

533 2549 627 2611 super
638 2532 840 2611 applicatione
851 2533 1039 2598 annulorum
1052 2537 1147 2614 ipsius
1157 2537 1186 2600 S.
1198 2540 1232 2603 ll.
1245 2542 1279 2602 lt.

535 2625 746 2688 Cardinalium
762 2626 861 2690 eidem
874 2629 1114 2707 congregationi
1130 2631 1206 2695 iactai
1226 2636 1283 2697 sub

534 2719 583 2782 die
599 2735 681 2780 xxii.
695 2721 775 2782 ionii
790 2737 938 2782 nocxxu.
952 2723 1114 2801 expeditis
1127 2743 1160 2788 ac
1170 2728 1284 2789 consti-

536 2813 710 2877 tutionibus
731 2821 762 2874 et
790 2813 1035 2878 ordinationibus
1059 2820 1231 2897 apostolicis
1252 2830 1284 2883 et

533 2907 694 2988 quibusvis
715 2907 812 2969 dictae
828 2909 1083 2984 Congregationis
1104 2914 1235 2976 decretis
1250 2915 1281 2977 in

488 3033 493 3048 ·
532 3000 724 3065 contrarium
746 3002 985 3078 praemissorum
1005 3007 1238 3082 quomodolibet
1252 3026 1283 3072 e-

322 5659 491 5706 Prooemium.

516 3096 671 3158 manetis.
695 3094 810 3170 Quibus
837 3095 981 3158 omnibus
1003 3106 1033 3160 et
1060 3099 1209 3175 singolis,
1232 3119 1282 3164 eo·

533 3205 602 3252 rum
615 3188 756 3250 omnium
768 3193 890 3250 tenores
902 3191 1115 3266 praesentibus
1126 3209 1180 3272 pro
1190 3195 1282 3273 plene

531 3289 563 3344 et
581 3281 773 3345 sullicienter
786 3283 937 3360 expressis
952 3299 985 3345 ac
999 3285 1037 3346 de
1051 3285 1146 3347 verbo
1161 3289 1195 3350 ad
1214 3305 1280 3350 ver-

533 3377 607 3439 bum
629 3375 754 3438 insertis
777 3375 932 3451 babentes,
949 3376 1010 3440 illis
1024 3379 1095 3439 alias
1115 3379 1147 3441 in
1161 3398 1217 3442 suo
1233 3399 1282 3444 ro·

532 3471 607 3532 bore
628 3468 858 3548 permansuris,
887 3470 922 3531 ad
944 3472 1184 3548 praemissorum
1210 3477 1281 3538 alle·

531 3570 617 3625 ctum
639 3564 693 3624 hac
714 3563 781 3624 vice
803 3560 962 3624 dumtaxat
983 3566 1156 3643 specialiter
1177 3577 1207 3630 et
1228 3586 1280 3631 ex·

530 3672 634 3736 presse
645 3657 840 3732 derogamus,
853 3657 1025 3736 ceterisque
1035 3662 1198 3724 contrariis
1212 3664 1279 3742 qui-

532 3751 732 3827 bascnmque.

570 3844 681 3905 Datum
703 3842 817 3904 Romae
839 3845 916 3920 apud
944 3843 975 3906 S.
999 3845 1126 3908 Petrum
1147 3849 1205 3912 sub
1225 3868 1277 3914 an-

532 3937 606 3998 naio
635 3937 812 4012 Piscatoris,
843 3937 893 4000 die
919 3955 953 3999 ιι.
979 3940 1050 4000 maii
1077 3957 1276 4022 nocccxxx„

530 4029 728 4108 pontificatus
749 4027 847 4091 nostri
869 4047 951 4092 anno
972 4047 1016 4093 vr.

528 4496 717 4579 Reittteqrat
746 4501 963 4579 episcopatum
987 4503 1208 4567 Varadiertaeat
1230 4507 1275 4569 la·

569 4595 634 4655 tini
649 4595 749 4665 ritus,
767 4593 842 4654 olim
857 4595 1123 4671 decentissimum
1139 4600 1173 4659 in
1186 4600 1276 4668 liau-

567 4689 673 4768 paria,
697 4689 898 4766 etasaipaat
920 4687 1000 4750 bona
1029 4706 1085 4768 pro
1107 4694 1274 4757 vicariatu

566 4779 855 4858 praere-catholieo
870 4781 1009 4844 eiusdem
1024 4785 1173 4847 dioecesis
1184 4795 1214 4850 ct
1230 4806 1274 4849 se-

567 4875 702 4934 minarii
729 4891 777 4954 qr.
802 4876 890 4936 ritas
919 4875 948 4938 S.
977 4876 1141 4940 Barbarae
1165 4880 1273 4942 Vindo-

566 4967 663 5030 bartae
684 4973 742 5029 etc.

736 5140 822 5210 etus
845 5141 1063 5211 tetseeetts

712 5335 821 5386 servus
843 5334 995 5386 servorun
1023 5318 1085 5398 oet,

646 5439 682 5506 ad
706 5443 881 5523 perpetuam
904 5439 948 5506 rei
971 5441 1149 5507 aenariam.
1172 5527 1176 5533 Ι

566 5629 635 5704 gl.
661 5629 819 5705 lugeaiosa
846 5645 1051 5708 personarum
1079 5633 1163 5708 regia
1188 5637 1272 5709 pote·

524 5730 603 5784 state
625 5721 815 5798 fulgentium
836 5723 1011 5786 sollicitudo
1026 5724 1056 5784 in
1073 5724 1272 5804 procurandis

526 5816 703 5894 praesulum
725 5816 923 5878 ecclesiarum
939 5817 1106 5880 tortioribus
1121 5826 1213 5896 prout
1228 5818 1271 5880 di·

527 5911 625 5995 gnitas
647 5910 710 5990 ipsa
731 5909 914 5988 pontificalis
935 5911 1031 5987 exigit
1048 5911 1270 5973 commoditati-

1064 531 1129 581 lttlt·
1153 539 1244 586 ΡΟΝΤ.
1270 537 1310 585 ΒΕ
1333 540 1361 584 P·
1385 539 1414 587 F.
1439 543 1520 589 PARS
1542 540 1563 589 Ι.

2122 529 2176 586 An.
2191 536 2225 589 0.
2249 539 2319 593 1780

1344 659 1401 722 bas
1423 659 1484 723 Nos
1504 661 1578 724 adeo
1602 663 1695 726 trabit
1716 673 1747 727 et
1769 663 1874 740 allicit,
1897 671 1931 728 ut
1946 679 1991 739 ea,
2013 679 2093 743 quae

1343 754 1380 816 ab
1402 755 1463 817 illis
1478 761 1540 818 tam
1555 757 1683 834 provide
1697 764 1771 819 sunt
1786 759 1940 838 disposita,
1957 759 2093 838 denique

1343 848 1378 909 ad
1400 857 1540 929 optatum
1562 853 1766 930 perducamus
1786 852 1942 916 ellectum.
2018 927 2022 938 1

1382 945 1450 1018 52.
1474 945 1555 1007 Cum
1587 945 1690 1024 itaque
1720 962 1822 1026 nuper
1852 947 2031 1010 charissima
2059 947 2092 1008 in
2145 967 2326 1018 providentias

1343 1037 1465 1100 Christo
1494 1038 1554 1099 lilia
1578 1036 1687 1100 Nostra
1709 1039 1800 1101 Maria
1829 1039 1973 1102 Therasia
1996 1039 2093 1119 impe·
2110 1023 2327 1123 ἱῖξξῆξωζῖ

1341 1132 1438 1192 ratrix
1461 1131 1551 1194 vidua
1574 1147 1608 1192 ac
1628 1131 1794 1195 Bobemiae
1808 1141 1838 1195 et
1853 1133 2030 1210 Hungariae
2044 1149 2093 1194 re·
2110 1113 2325 1230 ffgffiffssss’sggss

1341 1223 1412 1299 gina
1434 1223 1597 1302 apostolica
1612 1223 1706 1287 Nobis
1721 1226 1909 1302 exposuerit,
1931 1227 2012 1305 qaod
2029 1225 2090 1303 ipsa
2110 1232 2158 1280 bus
2177 1237 2326 1302 episcopari-

1342 1333 1419 1394 quae
1441 1317 1501 1377 iam
1523 1317 1665 1396 pluribus
1686 1319 1722 1379 ab
1743 1319 1817 1380 binc
1832 1321 1921 1381 annis
1942 1319 2092 1399 archicpi-
2109 1287 2325 1406 ffpffifflfflj

1340 1417 1479 1488 scopatus
1499 1415 1529 1472 et
1543 1412 1735 1490 episcopatus
1749 1411 1782 1472 in
1802 1425 1900 1488 regno
1915 1411 2092 1489 Hungariae
2109 1406 2204 1452 ΜΘ·

1340 1505 1510 1581 praedictae
1524 1505 1720 1568 consistentis
1734 1505 1772 1567 ab
1783 1505 1952 1584 apostolica
1964 1505 2043 1569 Sede
2058 1505 2090 1567 iu

1339 1597 1440 1676 aliqua
1454 1613 1563 1660 eorum
1580 1599 1750 1676 respective
1763 1597 1937 1662 dioecesum
1948 1599 2091 1678 portione

1341 1700 1491 1770 perpetuo
1512 1690 1746 1766 dismembrari,
1777 1697 1868 1754 etex
1896 1691 2091 1771 portionibus

1340 1783 1514 1848 dioecesum
1537 1783 1715 1847 huiusmodi
1730 1785 1773 1847 sic
1788 1784 2015 1848 dismembratis
2036 1799 2091 1846 no-

1341 1893 1395 1938 vos
1416 1879 1605 1956 episcopatus
1627 1877 1704 1952 erigi
1726 1884 1757 1938 et
1779 1878 1839 1938 iam
1854 1887 1971 1944 erectos
1987 1879 2027 1940 ita
2041 1894 2092 1940 or-

1341 1970 1440 2033 dinari
1455 1972 1585 2046 curavit,
1603 1979 1638 2033 at
1654 1970 1768 2033 relictis
1784 1986 1839 2049 pro
1855 1971 2025 2049 respectiva
2039 1987 2090 2033 eo·

1341 2081 1411 2126 rum
1433 2079 1538 2126 mensa
1561 2064 1724 2144 episcopali
1738 2063 1962 2128 sufficientibus
1976 2065 2089 2128 annuis

1340 2158 1510 2221 redditibus
1531 2175 1569 2220 eu
1592 2159 1638 2234 iis,
1654 2158 1709 2237 qui
1727 2157 1877 2235 superflui
1892 2158 2087 2234 videbantur,

1340 2259 1402 2314 tam
1425 2253 1671 2330 respectivorum
1697 2251 1967 2327 dioecesanorum,
1995 2267 2088 2331 qaam

1340 2345 1433 2407 etiam
1453 2345 1586 2406 aliorum
1608 2353 1684 2408 tuno
1698 2344 1934 2408 occurrentibus
1956 2346 2089 2408 necessi·

1340 2433 1451 2502 tatibus
1483 2454 1538 2516 pro
1567 2438 1732 2502 catholicae
1763 2437 1922 2517 religionis
1954 2439 2088 2502 utilitate

1339 2533 1585 2611 prospiceretur3

1377 2627 1396 2700 ἓ
1417 2625 1446 2688 3.
1471 2625 1559 2688 Nunc
1581 2641 1655 2687 vero
1683 2627 1790 2690 habeat
1811 2627 1842 2689 in
1872 2627 1952 2690 rotis
1972 2626 2087 2705 episco-
2104 2643 2315 2708 nasarmrtursn·

1338 2730 1427 2798 patus
1447 2737 1572 2798 quoque
1586 2718 1793 2795 Varadiensis,
1809 2720 1862 2798 qui
1877 2720 1952 2782 olim
1973 2720 2086 2782 lloren·
2103 2700 2313 2800 tvffifflffisslssm

1338 2813 1474 2874 tissimus
1489 2822 1565 2887 erat,
1577 2813 1630 2874 sed
1645 2812 1757 2875 deinde
1773 2813 1923 2876 haeretica
1935 2815 2085 2893 pravitate

1338 2914 1505 2983 grassante,
1518 2907 1671 2985 variisque
1685 2905 1918 2968 succedentibus
1929 2906 2084 2969 bellorum

1338 3000 1473 3063 motibus
1498 3001 1683 3075 destructus,
1708 2999 1829 3061 duobus
1852 3014 1932 3076 pene
1956 2999 2095 3086 saeculis⁴

1337 3095 1481 3158 desertus.
1496 3102 1573 3167 erat,
1590 3094 1787 3170 postmodum
1812 3108 1884 3154 vero
1903 3108 1957 3170 per
1971 3095 2084 3157 claram

1338 3187 1521 3250 memoriam
1553 3185 1742 3264 Leopoldum
1773 3187 1848 3248 dam
1877 3186 1998 3249 viveret
2026 3189 2083 3250 lto-

1337 3297 1503 3345 manorum
1526 3282 1743 3359 imperatorem
1758 3289 1789 3342 et
1803 3280 1978 3356 llungariae
1999 3301 2085 3362 prae·

1336 3375 1435 3438 dictae
1457 3389 1563 3451 regem
1585 3373 1776 3452 postliminio
1798 3373 1972 3451 restitutus,
1995 3384 2026 3438 et
2046 3380 2083 3440 ab

1336 3485 1372 3532 eo
1391 3468 1465 3530 inde
1479 3475 1617 3546 tempore
1631 3467 1838 3530 diversimode
1853 3468 2016 3548 dispositus
2031 3487 2082 3534 ex·

1336 3564 1410 3638 titit,
1424 3561 1479 3623 bac
1494 3559 1599 3622 eadem
1615 3559 1773 3622 occasione
1786 3561 1819 3621 in
1832 3562 1973 3625 ordinem
1988 3566 2082 3628 etiam

1334 3649 1517 3720 reducatur!
1528 3652 1781 3731 Quandoquidem
1797 3655 1898 3732 paucis
1911 3659 2000 3720 annis
2014 3667 2082 3737 post

1333 3751 1407 3814 dicti
1428 3750 1617 3828 episcopatus
1639 3746 1832 3810 Varadiensis
1852 3751 2083 3816 restitutionem

1334 3846 1402 3906 iure
1424 3842 1619 3924 postliminii,
1642 3847 1676 3904 ut
1695 3841 1880 3920 praefertur,
1895 3843 2002 3907 laetam
2025 3847 2083 3908 hn-

1334 3939 1466 4002 iusmodi
1487 3939 1545 4000 sub
1559 3937 1657 4000 clarae
1671 3937 1765 3998 etiam
1784 3937 1951 4000 memoriae
1976 3940 2082 4004 Carolo

1265 4085 1268 4092 .
1333 4033 1390 4096 boc
1418 4033 1548 4095 nomine
1574 4031 1671 4093 Scato
1699 4031 1842 4094 similiter
1870 4031 2082 4098 Romanorum

1332 4127 1520 4204 imperatore
1547 4131 1577 4187 et
1604 4125 1779 4201 ilungariae
1805 4125 1978 4203 praedictae
2006 4142 2081 4203 rege

1332 4222 1411 4284 circa
1439 4235 1560 4282 annum
1584 4219 1706 4280 Domini
1731 4218 1936 4282 millesimum
1964 4223 2081 4300 septin-

1333 4314 1541 4390 gentesimum
1562 4313 1759 4388 trigesimum
1779 4312 1909 4375 tertium
1928 4319 2080 4377 statutum

1331 4409 1408 4483 luit,
1440 4415 1476 4469 ut
1497 4423 1535 4468 eu
1557 4405 1728 4467 redditibus
1750 4405 1902 4468 bonorum
1930 4408 2081 4489 episcopa·

1332 4500 1409 4563 lium
1425 4499 1660 4563 Varadieusium
1674 4497 1895 4577 septemdecim
1917 4500 2013 4563 millia
2027 4501 2080 4562 llo-

1331 4610 1483 4656 renorum
1516 4603 1660 4655 monetae
1683 4592 1807 4654 illarum
1832 4594 1967 4672 partium
1993 4611 2080 4658 men-

1330 4704 1379 4749 sae
1411 4686 1573 4766 episcopali
1608 4686 1820 4762 Varadiensis,
1857 4695 1960 4750 tamen
1993 4689 2081 4752 cede-

1330 4791 1419 4858 rent;
1449 4781 1564 4845 residui
1592 4789 1695 4842 autem
1716 4788 1887 4858 proventus
1909 4783 1940 4845 iu
1963 4783 2079 4850 bonum

1330 4877 1423 4955 ipsius
1449 4875 1616 4939 catholicae
1635 4874 1813 4952 religionis,
1842 4885 1873 4939 et
1898 4881 2079 4956 praesertim

1329 4971 1473 5034 dioecesis
1495 4970 1687 5034 Varadiens'us
1702 4986 1757 5050 pro
1772 4971 1856 5034 illius
1870 4974 2014 5037 videlicet
2029 4994 2079 5055 pa-

1329 5064 1525 5140 rochialibus,
1538 5065 1664 5143 aliisque
1679 5063 1824 5140 ecclesiis,
1840 5081 1898 5128 nec
1913 5083 1977 5130 nou
1992 5071 2079 5132 scho-

1329 5162 1365 5223 lis
1386 5177 1420 5221 ac
1441 5161 1534 5236 clero,
1559 5167 1621 5223 tam
1641 5161 1745 5223 Latini
1765 5178 1857 5240 quam
1872 5163 1977 5226 Graeci
1999 5167 2077 5226 ritus

1328 5255 1549 5318 catholicorum
1571 5261 1839 5318 converterentur.
1863 5257 1962 5332 Quare
1983 5257 2075 5321 iidem

1328 5347 1494 5411 residuales
1516 5358 1687 5426 proventus
1708 5351 1740 5411 in
1760 5351 1905 5412 eumdem
1928 5351 2024 5413 finem
2039 5354 2074 5414 ad

1287 5497 1291 5504 .
1328 5457 1447 5520 capsam
1467 5445 1670 5520 parochorum
1686 5451 1894 5520 nuncupatam
1910 5443 1944 5505 in
1959 5443 2076 5507 bonum

1328 5534 1487 5611 religionis
1508 5535 1695 5599 orthodoxae
1722 5544 1830 5614 suapte
1855 5543 1963 5599 natura
1984 5536 2076 5600 desti-

1328 5637 1431 5691 natam
1459 5635 1625 5708 sequentes
1652 5645 1755 5692 annae
1782 5646 1821 5691 eu
1846 5635 1921 5692 tune
1947 5630 2075 5694 luerunt
2182 5656 2184 5660 ⁷

1326 5723 1416 5799 illati,
1430 5733 1461 5786 et
1475 5739 1530 5802 per
1546 5723 1647 5801 ipsum
1662 5724 1846 5803 Episcopum
1857 5723 2074 5788 Varadiensem

1325 5817 1383 5878 snb
1404 5818 1531 5880 rationis
1546 5817 1717 5880 redditione
1733 5833 1788 5897 per
1802 5818 2075 5898 hrcliiepiscopam

1328 5912 1537 5988 colocensem,
1552 5911 1598 5974 uti
1614 5911 1888 5990 metropolitanum
1900 5914 2002 5976 eidem
2017 5914 2075 5976 lla·
