4808 6988
108 1723 185 1768 Nova
200 1721 308 1769 damna·

87 1776 123 1821 tio
137 1775 262 1822 omnium
272 1787 308 1823 so·

1000 565 1056 612 LEO
1078 567 1127 611 1³1³.
1152 567 1207 612 llll.

328 699 395 748 esse
415 685 526 761 ileum,
548 693 580 748 et
603 686 738 749 bominis
760 685 896 748 animam
918 701 979 746 rrua
1000 699 1073 746 cum

328 793 455 857 corpore
477 779 606 842 interire
626 779 753 843 docent:
771 779 888 842 codices
903 786 934 839 et
947 784 1071 852 statuta,

327 871 439 948 quibus
458 889 512 935 sua
533 873 659 935 consilia
681 882 712 935 et
732 872 874 934 instituta
906 869 1071 948 explicant,

326 971 432 1041 aperte
452 965 607 1028 declarant
627 973 749 1040 cuncta,
772 980 851 1042 quaa
872 965 932 1025 iam
956 979 1074 1024 memo-

327 1057 475 1132 ravimus,
499 1067 530 1120 et
551 1075 628 1137 quae
649 1058 686 1120 ad
706 1057 861 1134 legitimos
884 1055 1073 1134 principatus

327 1149 548 1214 labeiactandos
570 1159 600 1214 et
622 1151 789 1214 Ecclesiam
807 1149 950 1212 funditus
969 1148 1072 1210 delen·

326 1243 396 1306 dam
419 1255 569 1323 speciant,
592 1247 628 1308 ab
650 1245 685 1306 iis
706 1244 869 1324 proticisci.
893 1244 995 1321 Atque
1016 1242 1073 1303 hoc
1112 1319 1113 1322 Ἴ

327 1335 424 1398 veluti
455 1345 577 1400 certum
607 1337 865 1416 exploratumque
896 1335 1071 1396 babendum

327 1437 384 1505 est,
406 1428 460 1492 has
480 1438 576 1494 sectas
598 1431 669 1493 licet
700 1429 827 1492 nomine
848 1428 996 1506 diversas,
1020 1444 1073 1488 ne·

326 1521 401 1584 lario
423 1530 525 1586 tamen
556 1523 840 1602 impurissimorum
870 1521 1072 1584 consiliorum

326 1615 453 1678 vinculo
473 1631 539 1678 esse
561 1617 644 1680 inter
663 1632 696 1678 se
716 1614 906 1678 coniunctas.

366 1710 385 1786 ἓ
406 1709 435 1772 8.
458 1709 541 1785 Quae
559 1725 632 1772 cum
647 1710 688 1771 ita
701 1709 775 1784 siut,
792 1724 848 1771 nos
863 1707 1004 1770 muneris
1020 1723 1073 1768 uo-

86 1831 308 1878 consummare·
325 1805 382 1866 stri
403 1819 469 1866 esse
489 1819 652 1866 censemus
674 1802 789 1863 iterum
801 1801 1004 1863 clandestinas
1019 1800 1072 1861 has

85 1885 180 1930 laium.

114 3687 215 3731 Poenae
237 3683 302 3730 iudi·

89 3737 303 3794 mmmm

89 3791 169 3838 cultas
189 3792 303 3838 societa-

89 3843 300 3908 Qmmffl

89 3897 302 3960 mwmw

89 3951 300 4008 ventrnducuub

89 4009 113 4051 et
124 4007 273 4062 provocant

324 1905 421 1961 sectas
450 1896 670 1971 condemnare,
703 1903 795 1974 atque
821 1896 863 1957 ita
888 1895 1015 1973 quidem
1038 1900 1072 1955 ut

326 1991 412 2054 nulla
433 2007 472 2052 ex
493 1991 528 2052 iis
544 1991 655 2052 iactare
671 1989 764 2069 possit
779 2005 812 2050 se
826 1989 988 2068 apostolica
1003 2003 1071 2050 sen-

326 2083 421 2146 tentia
442 2091 545 2147 nostra
566 2099 629 2145 non
651 2081 884 2162 comprehendi,
907 2090 999 2161 atque
1014 2082 1071 2144 lroe

323 2185 487 2256 praetextu
508 2177 649 2239 homines
670 2176 810 2238 incautos
831 2182 862 2236 et
883 2176 988 2238 minus
1002 2191 1071 2237 acu-

324 2279 371 2333 tos
392 2270 423 2331 in
446 2286 586 2332 errorem
608 2270 742 2332 inducat.
767 2269 870 2346 ltaque
891 2269 928 2330 de
943 2267 1070 2330 consitio

324 2362 552 2426 venerabiiium
574 2362 706 2424 iratrum
734 2374 914 2425 nostrorum
942 2361 1070 2425 Sanctae

323 2457 478 2520 Romanae
501 2455 653 2518 Ecclesiae
678 2455 900 2529 cardinalium,
924 2462 954 2516 et
976 2453 1069 2515 etiam

324 2559 411 2613 motu
434 2549 558 2629 proprio
579 2555 610 2612 et
637 2558 720 2612 certa
748 2549 873 2612 scientia
895 2566 927 2610 ac
948 2557 1068 2610 matura

322 2642 542 2706 deliberatione
556 2641 668 2705 uostris
682 2641 841 2704 societates
855 2641 988 2702 occultas
1004 2656 1068 2702 om-

323 2753 378 2798 nes
401 2744 462 2798 tam
483 2752 561 2814 quae
575 2750 661 2798 nunc
675 2740 760 2809 sunt,
774 2741 836 2796 tam
850 2750 928 2812 quae
943 2733 1069 2796 tortasse

323 2830 466 2908 deinceps
488 2834 668 2905 erumpent,
690 2834 721 2888 et
742 2844 820 2904 quae
840 2843 875 2888 ea
889 2826 946 2888 sibi
961 2826 1069 2888 adver·-

321 2921 374 2986 su⁴s
385 2921 552 2986 Ecclesiam
566 2928 597 2982 et
609 2936 769 2998 supremas
783 2918 889 2982 civiles
903 2925 1069 2998 potestates

322 3022 513 3096 proponunt,
536 3030 615 3091 quae
642 3013 784 3092 superius
814 3013 1068 3076 commemoravi-

322 3127 404 3186 mus,
416 3123 615 3188 quocumque
630 3108 754 3169 tandem
770 3107 899 3168 nomine
913 3106 1068 3187 appellen-

321 3211 385 3278 tur,
409 3217 464 3264 nos
485 3208 635 3280 perpetuo
656 3199 857 3278 probibemus
878 3200 935 3261 sub
953 3199 1067 3262 eisdem

321 3296 440 3375 poenis,
470 3309 549 3371 quae
580 3293 783 3354 continentur
805 3295 838 3355 in
859 3294 1068 3371 praedecesso-

321 3405 393 3452 rum
415 3393 594 3450 nostrorum
621 3384 718 3447 literis
740 3385 771 3447 in
794 3386 849 3448 bac
870 3393 975 3447 nostra
997 3401 1068 3448 con-

320 3482 486 3545 stitutione
507 3480 566 3541 iam
584 3479 693 3553 allatis,
709 3495 785 3557 quas
800 3494 942 3557 expresse
957 3480 1068 3541 confrr-

321 3591 454 3638 mamus

361 3670 380 3745 ἓ
400 3667 431 3730 9.
454 3667 600 3743 Quocirca
621 3664 769 3728 omnibus
791 3671 820 3727 et
841 3664 972 3741 siugulis
987 3666 1068 3727 obri-

319 3761 504 3826 stiiidelibus
513 3758 854 3837 cuiuscumquestatus,
864 3761 986 3836 gradus,
996 3775 1068 3821 con-

320 3855 458 3931 ditionis,
474 3853 602 3928 ordinis,
618 3851 776 3928 dignitatis
797 3868 830 3914 ac
851 3853 1067 3928 praeeminen-

321 3953 392 4024 tiae,
408 3951 474 4013 sive
492 3949 587 4021 laicis,
609 3947 676 4008 sive
697 3943 827 4019 clericis,
850 3951 913 4006 tam
934 3947 1067 4008 saecula·

319 4045 417 4118 ribus,
440 4059 533 4122 quam
555 4039 761 4117 regularibus,
776 4038 869 4099 etiam
883 4041 1021 4116 specifica
1036 4049 1067 4102 et

320 4140 480 4205 individua
507 4139 669 4200 mentione
695 4139 726 4192 et
747 4133 945 4210 expressione
966 4134 1067 4210 dignis

319 4235 458 4297 districte
480 4240 510 4294 et
530 4231 564 4292 iu
586 4230 704 4292 virtute
724 4235 846 4290 sauctae
875 4227 1067 4291 obedientiae

320 4327 538 4407 praecipimus
555 4339 594 4390 ne
620 4322 690 4401 quis
710 4321 766 4383 sub
781 4323 889 4400 quovis
905 4329 1067 4399 praetextu

319 4431 373 4486 aut
393 4419 531 4500 quaesito
558 4417 660 4480 colore
688 4416 796 4477 audeat
818 4416 868 4476 vel
891 4428 1067 4494 praesumat

320 4515 490 4594 praedictas
516 4511 687 4586 societates,
710 4526 909 4588 quocumque
937 4512 1067 4574 nomine

288 4594 291 4599 ’
320 4607 526 4688 appellentur,
541 4604 620 4666 inire
641 4602 691 4663 vel
706 4618 885 4681 propagare,
902 4603 1068 4666 coufovere

321 4719 353 4765 ac
376 4703 408 4763 in
429 4700 492 4762 suis
518 4697 642 4759 aedibus
669 4711 725 4757 seu
753 4695 895 4758 domibus
922 4697 971 4758 vel
993 4697 1065 4759 alibi

320 4801 477 4874 receptare
499 4799 590 4869 atque
611 4788 776 4864 occultare,
799 4790 858 4851 illis
879 4797 909 4851 et
928 4791 1067 4854 cuicum-

321 4905 382 4968 que
403 4885 586 4950 earumdem
607 4883 714 4960 gradui
733 4883 874 4957 adscribi,
891 4886 1064 4961 aggregari,

321 4993 374 5046 aut
395 4983 557 5054 iuteresse,
580 4978 630 5039 vel
651 4983 835 5055 potestatem
853 4993 908 5039 seu
929 4994 1066 5040 commo-

320 5079 451 5140 ditatem
472 5071 571 5134 iacere
593 5080 627 5132 ut
648 5070 759 5132 alicubi
776 5079 999 5147 convocentur,
1016 5073 1065 5134 iis·

320 5171 393 5234 dem
406 5165 520 5246 aliquid
537 5165 787 5242 ministrareseu
801 5163 873 5225 alias
887 5165 1065 5242 consilium,

321 5261 484 5335 auxilium,
506 5257 556 5319 vel
578 5256 716 5318 lavarem
737 5255 838 5334 palam
853 5265 904 5318 aut
920 5258 950 5318 in
966 5259 1067 5321 occul·

321 5365 365 5431 to,
393 5355 509 5418 directe
536 5358 589 5412 ant
615 5350 779 5424 indirecte,
809 5365 863 5428 per·
884 5367 917 5410 se
939 5350 989 5412 vel
1012 5366 1066 5429 per·

321 5447 396 5510 alios
417 5441 635 5525 quoquomodo
656 5451 822 5519 praestare,
839 5458 897 5506 uec
914 5459 978 5506 nou
993 5443 1066 5506 alios

321 5541 450 5617 hortari,
473 5541 630 5614 inducere,
646 5551 814 5616 provocare
828 5555 861 5600 ac
875 5541 1016 5614 suadere,
1034 5546 1066 5602 ut

321 5633 500 5698 huiusmodi
520 5631 715 5695 societatibus
737 5639 790 5693 aut
810 5631 998 5710 cuicumque
1018 5647 1065 5692 ea-

321 5727 467 5792 rumdem
489 5725 596 5804 gradui
616 5723 839 5799 adscribantur,
856 5740 1066 5787 annumeren-

321 5829 373 5885 tur
394 5830 446 5884 aut
475 5821 633 5892 intersint,
654 5818 704 5880 vel
725 5818 806 5896 ipsas
832 5818 1067 5898 quomodolibet

321 5918 431 5980 iuvent
451 5933 485 5979 ac
504 5915 641 5990 foveant,
663 5916 715 5979 sed
742 5914 873 5977 omnino
899 5912 937 5974 ab
958 5913 1066 5976 iisdem

1800 535 1861 600 dub
1910 521 1964 588 en}
1979 535 2009 588 c.
2031 535 2099 590 1825

1129 682 1336 758 societatibus,
1359 697 1467 746 earum
1488 680 1637 754 coetibus,
1660 672 1878 746 conventibus,

1130 775 1413 854 aggregationibus,
1435 790 1491 837 sau
1513 769 1739 836 conventiculis
1753 783 1879 848 prorsus

1130 868 1284 930 abstinere
1304 885 1337 928 se
1356 868 1464 930 debeat
1479 865 1536 928 sub
1552 880 1649 943 poena
1664 857 1880 925 excommuni-

1130 961 1257 1024 cationis
1277 976 1334 1040 per
1354 977 1463 1022 omnes
1485 967 1520 1020 ut
1540 974 1633 1036 supra
1657 953 1879 1018 contralacien-

1131 1061 1175 1114 tes
1197 1069 1232 1114 eo
1254 1054 1319 1131 ipso
1339 1054 1455 1131 absque
1478 1051 1540 1114 ulla
1554 1050 1760 1114 declaratione
1774 1046 1878 1107 ineur-

1130 1146 1236 1222 renda,
1249 1164 1265 1208 a
1280 1163 1340 1224 qua
1355 1162 1450 1208 nemo
1465 1161 1520 1224 per
1534 1157 1736 1222 quemquam,
1748 1139 1807 1203 nisi
1823 1153 1879 1218 per

1130 1255 1185 1301 uos
1203 1255 1257 1301 scu
1272 1239 1448 1301 Romanum
1463 1238 1647 1300 Pontilicem
1667 1249 1722 1312 pro
1739 1243 1879 1312 ternpore

1130 1332 1329 1406 existentem,
1346 1339 1561 1410 praeterquam
1579 1331 1609 1392 iu
1625 1327 1755 1391 articulo
1770 1325 1879 1387 mortis

1129 1425 1327 1500 constitutus,
1349 1423 1550 1486 absolutionis
1571 1421 1757 1485 beneficium
1780 1417 1878 1480 valeat

1130 1517 1282 1579 obtinere.

1170 1611 1188 1684 ἓ
1211 1608 1258 1672 ιθ.
1275 1603 1878 1688 Praecipimuspraetereaomnibussub
1912 1631 1993 1690 ,onus
2012 1629 2109 1674 canun-

1129 1703 1236 1764 eadem
1258 1703 1587 1766 excommunicationis
1617 1718 1713 1781 poena
1735 1699 1825 1762 nobis
1846 1704 1877 1760 et
1895 1680 1981 1728 Μ
1997 1681 2086 1728 ⁵⁰⁰¹⁰⁵·

1129 1795 1274 1858 Romanis
1297 1797 1497 1858 Pontificibus
1517 1795 1743 1858 successoribus
1765 1793 1878 1855 nostris

1130 1896 1293 1965 reservata,
1315 1897 1349 1952 nt
1372 1897 1537 1966 teneantur
1552 1890 1738 1954 denunciare
1754 1887 1875 1966 Episco-

1128 1983 1175 2059 pis
1202 1983 1252 2044 vel
1273 1984 1401 2046 caeteris
1428 1985 1464 2046 ad
1487 2001 1563 2062 quos
1588 1989 1714 2061 spectat,
1738 1998 1789 2044 eos
1810 1996 1877 2042 om·

1129 2091 1195 2150 nes,
1216 2092 1292 2155 quos
1315 2077 1460 2140 noverint
1481 2076 1529 2138 bis
1549 2077 1745 2140 societatibus
1759 2090 1875 2137 nomen

1128 2168 1256 2245 dedisse,
1280 2170 1330 2230 vei
1351 2170 1455 2248 aliquo
1477 2187 1515 2232 ex
1533 2170 1568 2232 iis
1585 2169 1782 2243 criminibus
1799 2184 1876 2247 quae

1128 2262 1220 2324 modo
1241 2273 1483 2326 commemorata
1505 2271 1590 2338 sunt,
1609 2281 1643 2325 se
1663 2263 1853 2342 inquinasse.

1167 2356 1185 2431 §
1208 2355 1254 2417 ιι.
1279 2357 1443 2433 Praecipue
1465 2373 1541 2419 vero
1563 2357 1781 2420 iusiurandum
1798 2355 1875 2418 illud
1916 2362 2053 2409 namucno
2071 2363 2108 2428 iu·

1127 2451 1261 2531 impium
1276 2451 1366 2529 plane
1381 2467 1414 2512 ac
1428 2450 1679 2528 scelestumque
1694 2467 1727 2513 se
1741 2450 1876 2514 obstrin·
1894 2415 2107 2516 bssffiessotiura‘iffis

1127 2551 1217 2622 gunt,
1240 2545 1294 2623 qui
1317 2546 1347 2607 in
1370 2547 1423 2606 iras
1443 2552 1540 2606 sectas
1555 2551 1738 2623 coaptantur
1755 2547 1875 2608 nemini
1894 2521 2106 2621 ff,‚⁰⁰‘¹'⁰¹¹‘¹⁰¹¹'

1127 2638 1330 2716 patefacturus
1351 2654 1429 2715 quae
1449 2639 1484 2700 ad
1506 2638 1572 2699 illas
1591 2645 1687 2700 sectas
1704 2640 1873 2718 pertinent,

1127 2738 1157 2794 et
1178 2740 1279 2792 morte
1309 2730 1513 2792 mulctaturos
1543 2747 1593 2794 eos
1615 2747 1723 2794 omues
1744 2733 1874 2811 sodales,

1126 2824 1180 2902 qui
1201 2839 1236 2884 ea
1256 2824 1468 2902 superioribus
1489 2824 1556 2885 sive
1577 2824 1787 2888 ecclesiasticis
1809 2829 1874 2889 sive

1127 2916 1209 2978 laicis
1240 2917 1439 2996 patefaciunt,
1469 2919 1600 2979 omnino
1631 2918 1816 2983 damnamus
1844 2929 1875 2984 et

1125 3010 1215 3090 plane
1232 3010 1354 3073 irritum
1370 3011 1569 3074 declaramus.
1584 3011 1660 3086 Quid
1674 3014 1779 3076 enimi
1792 3014 1875 3078 Non·

1126 3120 1166 3166 ne
1187 3102 1272 3166 netas
1294 3111 1338 3166 est
1360 3105 1575 3166 iusiurandum
1593 3105 1674 3184 quod
1691 3107 1873 3174 iniustitia

1126 3198 1396 3275 pronunciandum
1427 3205 1484 3274 est,
1507 3200 1606 3260 veluti
1636 3199 1799 3264 vinculum
1823 3203 1875 3265 lra-

1126 3291 1211 3367 bere,
1229 3308 1289 3370 quo
1311 3293 1381 3369 quis
1395 3309 1427 3353 se
1441 3294 1476 3355 ad
1493 3292 1642 3355 iniustam
1658 3293 1784 3357 caedem
1799 3297 1876 3359 obli-

1126 3394 1189 3462 get,
1206 3393 1236 3447 et
1257 3383 1292 3444 ad
1315 3401 1422 3447 eorum
1439 3386 1697 3449 contemnendam
1712 3390 1875 3452 auctorita·

1127 3487 1202 3554 tem,
1220 3479 1273 3557 qui
1289 3493 1360 3540 cum
1375 3478 1424 3540 vel
1440 3478 1619 3556 Ecclesiam,
1636 3481 1687 3542 vel
1701 3481 1874 3558 legitimam

1125 3572 1249 3634 civilem
1271 3572 1448 3634 societatem
1465 3575 1677 3650 moderantur,
1695 3576 1742 3639 ius
1759 3577 1874 3642 habent

1125 3683 1159 3728 ea
1180 3667 1396 3742 cognoscendi,
1419 3666 1531 3744 quibus
1552 3666 1675 3730 illarum
1698 3669 1780 3733 salus
1801 3689 1875 3734 con-

1125 3759 1266 3821 tinetur?
1287 3757 1401 3820 Noune
1424 3759 1653 3836 iniquissimum
1675 3770 1706 3823 et
1727 3764 1875 3842 indignis-

1124 3853 1240 3915 simum
1261 3861 1307 3914 est
1329 3853 1426 3914 Deum
1460 3854 1559 3930 ipsum
1593 3854 1688 3917 veluti
1720 3856 1873 3921 scelerum

1126 3951 1235 4007 testem
1257 3953 1287 4006 et
1318 3943 1531 4007 fideiussorem
1560 3946 1736 4024 appellaret
1757 3948 1874 4013 Rectis-

1124 4041 1203 4102 sime
1231 4047 1331 4116 patres
1359 4037 1490 4101 Conciiii
1517 4039 1732 4102 Lateraneusis
1753 4043 1802 4105 lli.
1826 4045 1873 4106 in-

1124 4134 1238 4212 quiunt
1259 4148 1327 4194 can.
1351 4131 1379 4193 3.
1404 4130 1506 4193 «Nou
1536 4133 1621 4194 enim
1649 4133 1775 4196 dicenda
1798 4146 1872 4200 sunt

1125 4227 1309 4298 iuramenta,
1333 4223 1383 4287 sed
1406 4224 1509 4302 potius
1533 4227 1679 4303 periuria,
1701 4243 1780 4305 quae
1800 4245 1873 4292 con-

1125 4329 1170 4380 tra
1192 4319 1360 4380 utilitatem
1389 4317 1638 4393 ecclesiasticam,
1662 4327 1692 4380 et
1720 4323 1874 4385 sanctissi-

1125 4429 1251 4475 morum
1272 4420 1397 4492 patrum
1419 4413 1551 4474 veniunt
1572 4413 1753 4475 instituta».
1772 4415 1810 4477 Et
1827 4417 1874 4478 iu-

1126 4506 1284 4568 toleranda
1306 4512 1352 4566 est
1374 4521 1481 4566 eorum
1504 4520 1542 4566 eu
1558 4505 1605 4566 iris
1621 4505 1801 4570 bominibus
1817 4510 1873 4571 iur-

1125 4599 1283 4678 pudeutia,
1299 4599 1365 4661 sive
1387 4598 1530 4673 amentia,
1547 4597 1600 4675 qui
1616 4615 1688 4660 eum
1704 4617 1766 4663 nun
1782 4607 1873 4666 ruodo

1124 4696 1157 4756 in
1178 4694 1268 4757 corde
1290 4710 1358 4768 suo,
1380 4693 1431 4754 sed
1454 4691 1548 4752 etiam
1577 4691 1686 4769 palam,
1710 4695 1794 4755 etin
1819 4713 1873 4773 pu-

1125 4789 1212 4850 blicis
1232 4786 1354 4865 scriptis
1369 4785 1471 4848 dicant
1486 4800 1549 4844 ooo
1564 4792 1611 4846 est
1626 4786 1720 4859 Deus,
1739 4787 1873 4853 audeaut

1124 4892 1228 4946 tamen
1241 4883 1454 4944 iusiurandum
1469 4879 1595 4955 erigere
1608 4880 1646 4942 ab
1661 4881 1699 4942 iis
1715 4883 1871 4960 omuibus,

1123 4995 1200 5058 quos
1220 4995 1290 5040 suas
1312 4977 1343 5038 iu
1365 4984 1462 5037 sectas
1483 4974 1635 5050 deligunt.

1164 5075 1183 5148 5
1206 5071 1252 5134 la.
1276 5070 1355 5132 llaec
1372 5087 1388 5130 a
1404 5068 1491 5131 nobis
1505 5068 1670 5131 constituta
1686 5072 1809 5134 suntad
1825 5073 1873 5136 ιιι-
1906 5088 2036 5150 ¹recuruum
2050 5099 2105 5188 sgo-

1123 5169 1217 5229 riosas
1238 5174 1269 5227 et
1288 5164 1431 5227 scelestas
1462 5164 1514 5224 lias
1537 5179 1645 5225 omnes
1672 5174 1768 5227 sectas
1788 5183 1871 5230 com·
1891 5141 2009 5250 ffsssssffd
2022 5144 2105 5243 Βιῖοξί

1124 5260 1300 5340 primenrias
1322 5268 1352 5320 et
1374 5257 1571 5319 damnandas.
1603 5257 1693 5320 Nunc
1723 5276 1799 5322 vero
1820 5279 1873 5323 ve·
1891 5258 1942 5305 ‘¹¹¹⁰
1951 5250 2102 5306 superiores.

1123 5363 1230 5428 stram,
1247 5351 1441 5413 venerabiles
1462 5350 1570 5412 iratres
1588 5351 1727 5413 catholici
1744 5353 1872 5416 Patriar·

1123 5447 1207 5520 chae,
1227 5445 1387 5520 Primates,
1410 5443 1638 5521 archiepiscopi
1661 5453 1691 5506 et
1717 5445 1869 5525 Episcopi,

1123 5555 1249 5617 operam
1262 5555 1324 5601 non
1336 5538 1527 5617 postulamus
1538 5537 1641 5614 modo,
1650 5540 1701 5602 sed
1713 5539 1807 5602 etiam
1819 5542 1871 5602 lla-

1123 5634 1268 5710 gitamus.
1281 5631 1442 5694 Attendite
1458 5630 1545 5692 vobis
1561 5638 1591 5692 et
1608 5632 1754 5694 universo
1770 5635 1869 5712 gregi,

1124 5727 1155 5787 in
1177 5741 1238 5804 quo
1259 5740 1313 5785 vos
1336 5724 1469 5801 Spiritus
1485 5723 1614 5786 Sanctus
1629 5725 1732 5802 posuit
1748 5726 1869 5804 Episco-

1122 5835 1175 5898 pos
1192 5833 1299 5894 regere
1314 5817 1478 5878 Ecclesiam
1496 5817 1559 5877 liei.
1577 5816 1728 5880 invadent
1742 5820 1869 5896 quidem

1123 5912 1187 5990 lupi
1208 5925 1331 5990 rapaces
1352 5909 1384 5970 in
1406 5925 1460 5970 vos
1481 5923 1545 5970 nou
1576 5918 1737 5988 parcentes
1758 5913 1867 5990 gregi:
