4808 6988
994 533 1067 580 PIUS
1088 532 1137 578 ΡΡ.
1162 535 1217 581 vlf.

330 639 410 704 libus
437 644 574 708 conciliis
595 645 684 709 editis
714 649 909 734 generalibus
930 649 981 714 331
1008 665 1075 727 333-

329 733 456 798 cialibus
483 739 756 804 constitutionibus
770 749 801 804 31
816 741 1074 816 ordinationibus,

330 841 473 890 necnon
499 831 658 908 ordinum,
685 849 822 913 qnorum
849 851 997 914 personae
1018 836 1075 898 bu·

329 917 871 1000 13311331113331333331333131,311313
887 929 1073 1003 iuramento,

328 1011 565 1077 confirmatione
594 1019 776 1097 apostolica,
806 1020 856 1082 331
885 1020 992 1099 333313
1023 1021 1075 1082 fxr·

330 1103 436 1166 3311313
446 1105 504 1168 3113
518 1109 667 1172 roboratis
682 1112 805 1175 statutis
826 1121 857 1175 et
878 1113 1076 1176 consuetudi·

329 1197 438 1275 nibus,
460 1202 631 1280 privilegiis
645 1221 771 1285 quoque
788 1207 915 1270 indultis
930 1213 961 1269 et
976 1205 1074 1268 literis

328 1294 1073 1378 333313113131333313331333333331133333111333-

328 1387 496 1452 modolibet
523 1393 684 1469 concessis,
713 1395 903 1456 confirmatis
931 1393 1072 1457 311333-

327 1481 416 1558 ratis;
437 1483 549 1561 quibus
573 1487 717 1549 omnibus
738 1493 770 1549 et
790 1487 922 1564 singulis
943 1487 1071 1549 illorum

328 1582 450 1640 tenores
471 1580 683 1655 praesentibus
698 1596 752 1660 pro
766 1580 858 1660 plene
872 1588 903 1642 et
917 1580 1071 1644 sufficien-

327 1677 375 1733 ter
398 1673 563 1749 expressio,
584 1689 617 1736 33
639 1673 678 1735 de
697 1675 792 1737 xerbo
813 1673 849 1734 ad
871 1675 1002 1748 verbum
1023 1673 1070 1736 in·

325 1763 416 1827 sextis
444 1765 608 1841 habentes,
638 1766 700 1828 illis
726 1767 798 1828 alias
820 1767 854 1829 13
875 1783 932 1829 333
959 1765 1070 1828 robore

325 1860 552 1936 permansuris,
586 1859 623 1920 ad
653 1859 893 1938 praemissorum
925 1859 1070 1922 effectum

326 1953 380 2014 bac
401 1953 469 2016 3133
496 1953 656 2016 dumtaxat
675 1952 906 2031 specialitates
926 1966 1071 2030 expresse

325 2047 519 2124 derogamus,
543 2045 733 2124 caeterisque
756 2044 917 2108 contrariis
945 2044 1070 2124 quibus·

324 2154 469 2218 cumque.

362 2234 475 2295 Datum
505 2232 620 2295 Romae
650 2231 730 2310 apud
761 2227 792 2293 S.
825 2230 951 2294 llariam
980 2230 1071 2293 llaio·

322 2343 392 2390 rem
411 2327 470 2390 snb
490 2326 604 2390 annulo
627 2325 799 2400 Piscatoris,
827 2325 876 2387 die
904 2338 963 2387 xxx.
989 2324 1068 2386 iunii

322 2435 504 2497 1111333111,
526 2419 724 2498 pontificatus
740 2417 837 2481 nostri
858 2435 940 2481 anno
962 2434 1032 2480 vxxx.

100 2608 205 2705 temen
220 2619 303 2666 pcrra-
361 2608 431 2686 §5-
453 2607 556 2683 Quum
576 2612 693 2681 autem,
715 2604 795 2666 sicut
817 2604 984 2666 maiestatis
997 2611 1067 2667 tuae

83 2671 303 2816 1311311οῇ111
321 2702 449 2765 nomine
464 2699 639 2776 expositum
653 2706 711 2773 est,
733 2697 854 2776 expleto
870 2697 931 2760 iam
943 2705 1066 2776 septen·

83 2772 193 2867 &¹⁰⁰⁸
222 2769 302 2816 ⁰⁶³¹·
321 2794 387 2869 nio,
408 2791 565 2854 facultates
590 2791 763 2868 praedictae
783 2791 816 2852 in
837 2789 1009 2868 praecitatis
1031 2791 1065 2853 li-

320 2885 395 2951 teris
415 2900 576 2963 expressae
596 2885 629 2945 in
652 2884 739 2946 exitu
760 2883 834 2958 3131,
852 2883 1016 2962 333133313
1030 2885 1065 2946 11-

320 2980 363 3041 las
384 2977 510 3041 alterius
537 2977 708 3056 prorogari,
730 2992 809 3038 noxa
829 2977 944 3040 adiecta
966 2977 1065 3040 decla-

320 3073 451 3148 ratione,
473 3077 508 3134 31
529 3070 677 3134 castrensi
704 3068 923 3132 ecclesiasticae
944 3069 1065 3132 iurisdi-

319 3165 415 3229 etioni
443 3164 614 3242 praedictae
638 3163 769 3225 subiecti
787 3163 860 3239 3131,
883 3170 914 3224 31
933 3162 1065 3225 subiecti

319 3259 492 3320 habeantur
513 3273 576 3320 non
603 3255 705 3318 solum
726 3255 784 3332 illi,
807 3256 860 3334 331
885 3255 972 3318 iuxta
993 3263 1064 3318 ante

319 3360 398 3416 actas
428 3351 512 3428 leges
537 3349 604 3412 foro
633 3349 805 3426 gaudebant
837 3350 959 3425 integro
990 3349 1063 3411 belli

319 3455 373 3509 aut
401 3445 538 3506 marinae
569 3441 693 3504 militari
723 3449 775 3504 aut
805 3441 946 3518 politico,
979 3441 1063 3503 313111

318 3539 434 3602 33111331
454 3543 485 3598 31
509 3535 673 3609 3311313311,
697 3535 837 3612 33313313
859 3535 895 3596 ad
920 3551 1062 3612 praesens

319 3631 402 3695 civili
424 3645 488 3690 non
503 3629 668 3704 gaudeant,
684 3626 737 3704 qui
759 3641 844 3688 nunc
866 3642 931 3688 non
946 3627 1061 3702 existit,

317 3723 482 3787 sedetiam
512 3735 622 3782 eorum
649 3719 783 3780 familiae
809 3725 1062 3798 31313333333-

317 3833 410 3880 sonae
431 3815 570 3894 ipsorum
584 3810 719 3874 servitiis
732 3811 880 3886 addictae,
893 3811 1062 3877 dnmmodo

317 3911 375 3973 1133
395 3909 510 3988 3331133
531 3905 664 3968 1311111133
684 3909 776 3984 31333
797 3919 945 3983 personae
967 3923 1004 3968 ex
1027 3907 1062 3968 il-

317 4002 354 4064 lis
375 4002 449 4077 sint,
472 4015 560 4078 3333,
576 3997 603 4058 31
622 4001 777 4058 anteactae
799 3997 943 4073 rigerent
965 3999 1059 4076 leges,

318 4103 382 4157 1313
402 4095 588 4169 integroque
608 4088 779 4167 gauderent
800 4090 954 4166 praedicto
975 4091 1058 4154 foro:

108 4195 194 4256 renes
212 4202 299 4251 prore
357 4189 377 4263 5
396 4187 426 4250 6.
444 4184 504 4247 Nos
515 4199 589 4244 3333
601 4182 767 4244 maiestatis
779 4189 849 4246 1333
860 4184 950 4259 33113,
964 4201 1061 4262 quan-

81 4250 205 4302 ⁸³²¹⁰¹¹¹³'
317 4292 384 4346 tum
401 4282 433 4343 13
448 4278 580 4341 Domino
601 4290 774 4352 possumus,
793 4293 933 4339 3333333
953 4278 1060 4341 33133-

316 4386 373 4452 tes,
395 4371 670 4454 supplicationibus
680 4376 733 4432 tuo
746 4371 874 4432 nomine
888 4370 976 4432 nobis
990 4387 1061 4450 por-

314 4468 406 4534 rectis
426 4467 579 4540 inclinati,
608 4462 759 4526 moderno
783 4480 816 4526 ac
837 4480 893 4542 pro
921 4473 1060 4544 tempore

316 4561 460 4626 existenti
481 4559 672 4622 Patriarcbae
693 4556 854 4620 indiarum
875 4558 919 4620 uti
941 4560 1058 4638 cappel-

315 4658 385 4720 lano
406 4654 515 4717 maiori
536 4669 569 4714 ac
590 4651 748 4727 regiorum
775 4651 971 4714 exercituum
991 4669 1060 4730 cap-

315 4750 436 4831 pellano
457 4745 578 4820 maiori,
601 4753 632 4805 et
652 4743 771 4804 idoneis
793 4745 1001 4808 sacerdotibus
1022 4747 1059 4809 ab

315 4846 378 4923 ipso
399 4837 546 4916 delegatis
567 4836 618 4899 331
639 4835 816 4912 delegandis
839 4845 893 4899 ant
919 4839 1058 4901 subdele-

315 4937 421 5015 gandis
436 4947 545 4996 omnes
556 4937 586 4993 et
600 4929 739 5005 singulas
754 4928 913 4992 facultates
928 4931 961 4992 13
974 4947 1058 5009 3333-

315 5027 438 5093 insertis
460 5025 574 5088 nostris
595 5023 694 5085 literis
716 5031 875 5086 contentas
890 5032 920 5086 et
936 5040 1059 5103 expres-

313 5121 415 5184 sasad
437 5117 636 5197 septennium
657 5119 837 5193 proximum
857 5123 981 5179 tantum
1002 5117 1060 5181 dn-

314 5223 433 5278 raturas
453 5211 635 5274 auctoritate
660 5208 822 5288 apostolica
845 5217 951 5272 tenore
973 5225 1058 5288 prae-

313 5307 452 5368 sentium
463 5305 566 5366 denuo
587 5300 784 5362 concedimus
799 5307 830 5361 et
845 5300 1056 5379 impertimur,

313 5415 371 5462 nec
391 5413 455 5460 non
476 5395 598 5458 easdem
619 5393 731 5470 gratias
745 5400 776 5453 et
790 5391 952 5470 privilegia
966 5409 1075 5472 3333--

312 5505 445 5570 cumque
467 5489 500 5550 13
522 5485 695 5566 praecitatis
715 5484 813 5547 literis
839 5501 980 5549 concessa
1001 5488 1057 5550 ite·

312 5600 384 5648 rum
405 5582 575 5658 elargimur
595 5586 626 5642 et
640 5579 872 5655 confirmamus,
889 5580 1058 5650 decernen-

313 5687 369 5754 tes,
393 5684 428 5739 ut
449 5675 604 5740 castrensi
617 5671 835 5736 ecclesiasticae
849 5673 1056 5737 iurisdictioni

352 5885 384 5944 (1)
397 5889 436 5932 131
449 5886 509 5932 fab.
525 5889 603 5944 cong.
618 5889 681 5943 Reg.
696 5886 739 5932 dei
753 5885 829 5932 Brevi
842 5886 892 5932 331.
907 5889 960 5942 Ill,
974 5898 997 5943 p.
1013 5888 1060 5932 230.

1799 523 1858 588 631
1908 523 2007 580 Δ11.0.
2028 526 2097 580 1823

1132 651 1304 728 praedictae
1322 655 1455 720 subiecti
1476 658 1540 722 sint
1555 665 1585 721 et
1599 659 1728 724 subiecti
1744 660 1877 724 babean-

1134 749 1184 804 tur
1205 760 1269 809 non
1300 749 1401 811 solum
1432 750 1489 827 illi,
1520 752 1574 830 qui
1606 752 1691 815 iuxta
1721 761 1876 816 anteactas

1131 834 1214 911 leges
1234 837 1302 901 foro
1324 842 1499 918 gandebant
1513 843 1637 921 integro
1658 844 1732 907 belli
1747 853 1800 907 aut
1813 863 1877 908 ma·

1131 927 1219 990 31333
1246 932 1370 994 militari
1398 941 1450 997 aut
1478 935 1618 1014 politico,
1648 936 1731 999 cirili
1759 937 1877 1001 scilicet

1131 1025 1162 1082 et
1189 1022 1359 1100 criminali,
1385 1027 1528 1105 33331313
1548 1028 1584 1090 ad
1615 1045 1760 1108 praesens
1790 1031 1877 1094 civili

1131 1129 1195 1175 non
1217 1117 1385 1194 gaudeant,
1408 1120 1566 1196 3313333
1591 1137 1655 1184 333
1685 1122 1800 1199 existit,
1822 1125 1875 1186 sed

1130 1205 1224 1268 etiam
1244 1223 1355 1274 eorum
1382 1209 1516 1276 familiae
1540 1221 1571 1276 31
1592 1230 1701 1302 ornnes
1725 1231 1876 1293 personae

1128 1296 1268 1374 ipsorum
1294 1303 1429 1366 servitiis
1450 1304 1597 1382 addictae,
1628 1309 1796 1371 dummodo
1817 1310 1875 1371 1133

1129 1390 1243 1467 3331133
1257 1392 1388 1458 familiae
1403 1403 1495 1475 atque
1510 1413 1659 1476 personae
1673 1416 1710 1462 ex
1723 1400 1784 1462 illis
1797 1401 1873 1477 sint,

1128 1498 1217 1560 quae,
1239 1485 1266 1545 31
1288 1493 1443 1551 anteactae
1465 1490 1608 1568 vigerent
1630 1491 1724 1569 leges,
1740 1499 1806 1555 toto
1826 1493 1875 1556 in-

1130 1582 1277 1654 13313333
1309 1578 1479 1654 gauderent
1510 1584 1665 1661 praedicto
1695 1584 1782 1662 foro,
1810 1602 1873 1648 ser·

1128 1675 1195 1729 3313
1228 1671 1386 1735 tamenin
1415 1673 1543 1754 33113313
1569 1676 1667 1739 1331113
1689 1684 1721 1739 31
1748 1679 1874 1756 disposi-

1128 1758 1211 1822 tione
1240 1764 1476 1841 apostolicerum
1504 1775 1682 1832 nostrarum
1710 1769 1873 1833 literarum

1126 1855 1268 1932 superius
1290 1855 1470 1920 relatarum.

1166 1947 1185 2022 ἓ
1208 1947 1235 2010 7.
1260 1947 1329 2012 Non
1357 1952 1548 2016 obstantibus
1577 1955 1723 2017 omnibus
1752 1957 1872 2018 31313·
1903 1978 1960 2026 333
1972 1979 2103 2036 cerasano

1127 2037 1207 2114 gulis
1228 2041 1299 2117 illis,
1323 2045 1455 2122 quaein
1477 2045 1593 2109 eisdem
1615 2046 1712 2110 literis
1733 2063 1797 2111 non
1818 2051 1871 2113 ob·
1890 2031 2103 2136 }‡,¹„,⁰3{¹1‘„‘,},¹‚¹¹¹¹'¹

1125 2138 1207 2194 stare
1228 2133 1395 2209 voluimus,
1411 2139 1602 2216 caeterisque
1621 2143 1784 2204 contrariis
1803 2145 1872 2222 qui-

1127 2225 1329 2306 buscumque.

1166 2319 1277 2382 batum
1296 2321 1424 2397 Romae,
1440 2324 1520 2401 a'pud
1536 2323 1567 2388 S.
1583 2324 1710 2390 llariam
1724 2326 1871 2392 Maiorem

1123 2411 1182 2472 sub
1206 2414 1322 2475 annulo
1359 2415 1535 2491 Piscatoris,
1572 2419 1622 2482 die
1649 2435 1716 2482 xxx.
1741 2423 1870 2484 ianuarii

1125 2519 1327 2570 xocccxxxxx.
1352 2508 1546 2586 pontificatus
1562 2513 1661 2574 nostri
1675 2529 1758 2578 anno
1773 2529 1868 2580 xxxxi.

1441 2731 1542 2856 ι01111.

1124 2969 1167 3035 Ob
1201 2979 1402 3052 grassantem
1436 2981 1689 3053 persecutionem
1724 2980 1869 3042 3311331111

1165 3064 1290 3128 1133313
1317 3067 1499 3144 apostolico
1528 3077 1557 3132 31
1585 3070 1655 3132 cius
1684 3072 1868 3135 3333131331

1161 3158 1196 3218 13
1218 3158 1307 3221 Siots
1329 3160 1455 3240 3113333,
1472 3160 1571 3224 tuctu
1590 3161 1731 3236 modom,
1746 3181 1868 3227 socces-

1159 3265 1260 3312 sorem
1281 3248 1337 3334 (f).
1368 3259 1373 3266 '

1120 3433 1349 3504 venerabilibus
1361 3437 1509 3507 tratribus
1521 3437 1635 3506 stesso
1648 3438 1786 3510 foruna
1799 3440 1868 3526 Epi-

1158 3545 1253 3614 scopo
1276 3527 1423 3598 sinitensi
1451 3529 1571 3600 lfioario
1597 3531 1772 3616 spostolus
1795 3532 1866 3602 Sut-

1158 3623 1286 3692 cbuensi
1315 3624 1497 3708 prouinciae,
1520 3630 1551 3693 et
1574 3624 1682 3694 1333113
1706 3625 1865 3697 tesnardo

1160 3717 1338 3786 Perocbeao
1352 3716 1502 3802 Episcopo
1514 3717 1661 3787 11313133.
1673 3721 1700 3788 13
1713 3719 1864 3790 vicariatu

1158 3811 1299 3895 33331313
1320 3809 1495 3890 3331131331,

1368 3995 1455 4064 PIUS
1478 3997 1537 4067 ΡΡ.
1554 3997 1611 4066 vlt.
1680 4058 1686 4066 .

1317 4179 1516 4253 venerabiles
1538 4186 1665 4267 fratres,

1149 4279 1279 4347 33131313
1301 4283 1334 4345 31
1354 4277 1553 4362 apostolicam
1576 4280 1826 4351 benedictionem.

1157 4470 1176 4545 ἓ
1199 4469 1226 4530 1.
1248 4468 1327 4532 Cum
1348 4468 1382 4530 in
1405 4467 1593 4530 Sutchnensi
1616 4469 1775 4546 provincia
1795 4487 1865 4550 per·

1114 4562 1232 4625 secutio
1254 4568 1360 4623 contra
1384 4559 1581 4636 christianos,
1604 4562 1675 4625 licet
1702 4563 1865 4642 paululum

1115 4654 1293 4728 imminuta,
1309 4653 1426 4714 nonsit
1449 4661 1552 4715 tamen
1574 4655 1770 4730 3111331331
1792 4657 1865 4720 mis-

1115 4749 1159 4810 313
1181 4747 1285 4809 111313
1314 4746 1361 4806 bis
1383 4747 1482 4808 adbuc
1512 4755 1655 4809 versetur
1684 4757 1796 4812 rernm
1813 4749 1863 4811 ad-

1116 4840 1239 4915 iunctis,
1264 4845 1297 4901 ut
1319 4839 1475 4916 Episcopis
1496 4839 1670 4903 Pastoribus
1690 4842 1754 4902 suis
1776 4841 1863 4904 facile

1115 4933 1231 5014 privari
1246 4931 1353 5011 possit,
1370 4929 1481 4993 idcirco
1496 4947 1551 4993 nos
1566 4933 1793 5011 procommissi
1808 4951 1863 4997 no·

1114 5026 1160 5089 bis
1174 5025 1323 5087 divinitus
1337 5023 1497 5100 pastoralis
1511 5023 1603 5086 olfxcii
1618 5041 1701 5101 cura,
1718 5042 1758 5088 ne
1774 5027 1863 5089 Cirri-

1113 5118 1260 5181 stifideles
1290 5116 1430 5180 eiusdem
1460 5117 1638 5197 prouinciae
1668 5118 1707 5180 ob
1733 5119 1863 5182 nimiam

1114 5214 1253 5276 locorum
1274 5211 1450 5274 distantiam
1472 5210 1602 5273 Pastoris
1623 5210 1731 5272 solatio
1746 5213 1799 5274 diu
1815 5229 1862 5275 ca·

1114 5321 1184 5368 rere
1204 5303 1374 5381 contingat,
1389 5301 1601 5383 spiritualibus
1620 5305 1806 5367 eorumdem
1828 5306 1862 5368 fi·

1114 5397 1233 5460 delium
1254 5394 1485 5457 necessitatibus
1515 5395 1758 5458 extraordinaria
1787 5413 1861 5476 3113-

1113 5490 1184 5552 dam
1197 5490 1316 5551 ratione
1329 5489 1558 5566 providendum
1573 5503 1638 5550 esse
1652 5489 1859 5553 decrevimus.

1152 5585 1170 5659 ς
1191 5583 1220 5644 2.
1239 5581 1300 5643 Nos
1315 5581 1411 5660 igitur
1426 5597 1491 5658 vos,
1503 5581 1696 5644 venerabiles
1711 5582 1831 5660 iratres,
1845 5601 1859 5646 3

1112 5673 1275 5753 quibusvis
1296 5673 1860 5754 3133131333133113313,333333313313
