4722 6976
59 569 104 622 13.
117 569 145 620 d.
166 566 235 619 1816

266 699 375 761 detulit
395 701 524 764 dilectus
552 705 632 768 filius
654 705 797 782 Iosephus
820 705 1005 772 Assemanus

265 791 384 868 primus
399 796 575 858 monachor.
593 797 814 877 hleppinorum
830 798 860 862 S.
878 795 1006 859 Antonii

264 885 418 961 definitor,
429 888 479 949 vir
492 891 648 966 egregins,
659 889 758 970 deque
771 907 825 953 sua
840 905 1006 966 congrega-

265 977 358 1053 tione,
374 979 423 1041 cui
438 980 483 1041 bis
499 981 639 1060 praefuit,
655 985 770 1062 optime
786 984 928 1056 meritus,
938 982 1005 1060 qui-

263 1088 323 1150 que
345 1081 378 1134 ut
399 1073 436 1134 de
450 1074 547 1138 fausto
562 1087 667 1140 nostro
681 1079 716 1140 ad
731 1075 841 1142 Sedem
857 1077 1005 1158 Apostoli-

263 1181 327 1227 cam
347 1174 415 1245 post
432 1176 474 1230 tot
489 1169 714 1235 vicissitudines
730 1174 829 1236 reditu
846 1172 1004 1234 communi

262 1259 422 1323 nobiscum
441 1264 567 1326 nomine
582 1264 789 1342 gratularetur
802 1284 818 1327 3
832 1266 919 1327 vobis
933 1265 1005 1325 mis-

261 1370 324 1430 sus,
340 1355 520 1419 demandato
538 1358 596 1420 sibi
616 1375 749 1423 munere
770 1360 937 1436 diligenter
953 1375 1005 1420 cu-

262 1447 440 1527 mulateque
467 1451 647 1529 perfunctus
673 1459 727 1516 est.
748 1453 840 1515 Nobis
864 1453 1002 1531 quidem,

262 1540 340 1604 tien.
358 1543 491 1620 Fratres,
506 1546 681 1609 dulcissima
702 1553 746 1608 est
765 1562 873 1610 eorum
895 1545 1003 1607 verbo-

260 1650 332 1696 rum
351 1639 530 1714 recordatio,
546 1641 658 1716 quibos
674 1641 883 1717 praedecessor
898 1647 1003 1701 noster

259 1729 504 1807 sapientissimus
526 1732 710 1796 Benedictus
725 1731 804 1796 xlv.
820 1749 874 1794 uos
895 1734 928 1794 13
943 1733 1002 1794 1313

260 1835 367 1889 monte
387 1827 511 1905 positos,
528 1836 558 1891 et
573 1829 749 1891 infidelibus
771 1827 891 1907 populis
913 1827 1002 1890 undi-

259 1935 319 1997 que
342 1921 573 2001 circumseptos,
596 1921 666 1984 fidei
685 1929 787 1984 tamen
802 1921 1000 1995 orthodoxae,

258 2029 293 2074 33
315 2013 347 2073 Β.
365 2013 447 2076 Ρ3131
462 2014 1001 2078 031133133311331133133331133333

260 2115 304 2167 tes
325 2107 550 2186 contemplatis,
577 2125 631 2170 vos
659 2108 738 2186 ipsos
767 2109 857 2170 modo
884 2107 1000 2169 similes

258 2215 345 2262 rosae
365 2201 442 2262 dixit
462 2201 546 2262 inter
564 2202 666 2279 spinas
687 2202 823 2276 florenti,
843 2202 933 2264 modo
953 2218 1000 2263 so-

257 2293 422 2357 lidissimae
443 2295 534 2371 cauti,
558 2313 635 2374 quae
656 2296 743 2358 nullo
764 2293 937 2358 furentium
951 2297 999 2359 ad·

258 2387 404 2450 adversus
434 2405 501 2450 eam
535 2389 740 2469 procellarum
774 2390 892 2467 impetu
927 2406 999 2469 uua·

259 2480 365 2542 113133.

49 2583 185 2680 Ὶῂοῗξῧιῑιυτ
205 2580 238 2626 1¹0
298 2576 366 2651 52.
390 2575 517 2639 Vestrae
544 2578 637 2641 huius
665 2579 779 2656 gloriae
800 2595 998 2657 summopere

46 2645 131 2750 lirici.
147 2668 173 2734 e't
185 2645 238 2734 1ῗῖ
255 2669 394 2746 studiosi,
411 2669 541 2749 eiusque
555 2673 652 2749 magis
667 2674 826 2751 magisque
839 2675 997 2750 augendae

48 2741 142 2786 ⁰¹³¹¹¹¹¹¹¹·
255 2762 370 2838 cupidi,
393 2765 430 2826 de
452 2769 537 2828 omni
557 2775 638 2828 statu
662 2777 766 2829 vestro
787 2777 926 2831 accurate
946 2767 998 2828 do-

254 2861 317 2921 ceri
338 2859 510 2939 uoluimus3
526 2867 557 2925 et
571 2879 758 2941 quamquam
775 2864 871 2927 multa
885 2879 997 2940 cogno-

255 2955 394 3017 verimus
414 2955 450 3016 ad
472 2958 672 3020 recreandum
693 2960 833 3022 animum
855 2966 996 3022 nostrum

254 3053 443 3128 gravissimis
464 3062 614 3133 perpetuo
639 3054 722 3117 curis
743 3055 913 3117 distentum
935 3055 997 3118 ido-

254 3163 322 3220 nea,
344 3147 532 3210 acerbissimi
553 3156 657 3210 tamen
680 3149 792 3212 doloris
813 3166 907 3212 sensu
929 3166 995 3228 per·

253 3241 330 3302 33131
360 3239 496 3315 fuimus,
529 3257 601 3304 cum
632 3243 772 3305 auditum
794 3261 810 3304 a
831 3245 919 3306 nobis
950 3252 996 3306 est

254 3339 397 3401 nondum
425 3337 550 3400 desiisse
577 3337 657 3414 apud
677 3353 731 3399 uos
753 3353 878 3416 pravam
900 3338 994 3416 illam,

251 3435 406 3513 totiesque
430 3434 467 3495 ab
494 3435 548 3496 hac
569 3429 600 3494 S.
624 3429 701 3497 Sede
726 3435 912 3511 damnatam,
945 3438 996 3498 ha·

253 3532 345 3595 13331
366 3530 498 3610 dupiicia
520 3533 704 3594 monasteria
725 3532 994 3610 consuetudinem,

253 3627 306 3688 ubi
319 3627 377 3689 sub
390 3625 500 3688 eodem
522 3631 601 3687 tecto
622 3627 766 3688 monachi
784 3628 996 3707 monialesque

253 3722 348 3785 vitam
373 3721 501 3784 ducunt.
530 3720 674 3795 ignotum
700 3721 798 3797 vohis,
822 3721 899 3786 lien.
923 3725 995 3787 Fra-

253 3823 326 3890 tres,
348 3831 414 3876 esse
435 3813 556 3893 nequit,
572 3830 664 3892 uuam
679 3812 768 3892 plena
785 3816 994 3893 periculorum

251 3911 292 3972 sit
312 3910 385 3971 haec
406 3909 569 3986 utriusque
583 3925 673 3970 sexus
688 3909 852 3971 indiscreta
867 3913 994 3976 vivendi

251 4005 341 4078 ratio,
364 4019 456 4081 quam
478 4003 615 4080 graviter
640 4002 821 4065 christianos
842 4003 993 4068 diversio

252 4106 355 4160 vestro
383 4099 461 4160 ritus
483 4097 627 4171 offendat,
653 4113 729 4176 quae
754 4098 927 4162 infidelium
949 4103 993 4164 di·

251 4191 344 4254 cteria
359 4190 547 4269 3331131331
568 4190 737 4253 deridendi·
748 4191 992 4270 blasphemandi-

250 4301 311 4363 que
331 4283 488 4345 christiani
508 4283 643 4344 nominis
661 4285 848 4347 occasionem
863 4298 992 4351 sumunt

248 4393 289 4438 ex
303 4377 359 4440 huc
373 4391 497 4455 prorsus
508 4375 707 4438 conferendo
722 4377 863 4441 virorum
878 4388 909 4441 et
925 4396 990 4444 mu·

249 4469 361 4531 1133313
382 4468 597 4545 33313133313,
619 4471 731 4548 quibus
751 4471 892 4548 religiosa
907 4483 989 4551 vota,

248 4562 400 4625 illibatum
424 4562 504 4624 vitae
530 4577 628 4638 genus
655 4573 748 4642 atque
769 4565 805 4627 ab
833 4569 918 4629 omni
941 4570 989 4631 vel

248 4657 401 4718 leuissima
411 4655 585 4734 suspicione
595 4664 755 4720 remotum
766 4661 986 4738 praescribunt.

247 4751 352 4828 ltaque
374 4750 469 4812 nullis
491 4748 592 4812 verbis
614 4750 768 4814 declarare
787 4753 858 4814 satis
885 4770 990 4833 possu-

247 4859 317 4906 mus
331 4852 444 4922 quanta
458 4843 497 4904 sit
512 4844 660 4905 moeroris
675 4848 774 4908 nostri
794 4850 987 4927 magnitudo,

246 4953 316 4999 cum
340 4938 497 5000 videamus
518 4939 775 5000 consuetudinem
803 4955 856 5018 per
880 4959 913 5004 se
938 4945 988 5007 ab·

247 5046 407 5105 normem,
439 5047 472 5092 33
501 5031 592 5092 131133
622 5048 637 5092 3
669 5031 804 5095 Summis
834 5035 988 5101 Pontifici-

246 5123 302 5185 bus
315 5125 480 5200 confixam,
497 5124 594 5187 adhuc
615 5125 699 5189 inter
719 5145 773 5189 vos
794 5128 913 5208 vigere,
931 5149 987 5196 nec

245 5215 352 5294 vigere
372 5217 475 5293 modo,
497 5218 549 5279 sed
571 5215 731 5280 advocatos
745 5219 837 5282 etiam
853 5239 870 5283 e
884 5229 986 5286 vestro

244 5318 333 5371 coetu
349 5317 469 5372 nactam
490 5326 566 5384 esse,
582 5310 640 5387 qui,
656 5311 748 5374 variis
763 5311 847 5374 illam
861 5317 986 5379 rationi·

245 5403 301 5465 bus
311 5403 510 5466 retinendam
521 5419 585 5465 esse
601 5406 799 5467 contendant.
815 5407 899 5481 Quod
914 5426 985 5472 cum

244 5503 352 5572 agunt,
368 5505 398 5558 31
413 5493 535 5574 Synodo
550 5513 599 5558 an.
614 5513 813 5560 3333333333.
831 5501 862 5563 13
878 5511 985 5566 monte

242 5589 358 5652 Libano
380 5590 511 5666 habitae,
526 5593 575 5653 cui
590 5591 736 5670 Iosephus
758 5594 916 5658 Simonius
931 5597 986 5660 hs-

242 5700 411 5746 semannus
441 5684 542 5746 isthuc
573 5701 587 5745 a
610 5686 772 5749 Clemente
793 5703 850 5750 xri.
873 5691 984 5754 missus

242 5777 391 5857 praefuit,
422 5785 452 5840 et
484 5779 698 5841 constitutioni
728 5781 884 5845 Benedicti
915 5801 980 5846 xiv.

242 5887 321 5949 quae
342 5871 449 5950 incipit
472 5907 505 5916 —
523 5869 759 5952 8133313313-
779 5885 981 5940 memoratam

243 5963 404 6042 synodum
425 5967 633 6044 confirmanti,
655 5969 753 6046 palam
773 5969 978 6048 refragantur.

927 585 997 630 Plus
1019 586 1068 631 PP.
1092 585 1147 630 Vll.

1725 563 1785 626 549
1833 565 1888 617 An.
1901 563 1932 616 (l.
1953 563 2021 616 1816

1062 703 1194 765 istorum
1224 703 1388 781 pertinacia
1419 703 1532 765 lactum
1560 707 1618 777 est,
1641 705 1676 763 ut
1698 700 1802 761 inhae-

1061 813 1132 859 rens
1152 796 1413 874 splendidissimae
1434 795 1578 859 ecclesiae
1602 801 1723 857 vestrae
1742 809 1811 854 ma.

1061 890 1128 952 cula
1142 890 1273 966 abstergi
1287 891 1345 953 huc
1356 905 1454 968 usque
1465 905 1526 952 non
1538 889 1684 968 potuerit,
1697 888 1804 949 etiam·

1060 981 1085 1043 si
1101 983 1192 1047 Sedes
1203 984 1372 1063 apostolica
1389 982 1467 1045 nihil
1477 985 1514 1047 de
1528 1000 1581 1045 sua
1596 980 1803 1043 sollicitudine

1061 1078 1236 1152 remittens,
1260 1085 1326 1140 octo
1347 1078 1479 1140 subinde
1499 1075 1652 1152 delegatos
1674 1074 1745 1137 hinc
1765 1075 1819 1141 ad.

1062 1184 1115 1230 vos
1135 1169 1285 1248 proficisci
1302 1170 1433 1245 iusserit,
1457 1179 1488 1233 et
1509 1175 1612 1230 nostra
1634 1167 1671 1230 de
1691 1168 1802 1245 Propa-

1061 1262 1157 1336 ganda
1191 1263 1264 1326 Fide
1293 1264 1500 1342 Congregatio
1533 1262 1623 1326 annis
1658 1277 1797 1326 333333.

1060 1363 1286 1418 3133333331.
1317 1373 1397 1419 nova
1426 1357 1459 1418 in
1485 1357 1563 1418 hano
1591 1371 1658 1417 rem
1680 1356 1801 1417 decreta

1059 1447 1206 1525 ediderit,
1229 1450 1341 1528 quibus
1368 1456 1400 1512 et
1423 1450 1480 1512 alia
1501 1467 1517 1512 3
1538 1449 1626 1511 nobis
1655 1458 1800 1510 renovata

1059 1547 1096 1612 et,
1110 1542 1289 1604 confirmata
1310 1546 1505 1622 postmodum
1525 1549 1729 1605 accesserunt.
1752 1541 1800 1603 ln·

1057 1634 1203 1699 credibile
1234 1653 1356 1715 prorsus
1388 1638 1513 1700 videtur
1543 1636 1629 1698 irrita
1657 1633 1800 1698 cecidisse

1057 1730 1094 1791 ad
1124 1729 1202 1793 hanc
1234 1749 1331 1811 usque
1361 1732 1443 1794 diem
1471 1739 1516 1792 tot
1543 1737 1688 1808 tantaque
1714 1730 1799 1795 Sedis

1057 1825 1248 1906 Apostolicae
1268 1827 1378 1889 studia.
1559 1889 1562 1895 ,

1097 1923 1115 1996 5
1145 1921 1173 1982 3.
1207 1921 1265 1986 Sed
1297 1938 1367 1985 cum
1398 1921 1576 1985 firmissime
1607 1921 1797 2002 propositum
1830 1931 2028 1992 paucularum·

1057 2016 1144 2078 nobis
1157 2017 1197 2078 sit
1213 2014 1450 2078 intollerabilem
1466 2029 1571 2091 usum,
1583 2017 1636 2094 qui
1652 2025 1713 2078 tam
1728 2034 1797 2096 pro·
1816 1987 1857 2032 ⁰¹⁵

1056 2110 1165 2172 fundas
1187 2111 1342 2172 intervos
1364 2112 1479 2174 radices
1501 2112 1583 2186 iecit,
1598 2111 1722 2189 penitus
1744 2128 1799 2173 eto·

1057 2203 1180 2281 tirpare,
1196 2204 1308 2266 idcirco
1328 2205 1510 2267 auctoritate
1525 2212 1628 2266 nostra
1643 2205 1797 2266 roboravi-

1055 2313 1126 2361 mus
1155 2314 1310 2377 nuperum
1344 2298 1515 2377 praedictae
1543 2296 1798 2374 congregationis

1055 2391 1226 2467 decretum,
1248 2410 1310 2472 quo
1331 2393 1479 2455 indicitur
1493 2392 1571 2454 ven.
1589 2390 1676 2452 fratri
1690 2392 1796 2455 loanni

1055 2485 1145 2548 Petro
1166 2485 1256 2548 Dolce
1277 2487 1467 2554 Patriarchae
1493 2495 1608 2560 vestro,
1631 2495 1662 2548 et
1683 2485 1794 2548 dilecto

1055 2580 1118 2640 filio
1140 2579 1263 2657 dloysio
1282 2580 1422 2645 Gundolfr
1445 2581 1543 2643 electo
1565 2581 1712 2658 Episcopo
1732 2580 1795 2642 lco-

1053 2673 1159 2747 siensi‚
1182 2682 1213 2735 31
1233 2673 1372 2752 delegato
1393 2675 1473 2752 apud
1494 2691 1548 2736 vos
1570 2675 1744 2754 apostolico,
1761 2681 1796 2736 31

1055 2785 1115 2832 333
1147 2783 1218 2829 cum
1249 2767 1372 2846 Synodo
1404 2769 1627 2848 Episcoporum
1662 2768 1796 2830 nationis

1054 2874 1173 2928 vestiae
1205 2867 1332 2928 modum
1363 2873 1511 2943 quaerant
1543 2871 1573 2926 et
1604 2870 1793 2943 proponant,

1053 2963 1106 3043 qui
1127 2961 1297 3040 expeditior
1317 2961 1357 3022 sit
1377 2967 1407 3021 et
1427 2957 1604 3037 separandis
1630 2960 1793 3020 monacho·
1874 3019 1876 3027 ,

1053 3072 1124 3119 rum
1145 3062 1176 3116 et
1197 3053 1378 3116 monialium
1405 3052 1561 3116 coenobiis
1587 3053 1794 3116 accommoda-

1053 3153 1122 3214 tior.
1158 3152 1214 3216 Gui
1244 3166 1319 3210 vero
1349 3151 1418 3212 usui
1445 3145 1600 3222 coenobia,
1628 3163 1706 3226 quae
1726 3155 1794 3226 post

1051 3249 1274 3325 separationem
1306 3263 1400 3308 vacua
1424 3254 1622 3325 supererunt,
1649 3261 1714 3307 esse
1741 3247 1791 3310 de-

1052 3342 1155 3417 beant,
1177 3357 1254 3420 quae
1275 3341 1409 3404 cautelae
1429 3341 1462 3402 in
1482 3339 1653 3418 peragenda
1675 3357 1793 3419 separa·

1053 3439 1136 3500 tione
1157 3436 1344 3498 adhibendae
1364 3436 1437 3511 sint,
1460 3436 1619 3514 perspicue
1639 3434 1793 3512 intellige-

1052 3533 1089 3594 tis
1110 3548 1148 3593 33
1169 3531 1267 3594 edicto
1289 3532 1365 3609 ipso,
1390 3532 1471 3609 quod
1496 3531 1611 3592 nostris
1638 3531 1792 3594 hiscelit·

1051 3625 1125 3690 teris
1145 3628 1326 3691 adiunctum
1340 3625 1503 3704 accipietis,
1529 3629 1560 3684 et
1582 3623 1669 3686 cuius
1684 3642 1792 3688 omnes

1051 3727 1151 3800 partes
1173 3729 1207 3784 ut
1228 3728 1386 3800 promptae
1412 3737 1445 3783 33
1465 3719 1589 3783 sedulae
1613 3720 1792 3782 executioni

1049 3815 1239 3878 mandentur
1268 3815 1300 3876 in
1330 3815 1450 3875 uirtute
1482 3811 1674 3875 obedientiae
1706 3814 1791 3878 vobis

1049 3911 1186 3974 districte
1206 3909 1416 3988 praecipimus.
1443 3979 1445 3990 Ι

1089 4005 1107 4078 ᾗ
1143 4004 1172 4064 l.
1205 4004 1274 4066 Nun
1304 4003 1367 4064 3313
1399 4019 1473 4065 vero
1503 4005 1726 4066 monachorum
1757 4013 1789 4068 31
1823 4014 1857 4056 oe
1872 4011 2019 4078 praesulum

1050 4096 1233 4159 monialium
1254 4097 1312 4158 sub
1332 4098 1439 4159 eodem
1464 4105 1543 4159 tecto
1565 4097 1711 4160 habitatio
1728 4115 1789 4160 ma·
1807 4065 1911 4164 saraim
1932 4066 2020 4114 ausen-

1049 4191 1133 4252 ximo
1162 4191 1249 4253 nobis
1275 4191 1408 4252 moerori
1438 4198 1470 4252 et
1494 4190 1694 4254 sollicitudini
1723 4200 1787 4269 est,

1047 4288 1133 4362 angit
1159 4285 1251 4348 etiam
1277 4284 1459 4360 gravissime
1484 4285 1625 4347 animum
1646 4295 1789 4349 nostrum

1048 4371 1205 4460 pastorum
1226 4379 1369 4442 ecclesiae
1391 4387 1512 4442 vestrae
1532 4381 1627 4442 esuis
1641 4381 1789 4458 gregibus

1047 4472 1788 4552 absentiaduaeindeincommoda,quaequede-

1046 4571 1194 4632 trimeota
1209 4569 1241 4629 in
1257 4569 1409 4630 dioeceses
1424 4567 1644 4645 Episcoporum
1658 4585 1788 4632 suorum

1045 4668 1186 4725 carentes
1216 4660 1386 4739 praesentia
1417 4661 1661 4737 proficiscantur,
1684 4663 1788 4725 notius

1045 4764 1101 4832 est,
1117 4763 1219 4836 quam'
1232 4763 1267 4816 ut
1287 4755 1354 4817 fuse
1369 4753 1514 4832 explicari
1528 4771 1544 4814 a
1559 4755 1645 4816 nobis
1664 4771 1788 4818 necesse

1044 4852 1093 4913 sit.
1116 4848 1318 4925 Quamobrem
1336 4853 1370 4910 31
1385 4848 1457 4910 huic
1478 4863 1601 4926 quoque
1622 4849 1702 4912 malo
1724 4867 1789 4912 me-

1044 4945 1183 5020 deamur,
1213 4944 1295 5006 aliud
1328 4951 1451 5005 nostrae
1474 4942 1727 5020 congregationis
1748 4945 1786 5008 de

1044 5037 1240 5116 propaganda
1261 5037 1333 5100 Fide
1354 5038 1513 5099 decretum
1534 5053 1550 5095 3
1572 5037 1659 5098 33113
1679 5053 1786 5115 appro-

1044 5132 1148 5194 batum
1177 5131 1458 5208 confirmatumque
1484 5129 1520 5190 ad
1542 5144 1596 5190 vos
1616 5130 1784 5207 mittimus,

1043 5243 1104 5305 quo
1125 5225 1314 5299 decernitur,
1338 5232 1372 5286 ut
1394 5225 1425 5285 13
1447 5220 1584 5302 synodo,
1610 5238 1670 5301 quo
1695 5224 1785 5286 citius

1043 5321 1110 5382 heri
1132 5324 1231 5398 potest
1251 5336 1267 5379 3
1289 5319 1375 5380 vohis
1390 5317 1539 5391 habenda,
1558 5323 1639 5380 33313
1654 5318 1784 5396 singulis

1042 5414 1197 5492 Episcopis
1225 5413 1258 5474 in
1284 5414 1347 5475 suis
1377 5412 1568 5475 dioecesibus
1595 5411 1683 5474 sedes
1707 5413 1785 5475 desi-

1042 5516 1167 5585 gnetur,
1191 5523 1268 5585 quae
1289 5515 1392 5569 tamen
1409 5509 1440 5568 in
1456 5506 1544 5570 nullo
1563 5507 1782 5570 coenobiorum

1041 5617 1106 5664 esse
1127 5601 1240 5680 poterit
1266 5601 1434 5678 inquibus
1461 5601 1606 5663 moniales
1632 5600 1780 5664 habitant.

1041 5695 1207 5758 Statuenda
1222 5695 1254 5758 in
1269 5695 1377 5775 primis
1391 5703 1437 5758 331
1452 5695 1657 5773 patriarchalis
1677 5696 1781 5776 sedec,

1040 5803 1131 5866 quam
1153 5788 1264 5851 alicubi
1285 5788 1414 5852 locatam
1435 5789 1493 5851 alio
1521 5790 1691 5854 transferre
1714 5793 1782 5854 sine

1039 5881 1216 5957 gravissima
1232 5898 1318 5944 causa
1333 5899 1349 5942 a
1364 5882 1451 5945 nobis
1464 5883 1558 5945 etiam
1568 5887 1780 5961 cognoscenda

1038 5991 1101 6037 non
1123 5974 1238 6052 licebit,
1261 5974 1493 6055 videndumque
1515 5993 1552 6039 an
1575 5993 1649 6041 3333
1670 5995 1780 6043 conue-
