4734 7004
321 498 375 552 An.
389 502 420 554 c.
444 501 509 556 1762

559 503 599 564 86

540 641 734 722 protectione
754 641 981 722 reciperentur,
998 640 1080 703 illius
1102 657 1176 703 vero
1198 647 1228 702 et
1249 639 1286 702 il·

540 734 642 797 lorum
664 735 807 813 regimen
836 743 905 798 tum
928 735 1089 815 spirituale
1116 743 1185 798 tum
1208 743 1285 798 tem·

539 827 644 907 porale
665 830 700 891 ad
723 830 890 892 monachos
912 829 1167 908 congregationis
1190 827 1220 892 S.
1241 829 1287 892 lo·

539 923 628 984 annis
643 924 681 986 de
703 922 807 986 Soairo
830 931 992 1002 spectaret,
1014 939 1086 986 cum
1108 923 1285 985 immediati

538 1016 729 1079 subiectione
742 1033 798 1096 pro
814 1025 953 1096 tempore
974 1015 1121 1079 existenti
1137 1015 1285 1094 Episcopo

539 1108 712 1185 Ordinario,
735 1121 766 1172 et
788 1111 918 1173 mediati
939 1113 1131 1174 Patriarcbae
1151 1113 1286 1174 Graeco-

540 1203 753 1267 llelcbitarum
787 1205 996 1268 Antiocheno:
1024 1206 1077 1284 qui
1106 1206 1197 1268 etiam
1227 1206 1286 1266 im-

538 1298 703 1362 mediatam
734 1314 827 1377 super
855 1314 891 1359 eo
919 1309 949 1360 et
978 1297 1038 1360 illis
1069 1298 1284 1360 auctoritatem

538 1392 698 1472 acquirere
729 1392 867 1467 deberet,
889 1390 1145 1470 quotiescumque
1171 1390 1284 1454 tuturis

540 1487 731 1564 temporibus
759 1502 822 1550 non
846 1488 963 1549 adesset
991 1485 1158 1564 Episcopus
1180 1485 1284 1546 ortbo-

538 1583 635 1644 doxus
667 1582 751 1644 illius
782 1581 873 1656 sedis
902 1587 1055 1658 quatenus
1086 1595 1160 1640 vero
1185 1579 1282 1657 (quod

538 1677 619 1738 Deus
640 1677 777 1756 avertat)
800 1684 911 1741 neuter
932 1683 1012 1740 esset
1034 1677 1213 1754 catholicus,
1229 1695 1283 1758 per

540 1771 568 1834 id
592 1780 716 1835 tantum
738 1773 886 1852 temporis
901 1783 931 1837 et
953 1777 1051 1838 donec
1072 1774 1223 1837 alteruter
1237 1791 1283 1837 ca·

540 1867 669 1931 tbolicus
685 1871 913 1946 superveniret,
926 1869 1117 1947 praedictum
1132 1870 1283 1933 llonaste·

537 1962 622 2024 rium
644 1963 823 2026 immediate
837 1965 1009 2027 subiaceret
1025 1964 1132 2027 Abbati
1146 1963 1282 2042 generali

538 2057 709 2136 praedictae
736 2059 992 2136 congregationis
1019 2055 1048 2120 S.
1074 2061 1194 2122 loannis
1216 2069 1282 2121 tan-

537 2167 630 2228 quam
659 2151 806 2228 llelegato
834 2152 933 2214 dictae
958 2152 1056 2229 Sedis,
1079 2153 1281 2215 confessarius

538 2261 612 2307 vero
634 2247 810 2310 ordinarius
836 2247 1021 2309 monialium
1050 2247 1194 2324 praedicti
1216 2261 1281 2309 mo-

537 2339 663 2402 nasterii
694 2349 775 2403 esset
805 2341 975 2403 monachus
1000 2341 1155 2419 professus
1187 2342 1282 2421 ipsius

538 2435 793 2511 congregationis
808 2435 838 2499 S.
859 2435 991 2510 loannis,
1014 2452 1106 2514 quern
1122 2435 1280 2514 scientiae,

537 2529 671 2606 pietatis,
695 2545 728 2589 ac
754 2529 936 2607 prudentiae
957 2537 988 2592 et
1020 2530 1178 2608 probitatis
1200 2548 1282 2592 com-

538 2623 735 2684 mendatione
756 2621 792 2682 ab
813 2622 931 2684 Abbato
960 2622 1098 2699 generali
1126 2625 1282 2701 praedicto

536 2715 690 2778 delectum
713 2722 744 2776 et
765 2721 993 2792 praesentatum
1011 2716 1178 2795 Episcopus
1199 2717 1281 2780 dioe-

536 2824 662 2871 cesanus
696 2807 870 2886 probasset:
905 2808 1050 2887 idemque
1076 2809 1223 2872 statuitur
1244 2813 1282 2872 de

536 2901 722 2964 confessario
743 2901 998 2978 extraordinarie,
1011 2919 1104 2981 quem
1127 2903 1207 2965 idem
1223 2905 1282 2968 Ab·

536 2994 587 3055 bas
609 2992 762 3070 generalis
785 3001 831 3054 ter·
846 3009 901 3072 per
920 3009 1038 3057 anuum
1060 2993 1095 3056 ad
1117 2995 1282 3058 audiendas

536 3087 688 3149 dictarum
710 3085 893 3148 monialium
909 3087 1144 3150 sacramentales
1165 3087 1282 3150 contes-

535 3178 636 3240 siones
650 3178 768 3241 valeret
783 3181 940 3257 deputare,
954 3178 1030 3242 tacta
1052 3179 1180 3256 insuper
1201 3180 1281 3242 dicto

537 3271 686 3351 Episcopo
715 3277 880 3350 potestate,
903 3281 1056 3350 quatenus
1078 3272 1106 3334 id
1136 3273 1281 3351 expedire

535 3371 672 3443 putaret,
705 3365 800 3426 alium
831 3379 1061 3443 quemcumque
1092 3365 1281 3427 sacerdotem

537 3459 724 3535 regularem,
742 3462 834 3522 etiam
856 3459 983 3522 alterius
1005 3459 1141 3522 lnstituti
1157 3467 1189 3522 et
1204 3461 1282 3522 ritus

536 3553 635 3628 latini,
653 3555 701 3616 vel
720 3555 813 3617 etiam
828 3555 1017 3618 saecularem
1029 3555 1167 3617 eiusdem
1189 3556 1280 3629 rituS,

536 3646 567 3709 in
580 3647 800 3710 confessarium
816 3649 1098 3711 extraordinarium
1114 3649 1202 3712 dictis
1217 3664 1282 3711 mo-

535 3742 668 3804 nialibus
690 3742 868 3822 deputandi.
897 3741 1027 3821 Insuper
1048 3742 1078 3804 in
1102 3744 1207 3806 eadem
1231 3745 1282 3805 de·

534 3835 641 3898 cretali
664 3843 816 3898 statutum
838 3845 895 3912 est,
914 3853 977 3898 non
998 3837 1086 3898 aliam
1110 3837 1279 3913 regulama

535 3929 696 4008 praedictis
709 3930 893 3992 monialibus
904 3930 1088 3993 servandam
1101 3948 1177 4004 esse,
1188 3947 1280 4009 quam

535 4023 705 4100 genuinam
728 4023 812 4084 illam
829 4024 859 4087 S.
877 4023 991 4098 Basilii,
1015 4041 1108 4103 quam
1123 4025 1281 4086 monacbis

534 4116 710 4194 praedictae
726 4117 984 4194 Congregationis
1000 4117 1030 4180 S.
1045 4117 1166 4180 loannis
1188 4118 1280 4179 etiam

535 4209 726 4284 tradendam,
751 4209 831 4272 idem
860 4208 1046 4272 Benedictus
1068 4211 1281 4289 praedecessor

534 4303 753 4364 mandaverat:
782 4303 830 4364 cui
854 4303 981 4380 quidem
1009 4303 1146 4380 regulae,
1168 4304 1195 4366 si
1219 4311 1280 4368 tam

533 4393 702 4473 supradicti
724 4395 878 4469 monachi,
908 4411 999 4472 quam
1022 4397 1114 4458 modo
1135 4401 1281 4460 enuncia-

536 4499 583 4552 tae
604 4488 765 4564 bloniales,
794 4489 910 4566 aliquas
932 4489 1101 4568 peculiares
1123 4491 1281 4554 constitu-

537 4583 637 4646 tiones
667 4583 778 4645 addere
806 4583 937 4660 vellent,
960 4601 1038 4662 quae
1063 4603 1120 4650 nec
1146 4587 1212 4648 eius
1234 4604 1280 4648 re-

535 4678 626 4755 gulae
653 4676 878 4754 observantiae,
902 4695 1005 4757 neque
1026 4681 1142 4756 graecis
1169 4681 1281 4743 ritibus

534 4771 787 4847 adversarentur,
811 4770 847 4832 ad
875 4773 1114 4835 iniradicendam
1144 4775 1280 4851 congre-

534 4865 691 4941 gationem
707 4866 792 4944 prius
806 4866 1032 4943 cognoscendas
1047 4877 1140 4947 atque
1151 4868 1188 4929 ab
1202 4869 1281 4946 Apo-

533 4957 638 5019 stolicai
661 4958 740 5022 Sede
767 4959 918 5037 praedicta
940 4961 1166 5023 confirmandas
1194 4961 1281 5023 exbi-

535 5051 608 5113 bere
631 5059 828 5129 tenerentur,
844 5062 875 5115 et
890 5053 962 5114 alias
984 5060 1076 5132 prout
1098 5055 1130 5116 in
1153 5055 1216 5132 ipsa
1230 5054 1280 5114 de·

535 5145 657 5221 cretali,
686 5147 773 5208 cuius
808 5155 947 5208 tenorem
980 5148 1194 5224 praesentibus
1225 5163 1280 5226 pro

464 5261 470 5274 ·
537 5237 630 5315 plene
657 5247 687 5300 et
708 5238 899 5301 sufficienter
927 5255 1108 5319 expressum
1130 5247 1161 5301 et
1182 5241 1280 5302 inser-

330 5529 462 5592 Eoniales,
478 5543 517 5588 pe·

303 5581 412 5628 cultores
433 5585 516 5630 condi-

304 5635 363 5700 dere
389 5639 516 5684 constitu-

304 5694 385 5734 tiones
396 5693 516 5738 monasti-

303 5754 436 5806 cocorum
454 5747 518 5801 regi-

303 5807 367 5841 mrnr
378 5807 517 5846 accommo-

304 5849 384 5896 datas.

535 5337 603 5392 tum
625 5332 731 5394 baberi
753 5331 910 5409 volumus,
934 5342 1027 5412 prout
1048 5333 1147 5397 iusius
1167 5333 1280 5397 dicitur

534 5426 698 5487 contineri.

575 5517 643 5592 §E-
668 5520 748 5582 cnm
770 5526 875 5582 autom
896 5520 975 5582 sicut
997 5520 1099 5583 dilecti
1124 5521 1179 5583 filii
1201 5521 1280 5584 laco·

536 5611 591 5674 bus
614 5611 727 5690 Sagiati
750 5613 849 5676 abhas
865 5613 1017 5690 generalis
1039 5630 1097 5677 nec
1119 5631 1181 5676 non
1203 5615 1280 5677 dilli-

536 5705 652 5766 nitores
680 5706 839 5784 generales
865 5708 1216 5771 Graeco-Melcbitarum
1237 5709 1281 5773 di-

534 5806 600 5860 ctae
621 5798 880 5877 Congregutiouis
896 5801 925 5861 S.
945 5801 1065 5863 loannis
1081 5803 1233 5880 Baptistae
1248 5802 1279 5864 in

536 5889 653 5967 Soairo,
675 5893 878 5971 perdilectus
900 5893 1008 5956 itidem
1034 5894 1111 5957 salios
1132 5895 1279 5958 loannem

1060 517 1123 563 tlttt.
1149 517 1239 562 ΡΟΝΤ.
1263 515 1303 560 DE
1325 516 1353 560 Ρ.
1378 516 1406 562 F·
1432 517 1514 562 PARS
1536 517 1557 562 l.

2012 557 2015 566 ¹
2117 496 2217 550 Aac.
2239 499 2299 551 xasa

1342 637 1453 700 Naccas
1475 642 1506 698 et
1531 634 1683 702 Thomam
1713 636 1842 716 corbagi
1870 643 2084 718 procuratores

1340 750 1422 808 suos,
1445 733 1494 796 bic
1515 734 1547 795 in
1570 733 1742 796 almab'rbe
1763 736 1866 796 nostra
1888 735 1967 813 apud
1989 734 2085 796 eccle-

1340 827 1417 888 siam
1439 826 1470 890 S.
1495 827 1605 890 Mariae
1628 829 1660 889 in
1682 827 1827 890 Domnica
1849 828 1945 904 vulgo
1968 827 1999 889 lc
2021 829 2085 890 Να-

1341 920 1455 984 oicello
1471 929 1686 999 nuncupatum
1702 929 1940 993 commorantes,
1956 919 2085 984 nomine

1341 1014 1523 1077 dilectarum
1553 1014 1585 1076 in
1609 1014 1731 1078 cbristo
1760 1014 1894 1078 filiarum
1924 1013 2084 1077 moderna·

1341 1123 1412 1170 rum
1423 1107 1589 1169 abbatissae
1601 1115 1632 1168 et
1644 1107 1825 1170 monialium
1842 1108 2008 1185 supradicti
2020 1123 2084 1168 mo·

1340 1202 1467 1263 nasterii
1490 1202 1522 1263 in
1548 1204 1705 1264 Kesroano
1734 1201 1846 1279 erecti,
1869 1201 1958 1264 nobis
1985 1218 2085 1280 nuper

1339 1295 1453 1372 exponi
1469 1294 1610 1357 lecerunt
1625 1295 1774 1358 moniales
1795 1296 1977 1375 praedictae,
1993 1311 2084 1374 regu-

1340 1388 1400 1450 lam
1429 1389 1459 1451 S.
1483 1389 1596 1465 Basilii,
1620 1389 1705 1452 iuxta
1733 1389 1897 1452 memorati
1925 1389 2084 1451 Benedicti

1339 1481 1578 1559 praedecessoris
1600 1483 1796 1558 decretalem,
1813 1499 1871 1561 qua
1886 1498 1941 1561 par
1955 1489 2000 1544 est
2015 1482 2084 1543 obe·

1339 1574 1455 1636 dientia
1476 1576 1680 1655 susceperint,
1704 1593 1737 1638 ac
1756 1590 1851 1654 super
1876 1574 1971 1654 ipsam
1993 1590 2085 1652 regu·

1339 1668 1397 1730 lam
1413 1668 1583 1747 peculiares
1599 1668 1837 1732 constitutiones
1852 1668 2021 1730 monastico
2037 1684 2084 1729 ea-

1338 1778 1409 1825 rum
1431 1763 1610 1824 monasterii
1625 1763 1772 1840 regimini
1795 1762 2037 1825 accommodatas
2051 1779 2084 1823 ac

1338 1864 1583 1936 peropportunas
1604 1857 1740 1918 condere
1761 1856 1952 1931 curaverint,
1968 1872 2002 1918 ac
2016 1871 2085 1934 pro-

1337 1956 1442 2029 pterea
1463 1966 1524 2027 quo
1547 1949 1667 2011 firmius
1688 1949 1856 2012 subsistant
1872 1958 1902 2011 et
1916 1956 2084 2012 serventur

1338 2045 1486 2120 exactius,
1503 2043 1686 2122 apostolicae
1701 2043 1947 2105 confirmationis
1962 2049 2084 2105 nostrae

1338 2137 1506 2218 patrocinio
1528 2137 1718 2201 communiri
1745 2152 1944 2216 summopere
1966 2136 2083 2200 deside-

1338 2239 1427 2295 rent:
1465 2229 1469 2238 ’

1377 2327 1446 2402 ἐ3.
1470 2325 1531 2388 Nos
1559 2327 1618 2406 piis
1646 2325 1829 2392 eorumdem
1857 2327 2082 2404 exponentium
2125 2342 2245 2404 pontufex
2262 2353 2314 2387 eon·

1338 2421 1417 2481 votis
1433 2419 1531 2481 bacin
1546 2436 1593 2496 re,
1606 2429 1759 2499 quantum
1781 2435 1852 2482 cum
1868 2421 2000 2482 Domino
2016 2437 2083 2500 pos·
2102 2397 2313 2494 ῗὲᾏῗὲῇῗθέοᾷ

1336 2528 1457 2587 sumus,
1481 2511 1690 2575 favorabiliter
1711 2528 1850 2574 annuere
1873 2512 2026 2588 volentes,
2050 2529 2083 2574 ac
2102 2501 2313 2601 d¹²³⁸⁰¹³S2⁰sptj

1337 2605 1563 2686 exponentium
1584 2607 1824 2684 praedictorum,
1841 2622 1975 2669 necnon
1992 2606 2083 2668 dicta·
2102 2557 2310 2664 gssig'vrfffgflaus.

1338 2715 1409 2761 rum
1438 2699 1606 2762 abbatissae
1638 2706 1668 2760 et
1696 2699 1881 2762 monialium
1909 2699 2083 2776 singulares
2102 2663 2246 2708 ⁰⁰¹¹¹¹fm³²'

1337 2807 1482 2871 personas
1499 2809 1513 2852 a
1529 2792 1690 2872 quibusvis
1708 2793 2037 2855 excommunicationis
2052 2800 2084 2854 et

1338 2885 1496 2948 interdicti
1530 2885 1660 2964 aliisque
1691 2886 1902 2948 ecclesiasticis
1931 2886 2082 2961 censuris,

1336 2979 1500 3040 sententiis
1521 2986 1554 3041 et
1574 2980 1694 3058 poenis,
1717 2980 1828 3058 quovis
1850 2978 1952 3054 modo,
1965 2986 1996 3041 et
2011 2995 2083 3058 qua-

1337 3087 1472 3151 cumque
1493 3071 1630 3136 decausa
1653 3071 1732 3149 latis,
1746 3072 1773 3133 si
1788 3089 1862 3151 quas
1878 3071 1959 3134 torte
1979 3071 2083 3134 incur·

1338 3171 1461 3241 rerunt,
1483 3165 1577 3228 buius
1600 3173 1722 3228 tantum
1738 3165 1783 3228 rei
1806 3165 1901 3242 gratia
1923 3165 2083 3227 absolven-

1339 3266 1385 3320 tes
1406 3267 1437 3319 et
1466 3257 1618 3321 absolutas
1640 3259 1706 3321 tore
1732 3267 1912 3334 censentes,
1934 3258 2083 3338 supplica·

1338 3352 1475 3414 tionibus
1505 3366 1613 3414 earum
1643 3352 1772 3414 nomine
1803 3352 1891 3414 nobis
1922 3350 2084 3414 bumiliter

1338 3445 1486 3523 porrectis
1513 3446 1663 3522 inclinati,
1690 3449 1727 3510 de
1749 3462 1844 3509 venn.
1874 3445 2007 3508 fratrum
2029 3461 2084 3506 no·

1336 3551 1475 3605 strorum
1487 3539 1564 3604 SE.
1576 3542 1612 3604 E.
1630 3539 1841 3606 cardinalium
1863 3542 1997 3618 negotiis
2011 3541 2084 3602 Pro·

1337 3637 1493 3716 pagandae
1513 3638 1599 3700 Eidei
1627 3636 1890 3716 praepositorum,
1916 3635 1970 3714 qui
1998 3636 2083 3698 iussu

1337 3741 1443 3797 nostro
1455 3735 1532 3814 ipsas
1545 3732 1791 3797 constitutiones
1803 3731 1941 3808 primum
1955 3729 2082 3809 quidem

1338 3830 1385 3892 bo.
1409 3843 1470 3890 me.
1501 3829 1682 3904 Fortunato,
1708 3828 1781 3890 dum
1810 3829 1899 3904 vixit,
1924 3828 1955 3891 S.
1979 3827 2015 3889 E.
2040 3831 2076 3893 E.

1336 3924 1509 4001 praedictae
1520 3923 1673 3986 cardinali
1684 3925 1876 3987 lamburino
1892 3934 2080 4005 nuncupato,

1336 4017 1457 4094 deinde,
1472 4027 1604 4102 sequoto
1619 4018 1714 4096 ipsius
1736 4019 1896 4081 Fortunati
1913 4018 2082 4082 cardinalis

1337 4113 1436 4187 obitu,
1460 4112 1570 4174 dilecto
1595 4113 1657 4174 silio
1681 4120 1789 4174 nostro
1809 4113 1979 4176 Laurentio
2000 4115 2081 4176 eius·
2128 4105 2134 4120 '

1337 4206 1407 4267 dem
1429 4204 1460 4267 S.
1479 4205 1513 4266 R.
1534 4205 1568 4266 E.
1593 4206 1772 4284 presbytero
1785 4206 1939 4268 Cardinali
1962 4207 2080 4283 Ganga·

1336 4299 1411 4360 nelli
1435 4306 1627 4377 nuncupato,
1655 4297 1874 4360 examinandas
1896 4317 1928 4362 ac
1950 4315 2080 4378 perpen-

1336 4393 1449 4459 dendas
1461 4393 1733 4470 commendarunt,
1746 4411 1779 4455 ao
1791 4393 1973 4456 relationem
1987 4394 2081 4473 ipsius

1336 4489 1492 4555 Laurentii
1529 4488 1698 4554 cardinalis
1734 4490 1835 4553 eidem
1869 4491 2080 4558 cardinalium

1336 4589 1577 4666 Congregationi
1604 4588 1713 4651 factam
1742 4589 1954 4660 attenderunt,
1982 4590 2081 4652 consi·

1336 4682 1389 4757 lio,
1412 4683 1601 4760 supradictas
1628 4683 1873 4745 constitutiones
1898 4683 2080 4746 auctoritate

1335 4776 1508 4854 apostolica,
1521 4783 1630 4839 tenore
1641 4777 1863 4854 praesentium,
1877 4779 2080 4856 approbamus

1336 4878 1367 4932 et
1389 4871 1629 4946 confirmamus,
1652 4870 1776 4949 illisque
1800 4871 1986 4934 inviolabilis
2011 4889 2079 4951 apo·

1336 4964 1458 5026 stolicae
1481 4965 1636 5026 firmitatis
1658 4965 1754 5027 robur
1775 4965 1945 5040 adiicimus,
1958 4980 2079 5027 omnes·

1336 5073 1396 5135 que
1411 5066 1442 5119 et
1456 5057 1596 5134 singulos
1609 5057 1684 5120 iuris
1698 5066 1728 5120 et
1743 5058 1813 5120 iacti
1825 5058 1973 5132 delectus,
1986 5058 2080 5120 etiam

1335 5150 1562 5225 substantiales,
1576 5151 1601 5211 si
1617 5152 1669 5230 qui
1685 5153 1816 5230 desuper
1837 5152 2078 5225 intervenerint,

1335 5243 1515 5323 supplemus
1537 5253 1567 5305 et
1588 5260 1748 5320 sanamus,
1771 5245 1853 5306 salva
1876 5253 1978 5307 tamen
2000 5260 2079 5306 scm·

1336 5354 1389 5415 per
1415 5339 1447 5398 in
1475 5337 1649 5416 praemissis
1678 5338 1861 5400 auctoritate
1891 5347 2080 5399 memoratae

1337 5430 1594 5507 congregationis
1616 5429 1837 5493 cardinalium.

1375 5525 1442 5599 §lt
1468 5526 1686 5599 Decernentes,
1710 5525 1830 5586 easdem
1854 5533 2029 5603 praesentes
2044 5525 2079 5586 li·
2099 5522 2309 5624 „s,'},³¹¹⁵,¹¹¹3,{¹,3,}¹j

1338 5627 1416 5679 teras
1444 5633 1568 5695 semper
1597 5619 1717 5692 firmas,
1747 5617 1860 5678 validas
1888 5623 1918 5679 et
1944 5590 2281 5680 extorquentibus.

1336 5709 1469 5772 existere
1490 5717 1520 5772 et
1549 5710 1625 5786 lore,
1647 5725 1779 5788 suosque
1807 5710 1960 5788 plenarios
1981 5719 2012 5774 et
2034 5711 2080 5774 in·

1336 5810 1438 5880 tegros
1461 5803 1587 5865 ellectus
1607 5802 1711 5864 sortiri
1733 5812 1764 5864 et
1786 5803 1938 5880 obtinere,
1951 5821 1984 5865 ac
2005 5802 2077 5878 illis,

1335 5897 1370 5958 ad
1392 5913 1467 5976 quos
1482 5904 1596 5975 spectat
1607 5903 1638 5958 et
1650 5911 1703 5974 pro
1717 5906 1855 5975 tempore
1869 5897 2079 5974 quandocum-
