1421 1946
261 231 288 246 Διι,
295 233 310 246 c.
321 232 356 245 1⁷90

261 1091 366 1116 „strow-

380 232 410 247 :too

370 266 403 281 licis
416 266 522 286 superioribus
532 268 548 282 et
558 266 627 286 personis
639 266 669 282 sub
680 266 744 286 quibus-

370 293 438 309 cumque
452 290 531 305 tenoribus
542 292 557 305 et
567 290 626 309 formis,
637 294 654 305 ac
664 294 700 305 cum
710 289 744 309 qui-

371 312 424 328 busvis
435 313 482 329 etiam
494 313 625 333 derogatoriarum
637 313 743 332 derogaturus,

371 336 435 356 aliisque
440 336 556 355 efficacioribus.
562 336 675 355 efficacissimis,
681 341 698 352 ac
704 336 744 352 inso-

371 359 403 375 litis
410 359 487 378 clausulis,
495 360 622 380 irritantibusque
629 362 644 376 et
651 359 685 375 aliis
693 360 744 375 decre-

372 383 391 398 tis
401 383 417 398 in
429 387 487 402 genere
497 383 521 399 vei
532 383 548 399 in
557 383 613 403 specie,
621 387 638 399 ac
645 383 678 399 aliis
684 383 701 399 in
708 386 744 399 con«

371 406 436 422 trarium
450 407 570 426 praemissorum
583 407 698 426 quomodolibet
709 410 745 422 con-

371 430 422 448 cessis,
429 430 515 450 approbatis
522 433 536 446 et
546 431 627 446 innovatis,
633 431 691 449 Quibus
696 430 745 446 omni-

372 453 400 469 bus
411 455 426 469 et
436 453 502 472 singulis
515 453 577 469 illorum
589 456 650 470 tenores
661 454 745 473 praesenti-

372 476 400 492 bus
411 480 438 496 pro
450 477 495 496 plene
506 479 521 492 et
531 477 625 493 sufficienter
635 477 717 496 expressis,
728 481 745 492 ac

372 500 391 515 de
398 500 445 515 verbo
453 501 470 516 ad
478 500 544 516 verbum
552 500 614 516 insertis
625 501 703 519 hibentes.
715 500 745 516 illis

372 524 408 539 alias
419 523 435 539 in
445 528 474 539 suo
485 524 540 539 robore
551 524 662 543 permansuris,
673 524 692 539 ad
702 527 745 543 prae-

373 547 455 562 missorum
463 547 540 566 eflectum,
548 547 575 563 hac
580 547 613 563 vice
620 547 706 566 dumtaxat,
712 551 746 567 spe-

372 570 432 586 cialiter
442 573 457 586 et
468 575 539 590 expresse
551 571 648 590 derogamus.
660 571 746 590 ceterisque

372 594 454 609 contrariis
463 594 592 614 quibuscumque.

393 617 449 633 Datum
459 617 516 633 nomae
526 618 566 637 apud
577 617 593 633 S.
602 617 665 633 nariam
673 617 746 633 Maiorem

373 641 401 656 sub
412 641 470 656 annulo
479 641 558 661 piscatoris
565 641 589 656 die
597 645 612 656 x.
620 643 659 661 sept.
669 645 745 660 nnccxc..

373 664 471 684 pontificatus
482 664 531 680 nostri
541 668 582 680 anno
593 668 626 680 xvr.

543 760 575 776 XC.

375 807 505 824 Imm-*nationem
520 807 606 831 senorum,
617 807 666 823 iuxta
676 807 746 825 mudum,

394 830 412 846 in
419 830 485 846 civitate
492 832 507 846 ee
515 830 581 846 dioecesi
589 830 674 846 Bactrum·
682 831 700 846 in
708 831 747 847 Bra-

394 854 433 869 uua
443 854 520 869 concedit.

385 900 471 917 Venerabili
478 900 522 917 tratri
530 900 649 921 Amniepisoopo
656 900 737 918 flaviniensi

515 924 529 941 in
539 923 609 943 Bmiiin.
685 930 687 932 ·

504 970 548 988 etus
559 970 589 988 ΡΡ.
600 970 622 988 vi.

484 1018 578 1036 Venerabilis
588 1019 642 1039 mter,

393 1043 457 1060 salutem
469 1044 484 1060 st
494 1042 593 1064 apostolicam
607 1042 731 1060 benedictionum⁴

396 1091 406 1110 ἓ
418 1091 431 1106 l.
443 1091 488 1109 Cum,
500 1091 539 1106 sicut
552 1090 627 1110 quaedam
641 1092 683 1108 sunt.
698 1092 715 1105 nt
726 1089 749 1105 in-

376 1114 410 1134 quit
422 1114 437 1130 S.
449 1114 481 1130 Leo
495 1114 564 1133 Magnus,
576 1118 616 1133 quae
631 1113 674 1129 nulia
685 1116 750 1133 possunt

377 1138 438 1153 ratione
448 1137 520 1156 convelli,
532 1138 553 1153 ita
563 1137 612 1153 multa
624 1137 662 1155 sint,
673 1141 713 1156 quae
723 1139 750 1152 aut

377 1165 405 1181 pro
419 1161 542 1177 consideratione
556 1163 630 1179 aetatum,
645 1162 671 1176 aut
685 1164 713 1180 pro
724 1164 750 1176 ne-

377 1185 447 1201 cessitate
463 1188 516 1200 rerunt
532 1186 601 1204 oporteat
618 1184 708 1203 temperari,
725 1183 750 1199 illa

377 1212 439 1228 semper
449 1208 537 1224 conditione
550 1209 615 1226 servata,
624 1209 641 1223 ut
652 1207 668 1222 in
679 1207 703 1226 iis,
711 1211 750 1226 quae

377 1232 402 1247 vel
413 1231 459 1247 dubia
472 1231 531 1247 luerint
541 1233 568 1247 aut
581 1231 651 1249 obscura.
663 1231 677 1246 id
689 1230 751 1246 noveri-

378 1259 413 1271 mus
420 1255 523 1275 sequendum,
530 1255 570 1275 quod
578 1258 607 1270 nec
612 1254 697 1274 praeceptis
704 1257 751 1269 evan-

378 1279 431 1298 gelicis
446 1278 548 1297 contrarium,
562 1282 591 1293 nec
606 1278 672 1293 decretis
686 1277 713 1294 SS.
725 1277 751 1292 Pa-

378 1304 420 1318 lrum
429 1302 517 1318 inveniatur
525 1302 614 1317 adversum:
623 1306 640 1317 ea
647 1303 711 1321 propter
716 1305 751 1321 apo-

377 1326 430 1342 stolica
441 1326 478 1341 baec
489 1325 544 1342 Sancta
554 1325 601 1341 Sedes
609 1329 637 1345 pro
644 1327 707 1345 paterna
715 1328 751 1344 erga

378 1353 460 1365 universos
474 1349 584 1365 Christilltleles
598 1348 699 1368 benignitate,
711 1348 751 1367 quod

378 1373 458 1392 integrum
473 1372 502 1388 sibi
518 1372 553 1391 ruit,
566 1372 648 1388 consuevit
663 1375 752 1391 supremam

378 1397 394 1412 in
405 1396 424 1412 iis
432 1400 476 1412 suam
483 1396 591 1414 auctoritatem
599 1396 705 1415 interponere,
713 1398 752 1414 quae

378 1420 477 1440 caeteroquin
488 1419 506 1435 ad
517 1419 567 1434 maius
577 1419 627 1434 divini
640 1418 691 1434 cultus
702 1418 753 1433 incre—

378 1445 451 1459 mentum
462 1443 560 1463 praestripta,
571 1444 598 1458 aut
608 1446 635 1461 per
643 1442 752 1461 frigescentem

379 1467 394 1483 in
411 1467 524 1482 nonnullorum
540 1465 612 1482 cordibus
626 1465 723 1483 charitatem,
734 1464 752 1480 ad

378 1491 429 1506 otium
439 1490 549 1510 luxuriamque
563 1491 685 1508 convertuntur,
696 1491 723 1504 aut
733 1488 753 1504 ob

379 1518 433 1530 rerum
444 1513 461 1529 ad
473 1514 521 1529 vitam
537 1514 647 1529 traducendam
662 1513 754 1528 necessaria-

379 1541 415 1553 rum
423 1537 496 1557 inopiam,
505 1541 536 1553 non
543 1537 578 1552 sine
585 1537 687 1552 conscientiae
694 1539 753 1555 angore

379 1563 509 1577 contemnuntur.
520 1561 595 1580 Quoniam
606 1562 664 1578 autem,
675 1560 715 1575 sicut
726 1563 753 1579 pro

380 1587 422 1605 parte
433 1586 459 1600 tua
470 1584 514 1600 nobis
524 1584 612 1604 expositum
622 1583 658 1602 ruit,
666 1583 717 1599 eidem
724 1583 754 1598 rra-

632 236 664 248 tun.
677 236 722 247 rowr.
735 236 755 247 ne
766 236 780 247 ιν.
792 236 806 248 ι’.
819 237 859 248 rans
871 237 881 248 t.

772 266 840 282 iernitati
852 269 886 282 tuae
898 267 973 285 innotuit,
985 267 1000 282 in
1012 267 1042 282 tuis
1056 266 1119 282 civitate
1128 268 1144 282 et

771 289 836 305 dioecesi
851 290 931 306 Bacbiensi
942 290 979 305 adeo
993 292 1097 306 excreverunt
1107 290 1146 305 cala-

772 313 834 329 mitates
844 315 860 329 et
870 313 951 333 angustiae
962 315 1025 333 propter
1039 313 1144 333 praesentium

773 339 860 356 temporum
874 337 964 355 infortunia,
976 339 993 352 ut
1004 337 1056 352 miseri
1067 336 1109 352 illius
1120 337 1145 352 ba-

773 359 844 375 bitatores
856 360 951 380 incolaequs,
962 362 978 376 et
989 360 1079 380 praesertim
1091 360 1107 378 ii,
1119 360 1145 379 qui

773 383 788 398 in
796 383 852 399 sudore
859 383 913 399 vultus
919 384 943 399 sui
951 387 1006 404 panem
1014 383 1103 402 comedunt,
1111 387 1146 403 per-

772 406 860 426 saepissime
874 409 951 426 cogantur
966 407 1044 427 (quamvis
1058 407 1109 422 animo
1123 407 1146 422 in-

772 430 811 450 vito)
818 430 851 446 dies
858 430 904 446 iestos
912 430 997 450 negligere.
1004 431 1107 450 operibusque
1115 434 1146 446 me-

773 453 840 469 chanicis
850 458 867 469 se
877 454 947 470 addicere
958 458 985 474 pro
996 458 1035 473 pane
1043 453 1122 472 lucrando.
1130 456 1146 469 et

773 477 807 492 ideo
812 477 872 493 facilius
878 477 954 497 contingit
959 479 1022 497 proptor
1029 479 1110 493 excretum
1116 477 1146 493 die-

774 504 809 516 runt
819 500 895 516 festorum
905 505 997 516 numerum:
1007 505 1023 516 ao
1031 502 1111 520 propterea
1119 504 1146 516 no-

774 523 796 539 bis
807 524 888 540 humiliter
898 524 1000 544 supplicatum
1011 524 1047 543 fuit,
1056 526 1072 540 ut
1080 524 1097 540 in
1104 528 1146 544 prae=

774 547 823 562 missis
839 550 927 567 opportune
943 548 1029 567 providere,
1044 552 1061 563 ac
1077 550 1094 563 ut
1107 547 1147 563 inira

774 570 856 590 indulgere
866 571 885 587 de
895 571 992 590 benignitate
1001 571 1083 590 apostolica
1094 571 1147 590 digna—

774 598 832 610 remur.

794 619 804 638 §
814 619 829 634 2
846 618 876 634 Nos
891 619 949 638 itaque.
965 619 992 638 qui
1008 618 1146 637 Chrisiifioelibus,

774 644 850 662 quantum
861 646 897 658 cum
908 642 975 658 Domino
985 645 1073 661 possumus,
1080 641 1148 657 salutare

775 666 861 681 remedium
867 666 918 685 potius
925 666 943 681 ad
948 668 1028 682 aeternam
1034 666 1100 681 salutem
1107 669 1148 681 com—

775 689 857 709 parandam
867 691 883 705 et
894 690 978 705 numanam
986 690 1035 705 vitam
1042 690 1106 705 honeste
1113 689 1149 705 sub-

774 713 862 729 stinendam
873 713 951 732 adbibere,
959 717 1006 733 quarn
1017 717 1044 733 per
1051 713 1147 729 severiorem

775 736 884 752 ecclesiasticae
895 736 984 756 disciplinae
995 736 1063 756 rigorem
1071 736 1088 751 ad
1096 736 1148 755 despe-

775 760 851 775 rationem
863 760 916 780 inopes
926 760 1002 776 adducere
1013 760 1090 779 cupimus,
1101 760 1149 775 dictos

776 783 832 799 incolas
842 783 932 803 specialibus
943 784 996 803 gratiis
1003 785 1019 799 et
1028 783 1106 799 (avaribus
1114 787 1148 803 pro-

775 807 819 826 sequi
829 807 904 826 volentes,
916 809 931 823 et
941 811 996 823 eorum
1003 806 1090 826 singulares
1097 810 1149 826 perso-

776 835 803 846 nas
813 835 821 846 a
831 831 912 851 quibusvis
924 830 1088 847 excommunicationis
1099 832 1114 845 et
1125 830 1148 845 in<

775 854 843 873 terdicti.
851 854 915 874 aliisque
922 854 1028 870 ecclesiasticis
1033 854 1108 872 censuris.
1114 858 1149 870 sen-

776 878 829 894 tentiis
838 880 854 893 et
864 878 917 897 poenis
927 878 983 897 quovis
994 878 1039 893 modo
1050 879 1066 893 ei
1076 881 1149 897 quacum-

776 905 806 921 que
812 902 830 917 de
836 905 880 917 cause
888 901 927 920 latis,
935 901 948 916 si
955 905 993 920 quas
1001 900 1041 916 [οι-ιε
1049 901 1149 920 incurrerint,

776 925 822 941 liuius
833 926 894 940 tantum
905 924 927 940 rei
938 924 987 943 gratia
997 924 1094 940 absolventes
1102 926 1117 939 et
1125 924 1150 940 ab·

776 949 834 964 solutos
845 948 878 964 [ore
886 950 972 967 censentes,
979 948 1068 963 huiusmodi
1075 947 1150 967 supplica-

777 972 845 988 tionibus
850 972 926 991 iuclinati,
932 971 1026 987 fraternitati
1033 973 1068 987 tune
1073 975 1101 991 per
1108 975 1150 991 prae-

777 997 828 1011 sentes
835 995 948 1011 committimus
955 997 970 1010 et
978 994 1074 1013 mandamus,
1080 996 1102 1013 ut,
1109 995 1150 1010 veris

777 1019 880 1034 existentibus
895 1018 966 1037 narratis.
982 1018 1055 1034 omnibus
1069 1018 1150 1038 utriusque

777 1046 823 1058 sexus
834 1042 963 1058 Christilidelibus
973 1042 989 1057 in
1001 1042 1081 1061 praedictis
1092 1043 1118 1057 tua
1129 1042 1151 1057 ci-

778 1066 826 1081 vitate
833 1067 848 1081 et
856 1065 921 1081 dioecesi
928 1065 1009 1081 Bachiensi
1016 1065 1125 1084 existentibus,
1133 1066 1151 1081 ut

778 1090 855 1109 deinceps.
866 1089 935 1108 exceptis
948 1088 1021 1104 omnibus
1035 1088 1089 1104 diebus
1103 1088 1150 1104 domi-

778 1113 822 1132 nicis,
834 1117 863 1129 nec
873 1117 905 1128 nun
916 1112 973 1128 Natalis
984 1112 1046 1127 Domini
1057 1111 1109 1128 Nostri
1117 1112 1150 1127 lesu

779 1137 842 1155 Christi,
853 1139 868 1152 et
878 1136 950 1156 sequenti
962 1135 1014 1151 Sancti
1027 1135 1107 1155 Stephani,
1118 1135 1151 1151 Cir-

778 1160 882 1179 cumcisiouis‚
894 1159 994 1180 Epiphaniae,
1008 1159 1084 1175 Pascbatis
1095 1159 1152 1174 Resur-

778 1184 852 1200 rectionis
867 1185 883 1199 et
897 1183 975 1203 seqnenti.
992 1182 1090 1198 Pentecostes
1103 1185 1119 1198 et
1128 1186 1151 1198 se-

778 1207 839 1228 quenti.
850 1211 867 1222 ac
878 1207 950 1226 Corporis
960 1206 1017 1222 Christi
1025 1208 1040 1221 et
1048 1206 1151 1224 Ascensionis.

779 1231 867 1247 Nativitatis
877 1230 893 1246 S.
905 1230 966 1246 loannis
977 1229 1059 1249 Baptistae,
1067 1233 1083 1245 ac
1091 1229 1118 1245 SS.
1125 1229 1152 1244 Pe-

780 1255 799 1270 tri
812 1256 828 1270 et
840 1254 890 1272 Pauli.
902 1258 919 1269 ac
932 1253 980 1269 lambi
993 1252 1111 1273 Apostolorum,
1124 1257 1153 1268 nee

779 1282 811 1294 non
819 1277 971 1293 commemorationis
977 1276 1048 1292 omnium
1054 1276 1152 1295 Sanctorum,

780 1303 858 1321 praeterea
874 1300 944 1320 quinque
959 1300 1012 1323 dipatis
1027 1300 1083 1315 Beatae
1098 1299 1153 1315 Mariae

780 1324 841 1344 Virgini
850 1324 964 1342 immaculatae,
969 1323 1028 1339 scilicet
1033 1323 1152 1341 Puriflcationis.

780 1347 914 1366 Annuntfflionis,
930 1346 1051 1366 Assumptionis.
1066 1346 1154 1362 Nativitatis

780 1373 796 1387 et
807 1371 922 1390 conceptionis,
938 1374 966 1385 nec
980 1373 1011 1385 non
1027 1370 1042 1386 S.
1054 1370 1117 1385 Patroni
1127 1372 1154 1385 aut

781 1395 847 1411 tilularis
854 1394 937 1410 cuiuslibet
945 1393 979 1412 loci,
986 1397 1014 1413 pro
1019 1393 1109 1408 bominibus
1115 1393 1154 1408 eius-

780 1418 816 1434 dem
827 1417 856 1433 loci
868 1418 953 1435 dumtaxat,
962 1416 1022 1432 [estivis
1028 1416 1088 1435 diebus,
1097 1416 1112 1431 in
1121 1416 1154 1436 qui-

781 1442 809 1458 bus
820 1442 880 1460 integra
891 1442 952 1456 maneat
963 1440 1039 1459 praecepti
1050 1439 1129 1459 obligatio,
1138 1440 1154 1455 in

781 1465 845 1485 reliquis
856 1468 893 1480 vero
904 1464 952 1482 iestis,
960 1463 994 1479 sive
1001 1467 1030 1483 per
1037 1463 1076 1478 banc
1083 1462 1155 1479 Sanctam

781 1488 837 1504 Sedem
849 1487 939 1507 praeceptis,
947 1487 980 1503 sive
991 1490 1019 1506 per
1028 1486 1109 1506 synodales
1116 1486 1156 1501 eius—

781 1513 817 1528 dem
828 1511 901 1528 dioecesis
911 1511 1035 1529 constitutiones,
1043 1510 1076 1525 sive
1083 1513 1156 1529 quacum-

781 1540 812 1556 que
822 1535 851 1551 alia
863 1535 881 1550 de
892 1539 942 1553 causa.
954 1534 1002 1550 etiam
1010 1537 1030 1549 ex
1037 1537 1081 1549 causa
1089 1533 1121 1548 voti
1129 1536 1156 1552 per

782 1559 848 1575 maiores
858 1562 894 1574 suos
908 1558 949 1576 iacti.
960 1557 1001 1577 quod
1012 1557 1062 1577 quoad
1073 1557 1112 1572 banc
1123 1560 1157 1576 par-

783 1585 814 1598 tem
824 1582 873 1598 etiam
880 1581 972 1598 auctoritate
980 1582 1032 1596 nostra
1039 1580 1121 1600 apostolica
1128 1583 1156 1599 per

1160 232 1188 246 Διι.
1195 233 1214 246 C.
1228 231 1270 244 17⁹0

1157 624 1214 648 aas*
1222 624 1275 634 ⁰⁰³0*
