4754 6966
350 532 403 588 Aa.
418 534 448 588 0.
470 528 538 587 ario
591 527 646 597 164

568 651 703 745 manue,
733 663 812 748 qaod
846 662 1089 728 fraternitatibus
1118 658 1229 720 vestris
1261 671 1313 716 ve·

567 774 710 845 straeque
741 763 895 825 custodiae
921 758 1097 822 concredito
1120 754 1206 832 gregi
1227 769 1313 831 pera-

567 871 690 926 manter
712 856 922 936 impertimur.

607 960 718 1021 llatum
742 955 874 1024 Romae,
901 945 979 1026 apud
1006 945 1036 1009 S.
1066 943 1191 1006 Mariam
1222 943 1313 1006 Maio-

567 1071 645 1129 rem,
667 1052 725 1114 suh
750 1045 866 1112 annulo
888 1042 1059 1116 Piscatoris,
1076 1041 1125 1102 die
1149 1057 1191 1100 vr.
1209 1037 1313 1116 aprilis

566 1163 728 1214 unccuxx.
752 1141 947 1224 pontificatus
969 1136 1068 1197 nostri
1090 1149 1171 1196 anno
1197 1149 1231 1193 ιι.

814 1297 1065 1314 ...-.-----—--···

898 1427 976 1490 vlit.
1000 1513 1005 1525 ι

566 1624 651 1688 Drios
672 1621 859 1690 sacerdotes,
877 1632 951 1696 qnos
974 1630 988 1672 e
1006 1589 1143 1687 Coltepio
1165 1603 1312 1682 Neapoli-

605 1724 681 1780 tano
710 1716 741 1778 S.
766 1711 926 1776 Familiae
956 1703 1113 1772 Manitant
1141 1699 1248 1760 mittit
1270 1696 1312 1758 ad

603 1808 843 1874 instituendum
854 1803 900 1868 iti
911 1813 1028 1863 nonant
1043 1792 1226 1858 Sinensinrn
1243 1790 1311 1854 Col-

604 1905 722 1984 lepinm
744 1919 763 1962 a
778 1919 803 1960 s.
818 1892 1068 1976 congregatione
1078 1887 1309 1966 accepitatnm,

603 1980 1311 2072 archiepiscopoManilaecornntendnt,enrn-

604 2108 662 2168 prae
683 2090 808 2151 encitai
835 2090 873 2147 nt
894 2089 923 2143 et
946 2095 1031 2158 opem
1056 2091 1154 2139 nonae
1175 2074 1310 2135 institn-

608 2184 691 2258 tinni
713 2185 800 2262 [erat
815 2183 843 2239 et
857 2175 956 2238 simut
971 2177 1062 2234 caret
1078 2175 1115 2231 nt
1132 2169 1162 2232 S.
1177 2167 1310 2246 Congre-

603 2276 729 2358 pntioni
749 2271 909 2334 reddatur
931 2268 1041 2345 ingens
1056 2261 1210 2340 paeoniae
1224 2274 1309 2320 snm-

601 2387 654 2434 rno
669 2369 721 2431 itii
737 2384 756 2428 a
774 2364 870 2428 Carti.
882 2363 917 2424 de
934 2359 1082 2421 Tonrnon
1100 2355 1174 2416 olim
1190 2353 1306 2433 lapara,

603 2466 639 2528 in
669 2462 772 2524 eodem
806 2455 943 2534 callepio
980 2447 1177 2512 instituendo
1212 2445 1310 2508 adhi-

603 2555 703 2621 henda
725 2553 780 2636 (l).

603 2738 774 2808 Venerabili
795 2735 885 2804 iratri
901 2727 1015 2799 Basilio
1031 2726 1268 2810 drohiepisoopo

614 2849 615 2854 ’
674 2831 802 2901 naariae
827 2831 854 2897 in
877 2825 984 2895 insulis
1009 2821 1193 2906 Philippinie,

733 3015 919 3088 cheneris
942 3011 1042 3081 ΡΑΡΑ
1064 3009 1136 3077 tllv.

772 3205 961 3276 Venerabilis
984 3204 1091 3281 irater,

592 3309 721 3376 salutent
743 3310 775 3373 et
797 3301 993 3388 apostolicam
1016 3275 1268 3364 benedictionem.

598 3496 769 3560 Proiecturi
792 3491 893 3555 isthuc
915 3486 1090 3570 propediem
1107 3491 1180 3548 sunt
1201 3483 1303 3546 dilecti

560 3591 613 3654 iulii
635 3591 774 3652 sacerdos
795 3580 1114 3649 NicolausSimonetti
1137 3596 1176 3642 ιιι
1197 3594 1305 3654 aggre-

558 3685 636 3762 gatis
654 3679 855 3760 Neapolitani
887 3675 1069 3740 sinensium
1099 3671 1246 3749 collegii,
1273 3679 1304 3734 et

557 3777 700 3839 Nicolaus
722 3772 844 3836 Pimoni
864 3770 1003 3833 eiusdem
1019 3766 1141 3844 collegii
1158 3766 1304 3828 alumnus

558 3886 659 3948 nuper
685 3869 720 3930 ad
748 3865 909 3930 sacerdotii
942 3862 1084 3924 ordinem
1111 3868 1301 3938 assumptus3

556 3978 691 4043 quorum
705 3975 797 4040 opera
813 3958 858 4021 uti
874 3956 943 4019 vult
957 3961 1061 4017 nostra
1077 3954 1151 4015 haec
1164 3949 1302 4029 Congre-

557 4056 639 4133 gatio
661 4057 699 4118 de
719 4051 915 4132 Propagandi
941 4049 1015 4112 Pide
1036 4048 1068 4108 in
1090 4063 1127 4108 eo
1153 4046 1301 4123 Collegio,

555 4151 643 4212 cuius
664 4150 772 4211 eadem
793 4161 849 4224 pro
877 4143 999 4208 sinensi
1022 4141 1186 4203 inventute
1211 4140 1302 4201 isthic

555 4237 764 4304 constituendi
778 4235 941 4300 consilium
964 4232 1080 4294 iamdiu
1098 4231 1246 4310 suscepit3
1269 4246 1301 4291 ac

555 4352 640 4398 nunc
651 4341 862 4413 opportunum
877 4326 1012 4390 maxime
1026 4327 1062 4388 ad
1077 4324 1300 4403 perficiendum

555 4443 621 4490 esso
643 4434 766 4503 tempus
780 4421 947 4486 existimat.
971 4419 1148 4481 Plurimum
1163 4433 1219 4479 nos
1234 4417 1301 4496 qui·

554 4523 626 4585 dem
646 4518 749 4598 cupidi
764 4515 903 4579 eiusdem
916 4529 1037 4588 sumus,
1053 4526 1155 4589 nepae
1169 4510 1301 4573 dubium

554 4614 643 4677 nohis
669 4619 727 4686 est,
750 4611 826 4689 quin
858 4605 1007 4669 carissimi
1031 4605 1063 4665 iu
1092 4603 1214 4666 Christo
1243 4603 1298 4665 hlii

553 4697 652 4770 nostri
674 4703 776 4770 Caroli
806 4699 1023 4781 Hispaniarum
1043 4695 1125 4773 regis
1152 4696 1300 4760 Catholici

552 4817 608 4880 pro
629 4795 753 4876 egregii
773 4795 841 4857 eius
855 4793 969 4872 pietate
990 4807 1022 4853 ac
1039 4790 1192 4866 religione
1212 4789 1299 4852 lucu-

451 4955 453 4959 .
553 4893 744 4968 lentissimus
766 4897 884 4951 tantam
902 4895 1027 4964 tamque
1049 4883 1237 4963 praeclaram
1253 4885 1297 4947 iu-

552 4987 749 5050 stitutionem
771 4981 898 5045 iuvandi
913 4997 946 5042 ac
957 4977 1149 5057 provehendi
1170 4994 1298 5040 consen·

551 5099 603 5144 sus
619 5086 650 5142 et
664 5081 759 5142 ardor.
775 5078 906 5140 accedat.
930 5075 973 5136 Pe
985 5075 1090 5148 etiam,
1106 5088 1178 5134 ren.
1190 5071 1297 5149 irater,

554 5174 654 5237 multo
674 5175 706 5236 iu
727 5187 795 5234 eam
817 5185 885 5232 rem
905 5167 1007 5231 studio
1029 5169 1239 5246 propendere,
1263 5175 1298 5228 ut

552 5269 686 5340 relatum
708 5266 797 5328 nohis
818 5271 875 5339 est,
898 5277 1088 5340 magnopere
1114 5262 1294 5337 gaudemus.

551 5361 685 5424 Proinde
706 5377 757 5422 eos
778 5357 1046 5442 sacerdotesdum
1062 5353 1224 5432 apostolica
1246 5355 1298 5416 he-

551 5455 728 5520 nedictione
755 5453 946 5518 discedentes
977 5469 992 5512 a
1025 5452 1113 5514 nohis
1140 5451 1296 5529 prosequi-

550 5567 634 5627 mur,
658 5551 712 5611 tihi
736 5549 884 5610 maiorem
906 5547 938 5609 in
960 5545 1298 5609 modumcommeuda-

550 5659 660 5719 mus,a
677 5650 768 5722 teque
789 5639 999 5704 vehementur
1021 5638 1166 5717 petimus,
1184 5646 1217 5699 ut
1232 5652 1297 5698 eos-

550 5739 619 5800 dem
634 5746 665 5799 et
680 5735 881 5798 advenientes
896 5732 1131 5812 perhumaniter
1147 5731 1295 5809 excipias,

1092 537 1156 586 rna.
1180 531 1271 584 honr.
1294 527 1333 581 oh
1356 537 1384 580 ι.
1409 531 1439 580 a.
1464 523 1546 578 hans
1568 519 1590 578 l.

1369 659 1411 728 et,
1435 652 1518 714 illius
1539 648 1668 728 collegii
1696 655 1938 724 remanentes,
1962 649 2013 711 tui
2034 661 2113 712 sem-

1370 762 1424 825 per
1452 745 1615 824 patrocinii
1642 745 1737 823 gratia
1768 745 1828 806 lrui
1854 744 1951 820 velis3
1981 743 2060 821 quod
2082 753 2113 803 ιι

1370 839 1456 902 nohis
1478 849 1508 902 et
1536 841 1606 903 huic
1632 850 1754 903 nostrae
1786 837 2026 916 congregationi
2049 837 2114 900 lore

1369 941 1437 994 ate
1459 933 1667 1010 gratissimum
1696 934 1891 1011 profitemur.
1919 930 2114 997 Cumulatius

1369 1040 1444 1086 vero
1468 1033 1552 1088 tuam
1567 1028 1600 1090 in
1616 1044 1671 1090 nos
1692 1027 1918 1092 observantiam
1940 1027 2114 1106 comproha-

1370 1117 1463 1194 veris,
1485 1119 1522 1194 si,
1540 1129 1632 1202 prout
1652 1138 1728 1200 opus
1750 1122 1840 1184 isthic
1860 1123 1931 1195 erit,
1958 1136 2048 1200 opem
2070 1128 2115 1182 at-

1368 1227 1429 1289 que
1459 1227 1584 1291 operam
1607 1221 1692 1276 tuam
1718 1215 1855 1292 Collegio
1882 1215 1933 1277 isti
1962 1219 2114 1294 praesare

1370 1320 1492 1386 semper
1514 1313 1636 1386 paratus
1656 1309 1713 1370 sis:
1738 1324 1831 1387 quem
1847 1307 2027 1387 praesertim
2049 1309 2113 1370 ani-

1369 1413 1456 1478 mum
1479 1407 1617 1463 tuumeo
1632 1417 1719 1464 nunc
1740 1401 1875 1464 manime
1896 1401 1996 1463 ollicio
2016 1400 2114 1464 decla-

1368 1508 1438 1553 rare
1458 1495 1585 1570 poteris,
1601 1497 1624 1557 si
1640 1496 1836 1560 contenderis
1857 1496 2006 1559 industrii
2021 1501 2113 1573 atque

1368 1586 1549 1654 auctoritate
1571 1589 1634 1664 tui,
1647 1597 1682 1652 ut
1697 1592 1801 1652 eadem
1818 1590 1891 1652 haec
1906 1588 2112 1666 congregatio

1368 1676 1528 1754 ingentem
1551 1681 1635 1744 illam
1656 1685 1779 1760 exigere
1795 1683 1944 1761 pecuniae
1956 1695 2112 1742 summam

1367 1773 1490 1848 possita
1506 1774 1584 1836 clari
1606 1776 1756 1838 memoria
1772 1774 1941 1840 cardinalis
1963 1774 2112 1836 Tournon

1366 1866 1423 1928 sihi
1445 1866 1593 1946 legatam,
1619 1869 1689 1932 inde
1704 1871 1798 1932 etiam
1819 1869 1991 1948 expeditior
2013 1871 2112 1932 multo

1367 1958 1515 2024 fundandi
1530 1971 1562 2024 et
1583 1964 1767 2028 instituendi
1792 1965 2014 2043 illiusGollegii
2035 1970 2113 2031 ratio

1366 2071 1400 2116 ac
1410 2053 1536 2118 facultas
1546 2059 1713 2121 accederet.
1727 2059 1770 2120 Mo
1782 2068 1869 2136 pacto
1881 2068 1911 2122 et
1928 2062 2006 2124 hanc
2017 2063 2112 2140 ipsam

2145 503 2199 566 Aa.
2215 513 2247 566 O.
2270 515 2338 568 1770

1367 2148 1646 2225 Congregationem
1669 2153 1707 2214 de
1736 2152 1930 2231 Propagandi
1959 2156 2034 2218 Pide
2055 2157 2112 2218 mi·
2203 2225 2209 2233 ,

1366 2239 1450 2302 rihce
1466 2242 1520 2304 tihi
1535 2242 1759 2323 demereheris3
1782 2256 1813 2309 et
1835 2247 2038 2326 pontillciam,
2053 2266 2110 2328 qua

1365 2349 1438 2412 erga
1461 2343 1491 2396 te
1510 2353 1631 2412 sumus,
1646 2339 1843 2418 amplificabis
1862 2341 2109 2406 benevolentiam

1366 2437 1519 2508 nostram;
1543 2432 1574 2492 iu
1597 2432 1685 2495 cuius
1706 2433 1819 2511 pignus
1840 2435 2038 2512 apostolicam
2059 2437 2111 2500 he·
2135 2493 2140 2502 .

1366 2524 1586 2600 sedictionem,
1610 2525 1684 2601 tihi,
1701 2541 1774 2590 ven.
1801 2525 1906 2603 irater,
1930 2539 1961 2592 et
1983 2538 2053 2592 tuae
2074 2533 2110 2593 n-

1365 2617 1414 2681 dei
1445 2621 1623 2682 concredito
1651 2619 1765 2700 populo
1796 2622 2032 2699 perhumaniter
2053 2625 2110 2687 im·

1365 2712 1530 2789 pertimui.

1404 2807 1515 2870 Datum
1551 2808 1664 2870 Romae
1692 2808 1771 2886 apud
1798 2809 1828 2873 S.
1855 2811 1981 2875 Mariam
2019 2813 2109 2876 Maio·

1364 2920 1444 2980 rem,
1465 2903 1523 2964 suh
1546 2902 1664 2964 annulo
1685 2902 1846 2968 Piscatoris
1873 2907 1923 2969 die
1951 2922 2004 2969 ιιι.
2029 2910 2107 2972 iunii

1364 3016 1525 3064 unccuxx.
1549 2999 1747 3077 pontificatus
1763 3000 1860 3061 nostri
1882 3017 1965 3064 anno
1987 3020 2022 3064 ιι.

1709 3289 1761 3353 lx.

1363 3478 1538 3557 Confirmat
1560 3482 1633 3540 acin
1657 3483 1686 3540 ei
1713 3479 1910 3541 conditiones
1937 3480 2107 3544 divisionis

1399 3572 1507 3650 fectae
1518 3572 1606 3633 inter
1621 3571 1790 3636 Monachos
1806 3573 1998 3647 Maronitas,
2016 3575 2107 3653 Alap-

1399 3667 1491 3744 pinos
1513 3671 1544 3726 et
1566 3664 1734 3729 Montanos
1759 3665 1890 3728 Ordinis
1914 3666 1945 3729 S.
1971 3670 2106 3732 Antonii

1402 3757 1667 3838 congregationis
1690 3754 1890 3820 Libanensis.

1546 3926 1731 3996 GLEMEMS
1755 3928 1814 3996 ΡΡ.
1838 3929 1909 3998 ιιι.

1498 4052 1534 4120 ιι
1555 4054 1687 4123 latorem
1708 4053 1753 4121 rei
1782 4055 1963 4124 memorien.

1398 4232 1444 4293 En
1470 4231 1611 4294 iniuncto
1643 4231 1730 4294 nobis
1761 4231 1913 4294 divinitus
1945 4235 2103 4312 pastoralis

1357 4325 1450 4386 ollicii
1472 4340 1621 4398 munere,
1645 4339 1723 4402 quae
1747 4324 1781 4385 nd
1805 4325 1993 4390 dirimendas
2020 4327 2103 4390 inter

1357 4417 1517 4494 religiosos
1539 4417 1622 4479 viros
1643 4417 1822 4480 animorum
1837 4418 2055 4496 dissensiones
2072 4429 2102 4482 et

1356 4528 1412 4591 pro
1432 4526 1544 4573 eorum
1565 4509 1647 4572 leliei
1677 4509 1847 4573 directione
1867 4529 1900 4575 ac
1927 4513 2103 4592 tranquilli-

1355 4612 1418 4666 tate
1440 4604 1568 4684 provide
1596 4603 1824 4682 prodenterque
1849 4605 2015 4709 constitpta
2036 4623 2102 4669 esse
2129 4649 2132 4656 -

1356 4705 1540 4772 noscuntur,
1565 4704 1599 4757 ut
1620 4697 1709 4758 firma
1729 4711 1852 4776 semper
1873 4705 1965 4776 atque
1988 4699 2100 4762 illihata

1355 4790 1531 4868 persistant,
1554 4787 1706 4862 libenter,
1730 4804 1801 4850 cum
1824 4787 1853 4849 id
1878 4805 1894 4850 a
1915 4791 2004 4853 nohis
2025 4793 2102 4870 peti-

1356 4894 1418 4960 tur,
1439 4881 1596 4963 apostolici
1618 4881 1804 4944 muniminis
1833 4884 1930 4945 nostri
1953 4885 2100 4957 praesidio

1355 4978 1545 5039 roboramus.
1952 4959 1956 4967 ’

1393 5073 1412 5146 5
1436 5072 1464 5133 ι.
1489 5071 1609 5151 Exponi
1631 5071 1782 5150 siquidem
1798 5072 1884 5134 nohis
1901 5089 2000 5153 nuper
2022 5074 2101 5136 lece·

1355 5175 1429 5228 runt
1450 5165 1553 5228 dilecti
1569 5165 1626 5227 hlii
1644 5167 1813 5228 modernus
1835 5166 1933 5229 hbbas
1949 5167 2100 5244 generalis

1353 5267 1384 5322 et
1405 5259 1582 5323 definitores
1598 5259 1855 5336 congregationis
1877 5262 2099 5323 monachorum

1353 5354 1577 5416 Maronitarum
1589 5352 1812 5416 Libanensium
1826 5354 1855 5418 S.
1869 5355 1996 5416 Antonii
2008 5353 2098 5432 hlep-

1352 5448 1499 5526 pinorum
1520 5455 1786 5525 nuncupatorum,
1808 5446 1890 5525 quod
1911 5447 2029 5510 dudum
2052 5448 2097 5509 in-

1355 5549 1400 5604 ter
1422 5542 1501 5620 ipsos
1523 5540 1660 5619 aliosque
1681 5540 1818 5603 eiusdem
1843 5541 2098 5617 congregationis

1352 5635 1518 5698 monachos
1540 5634 1703 5697 Maronitas
1729 5632 1917 5696 Libanenses
1938 5635 2098 5698 Montanos
2137 5639 2139 5644 ’

1352 5736 1478 5810 propter
1499 5729 1635 5807 partium
1655 5729 1755 5792 studia
1777 5729 1955 5791 animorum
1983 5729 2098 5792 dissen-

590 5953 621 6014 (ιι
636 5953 778 6002 clementis
793 5956 837 6000 ΡΡ.
852 5953 915 6000 xlv,
931 5951 1011 6010 Epist.
1026 5951 1060 5998 ad
1073 5951 1157 5998 Ptine.
1174 5952 1201 5997 ιι
1214 5950 1290 6006 alios,
1305 5959 1346 5997 an.
1361 5959 1399 6006 ιι.,
1413 5960 1471 6008 pag.
1486 5951 1519 5994 35.
