4750 6980
38 175 40 206 Ι

38 221 40 248 l

38 513 40 516 ⁵
83 549 153 607 luo.
170 541 224 597 reor

85 706 144 764 uranu
154 698 236 738 soleas·
289 676 309 751 5
330 675 358 737 3.
383 675 443 739 Nos
458 675 566 754 igitur,
582 677 693 756 quibus
707 690 763 754 pro
778 675 935 754 pastoralis
950 676 993 737 ol·

38 793 39 832 3
77 764 134 802 ⁵¹⁰¹¹¹⁵·
254 771 313 833 hoii
340 769 509 831 humilitati
541 777 664 831 nostrae
685 785 723 830 ex
751 768 812 830 alto
838 769 994 830 commissi

253 862 460 926 sollicitudine
481 862 559 924 nihil
581 863 713 940 gratius,
737 862 814 924 nibil
836 862 994 941 antiquius

254 975 316 1020 esse
331 956 431 1032 debet,
443 973 536 1034 quam
553 957 584 1018 in
600 973 650 1018 eos
662 957 808 1019 beneficia
823 956 993 1029 ellunclere,

255 1052 305 1130 qui
326 1051 364 1114 de
378 1049 524 1112 catholica
546 1051 780 1126 religionesunt
795 1050 993 1122 benemeriti,

255 1147 311 1226 piis
326 1146 421 1226 ipsius
434 1144 537 1209 Caroli
552 1144 635 1219 regis
650 1143 739 1218 votis,
756 1150 908 1222 quantum
924 1158 994 1204 cum

255 1241 385 1302 ltomino
414 1255 589 1317 possumus,
611 1253 751 1300 annuere
778 1240 934 1310 volentes,
962 1253 995 1297 ac

256 1349 362 1396 omnes
384 1339 414 1394 et
434 1333 572 1410 singulas
599 1347 755 1409 personas,
778 1331 890 1409 quibus
912 1347 997 1410 prae-

255 1433 355 1488 sentes
376 1435 497 1488 nostrae
525 1425 631 1486 literae
656 1425 774 1499 lavent,
800 1441 814 1484 a
838 1423 996 1502 quibusvis

257 1519 594 1593 excommunicationis,
616 1517 826 1596 suspensionis
849 1527 879 1579 et
902 1517 996 1578 iuter·

256 1613 339 1682 dicti,
362 1613 490 1690 aliisque
517 1611 727 1674 ecclesiasticis
753 1613 903 1684 censuris,
929 1625 999 1671 sen-

259 1708 361 1768 tentiis
376 1697 409 1768 et'
421 1707 527 1784 poenis
539 1707 648 1784 quovis
660 1705 790 1768 modoet
805 1719 998 1784 quacumque

258 1803 294 1862 de
321 1819 409 1864 causa
433 1801 510 1875 latis,
535 1801 559 1862 si
589 1817 664 1880 quas
688 1801 769 1862 lorte
794 1798 996 1872 incurrerint,

257 1897 348 1960 buius
371 1903 492 1958 tantum
514 1895 559 1956 rei
580 1895 675 1971 gratia
697 1895 890 1957 absolventes
903 1901 934 1954 et
949 1893 998 1954 ab·

257 1993 370 2055 solutos
384 1991 450 2052 iore
465 1997 636 2064 censentes,
656 1989 928 2068 supplicationibus
943 1994 998 2053 hu·

260 2084 390 2148 iusmecli
410 2083 561 2156 inclinati,
584 2083 729 2145 omuibus
743 2093 774 2145 et
789 2083 920 2159 singulis
941 2085 1000 2146 lra-

260 2182 358 2244 tribus
379 2179 495 2240 ordinis
506 2178 661 2256 praedicti,
679 2177 843 2256 dequibus
858 2195 913 2256 per
933 2180 1000 2242 lite·

260 2293 306 2337 ras
332 2270 553 2335 testimoniales
580 2271 683 2333 vicarii
715 2273 922 2349 provincialis,
944 2290 999 2336 seu

259 2367 426 2448 superioris
440 2365 636 2437 missionum,
650 2366 794 2426 ordinarii
806 2366 999 2430 ecclesiastici

260 2470 289 2524 et
311 2458 506 2540 pro-patroni
528 2459 606 2535 regii
626 2459 731 2532 etiam,
753 2469 905 2537 quatenus
926 2477 1001 2541 opus

260 2557 331 2630 erit,
346 2554 426 2632 apud
440 2553 562 2629 regium
575 2552 738 2615 consilium
754 2553 910 2616 indiarum
922 2556 1002 2617 eius-

260 2651 329 2712 dem
352 2647 451 2711 Caroli
474 2647 556 2724 regis
576 2646 773 2720 exhibendas,
795 2663 827 2708 se
850 2649 881 2708 in
898 2649 1001 2724 regnis

261 2743 417 2805 indiarum
449 2740 580 2818 optimos
614 2740 809 2816 evangelicos
846 2742 1001 2802 ministros

250 2836 389 2912 gessisse
413 2841 545 2905 constet,
568 2833 592 2891 si
620 2848 675 2910 per
702 2834 863 2896 duodecim
891 2850 999 2904 annos,

262 2929 390 3004 gradum
423 2925 652 2987 ex-delrnitoris
683 2926 870 3002 provinciae,
893 2929 917 2988 si
948 2943 1003 3005 per

262 3021 415 3084 sexdecim
438 3035 546 3092 annos,
574 3020 703 3094 gradum
725 3019 846 3082 lectoris
874 3021 1001 3095 iubilati,

262 3117 285 3176 si
307 3130 363 3194 per
384 3129 480 3174 annos
505 3113 630 3187 viginti,
661 3115 791 3189 gradum
819 3115 1002 3192 ex-provin-

262 3209 344 3270 cialis
364 3222 435 3269 curn
464 3205 522 3268 loci
553 3206 774 3283 praecedentia,
797 3206 848 3268 sed
873 3209 939 3269 sine
961 3208 1004 3268 l-

264 3303 359 3364 rendo
379 3299 524 3376 sullragio
546 3299 577 3359 in
600 3299 817 3376 capitularibus
836 3303 1006 3377 congressi-

222 3407 223 3410 ’
265 3397 337 3472 bus;
361 3401 392 3455 et
412 3402 566 3472 quatenus
587 3399 743 3470 praeterea
765 3409 897 3456 munere
912 3395 1003 3456 etiam

263 3488 369 3552 vicarii
384 3486 582 3566 provincialis
596 3501 651 3563 per
669 3487 921 3566 quinquennium
936 3488 1004 3552 lun-

264 3583 302 3644 cti
326 3582 399 3654 sint,
422 3579 569 3641 eumdem
591 3579 848 3658 eri-provincialis
875 3583 1005 3657 gradum

264 3691 333 3740 cum
353 3673 500 3748 sullragio
521 3672 648 3736 terendo
670 3674 702 3734 in
725 3675 811 3736 dictis
832 3675 1006 3754 capitulari·

265 3771 319 3832 bus
331 3766 558 3845 congressibus,
567 3768 619 3829 sed
634 3766 701 3828 sine
711 3769 921 3845 praecedentia
937 3770 1005 3844 loci,

265 3877 342 3941 quae
375 3859 679 3937 exprovincialibus,
708 3877 785 3938 quos
806 3863 843 3922 cle
868 3861 936 3923 iure
958 3878 1008 3940 ap·

266 3955 391 4035 pellant,
422 3953 513 4015 etiam
541 3952 716 4015 iunioribus
741 3962 909 4029 remaneat,
937 3971 1008 4016 cum

267 4049 410 4112 omnibus
424 4053 454 4108 et
468 4046 598 4123 siugulis
613 4046 739 4124 reliquis
761 4049 941 4125 respectivis
955 4050 1008 4110 bo-

267 4143 404 4216 noribus,
420 4139 602 4219 privilegiis,
620 4141 751 4215 iuribus,
768 4143 883 4218 gratiis,
905 4159 1009 4207 exem·

267 4235 423 4316 ptionibus
444 4239 475 4295 et
497 4232 636 4306 indultis,
660 4251 737 4312 quae
760 4235 904 4311 gradibus
926 4253 1011 4316 prae·

268 4331 354 4393 dictis
376 4329 459 4389 iuxta
482 4325 577 4403 ipsius
598 4325 715 4388 ordinis
736 4335 847 4391 statuta
869 4337 900 4391 et
921 4332 1009 4392 stabi-

268 4424 405 4495 limenta,
422 4419 472 4481 vel
493 4420 531 4481 de
554 4420 631 4492 iuro,
655 4437 713 4483 usu
734 4427 764 4483 et
785 4425 1009 4487 consuetudine

268 4515 437 4594 respective
458 4529 576 4576 annexa
598 4521 682 4592 sunt,
698 4514 730 4576 iu
753 4516 897 4580 omnibus
913 4523 942 4580 et
951 4519 1011 4595 'per

268 4610 383 4682 omnia,
399 4606 527 4687 perinde
541 4624 574 4668 ac
594 4608 619 4667 si
638 4607 763 4669 eosdem
778 4611 888 4684 gradus
902 4627 1010 4673 revera

268 4722 300 4767 ac
315 4705 352 4768 de
366 4703 481 4765 iustitia
497 4703 716 4776 obtinuissent,
732 4703 895 4780 apostolica
911 4712 1010 4768 aucto-

268 4800 374 4871 ritate,
407 4796 483 4873 quin
511 4794 606 4857 ullam
636 4796 768 4858 babeant
798 4799 1009 4860 necessitatem

268 4893 429 4954 literarum
450 4888 650 4968 parentalium
672 4891 838 4967 superioris
861 4892 1012 4970 generalis

269 4985 396 5058 ordinis,
412 4985 465 5046 sed
480 4983 588 5058 vigore
609 4983 767 5046 dumtaxat
788 4987 1009 5066 praesentium,

268 5077 466 5142 concedimus
487 5083 517 5137 et
538 5074 747 5152 indulgemus,

116 5185 251 5248 araunium
308 5174 327 5248 ἓ
348 5172 379 5232 q,
396 5169 574 5232 illaudantes
589 5177 750 5247 propterea
766 5171 797 5231 in
814 5173 929 5234 virtute
943 5190 1010 5235 san-

88 5235 239 5284 de⁰¹¹⁶⁶'⁰⁰⁶⁰'
269 5274 334 5330 ctae
356 5263 559 5335 obedientiae,
582 5279 614 5324 ac
635 5265 692 5326 sub
716 5265 935 5341 indignationis
957 5284 1012 5330 no-

269 5369 367 5434 strae,
397 5358 526 5436 aliisque
547 5356 656 5419 abitrio
684 5367 788 5420 nostro
815 5360 1011 5438 imponendis

270 5453 389 5533 poenis,
407 5450 550 5512 omnibus
564 5457 596 5511 et
609 5451 741 5526 singulis
755 5453 965 5529 superioribus
979 5473 1011 5517 ac

271 5545 417 5610 iratribus
440 5561 474 5607 ac
501 5544 651 5623 personis,
678 5545 865 5624 caeterisque
888 5547 1011 5626 quibus-

271 5655 416 5718 cumque,
427 5637 462 5698 ad
474 5655 551 5716 quos
565 5637 794 5717 quomodolibet
808 5647 923 5718 spectat
934 5649 965 5703 et
979 5642 1012 5704 in

272 5733 412 5796 luturum
436 5732 592 5810 spectabit,
615 5737 650 5793 ut
670 5731 792 5794 eosdem
820 5735 1014 5811 evangelicos

271 5826 431 5888 ministros
445 5823 601 5901 gradibus,
615 5825 783 5889 bonoribus
798 5844 830 5888 ac
845 5827 1014 5906 privilegiis

271 5921 328 5994 uti,
344 5919 418 5994 irui,
441 5926 472 5980 et
493 5917 625 5995 gaudere
646 5919 749 5980 sinant
771 5928 801 5982 et
819 5922 1012 5998 permittant.

912 553 983 602 PIUS
1004 553 1053 600 PP.
1077 556 1133 602 vlt.

1712 535 1773 606 459
1823 537 1877 596 An.
1890 540 1922 596 0.
1943 541 2009 595 1801

1085 675 1154 750 55.
1179 676 1386 740 Decernentes
1407 675 1527 741 easdem
1559 685 1734 758 praesentes
1757 679 1793 741 li·
1831 689 1951 737 clausura
1966 690 2023 737 suu-

1048 777 1124 831 teras
1150 785 1273 847 semper
1311 771 1431 846 llrmas,
1459 773 1572 835 validas
1599 780 1630 834 et
1657 773 1792 836 cffnaces
1811 745 1867 845 {⁵1¹1}
1884 746 2023 844 stiffi&

1047 865 1180 926 existere
1197 871 1227 925 et
1242 864 1319 938 lore,
1335 881 1467 944 suosque
1488 865 1641 942 plenarios
1661 874 1693 929 et
1713 867 1793 929 into·

1048 969 1118 1033 gros
1136 957 1262 1018 allectus
1276 957 1379 1020 sortiri
1395 965 1426 1019 et
1440 957 1593 1032 obtinere,
1615 975 1647 1020 ac
1669 959 1740 1034 illis,
1757 959 1792 1020 atl

1048 1066 1124 1128 quos
1137 1056 1262 1128 spectat,
1276 1056 1307 1111 et
1317 1067 1372 1129 pro
1384 1057 1523 1129 tempore
1535 1053 1794 1132 quandocumque

1048 1144 1204 1222 spectabit,
1221 1145 1253 1206 in
1269 1145 1413 1207 omnibus
1428 1151 1459 1204 et
1480 1159 1535 1221 per
1556 1145 1658 1206 omnia
1681 1146 1794 1223 plenis-

1048 1238 1125 1298 sime
1155 1237 1326 1315 sullragari,
1356 1245 1386 1300 et
1414 1238 1450 1300 ab
1478 1238 1521 1300 eis
1549 1239 1718 1314 respective
1748 1241 1795 1300 in-

1050 1330 1235 1393 violabiliter
1251 1331 1424 1408 observari3
1447 1332 1552 1410 sicque
1568 1331 1601 1393 in
1621 1333 1794 1412 praemissis

1049 1439 1104 1500 per
1127 1439 1339 1502 quoscumque
1360 1425 1475 1487 iudices
1500 1425 1671 1488 ordinarios
1692 1432 1723 1486 et
1744 1425 1794 1486 de-

1051 1516 1176 1592 legatos,
1204 1517 1297 1578 etiam
1318 1532 1479 1579 causarum
1507 1517 1609 1594 palatii
1638 1517 1795 1595 apostolici

1051 1609 1215 1683 auditores,
1238 1627 1270 1672 ac
1292 1611 1369 1674 Sil.
1382 1611 1416 1672 E.
1438 1610 1625 1686 cardinales,
1648 1611 1795 1673 etiamne

1052 1703 1146 1764 latere
1171 1703 1311 1780 Legatos,
1335 1720 1368 1764 ac
1387 1704 1514 1767 Sanctae
1536 1704 1621 1768 Sedis
1647 1703 1793 1780 Nuncios,

1052 1796 1167 1858 sublata
1191 1796 1234 1858 eis
1255 1803 1285 1858 et
1306 1812 1415 1858 eorum
1437 1797 1564 1858 cuilibet
1579 1798 1686 1876 quavis
1707 1799 1796 1861 alitor

1052 1891 1205 1954 iudicandi
1226 1898 1257 1951 et
1278 1892 1500 1970 interpretandi
1522 1891 1665 1954 facultate
1690 1899 1720 1954 et
1744 1912 1795 1955 au-

1052 1986 1205 2060 ctoritate,
1228 1985 1354 2046 iudicari
1370 1993 1400 2046 et
1415 1985 1538 2047 deliniri
1556 1986 1679 2062 debere,
1702 2005 1735 2050 ac
1757 1988 1796 2048 ir-

1053 2079 1147 2140 ritum
1170 2085 1200 2139 et
1222 2077 1325 2152 inane,
1349 2079 1373 2139 si
1398 2095 1485 2140 secus
1505 2096 1599 2158 super
1618 2082 1666 2144 bis
1686 2101 1701 2144 a
1723 2101 1798 2162 quo-

1053 2187 1145 2250 quam
1167 2171 1274 2250 quavis
1294 2171 1476 2234 auctoritate
1495 2175 1629 2237 scienter
1645 2176 1694 2238 vel
1711 2177 1797 2254 igno-

1053 2273 1158 2326 ranter
1178 2263 1343 2340 contigerit
1363 2267 1519 2328 attentari.

1093 2359 1111 2434 ἓ
1131 2357 1160 2420 6.
1184 2356 1252 2419 Nou
1276 2357 1465 2420 obstantibus
1480 2363 1752 2428 constitutionibus
1767 2377 1798 2428 et
1825 2377 2028 2440 nervosatioron·

1055 2451 1300 2515 ordinationibus
1325 2451 1497 2529 apostolicis
1508 2477 1522 2528 ,·
1551 2472 1606 2517 nec
1635 2474 1698 2520 non
1727 2459 1798 2522 dicti
1815 2433 1962 2475 crinorum.

1055 2546 1176 2610 Ordinis
1210 2546 1303 2607 etiam
1339 2535 1540 2619 iuramento,
1563 2552 1798 2615 confirmatione
1888 2597 1891 2605 -

1055 2639 1226 2718 apostolica,
1250 2639 1300 2700 vel
1321 2640 1428 2717 quavis
1444 2641 1592 2712 ¹firmitate
1606 2645 1663 2704 alia
1678 2646 1799 2707 rebora-

1056 2733 1094 2795 tis
1114 2733 1233 2794 statutis
1255 2741 1286 2794 et
1314 2735 1605 2812 consuetudinibus3
1630 2739 1799 2816 privilegiis

1057 2843 1191 2905 quoque,
1215 2826 1341 2888 indultis
1362 2835 1392 2887 et
1414 2827 1510 2890 literis
1525 2832 1696 2908 apostolicis
1710 2852 1799 2913 supe·

1057 2920 1191 2982 rioribus
1212 2927 1243 2982 et
1265 2920 1402 2998 personis
1423 2921 1479 2982 sub
1494 2924 1741 3005 quibuscumque
1757 2937 1801 2990 te-

1059 3015 1185 3076 noribus
1207 3024 1238 3076 et
1259 3014 1376 3088 lormis,
1393 3031 1425 3076 ac
1445 3033 1515 3077 cum
1532 3019 1691 3096 quibusvis
1707 3023 1799 3084 etiam

1059 3110 1323 3186 derogatoriarum
1350 3108 1560 3187 derogatoriis,
1588 3113 1716 3194 aliisque
1737 3117 1801 3179 elh-

1059 3204 1237 3278 cacioribus,
1253 3203 1467 3264 efficacissimis
1482 3221 1515 3265 ac
1538 3205 1668 3268 insolitis
1682 3209 1801 3272 clausu·

1059 3296 1107 3371 lis,
1131 3295 1385 3374 irritantibusque
1407 3304 1437 3357 et
1458 3297 1524 3358 aliis
1545 3301 1673 3362 decretis
1696 3302 1727 3362 in
1750 3318 1802 3380 ge-

1061 3407 1136 3452 nere
1156 3390 1206 3452 vel
1228 3391 1259 3451 in
1281 3390 1393 3468 specie,
1410 3407 1441 3452 ac
1463 3392 1535 3454 alias
1557 3395 1590 3456 iu
1611 3399 1802 3460 contrarium

1060 3488 1298 3567 praemissorum
1321 3485 1551 3562 quomodolibet
1571 3493 1733 3565 concessis,
1754 3509 1804 3572 ap-

1060 3581 1192 3659 probatis
1213 3586 1243 3640 et
1264 3579 1436 3640 innovatis:
1466 3581 1576 3659 quibus
1607 3585 1752 3648 omuibus
1774 3594 1803 3648 et

1060 3675 1190 3752 singulis
1212 3672 1339 3734 illorum
1363 3679 1486 3734 tenores
1517 3679 1727 3752 praesentibus
1748 3697 1803 3759 pro

1061 3769 1152 3848 plene
1174 3773 1204 3828 et
1225 3766 1414 3828 sufficienter
1430 3769 1594 3846 expressis,
1610 3788 1643 3832 ac
1657 3773 1695 3834 de
1709 3774 1804 3836 verbo

1062 3860 1250 3926 adverbum
1272 3860 1394 3922 insertis
1415 3860 1574 3937 habentes,
1597 3863 1658 3926 illis
1678 3866 1751 3928 alias
1772 3867 1804 3928 in

1061 3974 1118 4018 suo
1140 3956 1249 4018 robore
1270 3954 1491 4032 permansuris,
1514 3957 1548 4018 ad
1564 3960 1805 4034 praemissorum

1063 4051 1204 4114 ellectum
1228 4050 1283 4110 bac
1303 4048 1371 4110 vice
1391 4050 1560 4126 dumtaxat,
1584 4053 1758 4130 specialiter
1775 4060 1806 4115 et

1063 4159 1206 4224 expresse
1227 4143 1420 4220 derogamus,
1441 4145 1629 4223 caeterisque
1644 4148 1806 4210 contrariis

1062 4237 1319 4316 quibuscumque.

1104 4333 1123 4406 g
1144 4331 1172 4392 7.
1197 4328 1348 4392 Volumus
1363 4341 1478 4406 autem,
1495 4341 1529 4394 ut
1544 4337 1756 4411 praesentium
1771 4336 1806 4399 li·
1834 4355 1906 4402 riuis
1917 4355 2037 4420 uubanus

1064 4433 1202 4488 terarum
1225 4425 1424 4503 transumptis
1445 4441 1499 4487 seu
1521 4428 1685 4505 exemplis,
1712 4431 1805 4494 etiam
1824 4414 1999 4467 transumptis.

1063 4518 1230 4596 impressis,
1247 4524 1278 4578 et
1297 4533 1392 4579 manu
1412 4517 1541 4581 alicuius
1561 4523 1672 4584 notarii
1694 4525 1806 4603 publici

1064 4611 1241 4689 subscriptis
1254 4617 1283 4673 et
1298 4611 1399 4686 sigillo
1414 4611 1543 4673 alicuius
1554 4629 1700 4692 personae
1713 4619 1807 4680 eccle·

1064 4703 1201 4766 siasticae
1216 4703 1358 4777 munitis,
1371 4703 1477 4766 eadem
1488 4720 1613 4783 prorsus
1630 4709 1702 4771 tides
1714 4709 1745 4771 iu
1761 4711 1806 4772 iu·

1065 4797 1143 4860 dicio
1165 4803 1196 4858 et
1217 4804 1303 4858 extra
1328 4796 1404 4859 illud
1428 4799 1618 4876 adhibeatur,
1636 4819 1713 4880 quae
1734 4804 1806 4882 ipsis

1065 4889 1277 4969 praesentibus
1309 4889 1518 4966 adhiberetur,
1540 4893 1566 4954 si
1587 4894 1690 4958 lorent
1721 4897 1807 4959 exhi-

1066 4985 1145 5046 bitae
1167 4983 1215 5044 vel
1239 4991 1388 5044 ostensae.

1105 5077 1215 5139 Datum
1244 5075 1375 5150 Romae,
1407 5079 1485 5156 apud
1515 5081 1545 5143 S.
1568 5081 1694 5145 llariam
1716 5084 1808 5147 Maio-

1064 5187 1142 5246 rem,
1168 5171 1226 5233 sub
1246 5169 1362 5232 annulo
1376 5171 1547 5248 PiscatoriS,
1570 5176 1619 5238 die
1642 5195 1735 5240 xxru.
1758 5179 1808 5240 de·

1064 5267 1195 5333 cembris
1211 5281 1359 5339 uaccae,
1375 5266 1569 5343 pontificatus
1588 5272 1686 5333 nostri
1704 5288 1752 5333 an.
1771 5291 1805 5334 u.

1312 5426 1561 5439 -----..-..

1412 5551 1461 5614 Vl.

1068 5738 1280 5802 Patrio-reltae
1297 5741 1383 5803 Grec.
1396 5739 1624 5805 Melobitarum
1636 5745 1809 5808 committit

1109 5831 1272 5910 inquirere
1303 5833 1339 5894 ia
1365 5849 1513 5910 personas
1535 5841 1565 5897 ct
1589 5839 1713 5916 scripto
1737 5841 1811 5902 Ger·

1045 5911 1059 5940 '
1108 5927 1197 5989 moui
1220 5926 1338 5991 Adurni
1359 5927 1454 5992 Aret.
1472 5928 1654 6008 Aleppensis
1671 5932 1810 5996 eiusdem
