4722 6976
1737 581 1797 646 529
1846 581 1900 634 An.
1915 581 1945 635 (1.
1967 579 2035 636 1816

932 605 1002 652 PIUS
1024 606 1074 650 PP.
1097 604 1154 650 vll.

265 725 322 787 hus
342 723 393 786 rel
414 723 638 805 cuiuscumque
652 725 785 800 Ordinis,
802 723 1012 802 congregatio·
1090 719 1259 789 llenerahili
1279 723 1367 791 tratri
1384 720 1582 789 patriarchae
1598 715 1795 786 Alexandrino
1891 719 1895 726 '

265 819 311 881 nis
333 827 364 880 et
385 819 522 881 instituti
549 818 744 896 regularibus
769 817 904 880 similem
926 833 1011 896 3333-
1358 815 1528 899 ceptorum,

264 911 343 974 latae
358 911 451 975 huius
465 909 552 975 Sedis
566 913 697 989 gratiam
712 920 744 975 et
758 911 1011 974 communionem

264 1004 449 1067 habentibus
470 1021 586 1070 munus
616 1005 855 1070 consecrationis
875 1004 1012 1083 recipere
1316 998 1403 1069 etus
1424 997 1484 1068 ΡΡ.
1509 997 1568 1064 till.

264 1097 361 1159 libere
381 1105 413 1160 et
434 1098 516 1161 133333
539 1099 632 1178 333333
654 1107 686 1163 33
706 1098 819 1162 valeas.
839 1099 882 1163 33
909 1096 1011 1160 eidem

267 1190 416 1267 hntistiti,
438 1200 485 1266 ut,
500 1193 629 1271 acceptis
650 1209 665 1253 3
690 1201 719 1254 33
740 1193 825 1270 33333
845 1190 1012 1254 catholicae
1281 1185 1471 1256 Venerabilis
1493 1187 1601 1265 irater,

265 1283 336 1346 ndei
357 1283 547 1363 professione
567 1288 652 1346 iuxta
681 1284 825 1347 articulos
852 1282 974 1362 pridem
996 1298 1012 1343 a
1098 1279 1282 1349 salutemet
1307 1280 1504 1365 apostolicum
1532 1279 1781 1348 benedictionem.

265 1377 343 1440 Sede
363 1384 467 1438 nostra
488 1378 671 1457 propositos,
687 1393 721 1440 ac
735 1384 842 1441 nostro
856 1385 887 1440 et
902 1377 1011 1439 Roma-

264 1485 320 1531 nae
342 1469 494 1532 Ecclesiae
515 1470 644 1532 nomine
662 1469 817 1534 fidelitatis
831 1469 951 1533 debitae
965 1484 1012 1528 so·
1108 1465 1210 1532 Simul
1231 1487 1264 1534 33
1285 1471 1498 1550 spectabilium
1529 1471 1643 1550 pietate
1673 1469 1815 1530 virorum
1888 1471 1892 1479 '

264 1560 320 1622 lito
340 1560 527 1638 iuramento,
548 1561 722 1639 praelatum
744 1577 861 1624 333333
884 1559 937 1621 tibi
960 1575 1012 1621 33·
1069 1561 1165 1624 1333333
1188 1563 1275 1626 nobis
1297 1564 1434 1626 innotuit
1456 1572 1498 1640 te,
1520 1579 1592 1625 ven.
1615 1562 1721 1636 irater,
1744 1559 1816 1623 licet

264 1653 404 1716 ctoritate
426 1661 527 1716 333333
542 1654 723 1733 impendere
739 1655 823 1716 licite
836 1653 947 1726 valeat,
963 1667 1012 1712 ea·
1068 1655 1106 1718 ab
1132 1654 1265 1718 Ecclesit
1295 1656 1441 1719 catholice
1472 1662 1681 1734 segregatum,
1711 1652 1816 1716 animo

263 1750 336 1810 dem
356 1749 537 1810 auctoritate
557 1747 681 1826 plenam
701 1756 733 1810 et
749 1748 878 1810 liberam
900 1747 1011 1809 harum
1068 1753 1171 1810 tamen
1194 1757 1256 1810 tam
1276 1763 1426 1828 propenso
1449 1749 1481 1810 in
1500 1765 1567 1811 eam
1582 1764 1660 1823 esse,
1676 1745 1816 1810 3331333-

262 1839 341 1900 serie
372 1839 539 1903 tribuimus
567 1840 755 1904 laenitatem.
788 1839 941 1902 Volumus
957 1848 1011 1900 ta·
1067 1845 1131 1916 pto,
1147 1857 1209 1919 quo
1225 1842 1352 1919 teneris,
1370 1842 1531 1905 divisionis
1545 1841 1654 1922 laqueo
1668 1841 1704 1903 33
1720 1839 1815 1918 333333

264 1949 349 2009 men,
363 1932 535 2013 eademque
555 1934 735 1997 euctoritcte
749 1932 954 2012 praecipimus
969 1939 1031 1994 at-·
1067 1930 1171 1994 sinum
1193 1949 1254 1996 333
1276 1951 1347 1997 cum
1369 1935 1436 1997 31333
1458 1941 1528 1998 tuae
1549 1933 1675 1997 ditionis
1693 1932 1815 2010 Episco-

263 2041 325 2105 que
339 2027 547 2102 decernimus,
558 2027 652 2106 quod,
664 2027 722 2089 nisi
738 2028 870 2107 receptis
884 2044 900 2088 a
915 2035 946 2090 te
956 2041 1011 2104 per
1068 2023 1113 2101 pis
1134 2024 1304 2103 coningere
1323 2037 1446 2106 paratus
1465 2028 1518 2103 sis,
1534 2025 1716 2089 incredibile
1731 2024 1815 2086 dictu

263 2119 381 2182 dictum
396 2119 765 2183 lintistitemiuramento
780 2120 1011 2198 etproiessione
1067 2122 1125 2191 est,
1147 2133 1239 2195 quam
1270 2119 1372 2182 subito
1392 2127 1423 2183 et
1443 2136 1536 2199 quam
1566 2119 1628 2182 acri
1654 2117 1815 2194 religiosae

264 2212 335 2273 3333
357 2211 546 2289 huiusmodi,
568 2213 632 2292 ipse
653 2215 791 2278 Ancisses
812 2213 1012 2278 consecracio·
1066 2207 1199 2272 laetitiae
1220 2227 1314 2274 sensu
1336 2213 1480 2292 completi
1500 2213 1608 2274 simus.
1625 2213 1732 2290 ltaque
1744 2209 1815 2272 sub-

265 2303 312 2365 nis
334 2319 450 2366 munus
473 2305 527 2368 tibi
549 2305 729 2383 impendere
751 2314 849 2385 tuque
870 2306 1010 2370 3113333-
1066 2300 1135 2364 13333
1157 2303 1189 2364 33
1210 2304 1330 2368 caelum
1351 2307 1458 2382 oculis,
1482 2307 1522 2380 ei,
1546 2307 1600 2386 qui
1621 2306 1707 2369 dives
1722 2302 1814 2366 estin

263 2400 380 2478 scipere
408 2403 687 2478 praesumpseritis,
718 2402 800 2464 idern
831 2403 968 2466 Antistes
994 2421 1010 2464 a
1067 2396 1286 2474 misericordia,
1303 2407 1367 2462 toto
1384 2401 1483 2463 cordis
1497 2401 1608 2464 333333
1623 2400 1735 2478 gratias
1750 2399 1815 2475 egi-

265 2493 447 2572 pontificalis
477 2495 568 2556 officii
598 2495 765 2571 exercitio,
794 2505 825 2558 et
854 2505 916 2558 tam
947 2497 1011 2575 ipse

263 2601 357 2664 quam
375 2595 408 2649 tu
423 2604 438 2648 a
452 2588 608 2664 regimine
628 2597 659 2650 et
680 2590 947 2654 administratione
962 2607 1010 2654 33-

263 2675 427 2738 clesiarum
448 2686 622 2740 vestrarum
644 2680 785 2756 suspensi
801 2681 866 2742 sitis
881 2697 916 2743 eo
933 2681 1008 2760 ipso.

303 2769 367 2844 52.
381 2768 449 2831 Non
466 2769 655 2834 obstantibus
670 2773 840 2849 apostolicis
852 2791 886 2837 33
897 2774 929 2836 33
941 2775 1011 2837 333·

264 2863 434 2926 versalibus
464 2864 767 2945 provincialibusque
797 2877 828 2930 et
857 2869 1010 2947 synodali·

265 2957 320 3020 bus
341 2956 489 3020 Conciliis
514 2957 604 3020 333333
629 2959 825 3036 generalibus
847 2971 878 3024 et
898 2963 1012 3042 specia-

264 3051 343 3114 libus
359 3051 629 3114 constitutionibus
644 3059 675 3115 et
685 3053 941 3131 ordinationibus,
956 3073 1010 3120 nec

265 3161 327 3207 non
349 3144 447 3207 dictae
469 3145 620 3209 Ecclesiae
640 3147 784 3211 Uthiceu.
801 3148 930 3230 aliisque
944 3153 1011 3228 qui·

265 3237 458 3316 tuscumque
471 3239 566 3301 etiam
577 3241 763 3316 iuramento,
775 3244 1012 3307 confirmatione

264 3330 500 3408 apostolicare
521 3331 629 3411 quavis
650 3333 796 3395 firmitate
817 3333 874 3396 alia
888 3337 1012 3398 robora·

264 3425 303 3486 tis
322 3425 444 3486 statutis
468 3430 498 3485 et
521 3425 814 3503 consuetudinibus,
840 3428 1011 3506 privilegiis

264 3533 400 3598 qnoque,
411 3517 539 3582 indultis
550 3522 581 3579 et
594 3516 694 3580 literis
708 3520 880 3596 apostolicis
892 3521 923 3584 in
939 3539 1011 3586 333·

266 3612 395 3674 tracium
416 3611 656 3690 praemissorum
682 3613 914 3693 quomodolibet
939 3635 1011 3681 con·

264 3705 368 3779 cessis,
382 3705 572 3766 confirmatis
586 3711 616 3768 et
631 3706 797 3784 innovatis,
818 3709 930 3786 quibus
945 3727 1011 3774 cm-

265 3797 358 3862 nibus
378 3803 408 3859 et
433 3797 565 3874 singulis
588 3798 713 3862 illorum
734 3806 843 3864 tenore
865 3817 1011 3881 praesen·

264 3891 346 3952 tibus
368 3906 423 3968 pro
444 3889 538 3969 plene
552 3896 582 3952 et
595 3891 785 3955 sufficienter
799 3897 962 3974 expressis,
978 3915 1011 3961 ac

263 3982 302 4044 de
321 3982 418 4044 verbo
437 3981 472 4044 ad
490 3983 623 4044 verbum
639 3983 760 4046 insertis
775 3986 934 4065 habentes,
949 3991 1010 4053 illis

264 4075 337 4136 31333
355 4075 388 4136 33
409 4091 466 4137 333
487 4075 597 4137 robore
618 4079 839 4154 permansuris
867 4083 903 4143 33
925 4099 1010 4162 3333-

265 4167 432 4231 missorum
453 4167 598 4230 ellectum
619 4169 673 4231 1333
688 4171 756 4234 vice
770 4174 931 4235 dumtaxat
944 4193 1011 4256 333-

263 4261 382 4324 cialiter
402 4267 433 4322 33
447 4275 590 4339 expresse
607 4262 805 4340 derogamus,
820 4269 1011 4350 caeterisque

263 4355 424 4416 contrariis
444 4355 703 4433 quibuscumque.

303 4449 416 4510 1133333
440 4447 572 4522 Romae,
599 4447 679 4527 3333
708 4449 739 4513 S.
767 4451 890 4515 11333333
920 4455 1011 4518 hlaio

264 4557 343 4616 3333,
366 4542 424 4602 sub
444 4540 561 4603 333313
577 4541 748 4618 Ρ333333333,
765 4544 815 4606 333
837 4561 890 4608 xx.
908 4552 1010 4612 martii

265 4649 439 4710 uucccxv.,
455 4634 651 4712 33333333333
667 4637 764 4698 333333
779 4655 861 4702 3333
878 4657 927 4701 xv.

520 4795 759 4806 ——-——-..-..

623 4917 656 4978 L.

264 5101 495 5164 Petricrchcm
534 5101 795 5165 Alecccdricum
838 5104 1010 5182 ceptorum

303 5193 459 5257 bortatur
479 5195 521 5259 cd
547 5195 724 5259 ccthcticce
749 5197 821 5274 fidei
842 5199 1012 5278 professio-

304 5303 374 5349 cem
401 5289 501 5351 tuctu
526 5288 701 5366 forumlcm
726 5289 924 5365 scithicum
946 5308 1010 5352 cer-

304 5381 416 5443 liorem
438 5381 533 5446 illum
548 5381 653 5444 reddit
669 5382 840 5462 priuilegio
858 5384 946 5446 Sedis
961 5385 1010 5446 iu·

304 5479 394 5554 33333
415 5489 607 5538 remcusurc
632 5481 701 5552 pest
727 5477 954 5556 professionem
975 5478 1011 5556 fi-

304 5567 372 5643 cet,·
394 5569 517 5631 incitet
539 5575 578 5632 ut
596 5569 766 5632 moncellos
782 5570 818 5631 ire
833 5586 941 5632 eorum
957 5571 1009 5634 ltc-

302 5663 438 5739 cpitium
467 5661 600 5724 Romam
632 5651 745 5726 mittut
778 5670 807 5727 et
837 5663 1008 5727 3333331133

302 5753 514 5818 adolescentes
529 5755 565 5818 iu
583 5754 758 5834 Collegium
775 5755 936 5821 llrircuum
951 5755 1006 5838 (l).

1068 2506 1137 2552 mus
1158 2493 1314 2571 enixeque
1331 2495 1583 2572 supplicavimus,
1600 2501 1743 2574 utquam
1759 2494 1814 2556 tihi

1067 2593 1207 2646 mentem
1222 2585 1387 2659 inluderet,
1404 2594 1614 2665 conservaret,
1630 2594 1770 2665 augeret,
1783 2597 1814 2650 et

1066 2675 1185 2739 felicem
1214 2678 1348 2759 denique
1369 2682 1405 2743 ad
1426 2681 1548 2742 exitum
1576 2679 1706 2759 presul
1728 2679 1816 2741 boni·

1068 2778 1129 2832 tate
1142 2773 1336 2848 3333333333.
1354 2772 1478 2838 Scilicet
1492 2774 1681 2851 gravissimis
1696 2773 1815 2850 tibique

1067 2863 1173 2940 333331
1194 2863 1287 2925 dubio
1309 2867 1402 2939 notis,
1419 2883 1495 2944 quas
1510 2865 1586 2945 pessi
1601 2881 1721 2941 sumus,
1737 2865 1815 2928 3313-

1066 2956 1236 3032 mitatibus,
1260 2957 1354 3032 dirae,
1377 2975 1455 3038 quae
1476 2960 1510 3021 in
1531 2959 1695 3021 catholicos
1709 2958 1815 3022 lucere

1067 3065 1131 3111 non
1153 3057 1259 3126 cessat,
1277 3053 1496 3129 persecutioni,
1512 3053 1658 3114 omnibus
1673 3053 1813 3128 demum,

1066 3159 1156 3220 quae,
1174 3145 1251 3205 irato
1265 3154 1392 3222 propter
1413 3153 1531 3224 peccata
1550 3153 1653 3208 nostra
1668 3146 1742 3219 Deo,
1759 3145 1815 3207 Ec-

1066 3231 1258 3310 clesiae,'cui
1280 3237 1484 3300 immerentes
1510 3254 1705 3318 praesumus,
1728 3238 1815 3301 incu-

1067 3327 1175 3400 buere,
1192 3328 1290 3404 malis,
1307 3329 1417 3407 ingens
1432 3331 1568 3408 protecto
1582 3332 1728 3394 solatium
1742 3338 1814 3393 tuus

1068 3427 1258 3499 tuorumque
1278 3423 1313 3486 ad
1339 3424 1430 3486 iidem
1461 3424 1665 3487 orthodoxam
1695 3431 1813 3503 aposto·

1066 3513 1156 3576 licam
1183 3530 1343 3578 romanum
1371 3517 1489 3580 reditus
1510 3517 1646 3580 3333333.
1669 3518 1735 3594 033
1758 3533 1814 3580 nos

1066 3608 1175 3686 gaudio
1198 3609 1404 3685 alliceremur,
1425 3610 1452 3671 si
1474 3611 1591 3673 tamdiu
1612 3611 1747 3688 expetita
1767 3611 1814 3672 in-

1067 3709 1114 3764 ter
1134 3701 1303 3764 itomanam
1330 3702 1508 3779 Ecclesiam,
1530 3719 1625 3784 quam
1647 3705 1680 3767 B.
1703 3705 1812 3767 Petrus

1065 3794 1178 3870 erexit,
1200 3802 1230 3857 et
1252 3795 1505 3872 Alexandrinam,
1521 3813 1615 3875 quam
1636 3797 1719 3861 idem
1734 3800 1813 3876 333-

1065 3888 1218 3950 stolorum
1248 3889 1394 3968 Princeps
1422 3891 1589 3963 decoravit,
1613 3898 1644 3953 et
1665 3891 1698 3953 33
1719 3908 1812 3970 quam

1067 3979 1296 4058 Evangelistam
1321 3981 1509 4059 discipulum
1534 3985 1630 4061 misit,
1652 3987 1814 4049 concordia

1065 4074 1301 4136 restituereturt
1318 4076 1414 4150 Quam
1429 4076 1526 4138 eiiuse
1540 4085 1647 4140 noster
1658 4077 1813 4142 exultaret

1066 4167 1205 4242 animus,
1235 4166 1261 4229 si
1292 4168 1536 4232 Patriarchatum
1565 4171 1812 4234 Alexandrinum

1067 4267 1111 4322 333
1133 4261 1313 4323 nominibus
1330 4263 1640 4340 praestantissimum,
1656 4265 1706 4327 cui
1720 4264 1813 4346 Atha·

1066 4353 1181 4428 nasius,
1205 4352 1351 4431 cyrillus,
1370 4353 1485 4434 aliique
1504 4356 1689 4419 sanctissimi
1703 4357 1815 4420 doctis·

1065 4447 1198 4526 simique
1224 4447 1286 4508 viri
1312 4447 1527 4525 praefuerunt,
1550 4466 1626 4528 quos
1647 4457 1814 4528 perpetuos

1066 4540 1293 4618 acerrimusque
1314 4541 1477 4603 orthodoxi
1504 4541 1654 4619 dogmatis
1675 4542 1813 4606 defense

1067 4649 1115 4694 res
1143 4632 1173 4694 S.
1199 4630 1391 4696 Caelestinus
1413 4633 1435 4694 1.
1458 4635 1600 4696 decessor
1630 4643 1736 4697 noster
1763 4649 1814 4713 ap·

1067 4724 1205 4803 pellavit,
1221 4727 1303 4786 avito
1323 4725 1479 4803 splendori
1495 4726 1673 4806 gloriaeque
1688 4735 1734 4789 tot
1748 4744 1813 4791 me·

1067 4819 1134 4880 ritis
1155 4825 1259 4896 partae
1275 4818 1432 4881 redditum
1445 4826 1667 4882 cerneremus!
1685 4823 1751 4898 hge
1764 4837 1814 4884 er·

1068 4925 1118 4988 go,
1141 4927 1211 4973 ven.
1236 4911 1343 4986 irater,
1365 4913 1486 4975 vocanti
1508 4923 1539 4976 te
1566 4915 1628 4977 lieo
1650 4916 1813 4992 responde,

1068 5021 1169 5067 mores
1190 5021 1317 5084 rumpe:
1342 5022 1410 5081 333,
1433 5008 1485 5084 qui
1507 5008 1658 5086 porrectis
1679 5007 1763 5070 ulnis
1780 5009 1813 5070 in

1069 5107 1137 5162 tuos
1158 5097 1317 5177 amplexus
1338 5115 1431 5162 ruere
1452 5102 1548 5180 parati
1568 5115 1689 5176 sumus,
1708 5118 1814 5164 recrea

1066 5202 1098 5255 et
1118 5191 1225 5256 331333.
1251 5192 1313 5255 1133
1334 5201 1421 5272 33333
1443 5209 1507 5255 333
1531 5194 1737 5257 interiturum
1758 5193 1813 5256 tibi

1067 5300 1183 5347 nomen
1204 5286 1413 5363 consequeris,
1432 5293 1652 5365 aeternamque
1667 5287 1811 5361 salutem,

1066 5380 1148 5457 quod
1178 5387 1270 5456 caput
1299 5383 1355 5454 est,
1380 5387 1464 5440 tuam
1486 5379 1518 5441 in
1541 5387 1609 5441 tuto
1638 5379 1809 5442 collocabis.

1066 5471 1130 5535 Scis
1144 5473 1229 5534 enim
1244 5487 1340 5534 unam
1350 5487 1417 5534 esse
1427 5471 1508 5534 Petri
1521 5471 1708 5549 naviculam,
1719 5489 1812 5551 quam

1064 5565 1089 5626 si
1111 5566 1181 5644 quis
1203 5580 1266 5627 non
1289 5565 1473 5643 ingreditur,
1496 5563 1672 5628 miserrimo
1690 5565 1822 5638 neutra--

1065 5660 1116 5736 gio
1137 5665 1240 5737 pereat
1261 5675 1385 5723 necesse
1405 5666 1462 5721 est.
1486 5659 1550 5722 Scis
1564 5660 1717 5723 Romanos
1732 5661 1811 5723 Pon·

1067 5756 1161 5817 tilices
1176 5755 1258 5818 Petri
1272 5768 1459 5817 successores
1474 5768 1656 5832 supremum
1671 5753 1809 5818 eiusdem

303 5967 333 6023 tl)
348 5967 386 6012 Ex
398 5966 465 6012 Bull.
481 5968 553 6013 Pont.
569 5967 600 6013 ds
614 5969 688 6026 Prop.
704 5968 767 6014 Fide
782 5971 883 6016 emend.
899 5982 930 6016 ex
944 5974 1008 6028 Reg.
1023 5973 1080 6018 vat.

369 6089 420 6137 lur.
438 6089 507 6136 Poct.
523 6089 553 6136 de
567 6091 643 6150 Prop.
658 6091 720 6139 Fide
734 6093 815 6141 Partis
829 6095 846 6140 1.
863 6092 917 6140 vel.
934 6095 971 6141 lv.
