4776 6974
932 560 1074 622 1111611.
1099 561 1141 621 ll.

261 698 305 764 nis
326 697 559 763 nominenobis
576 714 670 778 super
683 693 741 760 hoc
764 696 925 761 humiliter
938 714 1007 777 por·

260 792 350 855 rectis
364 793 517 869 inclinati,
534 793 614 872 piam
629 792 828 872 superiorum
842 791 1008 870 praedicto·

259 901 328 948 rum
340 885 611 961 deliberationem,
628 893 782 966 quantum
793 901 864 948 cum
876 886 1008 948 Domino

260 993 432 1056 possumus,
442 994 628 1058 promovere
638 978 857 1059 cupientes,de
867 979 1008 1058 omnipo-

261 1071 353 1132 tentis
375 1073 430 1134 uei
451 1071 672 1146 misericordia,
695 1089 729 1134 ac
749 1072 911 1134 bealorum
925 1073 1007 1136 Petri

259 1171 289 1225 6ι
310 1164 397 1226 Ρ61111
413 1165 632 1244 Apostolorum
655 1165 720 1228 eins
734 1165 917 1228 auctoritate
936 1182 1009 1229 con·

259 1255 317 1330 fisi,
333 1258 480 1320 omnibus
494 1264 526 1320 et
545 1257 677 1334 singulis
699 1257 849 1334 religiosis
870 1255 944 1319 dicti
960 1274 1010 1320 or-

259 1350 339 1413 dinis
360 1352 397 1412 ad
413 1351 575 1414 missiones
593 1351 626 1413 in
642 1350 802 1431 quibusvis
816 1349 890 1413 locis
905 1352 942 1412 de
956 1350 1008 1414 Or-

259 1443 450 1505 dinariorum
473 1443 595 1506 licentia
621 1445 794 1522 respective
823 1444 1009 1506 exercendas

259 1535 291 1598 in
306 1535 453 1598 futurum
470 1538 628 1600 mittendis
640 1535 706 1616 (nbi
724 1543 902 1600 tamennon
916 1543 1009 1600 erunt

259 1628 445 1690 missionarii
471 1630 729 1708 congregationis
754 1630 792 1692 de
813 1631 1010 1708 Propaganda

259 1721 357 1799 Fide),
379 1729 411 1784 et
431 1721 499 1784 aliis
521 1724 684 1802 utriusque
704 1739 796 1785 sexus
818 1723 1010 1788 christifide-

259 1815 357 1902 libus,
385 1817 422 1878 ad
448 1831 526 1894 quos
551 1817 609 1894 ipsi
635 1817 779 1880 mittendi
807 1818 1008 1893 accesserint,

259 1917 398 1971 nostram
421 1916 452 1972 et
473 1912 671 1989 apostolicam
686 1911 932 1974 benedictionem
955 1927 1010 1991 per

259 2012 438 2084 praesentes
467 2005 682 2084 impertimur;
714 2022 772 2066 neo
800 2022 863 2068 non
893 2005 1009 2068 eisdem

260 2113 332 2160 vere
360 2098 595 2176 poenitentibus
622 2105 653 2160 et
678 2099 842 2173 confessis,
874 2113 908 2160 ac
928 2115 1009 2160 sacra

260 2191 483 2253 communione
505 2191 641 2266 relectis,
664 2191 717 2269 qni
740 2207 796 2270 pro
811 2191 940 2254 Sanctae
954 2191 1011 2252 llo-

260 2297 369 2346 manae
402 2283 555 2346 Ecclesiae
588 2283 796 2358 exaltatione,
832 2283 1010 2362 principum

260 2377 499 2438 christianorum
523 2377 656 2451 unione,
687 2376 861 2438 infidelium
883 2392 1010 2438 conver·

260 2471 346 2532 sione
367 2477 398 2532 at
414 2471 578 2532 haeresum
593 2471 811 2548 extirpatione,
834 2477 927 2547 prout
942 2471 1012 2532 uni·

259 2564 372 2642 cuique
387 2569 535 2641 suggeret
550 2563 686 2639 devotio,
698 2563 762 2641 pias
777 2564 811 2624 ad
828 2563 926 2626 Deum
942 2580 1012 2643 pre-

258 2671 306 2718 ces
319 2655 501 2732 effuderint,
524 2654 695 2734 plenariam
717 2656 860 2718 omnium
875 2664 1011 2734 peccato-

259 2765 330 2813 mm
346 2765 477 2814 suorum
493 2748 719 2826 indulgentiam
734 2755 765 2810 et
782 2749 1009 2828 remissionem,

259 2859 353 2922 quam
381 2850 413 2904 et
439 2842 602 2905 animabus
625 2843 900 2917 christifidelium,
933 2861 1012 2923 qnae

259 2937 319 3000 Deo
348 2937 382 2998 in
410 2936 558 2999 charitate
586 2937 769 2999 coniunctae
796 2938 834 2998 ab
863 2938 918 2998 hac
942 2938 1011 3001 luce

259 3031 453 3109 migrarunt,
475 3045 531 3108 per
552 3031 680 3093 modum
700 3029 839 3106 suffragii
861 3031 1011 3109 applicare

259 3126 390 3204 possint,
412 3123 654 3186 misericorditer
674 3123 706 3185 in
729 3123 860 3185 Domino
880 3127 1012 3188 auctori-

260 3225 322 3281 tate
353 3217 528 3298 apostolica,
557 3225 665 3280 tenore
698 3217 918 3294 praesentium,
947 3235 1010 3280 nna

262 3313 328 3375 vice
344 3311 518 3388 dumtaxat,
535 3327 590 3390 pro
606 3327 790 3389 unaquaque
812 3310 959 3374 missione
973 3313 1010 3374 de

259 3405 496 3470 Ordinariorum
521 3405 661 3467 locorum
691 3405 814 3468 licentia
839 3408 1010 3485 respective

259 3499 410 3575 iacienda,
434 3499 630 3562 concedimus
651 3504 683 3559 et
705 3498 887 3576 elargimur.
938 3543 940 3547 -

97 3604 190 3650 rantum
209 3600 240 3648 ιιι
298 3595 318 3669 §
338 3593 368 3655 3.
392 3593 557 3655 Hortantes
583 3593 775 3655 venerabiles
799 3593 928 3670 fratres,
958 3595 1011 3656 Pa-

79 3657 190 3703 drtlnarlot.

258 3687 418 3761 triarchas,
435 3686 594 3760 Primates,
610 3685 871 3765 nrcbiepiscopos,
888 3688 1010 3766 Episco-

258 3795 330 3857 pos,
359 3786 391 3839 et
412 3777 487 3839 alios
507 3777 706 3840 ecclesiarum
729 3777 781 3839 Dei
803 3779 953 3856 praelatos
978 3787 1010 3842 et

258 3880 405 3946 rectores,
427 3887 461 3932 ae
482 3871 569 3933 verbi
587 3870 640 3931 Dei
662 3869 896 3947 praedicatores,
920 3879 954 3934 ut
977 3873 1009 3933 in

257 3965 320 4026 suis
331 3965 462 4043 quisque
473 3963 622 4036 ecclesiis,
638 3979 710 4024 cum
721 3963 854 4041 populns
865 3964 1010 4042 frequen-

258 4057 318 4118 tior
338 4056 445 4129 luerit,
468 4065 647 4132 praesentes
668 4054 782 4128 literas,
804 4071 837 4115 ao
858 4056 962 4117 omnia
978 4057 1009 4118 in

258 4151 302 4210 eis
322 4157 467 4212 contenta
489 4149 649 4226 publicent
669 4156 700 4208 et
721 4147 869 4226 publicari
886 4149 1006 4222 iaciant,

258 4259 292 4304 ac
313 4257 439 4304 ornnem
461 4243 578 4304 eisdem
593 4241 745 4318 religiosis
760 4241 898 4303 lavarem
913 4250 943 4303 et
957 4259 1009 4303 au·

259 4338 372 4401 xillum
394 4337 426 4399 in
449 4337 623 4415 praemissis
643 4343 810 4414 praestent.
838 4335 1009 4398 Praesenti-

259 4431 317 4493 bus
338 4432 374 4493 ad
394 4430 595 4508 septennium
617 4437 721 4490 tamen
744 4429 895 4491 valituris.

298 4525 366 4600 §h
398 4522 552 4585 Volumus
579 4531 702 4598 autern,
733 4531 766 4584 ut
798 4523 1007 4601 praesentium

260 4618 463 4697 transumptis
482 4633 537 4679 seu
557 4616 708 4694 exemplis
729 4615 822 4676 etiarn
838 4617 1008 4693 impressis,

259 4728 354 4774 manu
379 4713 509 4775 alicuius
533 4709 646 4773 notarii
668 4709 783 4788 publici
809 4708 1007 4788 subscriptis,

259 4814 291 4869 et
309 4805 411 4882 sigillo
426 4819 575 4884 personae
595 4803 629 4864 in
644 4801 844 4864 ecclesiastica
859 4802 1010 4879 dignitate

259 4901 445 4961 constitutae
459 4897 602 4971 munitis,
623 4912 679 4959 seu
694 4895 899 4974 procuratoris
916 4909 1010 4971 gene·

259 4993 332 5054 ralis
352 4991 427 5053 dicti
448 4989 567 5052 ordinis
588 4989 768 5065 obsignatis,
793 4987 901 5050 eadem
923 5003 1009 5066 pror-

259 5103 310 5148 sus
325 5086 400 5148 fides
414 5082 609 5157 adhibeatur,
631 5097 709 5160 quae
724 5081 922 5144 adhiberetur
937 5079 1010 5160 ipsis

260 5178 484 5258 praesentibus,
504 5179 530 5238 si
545 5175 650 5238 forent
671 5175 826 5237 exhibitae
840 5174 892 5236 vel
907 5181 1010 5236 osten·

262 5289 322 5334 sae.

301 5367 413 5428 Datum
434 5365 550 5428 Romae
571 5365 650 5443 apud
672 5363 703 5426 S.
728 5365 856 5424 Petrum
878 5362 936 5424 sub
957 5377 1010 5423 an-

262 5461 336 5522 nulo
357 5459 518 5522 Piscatoris
543 5457 592 5518 die
615 5473 708 5520 xxru.
732 5456 810 5518 lebr.
834 5471 988 5531 nocens,

265 5553 457 5631 pontificatus
478 5551 578 5614 nostri
598 5566 681 5613 anno
703 5565 766 5612 xvr.

517 5711 756 5723 -ι-ι-ι-ι-ιι-

780 5885 911 5892 ...α-...-

1354 689 1524 760 Lxxxvl.

1067 881 1223 962 Reprobat
1243 882 1392 947 tribunal
1414 881 1452 945 ab
1468 879 1711 958 archiepiscopo
1729 873 1816 940 Colo·

1105 978 1209 1040 nicasi
1234 977 1263 1040 S.
1281 977 1318 1040 R.
1337 975 1510 1040 1616611116
1529 973 1745 1054 efformatam,
1767 970 1815 1031 de·

1105 1070 1237 1132 trabeas
1258 1085 1440 1148 supremam
1464 1068 1495 1130 S.
1525 1067 1613 1130 Sedis
1634 1071 1665 1126 et
1692 1067 1816 1141 aposto-

1105 1162 1186 1225 licae
1207 1165 1428 1226 nuntiaturae
1449 1159 1691 1224 auctoritatem.

1066 1342 1237 1415 venerabili
1259 1347 1347 1415 tratri
1364 1345 1561 1414 maximiliano
1577 1341 1746 1410 Franciaoo
1761 1338 1815 1405 lr-

1106 1440 1299 1524 obiepiaeopa
1312 1439 1486 1509 boloniensi
1502 1443 1533 1506 el
1549 1437 1699 1523 Episcopo
1713 1434 1817 1501 Mona-

1110 1535 1255 1604 alerienai
1279 1530 1312 1600 S.
1332 1531 1366 1599 ll.
1385 1534 1404 1599 l.
1431 1531 1558 1614 Principi
1582 1528 1721 1596 electori.

1317 1678 1403 1748 erus
1427 1677 1559 1766 1111.

1279 1815 1470 1884 venerabilia
1490 1815 1600 1891 lreler,

1099 1915 1281 1984 salutemet
1305 1909 1503 1994 apostolicam
1530 1905 1781 1975 benedictionem.

1106 2105 1175 2182 §b
1205 2104 1369 2181 Postquam
1401 2098 1560 2177 responsio
1592 2105 1695 2158 nostra
1723 2089 1818 2171 super

1067 2197 1260 2263 nunciaturis
1275 2193 1448 2273 apostolicis
1468 2191 1526 2253 luit
1540 2188 1577 2250 ad
1594 2198 1624 2251 te
1645 2197 1676 2249 6ι
1691 2189 1726 2250 ad
1741 2185 1816 2247 alios

1068 2290 1319 2370 lletropolitanos
1339 2284 1470 2360 collegas
1485 2290 1554 2344 tuos
1577 2281 1668 2343 missa
1690 2288 1721 2342 et
1737 2278 1817 2356 typis

1067 2387 1159 2448 etiam
1174 2383 1311 2458 vulgata,
1327 2377 1540 2442 intelleximus
1556 2380 1679 2454 praeter
1691 2386 1817 2434 ornnem

1067 2475 1331 2558 expectationem,
1357 2487 1429 2533 ven.
1454 2469 1567 2542 irater,
1598 2483 1686 2545 posse
1713 2471 1817 2526 nostra

1067 2571 1215 2648 quaedam
1237 2566 1316 2628 dicta
1337 2579 1431 2642 super
1453 2571 1507 2624 tuo
1522 2558 1701 2622 officialatus
1717 2557 1816 2618 tribu-

1067 2661 1129 2724 nali
1155 2660 1300 2722 aliorsum
1328 2656 1438 2735 accipi,
1466 2664 1558 2732 atque
1585 2669 1601 2712 a
1629 2650 1717 2713 nobis
1739 2649 1818 2711 dicta

1065 2763 1150 2830 sunt,
1174 2765 1205 2816 et
1226 2751 1324 2813 videri
1346 2748 1530 2827 quibusdam
1544 2759 1630 2823 posse
1652 2759 1687 2805 ea
1708 2743 1818 2804 saltem

1066 2847 1178 2925 scripta
1198 2863 1215 2907 a
1235 2844 1324 2907 nobis
1343 2841 1439 2904 luisse
1459 2849 1511 2904 aut
1533 2839 1638 2901 minus
1659 2842 1814 2910 accurate,

1066 2940 1238 3004 autminus
1255 2953 1338 3000 vere.
1363 2935 1514 3014 Equidem
1536 2947 1615 3011 quae
1630 2947 1688 2993 nos
1710 2931 1746 2992 de
1762 2930 1819 2990 tri-

1067 3034 1173 3098 bunali
1197 3035 1256 3094 isto
1278 3038 1332 3093 tuo
1354 3027 1594 3101 affirmavimus,
1623 3041 1658 3086 ea
1683 3023 1819 3084 diximus

1067 3127 1294 3190 ordinationem
1309 3123 1393 3184 illam
1410 3130 1496 3183 tuam
1511 3119 1619 3192 secuti,
1639 3131 1734 3195 qnam
1749 3131 1817 3192 ger-

1067 3221 1187 3285 manico
1202 3232 1347 3280 sermone
1360 3214 1564 3291 conscriptam
1582 3209 1703 3272 edidisti
1720 3219 1753 3271 ιιι
1768 3209 1818 3272 (116

1068 3309 1621 3377 1111111.161611111116111166ιιιιι11111,
1647 3319 1725 3382 quae
1746 3301 1818 3364 sub·

1067 3411 1143 3484 inde
1167 3407 1283 3486 prodiit
1310 3404 1342 3464 in
1368 3401 1483 3477 vulgus
1504 3398 1552 3460 die
1578 3413 1669 3461 xxxr.
1697 3399 1817 3459 decem-

1068 3504 1130 3564 bris
1160 3501 1300 3562 eiusdem
1330 3495 1414 3569 anni,
1438 3507 1594 3572 quamque
1621 3493 1655 3553 in
1677 3491 1818 3567 linguam

1067 3595 1195 3657 latinam
1215 3605 1398 3654 conversam
1418 3603 1475 3649 nos
1489 3603 1505 3645 a
1520 3586 1615 3647 doctis
1631 3592 1662 3645 et
1675 3586 1818 3648 honestis

1067 3690 1142 3751 viris
1163 3687 1347 3764 accepimus,
1371 3699 1448 3759 quos
1469 3687 1575 3758 utpote
1598 3680 1629 3741 in
1653 3679 1818 3741 Germania

1068 3793 1153 3846 natos
1184 3781 1316 3845 minime
1346 3777 1455 3853 lugere
1484 3791 1518 3836 ac
1545 3773 1641 3834 latere
1676 3781 1829 3850 poterant.

1068 3876 1260 3954 germanicae
1282 3873 1406 3947 linguae
1427 3869 1475 3930 vis
1493 3875 1524 3928 et
1540 3867 1684 3944 loquendi
1700 3865 1818 3926 lorinu-

1067 3971 1124 4044 lae,
1146 3968 1206 4031 nisi
1228 3982 1308 4028 nova
1331 3966 1405 4024 haec
1420 3962 1469 4024 lex
1484 3962 1556 4022 satis
1571 3976 1626 4039 per
1641 3975 1674 4020 se
1689 3963 1817 4021 obscura

1065 4071 1156 4137 esset,
1179 4068 1210 4123 et
1231 4057 1414 4138 quibusdam
1436 4055 1524 4134 quasi
1547 4053 1717 4115 involucris
1741 4060 1817 4115 tecta

1066 4157 1271 4226 delitesceret,
1295 4153 1335 4212 ita
1357 4159 1392 4211 ιιι
1413 4151 1473 4210 1111
1497 4148 1563 4225 ipsi,
1581 4146 1693 4224 quibus
1709 4146 1814 4208 huius-

1067 4249 1150 4312 modi
1174 4246 1309 4310 tribunal
1331 4243 1470 4323 apprime
1487 4241 1649 4318 cognitum
1664 4249 1711 4302 est
1725 4253 1817 4321 atque

1068 4349 1273 4423 perspectum,
1287 4340 1415 4401 huiusce
1426 4336 1502 4413 legis
1515 4337 1730 4399 contusionem
1747 4353 1818 4399 cau·

1066 4445 1187 4509 sentur,
1204 4443 1233 4495 6ι
1249 4435 1283 4495 ad
1307 4433 1403 4510 ipsam
1424 4429 1668 4508 intelligendam,
1686 4431 1817 4509 eiusque

1067 4537 1204 4591 retrusos
1236 4536 1328 4607 atque
1358 4526 1475 4588 abditos
1506 4541 1615 4587 sensus
1647 4525 1818 4603 depreben-

1066 4621 1181 4686 dendos
1203 4636 1266 4683 non
1288 4634 1396 4697 parurn
1419 4635 1452 4681 se
1473 4618 1661 4680 adlaborasse
1682 4633 1816 4695 conque·

1067 4725 1185 4778 rantur.
1211 4713 1320 4776 Nostra
1350 4729 1424 4775 sane
1445 4713 1536 4787 dicta,
1560 4713 1592 4773 in
1613 4727 1691 4790 quae
1712 4720 1815 4789 potest

1065 4809 1175 4871 dubiae
1197 4807 1424 4884 intelligentiae
1446 4813 1548 4868 metus
1566 4808 1685 4882 cadere,
1702 4821 1766 4867 non
1782 4821 1816 4866 ea

1065 4910 1150 4976 sunt,
1173 4910 1208 4964 ut
1235 4901 1280 4962 rei
1312 4909 1455 4963 naturam
1487 4901 1666 4975 immutent,
1697 4901 1734 4961 de
1756 4915 1816 4978 qua

1066 4994 1134 5057 inse
1152 4997 1273 5072 egimus
1289 4993 1385 5072 capite
1401 4993 1437 5055 V.
1457 5001 1579 5055 nostrae
1595 4991 1815 5070 responsionis.

1066 5087 1170 5151 Nostri
1194 5095 1299 5149 tamen
1326 5086 1439 5149 candor
1465 5086 1561 5148 animi
1589 5086 1720 5148 minime
1742 5087 1818 5164 pati·

1067 5193 1129 5259 tur,
1145 5192 1181 5245 ut
1200 5182 1248 5244 vel
1265 5197 1431 5261 parumper
1445 5181 1622 5244 difleramus
1638 5195 1706 5243 rem
1721 5181 1817 5260 ipsam

1065 5277 1219 5339 declarare
1234 5285 1326 5354 atque
1341 5274 1512 5350 illustrare;
1528 5273 1680 5354 nobisque
1694 5275 1754 5336 erit
1766 5292 1820 5337 cu-

1067 5387 1129 5445 rae,
1146 5380 1192 5444 ut,
1209 5385 1286 5448 quae
1303 5368 1392 5430 modo
1412 5369 1612 5446 aggredimur
1628 5367 1817 5446 explicanda,

1066 5478 1101 5524 ea
1124 5473 1192 5526 tum
1214 5464 1250 5524 ad
1266 5471 1333 5524 tuus
1348 5461 1491 5538 collegas,
1510 5465 1577 5521 tum
1592 5459 1627 5520 ad
1643 5475 1695 5521 eos
1710 5475 1819 5521 omnes

1068 5557 1263 5637 perveniant,
1286 5557 1320 5618 ad
1344 5571 1478 5634 quorum
1507 5570 1618 5617 manus
1647 5554 1750 5633 potuit
1771 5570 1819 5616 re-

1067 5649 1193 5729 sponsio
1221 5645 1332 5710 nostra'
1353 5648 1477 5722 deferri,
1501 5649 1632 5725 nequis
1655 5649 1819 5708 veritatem

1070 5745 1166 5824 ipsam
1187 5744 1321 5822 ignoret,
1338 5751 1369 5806 et
1391 5759 1441 5817 ne,
1457 5742 1576 5804 sublata
1592 5741 1751 5804 malitiosis
1767 5743 1818 5801 hc·

307 5967 336 6026 (1)
352 5969 415 6014 Vide
430 5967 471 6012 lit.
487 5967 513 6012 h.
529 5969 602 6012 Pont.
618 5969 717 6010 Retulit
731 5967 806 6008 nobis
820 5986 846 5995 -
861 5966 1005 6014 Postquam
1020 5964 1159 6015 responsio
1177 5984 1200 5993 -
1216 5963 1387 6014 obsequentes
1401 5961 1446 6004 titt.

1734 532 1794 612 alti
1843 532 2034 614 an.c.1red
