4856 7010
1019 487 1074 533 uno
1096 453 1156 532 rr,
1173 483 1228 533 ιιι.

349 621 412 683 que
441 623 456 666 a
490 612 520 668 te
547 607 670 685 incepta
700 613 920 686 prosequetur,
952 605 1093 684 nihilque

349 699 472 762 omittet
493 699 574 778 quod
597 698 749 764 Ecclesiae
766 699 892 762 utilitati
907 715 971 761 esse
987 697 1092 775 possit,

348 791 532 868 praesertim
552 807 624 855 cnm
646 799 680 854 tu
695 791 768 854 inde
783 791 942 854 discedens
956 788 1092 852 sacerdo·

350 891 417 948 tum
438 900 608 948 numerum
624 884 782 961 religionis
798 883 972 946 necessitati
988 897 1093 962 parem

349 977 391 1040 ibi
411 977 577 1042 relicturus
596 979 648 1040 sis.
669 979 734 1054 nge
749 993 835 1054 ergo,
851 993 922 1039 ven.
941 976 1046 1050 frater,
1063 984 1093 1039 et

349 1087 468 1133 novum
489 1073 546 1134 hoc
567 1079 636 1133 tuae
657 1087 728 1150 erga
751 1089 807 1134 nos
826 1071 999 1149 sedemque
1015 1069 1094 1146 hpo-

347 1165 485 1228 scuticam
507 1166 718 1229 observantiae
742 1175 964 1242 argumentum
984 1178 1094 1242 suppe-

347 1259 419 1322 dita.
442 1260 584 1337 hagnam
606 1261 643 1322 de
661 1269 714 1322 tuo
730 1258 890 1336 religionis
903 1257 1092 1336 amplifican-

347 1355 402 1416 dae
422 1353 551 1434 eiusque
582 1352 724 1417 utilitatis
752 1353 962 1432 procurandae
991 1351 1093 1418 studt'o

347 1447 524 1525 opinionem
554 1447 670 1510 iamdiu
701 1447 768 1508 iure
794 1445 1003 1524 concepimus.
1028 1445 1092 1508 Sci-

346 1559 416 1608 mus
438 1549 468 1604 te
490 1541 568 1604 nihil
589 1539 671 1604 aliud
693 1539 754 1604 nisi
776 1539 829 1602 Dei
847 1540 915 1618 Opt.
931 1537 1008 1601 Max.
1026 1539 1091 1615 glo·

346 1635 436 1710 riam,
458 1635 632 1697 animarum
653 1634 796 1710 salutem,
820 1643 850 1696 et
874 1633 1025 1696 Ecclesiae
1046 1632 1090 1694 in-

346 1736 542 1792 crementum
570 1730 634 1791 dies
662 1737 830 1807 noctesque
857 1726 1003 1804 cogitare.
1031 1725 1091 1787 Ex·

345 1823 500 1903 ploratum
521 1822 657 1900 denique
678 1821 766 1883 nobis
787 1827 833 1884 est
852 1821 913 1882 tuis
936 1818 1090 1881 laboribus

345 1924 471 1981 auctum
498 1915 530 1978 in
552 1914 617 1978 istis
637 1914 816 1992 regionibus
843 1929 909 1977 esse
932 1911 1090 1989 religionis

345 2010 553 2088 splendorem,
569 2025 602 2070 ac
620 2016 650 2071 te
665 2001 818 2087 praeclare
832 2007 1024 2086 respondisse
1039 2021 1090 2066 ex-

345 2102 523 2182 pectationi,
545 2118 638 2181 quam
659 2102 731 2164 boni
747 2117 855 2166 omnes
868 2107 1089 2179 conceperunt,

345 2207 417 2262 cnm
432 2203 462 2259 te
477 2195 674 2258 missionibus
685 2195 845 2258 Luisianae
856 2194 1017 2256 devovisti.
1032 2193 1090 2255 Re·

344 2297 415 2365 stat,
439 2293 472 2351 ut
492 2289 693 2367 episcopatus,
718 2303 812 2367 quem
834 2288 1088 2362 memoravimus,

344 2380 446 2446 Novae
476 2381 619 2444 Aureliae
650 2381 858 2458 acceptatione
888 2380 1007 2443 neritis
1030 2380 1090 2442 tuis

345 2482 566 2540 ornamentum
593 2473 675 2537 aliud
704 2475 861 2550 adiungas.
886 2473 963 2536 Huic
984 2480 1087 2536 autern

344 2567 471 2632 consilio
486 2575 516 2630 et
530 2567 737 2630 exhortationi
753 2575 874 2631 nostrae
889 2567 941 2630 nbi
953 2567 1088 2647 primum

345 2670 375 2724 te
396 2659 536 2726 assentiri
567 2661 654 2722 nobis
680 2660 914 2738 significaveris,
940 2661 1089 2723 continno

343 2755 379 2817 ad
400 2763 432 2817 te
451 2754 555 2817 literas
574 2754 752 2832 apostolicas
780 2755 952 2830 mittemus,
977 2755 1088 2833 quibus

344 2848 446 2912 Novae
461 2847 603 2911 Aureliae
616 2847 811 2926 Episcopatus
828 2847 881 2910 tibi
896 2847 1085 2910 conferatur.

343 2944 550 3006 intereavero
564 2942 759 3020 apostolicam
772 2941 1018 3006 benedictionem
1034 2942 1088 3005 tibi

342 3042 540 3114 peramanter
560 3035 769 3113 impertimur.

383 3130 495 3192 flatum
516 3128 630 3191 Romae
654 3127 732 3206 apud
754 3127 785 3191 S.
811 3129 936 3192 Petrum
958 3131 1015 3194 sub
1036 3147 1089 3194 an-

344 3222 418 3284 nulo
437 3199 598 3285 Piscatorr's
618 3221 667 3284 die
683 3236 773 3282 xvvu.
792 3221 859 3284 iulii
874 3238 1085 3302 nocccxxvv,

343 3314 540 3395 pontificatus
561 3313 658 3375 nostri
679 3329 762 3376 anno
782 3330 831 3376 ιιι.

680 3692 748 3755 XX.

342 3878 623 3957 archiepiscopum
646 3879 859 3959 Smyrucrnm
885 3884 1088 3948 Visitotnrem

381 3970 599 4049 apostolicum
620 3973 769 4036 ecclesiae
786 3974 931 4039 chiensis
951 3978 986 4039 in
1001 3980 1086 4042 mori

382 4067 479 4145 Aegeo
510 4065 644 4144 deputat
672 4067 712 4129 nd
744 4072 990 4148 cognoscendum
1018 4073 1087 4134 eius

381 4166 506 4223 statum
524 4165 594 4238 post
609 4162 772 4225 accidiatur
787 4163 868 4226 onnt'
883 4180 1085 4230 nncccxxxrr.

362 4344 530 4414 Venerabili
553 4346 642 4413 fratri
665 4345 780 4416 dioisio
804 4349 919 4426 hariae,
940 4345 1068 4420 carrielli
1114 4292 1117 4438 Ι

494 4438 730 4525 archiepiscopo
754 4439 937 4527 smyrnensi,

595 4628 672 4696 1.Εο
694 4628 755 4696 ΡΡ.
779 4629 836 4697 llll.

555 4814 743 4885 Venerabilis
765 4819 876 4901 frater,

375 4911 556 4978 salutemet
578 4912 774 4994 apostolicam
800 4914 1049 4984 benedictionem.
1113 4900 1116 4955 ¹

382 5103 462 5164 Cum
489 5102 685 5178 accessesit,
708 5112 800 5180 prout
832 5105 923 5167 nobis
952 5107 1084 5170 relatum

341 5196 411 5268 fuit,
435 5196 472 5256 de
491 5202 572 5256 statu
595 5196 747 5272 praesenti
772 5196 910 5260 chiensis
933 5199 1086 5263 Ecclesiae

341 5289 374 5351 in
389 5289 461 5350 Mari
473 5287 576 5365 aegeo
591 5297 730 5351 accurate
744 5307 939 5368 cognoscere,
956 5301 1000 5369 ut,
1019 5304 1085 5373 post

341 5383 559 5459 gravissimum
580 5385 660 5460 quod
684 5384 811 5461 pertulit
830 5375 988 5450 excidium
1003 5405 1084 5451 anno

341 5491 560 5550 nnccoxxur,
581 5491 615 5536 ea
636 5475 741 5538 omnia
759 5486 975 5558 comparentur
989 5499 1023 5544 ac
1037 5497 1084 5544 re-

341 5568 496 5641 ficiantur,
520 5584 597 5647 quae
619 5569 790 5630 necessaria
811 5578 894 5648 sunt,
911 5579 946 5634 ut
962 5572 1084 5651 Episco-

341 5677 409 5740 pus,
431 5678 529 5742 quum
560 5661 655 5724 fuerit
685 5664 813 5738 electus,
835 5667 1020 5728 commorari
1042 5667 1084 5729 ibi

341 5757 500 5818 commode
520 5771 553 5818 ac
573 5753 719 5819 decenter
740 5757 844 5836 possit,
864 5773 919 5820 nos
940 5758 1086 5821 Visitato·

340 5849 409 5912 rem
429 5848 638 5927 apostolicum
660 5851 693 5912 in
707 5850 814 5914 eadem
828 5849 958 5917 dioecesi
972 5851 1083 5916 consti-

1819 457 1878 526 679

1151 610 1239 666 tuere
1259 603 1431 678 statuimas,
1454 621 1487 667 ac
1507 605 1601 678 dete,
1616 619 1690 667 ven.
1707 593 1814 676 frater,
1830 614 1902 678 spe.

1149 697 1257 759 cialem
1278 697 1311 760 in
1333 697 1464 762 Domino
1494 697 1638 760 fiduciam
1668 695 1829 770 habentes,
1854 700 1899 754 te·

1149 805 1211 869 que
1236 807 1251 850 a
1280 790 1439 869 quibusvis
1468 788 1810 863 excommunicationis,
1832 803 1899 849 sus-

1149 881 1305 962 pensionis
1326 891 1357 947 et
1378 881 1546 956 interdicti,
1566 882 1695 964 aliisque
1716 881 1897 946 ecclesiasti-

1148 977 1190 1036 cis
1211 975 1387 1053 sententiis,
1410 976 1548 1038 censuris
1564 983 1595 1038 et
1610 975 1716 1054 poenis
1731 993 1745 1035 a
1761 975 1830 1037 iure
1845 972 1895 1035 vel

1148 1069 1184 1132 ab
1205 1070 1333 1132 homine
1354 1065 1462 1150 quavis
1485 1070 1656 1158 occasione,
1669 1071 1715 1132 vel
1743 1088 1830 1133 causa
1854 1070 1897 1132 la·

1149 1162 1198 1239 tis,
1220 1163 1245 1225 si
1267 1180 1342 1242 quas
1363 1163 1443 1226 forte
1463 1164 1633 1237 incurristi,
1656 1163 1750 1226 huius
1773 1168 1895 1227 tantum

1147 1255 1193 1318 rei
1223 1257 1318 1334 gratia
1349 1255 1543 1319 absolventes
1566 1265 1598 1319 et
1627 1256 1803 1319 absolutum
1827 1255 1895 1318 fore

1147 1357 1322 1423 censentes,
1355 1351 1393 1412 de
1423 1364 1518 1412 venn.
1550 1351 1684 1413 fratrum
1714 1357 1893 1413 nostrorum

1148 1442 1179 1506 S.
1193 1443 1228 1504 R.
1244 1443 1279 1505 E.
1296 1442 1505 1506 cardinalium
1528 1443 1660 1520 negotiis
1676 1443 1893 1523 Propagandae

1147 1537 1230 1599 Fidei
1253 1537 1499 1616 praepositorum
1519 1536 1660 1610 consilio,
1684 1544 1713 1598 te
1734 1537 1767 1600 in
1783 1537 1894 1600 Visita-

1148 1637 1246 1693 torem
1258 1630 1467 1708 Apostolieum
1482 1630 1627 1693 dioecesis
1638 1630 1780 1694 chiensis
1791 1638 1893 1696 aucto·

1147 1723 1237 1785 ritate
1257 1725 1431 1802 apostolica,
1456 1733 1564 1786 tenore
1588 1727 1812 1804 praesentium,
1838 1725 1892 1788 eli·

1146 1817 1249 1893 gimus
1270 1826 1301 1880 et
1322 1819 1517 1898 deputamus,
1535 1818 1652 1898 tibique
1667 1818 1825 1883 facultates
1840 1835 1892 1882 ne·

1146 1911 1288 1973 cessarias
1304 1917 1334 1974 et
1349 1919 1534 1992 opportunas
1549 1912 1626 1976 diota
1640 1913 1821 1976 auctoritate
1838 1914 1891 1976 tri-

1146 2004 1271 2068 buimus
1286 2013 1317 2069 et
1331 2005 1541 2084 impertimur,
1553 2005 1636 2068 salva
1652 2014 1755 2068 tamen
1770 2022 1894 2085 semper

1146 2099 1179 2160 in
1194 2097 1369 2175 praemissis
1382 2101 1564 2174 auctoritato
1576 2100 1831 2178 congregationis
1843 2117 1893 2165 eo·

1147 2197 1289 2256 rumdem
1311 2193 1531 2257 Cardinalium.
1795 2209 1797 2214 ·

1185 2287 1296 2350 ilatum
1318 2286 1442 2362 Romae,
1466 2287 1546 2365 apud
1568 2283 1599 2348 S.
1618 2287 1745 2350 Petrum
1765 2287 1823 2351 sub
1840 2305 1892 2350 an-

1146 2381 1221 2442 nulo
1243 2381 1412 2458 piscatoris
1434 2380 1483 2442 die
1497 2395 1562 2442 ιιι.
1584 2387 1660 2458 sept.
1678 2398 1891 2459 uococxxva,

1146 2475 1342 2555 pontificatus
1364 2474 1461 2536 nostri
1483 2490 1564 2536 auno
1586 2490 1634 2537 ιιι.

1396 2634 1648 2650 Ἠ

1478 2757 1560 2820 ΧΧΙ.

1147 2942 1329 3006 destinatio
1355 2944 1505 3023 postoris,
1537 2946 1603 3024 qui,
1635 2951 1774 3025 tempore
1798 2949 1900 3012 cocu

1186 3037 1285 3099 tionis
1306 3035 1453 3099 ccclesiae
1474 3037 1662 3115 episcopalis
1678 3037 1761 3102 conc
1782 3040 1816 3102 in
1837 3043 1889 3106 fn-

1185 3131 1249 3194 dic‘s
1282 3127 1552 3204 Occidentoltbus,
1584 3131 1675 3195 illius
1697 3132 1889 3213 doberniam

1184 3224 1356 3303 suscipiat.

1361 3381 1363 3384 ’
1397 3392 1471 3462 1.Εο
1493 3394 1553 3462 ΡΡ.
1579 3393 1638 3462 llll.

1277 3517 1313 3584 ad
1340 3517 1470 3586 futuram
1501 3517 1544 3585 rei
1573 3519 1752 3586 memoriam.

1184 3699 1203 3774 ἓ
1226 3696 1252 3758 f.
1269 3695 1474 3759 Ecclesiarum
1486 3696 1628 3759 omnium
1639 3713 1710 3760 cura
1722 3705 1813 3778 atquc
1830 3697 1889 3760 sol-

1144 3791 1283 3866 licitudo,
1307 3806 1415 3853 earum
1437 3790 1488 3852 vel
1511 3789 1657 3866 maxime,
1680 3807 1759 3869 quae
1776 3791 1889 3870 prima·

1144 3892 1201 3960 tes,
1214 3901 1247 3948 ac
1259 3882 1526 3959 disiunctissimae,
1540 3899 1597 3945 suo
1611 3892 1717 3946 carent
1729 3885 1887 3962 Antistile,

1144 3978 1241 4041 felicis
1261 3977 1480 4040 recordationis
1500 3977 1687 4054 cregorium
1709 3977 1790 4042 xiil.
1803 3995 1889 4058 prae-

1145 4074 1335 4136 decessorem
1357 4079 1497 4134 nostrum
1521 4072 1729 4147 adduxerunt,
1754 4081 1788 4136 nt
1807 4089 1888 4135 sere-

1144 4164 1262 4228 nissimi
1275 4163 1448 4226 Lusitaniae
1462 4171 1492 4226 et
1504 4163 1721 4240 algarniorum
1737 4166 1820 4244 regis
1834 4183 1888 4229 vo·

1145 4259 1183 4322 tis
1204 4265 1367 4333 annueret,
1384 4259 1459 4320 dum
1480 4257 1569 4336 petiit
1590 4257 1779 4335 facultatem,
1795 4277 1888 4340 quam

1143 4352 1338 4415 intereadum
1370 4351 1449 4412 coac
1478 4350 1621 4426 Ecclesia,
1650 4354 1830 4432 metropolis
1858 4366 1888 4421 et

1114 4444 1340 4509 'ecclesiarum
1370 4443 1472 4506 indiae
1503 4444 1665 4507 Orientalis
1694 4446 1813 4525 prima,
1831 4467 1888 4514 suo

1143 4540 1265 4602 viduata
1281 4545 1412 4616 pastore,
1427 4538 1624 4601 Cochinensis
1641 4539 1818 4618 Episcopus,
1834 4543 1887 4622 qui

1143 4632 1188 4694 illi
1211 4630 1435 4709 metropolitico
1459 4632 1526 4693 iure
1547 4631 1663 4707 subest,
1680 4632 1712 4693 in
1729 4649 1762 4693 ea
1777 4631 1887 4699 sedens

1143 4725 1295 4800 cathedra,
1319 4725 1385 4785 eius
1411 4724 1557 4786 ecclesiae
1585 4725 1756 4786 rationibus
1778 4745 1887 4792 consu·

1036 4851 1040 4860 ·
1144 4819 1232 4892 leret,
1255 4820 1344 4896 eique
1366 4817 1499 4879 maxime
1521 4818 1647 4880 utilitati
1663 4825 1694 4880 et
1707 4818 1886 4885 adiumento

1143 4912 1232 4973 foret.
1268 4912 1333 4988 ipse
1363 4911 1448 4972 enim
1478 4910 1633 4990 perspexit
1656 4905 1804 4990 pontifex,
1833 4916 1885 4979 ubi

1143 5011 1227 5067 vacat
1248 5003 1436 5066 cadunensis
1451 5007 1548 5079 sedes,
1565 5020 1663 5082 quum
1684 5004 1764 5068 coae
1779 5007 1886 5071 civitas

1142 5098 1229 5159 valde
1245 5097 1352 5178 procul
1365 5099 1402 5158 ab
1414 5096 1500 5171 urbe,
1518 5099 1551 5158 in
1565 5114 1624 5175 qua
1635 5098 1791 5162 Romanus
1806 5101 1885 5164 Pon·

1143 5191 1216 5252 tifex
1237 5190 1333 5266 sedet,
1356 5189 1509 5268 longaque
1524 5197 1556 5252 et
1576 5189 1706 5254 difficilis
1725 5192 1884 5258 subeunda

1142 5285 1309 5362 navigatio,
1325 5283 1384 5346 nisi
1406 5284 1532 5346 biennio
1552 5292 1670 5361 exacto,
1683 5293 1715 5348 et
1736 5303 1886 5365 saepenu-

1142 5394 1228 5440 mero
1250 5378 1342 5439 etiam
1366 5377 1512 5452 triennio,
1535 5393 1654 5440 novum
1677 5378 1759 5442 illius
1786 5387 1886 5460 pasto·

1141 5487 1208 5533 rem
1222 5487 1259 5532 eo
1272 5470 1356 5533 adire
1371 5486 1566 5549 nequaquam
1581 5487 1684 5551 posse3
1708 5472 1765 5535 boc
1779 5483 1885 5537 autem

1927 455 1981 512 Aa.
1995 459 2026 512 o.
2048 459 2116 532 rsus

1924 2087 1927 2098 t

1934 3710 2008 3756 Ratio
2022 3721 2120 3758 conoes-

1907 3761 1994 3810 sionis.

1141 5565 1288 5642 temporis
1310 5563 1474 5627 intervallo
1491 5563 1577 5643 plura
1592 5581 1654 5627 non
1677 5565 1782 5630 miuus
1796 5566 1829 5630 in
1843 5568 1884 5630 ci·
1902 5575 1906 5590 ·

1140 5659 1237 5721 vilem
1258 5675 1351 5738 quam
1377 5658 1408 5720 in
1436 5657 1632 5720 christianam
1660 5659 1883 5738 rempublicam

1139 5753 1226 5832 sequi
1240 5752 1328 5828 mala,
1346 5767 1448 5814 mores
1462 5753 1634 5830 corrumpi,
1648 5752 1883 5818 ecclesiasticam

1139 5845 1269 5910 relaxari
1299 5845 1509 5925 disciplinam,
1539 5847 1692 5925 evangelii
1718 5863 1882 5929 praecones
