4856 7010
989 591 1060 637 Plus
1081 590 1131 636 PP.
1155 591 1222 637 Vlll.

334 725 410 774 num
425 709 632 774 indifferentia
644 719 776 790 systema
789 711 838 773 rel
850 711 914 789 ipso
929 708 1076 772 naturalis

333 802 459 865 rationis
471 805 592 868 lumine
603 807 775 885 explosum,
789 821 848 884 qua
859 803 1074 877 admonemur,

240 933 242 936 -
332 911 371 956 ιι
392 896 614 975 religionibus,
636 915 715 977 quae
741 898 835 960 simul
864 898 944 960 haud
964 911 1075 958 conve-

332 989 432 1066 niant,
454 990 479 1052 si
501 1007 562 1054 una
583 1007 655 1054 vera
676 993 731 1070 sit,
753 992 882 1054 alteram
904 990 1075 1052 necessario

332 1081 438 1144 ialsam
460 1099 538 1159 esse,
560 1085 740 1165 nullamque
761 1091 867 1147 extare
887 1099 975 1162 posse
991 1086 1076 1144 tene'·

332 1175 459 1239 brarum
491 1193 562 1240 cum
592 1178 661 1242 luce
695 1179 883 1242 societatem.
921 1178 1075 1241 Adversus

330 1269 423 1332 hosce
437 1279 626 1334 veteratores
640 1271 787 1334 edocendi
801 1280 875 1336 sunt
889 1271 1005 1350 populi,
1023 1286 1075 1332 ve·

331 1364 485 1426 nerablles
506 1364 626 1441 iratres,
643 1365 807 1428 catholicae
828 1365 900 1427 fidei
915 1362 1076 1443 professio-

331 1472 404 1518 nem
420 1457 511 1520 nnice
522 1474 627 1521 reram
638 1475 715 1537 esse,
728 1460 917 1522 adclamante
929 1455 1074 1534 Apostolo

331 1565 431 1613 unum
453 1551 632 1629 Dominum,
655 1567 748 1614 unam
776 1551 880 1626 fidem,
902 1565 1003 1614 unum
1023 1549 1074 1611 ba-

330 1645 441 1722 ptisma
456 1646 516 1730 (l):
534 1649 698 1726 profanum
713 1649 781 1714 ideo
796 1665 872 1725 esse,
892 1647 937 1710 uti
953 1645 1073 1723 inquie-

330 1737 380 1798 bat
390 1737 599 1819 Hieronymus
612 1740 668 1823 (ι),
681 1743 734 1820 qni
748 1752 836 1804 extra
851 1740 931 1802 hanc
945 1739 1073 1802 domum

330 1845 445 1906 agnum
461 1835 610 1910 comedat,
626 1845 658 1899 et
672 1837 845 1913 periturum
862 1839 1014 1909 regnante
1029 1830 1072 1892 di·

329 1923 416 1987 turio
435 1927 489 2004 qui
510 1925 543 1988 in
564 1945 631 1990 arca
653 1928 718 1990 Noe
739 1946 802 1992 non
829 1927 934 1990 luerit.
965 1924 1073 2002 Neque

328 2021 413 2079 enlm
435 2029 556 2098 praeter
570 2038 686 2084 nomen
702 2023 768 2084 lesu
784 2021 866 2084 alind
888 2033 1004 2082 nomen
1019 2017 1073 2079 ho-

328 2111 466 2176 minihus
493 2116 599 2178 datum
627 2125 684 2193 est,
706 2105 823 2194 inquo
851 2130 907 2176 nos
934 2118 1072 2192 oporteat

328 2205 428 2268 salros
456 2207 524 2270 fieri
545 2206 607 2291 (3);
630 2211 736 2289 etqui
764 2207 948 2281 crediderit,
970 2205 1072 2266 salins

328 2301 398 2360 erit:
415 2301 469 2378 qui
480 2317 544 2364 non
557 2302 731 2378 crediderit,
743 2299 1002 2364 condemnabitur
1013 2295 1070 2374 (t).

367 2394 619 2472 Pervigilandum
641 2412 764 2477 quoque
785 2404 830 2459 est
854 2397 1000 2458 adversus
1020 2408 1071 2453 eo·

327 2503 398 2549 rum
419 2489 558 2564 consilia,
579 2491 693 2572 quibus
713 2490 878 2553 bibliorum
895 2488 964 2550 libri
983 2487 1072 2549 novis

327 2598 360 2642 ac
381 2590 504 2660 praeter
530 2584 746 2647 saluberrimas
770 2582 921 2646 Ecclesiae
950 2581 1072 2658 regulas

326 2675 416 2737 editis
437 2677 755 2756 interpretationibus,
772 2679 869 2757 iisque
891 2692 929 2738 ex
950 2676 1071 2754 privato

326 2768 437 2846 spiritu
459 2770 567 2835 callide
588 2773 620 2834 in
640 2787 750 2850 pravos
779 2787 887 2834 sensus
909 2768 1070 2844 contortis,

326 2863 492 2926 vernacula
513 2864 651 2944 qualibet
673 2866 778 2943 lingua
799 2863 1027 2944 pervulgantur
1040 2869 1071 2922 et

326 2956 441 3035 ubique
462 2959 596 3022 maxima
616 2966 706 3039 atque
735 2957 909 3024 incredibili
931 2960 1070 3036 impensa

325 3051 445 3130 populis
473 3053 564 3116 etiam
594 3053 769 3118 rudioribus
796 3055 929 3132 gratuito
956 3054 1072 3131 imper·

324 3145 460 3221 liuntur,
473 3147 627 3230 perversis
642 3164 764 3227 quoqne
778 3148 858 3210 haud
874 3163 942 3209 raro
953 3146 1070 3208 immis-

324 3239 363 3300 sis
378 3239 622 3318 scriptiunculis,
638 3249 673 3302 ut
688 3241 800 3303 lethale
815 3241 959 3303 obbibant
975 3255 1070 3302 vene-

325 3349 414 3411 num,
428 3335 480 3396 ubi
491 3350 585 3412 aquas
599 3351 666 3397 sese
678 3335 803 3398 haurire
817 3342 936 3397 cessent
950 3335 1070 3410 sapien-

324 3426 384 3490 tiae
404 3427 556 3489 salutaris.
583 3429 666 3491 Alias
686 3429 870 3510 iampridem
898 3428 1068 3507 Apostolioa

325 3520 418 3584 Sedes
438 3522 475 3585 de
498 3523 617 3601 ingenti
643 3524 699 3588 hac
720 3525 792 3588 fidei
819 3523 903 3586 clade
930 3521 1069 3585 christia·

324 3630 401 3676 num
424 3617 574 3694 populum
594 3619 752 3682 monitum
774 3617 885 3692 voluit,
904 3623 1068 3694 tantaeque

323 3711 470 3805 perniciei
492 3719 631 3776 auctores
648 3711 800 3776 contudit.
823 3715 900 3776 Hinc
915 3715 997 3794 quod
1012 3731 1068 3794 per

323 3805 445 3882 regulas
476 3805 586 3870 lndicis
617 3807 792 3870 Tridentini
823 3808 955 3871 concilii
983 3810 1067 3873 iussu

324 3899 430 3974 editas,
446 3908 475 3961 ιι
490 3915 545 3977 per
565 3901 663 3979 ipsam
685 3902 966 3979 congregationem
987 3902 1069 3965 lndi-

323 3992 364 4053 cis
385 3990 444 4054 luit
469 3999 593 4055 cautum
618 3993 673 4073 (5),
696 3995 840 4057 omnium
865 3997 981 4058 iterum
1002 4013 1067 4059 me·

322 4085 438 4147 moriae
459 4087 652 4161 mandatum,
671 4086 839 4150 bibliorum
860 4091 1018 4152 versiones
1033 4093 1066 4154 in

322 4178 485 4256 vulgarem
507 4179 646 4256 linguam
662 4195 725 4241 non
745 4195 812 4244 esse
832 4183 1065 4261 permittendas,

323 4272 382 4334 nisi
404 4288 481 4352 qnae
502 4272 620 4335 tuerint
647 4272 684 4334 ab
709 4273 882 4352 Apostolica
910 4275 988 4339 Sede
1015 4277 1065 4338 ad-

321 4365 474 4444 probatae,
497 4376 528 4429 ιι
548 4382 620 4429 cum
640 4366 889 4430 adnotationibus
904 4369 1001 4431 editae
1015 4371 1066 4430 de·

321 4461 452 4536 sumptis
472 4476 511 4522 ιι
532 4460 643 4522 sanctis
666 4460 818 4523 Ecclesiae
839 4461 986 4539 patribus.
1014 4460 1064 4524 Sa'·

321 4569 370 4615 cra
384 4555 470 4614 enim
487 4553 667 4615 Tridentino
681 4556 816 4632 synodus
832 4555 864 4614 ln
879 4569 952 4615 eum
969 4557 1064 4618 smem

320 4643 499 4708 decreverat
520 4644 577 4727 (6),
593 4649 630 4710 ad
645 4649 811 4709 coercenda
832 4647 1002 4725 petulantia
1018 4649 1064 4710 in-

321 4738 422 4814 genia,
439 4746 473 4801 ut
488 4755 580 4801 nemo
600 4756 672 4802 snae
687 4739 870 4820 prudentiae
890 4740 1016 4803 innixus
1031 4743 1063 4802 in

320 4834 411 4896 rebus
442 4834 513 4897 fidei
541 4843 571 4897 et
596 4852 719 4898 morum
752 4837 787 4900 ad
818 4837 1062 4900 aedificationem

320 4928 477 4991 doctrinae
498 4929 680 4991 christianae
698 4929 925 5008 pertinentium
947 4946 1063 4994 sacram

320 5019 511 5098 Scripturam
532 5021 568 5083 ad
589 5040 660 5086 suos
674 5039 782 5086 sensus
803 5027 994 5102 detorqueat,
1010 5034 1063 5089 aut

320 5124 426 5178 contra
447 5132 521 5180 eum
541 5131 680 5192 sensum,
697 5133 791 5196 quem
812 5120 914 5182 tenuit
928 5137 961 5183 ac
975 5115 1063 5185 lohet

319 5217 421 5271 sancta
432 5217 530 5272 mater
545 5209 688 5286 Ecclesia,
698 5219 749 5272 aut
759 5211 853 5273 etiam
865 5221 970 5276 contra
986 5231 1063 5277 una·

319 5301 438 5364 nimem
460 5317 644 5365 consensum
660 5309 784 5382 patrum
805 5305 903 5383 ipsam
924 5305 1062 5385 Scriptu-

358 5583 386 5638 (ι)
402 5581 439 5626 ad
454 5581 546 5639 Ephes.
560 5585 582 5637 4,
596 5583 615 5626 5.

358 5651 386 5707 (ι)
403 5653 447 5707 Ep.
462 5650 496 5696 ad
509 5652 611 5696 Damas.
627 5652 699 5696 Pont.
714 5661 781 5707 quae
796 5652 835 5697 est
850 5653 883 5698 37.

356 5717 537 5775 &wdm

357 5784 385 5840 (ι)
401 5785 528 5839 alarcila,
544 5787 576 5830 ιι.

358 5854 387 5909 (5)
401 5853 466 5910 Reg.
480 5857 493 5898 4
506 5853 608 5910 indicis,
623 5856 650 5900 ot
667 5854 748 5900 addit.
763 5854 791 5899 in
809 5856 928 5902 eamdem
944 5869 974 5903 ex
989 5860 1058 5906 decr.

316 5920 369 5967 ind.
384 5932 441 5966 xrn.
457 5921 514 5965 luni
528 5933 700 5967 mcccxxxvrr.

358 5989 387 6046 (d)
403 5992 471 6034 sesa.
485 5993 498 6033 4
512 5989 539 6034 in
553 5989 607 6035 dec.
621 5989 653 6035 de
667 6001 717 6036 sac.
733 5991 830 6038 bibliis

422 6113 475 6160 lor.
492 6113 561 6160 root.
576 6111 606 6160 dc
622 6114 696 6176 Prop.
710 6114 773 6162 Fide
787 6117 869 6164 Partis
882 6119 900 6164 l.
916 6117 970 6164 vol.
986 6121 1025 6168 lv.

1132 724 1198 770 ram
1221 717 1360 770 sanctam
1387 709 1619 784 interpretetur.
1648 703 1764 781 Quibus
1785 715 1875 762 cano·

1131 801 1207 864 nicis
1228 801 1521 880 praescriptionibus
1543 800 1615 862 licet
1635 796 1797 860 manifeste
1825 809 1874 872 pa·

1132 901 1204 971 teat,
1222 894 1398 957 huiusmodi
1420 895 1567 957 adversus
1584 891 1763 959 catholicam
1780 889 1874 951 sulem

1129 987 1372 1050 machinationes
1394 987 1486 1064 longe
1507 985 1694 1049 antefuisse
1715 983 1871 1063 protritas,

1130 1083 1278 1160 postremi
1301 1088 1404 1145 tamen
1426 1081 1521 1144 felicis
1547 1077 1765 1144 recordationis
1786 1091 1873 1155 prae·

1130 1178 1304 1239 decessores
1325 1177 1423 1238 nostrl
1437 1175 1474 1238 de
1489 1175 1648 1238 christiani
1669 1172 1773 1252 populi
1790 1172 1873 1234 inco-

1130 1269 1271 1332 lumitate
1280 1269 1404 1332 solliciti
1421 1268 1554 1332 nefarios
1569 1271 1660 1331 hosce
1675 1283 1779 1342 ausus,
1794 1283 1872 1344 quos

1129 1363 1361 1441 percrebescere
1392 1363 1530 1440 undique
1561 1362 1871 1435 animadverterunt,

1130 1455 1275 1531 gravibus
1296 1457 1333 1518 de
1355 1471 1390 1518 ea
1411 1471 1444 1518 re
1465 1455 1542 1517 datis
1569 1453 1741 1535 apostolicis
1762 1452 1871 1528 literis,

1128 1551 1286 1628 speciatim
1306 1551 1540 1630 compescendos
1564 1557 1715 1612 curarunt
1736 1546 1792 1626 (7).
1819 1546 1872 1609 llis

1129 1651 1160 1704 et
1181 1659 1245 1719 ros,
1268 1644 1459 1707 venerabiles
1487 1644 1613 1720 iratres,
1636 1643 1729 1704 armis
1757 1640 1871 1719 praelia

1128 1739 1250 1801 Domini
1272 1739 1305 1800 in
1326 1746 1412 1802 tanto
1433 1755 1536 1802 sacrae
1556 1737 1712 1802 doctrinae
1734 1734 1871 1815 periculo

1128 1833 1266 1911 praeliari
1288 1833 1455 1908 conamini,
1472 1849 1512 1896 ne
1527 1838 1630 1894 vestro
1651 1833 1684 1893 in
1700 1845 1795 1907 grege
1808 1829 1872 1892 exi·

1128 1931 1199 1993 tiale
1221 1931 1250 1994 id
1273 1945 1373 2007 genus
1394 1929 1480 1992 virus
1495 1928 1530 1990 ad
1545 1927 1769 2005 imperatorum
1785 1939 1870 2004 prae·

1127 2024 1235 2086 sertim
1257 2040 1365 2087 necem
1386 2021 1583 2086 diffundatur.

1168 2116 1227 2181 llac
1238 2133 1313 2180 vero
1324 2116 1441 2179 sublata
1456 2132 1612 2179 sacrarum
1627 2115 1790 2177 literarum
1804 2128 1870 2176 cor·

1128 2209 1284 2287 ruptione,
1301 2216 1475 2272 vestrarum
1496 2219 1542 2272 est
1558 2209 1705 2288 partium,
1722 2223 1792 2270 ven.
1811 2206 1869 2270 lra-

1129 2310 1202 2378 tres,
1224 2305 1370 2366 adversus
1395 2304 1526 2366 occultas
1548 2303 1615 2365 illas
1639 2303 1805 2365 hominum
1828 2301 1870 2363 la·
1919 2355 1923 2362 ,

1126 2398 1292 2460 otiosorum
1314 2398 1473 2460 societates
1494 2413 1583 2460 curas
1604 2403 1800 2472 convertere,
1816 2397 1870 2475 qui

1128 2491 1160 2554 in
1172 2493 1271 2555 Deum
1282 2501 1313 2554 et
1329 2491 1482 2572 principes
1494 2491 1607 2554 intensi
1619 2491 1674 2553 toti
1687 2491 1720 2552 in
1736 2507 1772 2552 eo
1782 2497 1868 2567 sunt,

1126 2591 1161 2646 ut
1175 2583 1327 2648 Ecclesiae
1350 2586 1461 2661 labem,
1477 2585 1582 2663 regnis
1603 2585 1785 2664 perniciem,
1802 2585 1868 2647 orbi

1127 2681 1273 2743 universo
1287 2681 1553 2758 perturbationem
1576 2680 1757 2759 importent,
1773 2679 1869 2741 viam·

1125 2776 1241 2854 quoad
1263 2775 1376 2852 flagitia
1397 2782 1548 2850 sternant,
1571 2774 1676 2836 fraeno
1691 2789 1782 2838 verae
1798 2773 1869 2836 fidei

1126 2867 1288 2932 contracto.
1311 2869 1368 2944 Qui
1388 2870 1514 2949 quidem
1536 2884 1608 2931 cnm
1629 2867 1866 2930 tenebricosissi-

1127 2964 1169 3023 mi
1191 2963 1292 3026 arcani
1314 2962 1465 3041 religione
1487 2962 1715 3041 improbitatem
1738 2979 1869 3024 suorum

1124 3063 1269 3121 coetuum
1296 3063 1498 3137 susceptaque
1518 3056 1551 3117 in
1574 3055 1645 3134 ipsis
1673 3055 1800 3118 consilia
1821 3071 1870 3117 ce·

1125 3151 1188 3213 lare
1210 3151 1400 3226 adnitantur,
1424 3166 1551 3227 gravem
1572 3150 1628 3212 hac
1650 3149 1712 3227 ipsa
1726 3165 1764 3210 ιι
1779 3165 1868 3212 causa

1124 3260 1231 3307 earum
1258 3243 1490 3322 turpitudinum
1517 3242 1725 3322 suspicionem
1755 3242 1867 3305 iniece-

1124 3345 1210 3412 runt,
1233 3352 1312 3417 qnae
1336 3337 1478 3417 deinceps
1500 3353 1556 3416 pro
1582 3344 1763 3416 temporum
1783 3350 1867 3413 aspe-

1123 3431 1224 3507 ritate,
1247 3431 1346 3494 veluti
1368 3447 1386 3493 e
1407 3439 1499 3509 puteo
1524 3429 1635 3510 abyssi,
1657 3431 1689 3491 in
1710 3421 1866 3492 summam

1123 3527 1168 3586 rei
1189 3541 1290 3589 sacrae
1309 3531 1340 3588 et
1354 3523 1492 3603 publicae
1513 3525 1660 3587 iacturam
1681 3529 1863 3602 eruperunt.

1123 3619 1201 3682 llinc
1213 3619 1321 3681 iterato
1336 3621 1555 3682 anathematea
1569 3617 1699 3681 summis
1711 3615 1866 3678 Pontidci·

1123 3715 1180 3776 bus
1202 3712 1481 3792 praedecessoribus
1497 3711 1611 3773 nostris
1626 3710 1788 3774 Clemente
1799 3709 1862 3773 llll.

1123 3810 1288 3872 Benedicto
1316 3805 1396 3871 llll.
1433 3807 1485 3870 Pio
1507 3806 1571 3868 llll.
1602 3806 1705 3868 Leone
1731 3804 1796 3868 llll.
1820 3803 1865 3882 (8)

1122 3903 1171 3963 cui
1186 3902 1306 3965 meritis
1321 3902 1413 3978 longe
1428 3901 1595 3979 imparibus
1610 3899 1729 3961 suffecti
1744 3914 1865 3972 snmus,

1122 3997 1258 4059 occultae
1280 3997 1309 4060 id
1337 4011 1435 4072 genus
1462 4004 1573 4068 sectae,
1596 4009 1793 4073 quocumque
1814 3993 1865 4056 de·

1123 4105 1209 4153 mum
1225 4092 1354 4152 nomine
1365 4096 1634 4168 nuncuparentur,
1648 4086 1785 4151 confisae
1799 4085 1864 4149 lue

1121 4189 1207 4258 runt,
1229 4183 1307 4245 datis
1327 4183 1361 4245 in
1382 4198 1450 4245 eam
1472 4197 1540 4244 rem
1560 4179 1732 4258 apostolicis
1753 4180 1863 4255 literis,

1119 4292 1253 4356 quarum
1279 4277 1488 4340 ordinationes
1513 4275 1550 4339 de
1576 4274 1758 4354 apostolicae
1779 4281 1866 4353 pote·

1119 4371 1202 4432 statis
1223 4370 1416 4450 plenitudiue
1437 4371 1667 4444 confirmamus,
1683 4375 1715 4430 et
1735 4367 1864 4430 omnino

1119 4465 1237 4525 servari
1258 4463 1458 4538 mandamns3
1481 4479 1539 4541 qua
1561 4463 1594 4523 in
1616 4478 1649 4523 re
1664 4477 1704 4523 ne
1725 4461 1797 4541 quid
1814 4463 1865 4524 de·

1119 4557 1260 4620 trimenti
1282 4575 1298 4618 a
1320 4557 1429 4619 talium
1456 4563 1610 4619 sectarum
1638 4555 1864 4632 conspiratione

1119 4651 1252 4712 Ecclesia
1274 4657 1305 4712 et
1320 4649 1440 4727 publica
1456 4665 1504 4711 res
1519 4647 1648 4726 capiant,
1665 4648 1749 4710 omni
1763 4647 1863 4710 studio

1118 4742 1367 4820 advigilabimuS,
1391 4743 1537 4805 instantia
1561 4748 1663 4804 vestra
1685 4742 1862 4821 quotidiana

1118 4838 1150 4900 in
1173 4845 1295 4900 tantum
1322 4837 1422 4916 operis
1443 4839 1597 4913 advocata,
1626 4843 1672 4910 ιι,
1694 4834 1795 4896 ιιιιιι
1815 4849 1862 4896 ar-

1118 4936 1272 4994 maturam
1294 4931 1371 5005 reti,
1394 4939 1523 4993 strenue
1542 4931 1576 4991 in
1598 4929 1716 4990 unitate
1735 4928 1863 5006 spiritus

1117 5041 1317 5088 communem
1339 5032 1489 5100 nostram,
1506 5024 1569 5086 imo
1589 5023 1696 5084 verius
1719 5021 1772 5083 liei
1793 5037 1862 5083 can-

1116 5134 1192 5194 sam,
1218 5134 1344 5196 agamus
1373 5119 1410 5180 ad
1439 5115 1682 5180 destructionem
1714 5113 1861 5176 munitio-

1118 5230 1207 5289 num,
1223 5229 1297 5292 quas
1314 5213 1420 5290 putida
1439 5211 1604 5273 hominum
1620 5223 1754 5288 nequam
1769 5223 1860 5288 oppo-

1117 5309 1165 5372 nit
1191 5308 1340 5388 impietas.

1155 5592 1185 5648 (ιι
1201 5593 1336 5647 negantur
1350 5591 1421 5635 inter
1435 5591 1540 5636 caetera
1554 5586 1606 5633 litt.
1617 5588 1700 5644 apost.
1712 5582 1750 5628 Pii
1765 5581 1861 5627 Vl1.ad

1113 5658 1232 5715 archiep.
1248 5661 1375 5703 Gnesnen.
1386 5669 1403 5702 1.
1415 5656 1485 5702 innli
1494 5665 1634 5701 unoocxvt.
1646 5652 1713 5698 etad
1724 5651 1799 5696 Arch.
1811 5651 1860 5694 llo

1114 5725 1236 5772 kilovlen.
1252 5739 1289 5772 ιιι.
1306 5729 1371 5782 sept.
1387 5735 1528 5772 unccoxvr.

1155 5795 1184 5848 (il)
1200 5794 1280 5839 clem.
1294 5795 1347 5839 Xll.
1370 5797 1451 5840 const.
1476 5797 1509 5838 ln
1529 5793 1663 5837 eminenti.
1686 5785 1781 5832 Bened.
1796 5786 1858 5828 xlv.

1113 5865 1194 5906 const.
1218 5865 1356 5912 Providus,
1373 5861 1412 5908 Pii
1426 5865 1478 5907 vll.
1493 5860 1574 5906 const.
1597 5859 1737 5902 Ecclesiam
1759 5865 1776 5898 α
1798 5855 1859 5896 lesu

1115 5932 1225 5980 Chr-tato,
1243 5931 1336 5978 Leonis
1350 5933 1402 5978 Xll.
1417 5932 1499 5978 const.
1517 5933 1571 5981 Quo
1584 5927 1720 5978 praviora.

1726 6111 1753 6154 90

1798 561 1855 626 743
1905 560 1959 614 Διι.
1974 561 2004 614 O.
2025 561 2095 615 1829
