4754 6966
2146 537 2249 601 Amo.
2274 541 2346 599 1767
2367 543 2368 550 ’

343 570 442 628 auc.
466 573 533 626 176⁷
585 559 642 633 iso
1089 573 1152 627 iii.
1178 569 1268 626 roni.
1292 565 1332 622 is
1354 577 1383 620 i.
1407 563 1436 622 r.
1461 561 1544 619 iiis
1566 560 1588 617 i.

564 708 609 770 rei
630 705 854 768 discussionem
885 717 1020 782 congrua
1049 712 1080 765 et
1102 709 1309 766 consentanea
1337 696 1340 745 l
1367 710 1427 770 res,
1451 700 1481 756 et
1506 693 1638 755 viriliter
1661 705 1787 767 urgeas,
1810 691 1856 766 ut,
1880 684 1965 752 omni
1987 702 2116 765 suspeu-

564 808 685 880 reperta
708 801 739 862 in
762 801 847 862 liunc
869 800 995 860 modum
1017 814 1050 858 se
1071 797 1195 859 babent.
1366 787 1452 848 sione
1474 803 1491 848 e
1512 786 1614 848 medio
1635 785 1766 860 sublata,
1782 783 1921 846 reductio
1938 783 2112 845 dioecesum

341 909 545 964 necaruniuipo-
604 913 626 956 i.
650 896 691 958 Ut
712 895 797 956 iusta
818 892 1076 955 constitutionem
1097 907 1121 952 s.
1146 907 1188 951 m.
1212 890 1312 950 Bene·
1367 879 1399 941 itt
1422 887 1501 955 octo,
1523 879 1696 941 secundum
1719 877 1834 939 slmiles
1850 875 2021 953 unicui‘er
2043 875 2114 935 ³5⁵1·

331 962 546 1072 {iffissciiigiiil
564 991 637 1054 dicti
660 989 739 1054 xlv.
770 1005 848 1068 quae
878 987 985 1066 incipit
1007 985 1202 1064 Apostolicu,
1225 983 1310 1044 seiles
1366 980 1487 1049 gnatos,
1500 979 1532 1034 et
1547 971 1582 1033 ad
1599 987 1741 1034 normam
1756 968 1972 1048 praescriptam
1991 967 2022 1029 iii
2035 967 2114 1045 Syn·

1366 1065 1423 1127 odo
1445 1065 1610 1128 Libanensi
1631 1065 1796 1138 antedicta,
1822 1064 1906 1126 inter
1933 1063 2111 1141 Episcopus,

332 1070 444 1125 ΝΟΜ
481 1071 545 1115 ΡΝ·
563 1083 746 1164 episcopales
768 1082 802 1143 ad
832 1090 899 1144 octo
929 1081 1089 1143 dumtaxat
1121 1077 1311 1140 reducantur

1365 1174 1441 1236 quos
1463 1159 1560 1236 magis
1583 1159 1708 1221 idoneos
1730 1157 1817 1234 gregi
1843 1157 2006 1218 bominico
2028 1156 2112 1218 utili-

331 1123 545 1232 ggp,¹{3}²⁰„¹'¹3,⁰l
562 1179 620 1240 sub
641 1193 738 1257 poena
765 1174 978 1255 suspensionis
1000 1181 1030 1236 et
1058 1169 1309 1234 excommunica·

1367 1259 1414 1313 ter
1436 1252 1585 1329 pascendo
1607 1251 1810 1330 compereris,
1833 1266 1928 1330 quam
1948 1250 2112 1313 celerrime

330 1230 447 1276 rumdam
472 1241 583 1282 reso-,
632 1271 637 1282 ,
927 1267 932 1277 .
998 1268 1003 1279 .
1114 1267 1118 1276 .

329 1283 451 1330 iiiiones.
563 1278 655 1334 tionis
677 1279 782 1333 contra
804 1274 975 1347 respective
997 1267 1221 1330 inobedientes.

603 1383 638 1428 ιι.
662 1365 703 1427 Ut
725 1363 877 1442 Episcopi,
894 1361 948 1440 qui
965 1369 1038 1423 sunt
1053 1361 1152 1422 atlliuc
1168 1359 1198 1419 in
1216 1357 1307 1431 vivis,

561 1468 593 1522 et
614 1459 727 1538 quibus
748 1457 900 1519 dioeceses
922 1444 959 1516 ab
973 1461 1166 1516 antecessore
1180 1451 1308 1513 Patriar-

560 1554 614 1616 cba
643 1551 823 1616 distributae
849 1549 979 1612 luerunt
1005 1549 1035 1611 iu
1065 1544 1309 1622 congregatione

561 1645 751 1718 Barbatensi,
763 1645 798 1706 ad
814 1641 933 1704 easdem
949 1641 1050 1704 redire
1061 1644 1224 1716 cogantur,
1238 1644 1304 1714 utq.

560 1741 592 1802 in
609 1741 669 1802 illis
681 1756 759 1820 quae
770 1753 855 1800 nune
871 1743 979 1798 vacant
995 1733 1164 1796 modernus
1179 1731 1308 1793 Patriar-

560 1836 614 1896 clia
638 1850 736 1897 novos
759 1832 922 1908 Episcopus
944 1827 1122 1901 constituat,
1145 1842 1222 1904 quos
1244 1840 1306 1884 ma·

560 1931 606 2006 gis
628 1929 754 1990 idoneos
775 1924 929 2002 utilesque
953 1919 1118 1999 putaverit.

600 2039 650 2083 iii.
673 2019 714 2082 m
728 2017 912 2088 Patriarcba,
932 2013 1070 2092 Episcopi
1083 2021 1114 2075 et
1128 2012 1229 2074 clerus
1243 2018 1304 2072 tam

558 2113 739 2186 saecularis,
763 2126 854 2189 quam
883 2107 1046 2184 regularis,
1070 2122 1127 2168 nec
1150 2121 1212 2167 non
1236 2103 1304 2166 urii-

558 2223 646 2268 veisa
674 2203 899 2266 Maronitarum
927 2199 1016 2261 Natio
1038 2199 1159 2260 decreta
1187 2196 1303 2274 sinaut

557 2296 738 2362 Libanensis
765 2294 894 2355 omnino
920 2292 1090 2371 adimplere
1118 2297 1293 2352 teneantur.

598 2411 639 2455 iv.
664 2391 704 2454 Ut
734 2387 921 2450 monasteria
953 2385 1058 2447 ouinia
1086 2390 1117 2446 et
1146 2381 1302 2456 monacbi,

556 2489 623 2548 sive
644 2483 804 2556 eremitae,
821 2479 1011 2559 quicumque
1033 2488 1094 2540 tam
1111 2474 1303 2538 Patriarchae

557 2597 611 2659 pro
641 2589 796 2656 tempore,
826 2589 916 2652 quam
950 2571 1129 2650 respectivis
1163 2569 1302 2631 locorum

556 2671 712 2752 Episcopis
738 2669 914 2732 subiaceant
938 2667 1021 2726 iuxta
1043 2679 1151 2726 eorum
1178 2661 1302 2738 regulas

556 2775 586 2829 ct
608 2765 723 2842 synodi
746 2761 926 2824 Libanensis
948 2761 1080 2822 decreta.

595 2879 623 2920 v.
648 2859 688 2920 Ut
710 2855 853 2919 monachi
875 2861 906 2915 et
928 2851 1078 2914 moniales
1095 2867 1159 2913 non
1182 2849 1302 2925 regula-

554 2970 604 3016 res
626 2969 661 3014 ea
682 2950 786 3012 omnia
802 2956 832 3010 et
847 2947 968 3024 singula
984 2945 1222 3022 diligentissime
1238 2959 1300 3004 ser·

554 3053 641 3120 vent,
664 3060 743 3123 quae
765 3043 837 3120 ipsis
859 3041 889 3102 iii
907 3039 1060 3118 praedicta
1080 3039 1199 3116 synodo
1217 3052 1302 3114 prae-

552 3140 742 3202 scribuntur.
761 3136 866 3210 ltaque
881 3149 953 3196 cuni
974 3130 1232 3210 supramemorati
1248 3145 1299 3192 ve-

553 3231 706 3295 nerabiles
728 3229 837 3290 iratres
859 3225 958 3287 nostri
981 3223 1123 3287 unanimi
1144 3224 1298 3285 sententia

552 3323 783 3402 rescripserint:

592 3417 640 3482 Ait
662 3435 683 3480 1.
708 3423 736 3478 et
760 3432 796 3478 ii.
819 3419 965 3475 sciretur
987 3411 1116 3484 oiiiiciicq
1136 3411 1298 3472 decretum

553 3510 673 3588 Spnedi
695 3507 883 3570 Libanensis
913 3505 1014 3582 quood
1044 3505 1296 3583 assignationem

553 3606 729 3666 dioecesum
751 3602 850 3664 inante
873 3599 1122 3660 distructionem
1144 3597 1298 3660 Potrici·-

553 3697 629 3760 cliuc
650 3695 854 3762 mittendum,
878 3691 1004 3756 adiectu
1031 3708 1129 3770 poetic
1158 3693 1193 3753 in
1220 3709 1296 3754 cusu

551 3789 838 3856 coiitruoentioiiis,
851 3787 880 3848 si
904 3785 934 3848 S.
948 3785 978 3846 S.
991 3785 1027 3847 b.
1040 3787 1078 3849 Ν.
1102 3787 1149 3848 itu
1171 3787 1298 3863 ptiicuc-

551 3885 610 3956 rit,
636 3881 858 3960 suspensionis
880 3878 919 3942 ub
947 3879 1102 3941 curicitio
1129 3879 1296 3957 pontificu-

551 3977 632 4040 lium
654 3975 757 4054 quenti
779 3973 962 4036 collatorem
984 3980 1014 4034 ct
1037 3972 1252 4044 ordinantem,
1265 3979 1295 4034 ct

548 4069 767 4148 suspensionis
789 4065 946 4129 udiriiiis
968 4065 1071 4143 piioud
1093 4066 1294 4136 oi'dinittum,

548 4180 607 4242 pue
627 4180 699 4224 uere
714 4161 756 4224 ud
773 4161 941 4238 Episcopus
959 4157 1111 4220 illuderes
1126 4167 1297 4221 seruentur

548 4256 749 4334 piuescriptu
770 4253 909 4314 eiusdem
932 4251 1173 4314 instructionis.

590 4349 637 4412 Ad
660 4365 707 4409 iii.
725 4364 767 4408 iv.
785 4351 815 4406 ct
831 4363 860 4406 r.
877 4352 1049 4406 seruentur
1065 4345 1190 4407 decretu
1206 4362 1295 4423 piac·

548 4445 637 4524 selec
657 4441 784 4518 succedi,
807 4444 836 4500 et
859 4438 1061 4517 supplicetur
1085 4438 1295 4500 secretissimo

546 4553 605 4614 pre
627 4533 828 4612 cupeditiene
856 4531 958 4594 breuis
983 4531 1163 4593 liortutnrii
1191 4534 1295 4609 qiioud

548 4631 655 4693 omniu
686 4636 715 4690 el
737 4627 871 4706 einp-iile
904 4625 938 4688 in
961 4625 1048 4686 dictu
1079 4625 1295 4688 iiistrurtione

548 4730 709 4786 contentu.

339 4847 456 4894 ponpis,
471 4847 527 4894 iai·
586 4819 605 4893 ξ,
626 4818 656 4880 it.
680 4816 742 4878 Nos
763 4829 871 4876 coium
893 4820 966 4874 vote
987 4820 1018 4873 et
1038 4811 1167 4872 consilio
1189 4810 1293 4872 iuliae·

313 4901 436 4947 tatorium
453 4901 526 4948 breve

1365 1346 1552 1422 perliciatur.
1587 1345 1666 1408 llaec
1689 1355 1718 1409 te
1747 1344 1877 1408 solerter
1908 1345 2110 1424 alacriterque

1365 1439 1588 1516 praestiturum
1611 1449 1661 1502 tua
1683 1439 1772 1501 nobis
1787 1447 1944 1518 perspecta
1966 1439 2111 1504 virtuset

1364 1531 1526 1608 religionis
1547 1549 1633 1594 amor
1648 1533 1781 1594 eximius
1796 1532 1918 1595 abunde
1938 1549 2024 1613 spem
2041 1534 2109 1598 lacit

1364 1633 1394 1686 et
1416 1625 1590 1704 pollicetur.
1614 1625 1743 1688 iuterim
1766 1626 1833 1702 tibi,
1850 1644 1921 1689 ven.
1939 1625 2045 1704 trater,
2067 1636 2110 1691 to·

1365 1717 1450 1796 tique
1470 1718 1553 1780 clero
1575 1736 1608 1780 ac
1629 1719 1743 1797 populo
1769 1720 1937 1782 llaiouitae
1965 1723 2109 1800 apostoli-

1362 1829 1429 1874 cam
1458 1812 1708 1875 benedictionem
1743 1821 1939 1892 peramanter
1968 1816 2109 1896 imperti-

1363 1921 1444 1968 mur.

1403 2000 1512 2062 ilatum
1536 2000 1662 2076 Romae,
1696 2003 1774 2080 apuil
1798 2003 1828 2066 S.
1856 2003 1985 2066 blaviam
2016 2007 2108 2068 Maio-

1361 2109 1440 2169 rem,
1462 2095 1519 2156 sub
1534 2095 1650 2156 annulo
1676 2096 1846 2173 Piscatoris,
1862 2097 1912 2159 die
1931 2116 1966 2162 ιι.
1983 2103 2106 2178 augusti

1361 2204 1560 2263 succurris,
1583 2191 1780 2267 pontificatus
1801 2192 1901 2254 nostri
1925 2210 2007 2255 anno
2022 2211 2052 2256 x.

1608 2395 1860 2405 ——.-

1667 2571 1787 2635 LXVII.

1357 2753 1507 2817 Aiuniiiis
1530 2755 1652 2836 coltepii
1669 2759 1847 2838 duplorum
1864 2762 2040 2826 Duucrnsis
2055 2767 2103 2828 in-

1398 2847 1526 2926 culpet,
1555 2855 1594 2911 ut
1620 2858 1716 2912 cuttu
1744 2860 1884 2931 ternpore
1906 2856 1947 2917 nd
1977 2858 2103 2920 niclines

1396 2945 1575 3019 promereri
1586 2945 1720 3022 possint,
1733 2955 1762 3010 ct
1775 2946 1897 3011 circuiri
1912 2968 1930 3011 n
1945 2953 2100 3015 censuris.

1356 3127 1475 3195 Dilecto
1497 3129 1562 3198 lilio
1590 3130 1735 3199 cilicino
1761 3132 1861 3200 (irccn
1890 3138 2041 3217 moderno,
2063 3155 2101 3206 ac

1396 3240 1448 3306 pro
1460 3229 1597 3307 tempore
1614 3227 1765 3307 existenti,
1781 3231 1896 3297 rectori
1912 3231 2032 3315 eolleqtt
2045 3235 2103 3299 dn·

1394 3317 1507 3400 plorum
1530 3319 1712 3401 buccensis,

1545 3506 1732 3576 clemens
1756 3509 1815 3578 ΡΡ.
1841 3509 1912 3579 ΧΙΙΙ.

1626 3699 1743 3767 Dilecto
1765 3699 1824 3780 iili,

1385 3792 1514 3861 salutern
1537 3800 1569 3861 et
1590 3795 1790 3878 apostolicam
1813 3796 2063 3868 benedictionem.

1391 3984 1434 4046 lle
1457 3992 1507 4046 tua
1530 3984 1682 4060 singulari
1706 3987 1777 4063 tide,
1801 3989 1965 4066 prudentia
1995 3999 2026 4053 et
2047 3993 2099 4055 ilo·

1351 4078 1449 4139 ctrina
1479 4079 1652 4156 plurimum
1675 4079 1706 4140 in
1737 4080 1869 4142 Domino
1893 4085 2097 4160 confidentes,

1352 4187 1385 4230 ea
1409 4171 1464 4231 tibi
1493 4173 1687 4232 concedenda
1719 4173 1882 4249 clusimus,
1905 4191 1984 4252 quae
2006 4177 2098 4240 iutra·

1351 4265 1454 4342 scripti
1479 4264 1600 4340 collegii
1624 4283 1657 4326 nc
1679 4265 1880 4329 alumnorum
1905 4269 1987 4330 illius
2016 4287 2099 4333 com·

1353 4359 1442 4419 modii
1464 4366 1495 4418 et
1517 4357 1642 4418 utilitati
1666 4345 1827 4437 prolutiira
1854 4376 1920 4423 csse
1942 4365 2098 4437 cognosci-

1352 4465 1431 4511 mus.
1456 4450 1562 4528 ltaqiie
1583 4452 1620 4513 de
1635 4452 1864 4514 venerabilium
1886 4453 2019 4518 fratrum
2044 4473 2098 4520 no-

1350 4553 1487 4605 strorum
1510 4543 1540 4604 S.
1553 4543 1588 4604 lt.
1601 4545 1635 4605 E.
1661 4545 1872 4608 Gaidinalium
1895 4549 1927 4609 iii
1950 4550 2096 4612 universa

1350 4637 1505 4714 republica
1527 4637 1691 4699 christiana
1708 4646 1811 4700 contra
1829 4639 2013 4704 haereticam
2029 4659 2096 4721 pra-

1349 4729 1476 4792 vitatem
1505 4731 1701 4806 generalium
1733 4733 1954 4810 inquisiturum
1976 4753 1992 4795 a
2018 4736 2096 4800 Sede

1350 4823 1521 4902 apostatica
1537 4823 1711 4902 specialiter
1722 4824 1942 4903 deputatorum
1954 4829 2093 4902 consilio,

1351 4915 1403 4978 tibi
1426 4917 1587 4991 moderno,
1603 4934 1636 4978 nc
1650 4933 1706 4995 pro
1724 4925 1864 4996 tempure
1878 4919 2035 4996 existenti,
2049 4938 2095 4982 re-

313 4953 402 5010 Μ,
419 4957 527 5002 ΡΜ,
546 4917 664 4986 rentes,
688 4925 750 4971 riori
773 4909 873 4969 sulum
897 4907 1049 4967 eiusmodi
1073 4905 1219 4982 rescripta
1241 4921 1293 4964 au·

312 5007 376 5054 inae
391 5009 526 5064 proamit—
545 5005 688 5069 ctoritate
709 5011 813 5064 nostra
836 4999 997 5078 apostolica
1024 4999 1291 5072 coiiliruiavimiis,

313 5060 596 5162 stratellam
620 5101 651 5161 iii
674 5097 820 5160 omnibus
842 5095 935 5155 etiam
956 5101 1057 5155 ratuiii
1082 5094 1247 5157 babuimus
1261 5101 1292 5154 et

313 5168 353 5212 nis
365 5168 456 5232 Sacrae
465 5173 526 5215 con·

312 5227 476 5277 gregationis.

1349 5009 1426 5069 ctori
1448 5011 1483 5072 ad
1500 5010 1755 5087 quinquennium
1771 5011 1950 5088 proximum
1972 5020 2094 5074 tantum

1348 5109 1379 5162 et
1408 5102 1533 5165 interim
1564 5101 1712 5180 quamdin
1744 5103 1873 5165 rectoris
1903 5120 2034 5167 munere
2062 5107 2093 5167 iri

545 5191 827 5270 comprobavimus,
858 5187 1098 5249 instructionem
1119 5187 1292 5264 ailiungen-
1318 5206 1320 5288 Ι
1349 5194 1405 5254 isto
1427 5195 1557 5270 collegio
1580 5195 1754 5272 buglorum
1771 5197 1920 5258 beccensi
1942 5197 2092 5275 iungeris,

545 5298 590 5350 tes
612 5283 726 5347 nostris
749 5283 795 5344 tiis
819 5281 930 5343 litteris
953 5279 984 5340 iu
1009 5279 1121 5358 quibus
1139 5296 1193 5358 pro
1207 5295 1291 5342 sum·
1347 5302 1400 5348 seu
1417 5294 1519 5348 rector
1536 5288 1714 5350 liuiusmodi
1730 5305 1787 5368 pre
1803 5297 1942 5368 tempore
1957 5293 2093 5353 existens

545 5383 587 5442 mi
610 5390 703 5459 atque
726 5375 910 5440 universalis
933 5380 1103 5454 pastoratus
1117 5375 1216 5436 allicio
1233 5374 1290 5436 lra-
1347 5379 1508 5454 iungetur.
1530 5381 1595 5455 Quo
1611 5381 1707 5458 ipsius
1721 5382 1875 5444 scholares
1890 5384 2093 5462 alumnipost

545 5475 724 5538 teriiitatem
760 5477 844 5532 tuam
880 5469 1042 5530 liortamur
1075 5468 1106 5527 iu
1139 5467 1288 5548 Domino,
1347 5474 1455 5550 longos
1476 5475 1651 5538 studiorum
1674 5475 1808 5551 labores,
1832 5477 2011 5539 sacerdotali
2035 5477 2093 5538 nii-

544 5578 578 5633 ut
599 5574 777 5644 susceptum
791 5563 888 5624 semel
906 5569 990 5624 tanto
1012 5581 1084 5626 cum
1100 5563 1227 5626 bouniis
1246 5569 1288 5628 tui
1347 5569 1476 5631 nisterio
1512 5587 1566 5649 pro
1590 5569 1645 5631 loci
1675 5587 1707 5632 ac
1735 5570 1884 5648 temporis
1913 5570 2094 5633 necessitate
2140 5629 2142 5633 .

542 5665 668 5728 cumulo
690 5663 867 5738 negocium,
889 5659 1035 5722 ecclesiae
1055 5659 1234 5738 disciplinae
1256 5661 1288 5722 iii
1347 5660 1490 5739 luiigi,et
1512 5662 1725 5726 tiincitenitius
1745 5663 1836 5726 sacris
1857 5681 2093 5740 assuescerent

543 5766 676 5836 utroque
697 5758 780 5818 clero
803 5756 888 5818 iuxta
902 5755 1013 5833 synodi
1029 5755 1151 5831 regulas
1166 5758 1289 5818 conciri·
1346 5756 1494 5819 ecclesiae
1515 5757 1587 5818 ilicti
1609 5755 1731 5832 collegii
1755 5756 1852 5817 cilicia
1874 5755 1979 5818 divina
2008 5773 2092 5835 prae·

542 5853 674 5925 nanctae,
687 5869 719 5912 ac
733 5855 882 5929 perpetuo
894 5847 1105 5924 stabiliendae,
1119 5851 1154 5910 ad
1167 5851 1288 5911 exitum
1344 5861 1437 5926 stare,
1465 5867 1520 5910 seii
1550 5849 1594 5910 iiti
1623 5849 1770 5925 operariis
1801 5847 1988 5912 lriictiiosius
2010 5851 2092 5912 mitti

542 5952 682 6026 optatum
704 5947 863 6026 perducas,
887 5942 1026 6023 illudque
1048 5943 1079 6004 in
1107 5943 1215 6022 primis
1236 5959 1287 6004 cii·
1347 5943 1481 6021 valeant,
1509 5943 1624 6006 eisdem
1653 5939 1805 6019 alumnis,
1829 5951 1863 6005 ut
1885 5945 1922 6006 tle
1946 5953 1999 6008 tuo
2020 5959 2091 6008 con·
