<?xml version="1.0" encoding="UTF-8"?>
<!DOCTYPE html PUBLIC "-//W3C//DTD XHTML 1.0 Transitional//EN"
    "http://www.w3.org/TR/xhtml1/DTD/xhtml1-transitional.dtd">
<html xmlns="http://www.w3.org/1999/xhtml" xml:lang="en" lang="en">
 <head>
  <title>
</title>
<meta http-equiv="Content-Type" content="text/html;charset=utf-8" />
  <meta name='ocr-system' content='tesseract 3.04.00' />
  <meta name='ocr-capabilities' content='ocr_page ocr_carea ocr_par ocr_line ocrx_word'/>
</head>
<body>
  <div class='ocr_page' id='page_1' title='image "./iurispontificii00martgoog_0645.png"; bbox 0 0 4808 6988; ppageno 0'>
   <div class='ocr_carea' id='block_1_1' title="bbox 359 519 659 588">
    <p class='ocr_par' dir='ltr' id='par_1_1' title="bbox 359 519 659 588">
     <span class='ocr_line' id='line_1_1' title="bbox 359 519 659 588; baseline 0.033 -9"><span class='ocrx_word' id='word_1_1' title='bbox 359 519 458 582; x_wconf 63' lang='lat' dir='ltr'><strong>auo.</strong></span> <span class='ocrx_word' id='word_1_2' title='bbox 480 526 549 582; x_wconf 80' lang='lat' dir='ltr'><strong>lene</strong></span> <span class='ocrx_word' id='word_1_3' title='bbox 598 521 659 588; x_wconf 79' lang='lat' dir='ltr'><strong>ets</strong></span> 
     </span>
    </p>
   </div>
   <div class='ocr_carea' id='block_1_2' title="bbox 566 659 1324 5958">
    <p class='ocr_par' dir='ltr' id='par_1_2' title="bbox 566 659 1324 5958">
     <span class='ocr_line' id='line_1_2' title="bbox 579 659 1323 737; baseline 0.003 -16"><span class='ocrx_word' id='word_1_4' title='bbox 579 661 711 724; x_wconf 87' lang='lat' dir='ltr'><strong>triarcha</strong></span> <span class='ocrx_word' id='word_1_5' title='bbox 734 659 854 725; x_wconf 89' lang='lat' dir='ltr'><strong>diluere</strong></span> <span class='ocrx_word' id='word_1_6' title='bbox 879 668 1007 725; x_wconf 91' lang='lat' dir='ltr'><strong>conatus</strong></span> <span class='ocrx_word' id='word_1_7' title='bbox 1030 661 1082 737; x_wconf 88' lang='lat' dir='ltr'><strong>sit,</strong></span> <span class='ocrx_word' id='word_1_8' title='bbox 1104 678 1138 726; x_wconf 89' lang='lat' dir='ltr'><strong>ac</strong></span> <span class='ocrx_word' id='word_1_9' title='bbox 1159 665 1323 726; x_wconf 90' lang='lat' dir='ltr'><strong>ostendere</strong></span> 
     </span>
     <span class='ocr_line' id='line_1_3' title="bbox 579 753 1321 833; baseline 0.003 -19"><span class='ocrx_word' id='word_1_10' title='bbox 579 753 659 815; x_wconf 92' lang='lat' dir='ltr'><strong>nihil</strong></span> <span class='ocrx_word' id='word_1_11' title='bbox 680 753 713 816; x_wconf 92' lang='lat' dir='ltr'><strong>in</strong></span> <span class='ocrx_word' id='word_1_12' title='bbox 729 769 764 816; x_wconf 91' lang='lat' dir='ltr'><strong>ea</strong></span> <span class='ocrx_word' id='word_1_13' title='bbox 784 771 818 816; x_wconf 91' lang='lat' dir='ltr'><strong>re</strong></span> <span class='ocrx_word' id='word_1_14' title='bbox 832 771 848 818; x_wconf 93' lang='lat' dir='ltr'><strong>a</strong></span> <span class='ocrx_word' id='word_1_15' title='bbox 862 770 895 816; x_wconf 91' lang='lat' dir='ltr'><strong>se</strong></span> <span class='ocrx_word' id='word_1_16' title='bbox 914 762 1071 833; x_wconf 89' lang='lat' dir='ltr'><strong>peccatum</strong></span> <span class='ocrx_word' id='word_1_17' title='bbox 1092 770 1170 830; x_wconf 89' lang='lat' dir='ltr'><strong>esse,</strong></span> <span class='ocrx_word' id='word_1_18' title='bbox 1185 761 1321 818; x_wconf 91' lang='lat' dir='ltr'><strong>attamen</strong></span> 
     </span>
     <span class='ocr_line' id='line_1_4' title="bbox 578 847 1323 926; baseline 0.001 -18"><span class='ocrx_word' id='word_1_19' title='bbox 578 863 656 926; x_wconf 88' lang='lat' dir='ltr'><strong>quae</strong></span> <span class='ocrx_word' id='word_1_20' title='bbox 679 855 731 912; x_wconf 92' lang='lat' dir='ltr'><strong>tua</strong></span> <span class='ocrx_word' id='word_1_21' title='bbox 750 855 808 924; x_wconf 88' lang='lat' dir='ltr'><strong>est,</strong></span> <span class='ocrx_word' id='word_1_22' title='bbox 823 848 1001 911; x_wconf 82' lang='lat' dir='ltr'><strong>charissime</strong></span> <span class='ocrx_word' id='word_1_23' title='bbox 1016 847 1048 910; x_wconf 94' lang='lat' dir='ltr'><strong>in</strong></span> <span class='ocrx_word' id='word_1_24' title='bbox 1064 848 1187 912; x_wconf 91' lang='lat' dir='ltr'><strong>Christo</strong></span> <span class='ocrx_word' id='word_1_25' title='bbox 1209 847 1253 910; x_wconf 85' lang='lat' dir='ltr'><strong>sili</strong></span> <span class='ocrx_word' id='word_1_26' title='bbox 1268 863 1323 910; x_wconf 95' lang='lat' dir='ltr'><strong>no·</strong></span> 
     </span>
     <span class='ocr_line' id='line_1_5' title="bbox 577 940 1323 1021; baseline 0 -19"><span class='ocrx_word' id='word_1_27' title='bbox 577 944 653 1016; x_wconf 90' lang='lat' dir='ltr'><strong>ster,</strong></span> <span class='ocrx_word' id='word_1_28' title='bbox 676 940 772 1020; x_wconf 91' lang='lat' dir='ltr'><strong>pietas</strong></span> <span class='ocrx_word' id='word_1_29' title='bbox 793 948 824 1004; x_wconf 91' lang='lat' dir='ltr'><strong>et</strong></span> <span class='ocrx_word' id='word_1_30' title='bbox 846 956 920 1018; x_wconf 89' lang='lat' dir='ltr'><strong>erga</strong></span> <span class='ocrx_word' id='word_1_31' title='bbox 941 946 1020 1003; x_wconf 89' lang='lat' dir='ltr'><strong>hanc</strong></span> <span class='ocrx_word' id='word_1_32' title='bbox 1043 941 1248 1021; x_wconf 78' lang='lat' dir='ltr'><strong>Apostolicam</strong></span> <span class='ocrx_word' id='word_1_33' title='bbox 1270 940 1323 1006; x_wconf 89' lang='lat' dir='ltr'><strong>Se·</strong></span> 
     </span>
     <span class='ocr_line' id='line_1_6' title="bbox 577 1033 1321 1109; baseline -0.003 -11"><span class='ocrx_word' id='word_1_34' title='bbox 577 1036 648 1098; x_wconf 90' lang='lat' dir='ltr'><strong>dem</strong></span> <span class='ocrx_word' id='word_1_35' title='bbox 676 1035 810 1109; x_wconf 91' lang='lat' dir='ltr'><strong>devotio,</strong></span> <span class='ocrx_word' id='word_1_36' title='bbox 842 1042 936 1096; x_wconf 91' lang='lat' dir='ltr'><strong>totam</strong></span> <span class='ocrx_word' id='word_1_37' title='bbox 964 1034 1043 1097; x_wconf 91' lang='lat' dir='ltr'><strong>hanc</strong></span> <span class='ocrx_word' id='word_1_38' title='bbox 1068 1033 1321 1108; x_wconf 90' lang='lat' dir='ltr'><strong>controversiam,</strong></span> 
     </span>
     <span class='ocr_line' id='line_1_7' title="bbox 578 1126 1323 1208; baseline -0.004 -18"><span class='ocrx_word' id='word_1_39' title='bbox 578 1129 800 1208; x_wconf 89' lang='lat' dir='ltr'><strong>integrumque</strong></span> <span class='ocrx_word' id='word_1_40' title='bbox 822 1129 859 1190; x_wconf 93' lang='lat' dir='ltr'><strong>de</strong></span> <span class='ocrx_word' id='word_1_41' title='bbox 881 1142 917 1190; x_wconf 91' lang='lat' dir='ltr'><strong>oa</strong></span> <span class='ocrx_word' id='word_1_42' title='bbox 938 1126 1088 1190; x_wconf 89' lang='lat' dir='ltr'><strong>iudicium</strong></span> <span class='ocrx_word' id='word_1_43' title='bbox 1108 1127 1144 1189; x_wconf 91' lang='lat' dir='ltr'><strong>ad</strong></span> <span class='ocrx_word' id='word_1_44' title='bbox 1167 1126 1245 1188; x_wconf 89' lang='lat' dir='ltr'><strong>hanc</strong></span> <span class='ocrx_word' id='word_1_45' title='bbox 1267 1142 1323 1188; x_wconf 91' lang='lat' dir='ltr'><strong>no-</strong></span> 
     </span>
     <span class='ocr_line' id='line_1_8' title="bbox 576 1217 1321 1300; baseline -0.004 -18"><span class='ocrx_word' id='word_1_46' title='bbox 576 1230 672 1282; x_wconf 90' lang='lat' dir='ltr'><strong>stram</strong></span> <span class='ocrx_word' id='word_1_47' title='bbox 694 1220 899 1300; x_wconf 80' lang='lat' dir='ltr'><strong>Apostolicam</strong></span> <span class='ocrx_word' id='word_1_48' title='bbox 921 1218 1033 1283; x_wconf 89' lang='lat' dir='ltr'><strong>Sedem</strong></span> <span class='ocrx_word' id='word_1_49' title='bbox 1058 1218 1172 1282; x_wconf 85' lang='lat' dir='ltr'><strong>deterri</strong></span> <span class='ocrx_word' id='word_1_50' title='bbox 1195 1217 1321 1293; x_wconf 90' lang='lat' dir='ltr'><strong>iussisti,</strong></span> 
     </span>
     <span class='ocr_line' id='line_1_9' title="bbox 576 1309 1324 1392; baseline -0.003 -18"><span class='ocrx_word' id='word_1_51' title='bbox 576 1313 612 1374; x_wconf 94' lang='lat' dir='ltr'><strong>ad</strong></span> <span class='ocrx_word' id='word_1_52' title='bbox 623 1329 717 1392; x_wconf 82' lang='lat' dir='ltr'><strong>quam</strong></span> <span class='ocrx_word' id='word_1_53' title='bbox 729 1321 836 1392; x_wconf 91' lang='lat' dir='ltr'><strong>utpote</strong></span> <span class='ocrx_word' id='word_1_54' title='bbox 846 1312 1017 1376; x_wconf 89' lang='lat' dir='ltr'><strong>antedictae</strong></span> <span class='ocrx_word' id='word_1_55' title='bbox 1028 1311 1249 1376; x_wconf 88' lang='lat' dir='ltr'><strong>iurisdictionis</strong></span> <span class='ocrx_word' id='word_1_56' title='bbox 1259 1309 1324 1372; x_wconf 91' lang='lat' dir='ltr'><strong>ion-</strong></span> 
     </span>
     <span class='ocr_line' id='line_1_10' title="bbox 577 1404 1323 1485; baseline -0.005 -15"><span class='ocrx_word' id='word_1_57' title='bbox 577 1414 642 1470; x_wconf 93' lang='lat' dir='ltr'><strong>tem</strong></span> <span class='ocrx_word' id='word_1_58' title='bbox 664 1406 755 1485; x_wconf 92' lang='lat' dir='ltr'><strong>pleno</strong></span> <span class='ocrx_word' id='word_1_59' title='bbox 777 1407 845 1469; x_wconf 90' lang='lat' dir='ltr'><strong>iure</strong></span> <span class='ocrx_word' id='word_1_60' title='bbox 862 1412 978 1485; x_wconf 90' lang='lat' dir='ltr'><strong>spectat</strong></span> <span class='ocrx_word' id='word_1_61' title='bbox 992 1406 1087 1485; x_wconf 89' lang='lat' dir='ltr'><strong>ipsius</strong></span> <span class='ocrx_word' id='word_1_62' title='bbox 1101 1404 1323 1468; x_wconf 91' lang='lat' dir='ltr'><strong>iurisdictionis</strong></span> 
     </span>
     <span class='ocr_line' id='line_1_11' title="bbox 577 1498 1322 1580; baseline -0.007 -18"><span class='ocrx_word' id='word_1_63' title='bbox 577 1501 828 1580; x_wconf 89' lang='lat' dir='ltr'><strong>amplitudinem,</strong></span> <span class='ocrx_word' id='word_1_64' title='bbox 839 1506 1002 1577; x_wconf 85' lang='lat' dir='ltr'><strong>certosque</strong></span> <span class='ocrx_word' id='word_1_65' title='bbox 1016 1501 1094 1561; x_wconf 87' lang='lat' dir='ltr'><strong>lines</strong></span> <span class='ocrx_word' id='word_1_66' title='bbox 1116 1498 1322 1578; x_wconf 78' lang='lat' dir='ltr'><strong>praescribere</strong></span> 
     </span>
     <span class='ocr_line' id='line_1_12' title="bbox 577 1593 1321 1668; baseline -0.001 -13"><span class='ocrx_word' id='word_1_67' title='bbox 577 1610 610 1656; x_wconf 89' lang='lat' dir='ltr'><strong>ac</strong></span> <span class='ocrx_word' id='word_1_68' title='bbox 631 1593 796 1657; x_wconf 90' lang='lat' dir='ltr'><strong>declarare.</strong></span> <span class='ocrx_word' id='word_1_69' title='bbox 819 1594 916 1668; x_wconf 92' lang='lat' dir='ltr'><strong>Quam</strong></span> <span class='ocrx_word' id='word_1_70' title='bbox 930 1594 969 1655; x_wconf 94' lang='lat' dir='ltr'><strong>ob</strong></span> <span class='ocrx_word' id='word_1_71' title='bbox 982 1609 1101 1656; x_wconf 90' lang='lat' dir='ltr'><strong>causam</strong></span> <span class='ocrx_word' id='word_1_72' title='bbox 1117 1595 1219 1658; x_wconf 90' lang='lat' dir='ltr'><strong>audita</strong></span> <span class='ocrx_word' id='word_1_73' title='bbox 1233 1599 1321 1655; x_wconf 92' lang='lat' dir='ltr'><strong>antea</strong></span> 
     </span>
     <span class='ocr_line' id='line_1_13' title="bbox 575 1686 1321 1764; baseline -0.004 -14"><span class='ocrx_word' id='word_1_74' title='bbox 575 1688 732 1751; x_wconf 89' lang='lat' dir='ltr'><strong>sententia</strong></span> <span class='ocrx_word' id='word_1_75' title='bbox 753 1686 1010 1764; x_wconf 83' lang='lat' dir='ltr'><strong>congregationis</strong></span> <span class='ocrx_word' id='word_1_76' title='bbox 1036 1686 1221 1750; x_wconf 92' lang='lat' dir='ltr'><strong>dilectorum</strong></span> <span class='ocrx_word' id='word_1_77' title='bbox 1243 1686 1321 1748; x_wconf 88' lang='lat' dir='ltr'><strong>lilio-</strong></span> 
     </span>
     <span class='ocr_line' id='line_1_14' title="bbox 577 1778 1320 1858; baseline 0 -16"><span class='ocrx_word' id='word_1_78' title='bbox 577 1797 648 1844; x_wconf 89' lang='lat' dir='ltr'><strong>rum</strong></span> <span class='ocrx_word' id='word_1_79' title='bbox 659 1789 839 1844; x_wconf 91' lang='lat' dir='ltr'><strong>nostrorum</strong></span> <span class='ocrx_word' id='word_1_80' title='bbox 851 1778 882 1842; x_wconf 89' lang='lat' dir='ltr'><strong>S.</strong></span> <span class='ocrx_word' id='word_1_81' title='bbox 892 1780 927 1843; x_wconf 86' lang='lat' dir='ltr'><strong>ll.</strong></span> <span class='ocrx_word' id='word_1_82' title='bbox 943 1781 980 1842; x_wconf 87' lang='lat' dir='ltr'><strong>E.</strong></span> <span class='ocrx_word' id='word_1_83' title='bbox 993 1779 1216 1855; x_wconf 77' lang='lat' dir='ltr'><strong>cardinalium,</strong></span> <span class='ocrx_word' id='word_1_84' title='bbox 1228 1795 1320 1858; x_wconf 84' lang='lat' dir='ltr'><strong>quam</strong></span> 
     </span>
     <span class='ocr_line' id='line_1_15' title="bbox 576 1872 1321 1951; baseline -0.005 -15"><span class='ocrx_word' id='word_1_85' title='bbox 576 1874 654 1938; x_wconf 89' lang='lat' dir='ltr'><strong>hanc</strong></span> <span class='ocrx_word' id='word_1_86' title='bbox 675 1874 707 1936; x_wconf 94' lang='lat' dir='ltr'><strong>in</strong></span> <span class='ocrx_word' id='word_1_87' title='bbox 730 1889 798 1937; x_wconf 90' lang='lat' dir='ltr'><strong>rem</strong></span> <span class='ocrx_word' id='word_1_88' title='bbox 819 1873 1046 1951; x_wconf 75' lang='lat' dir='ltr'><strong>deputavimus,</strong></span> <span class='ocrx_word' id='word_1_89' title='bbox 1069 1872 1118 1934; x_wconf 93' lang='lat' dir='ltr'><strong>die</strong></span> <span class='ocrx_word' id='word_1_90' title='bbox 1139 1872 1255 1935; x_wconf 90' lang='lat' dir='ltr'><strong>decima</strong></span> <span class='ocrx_word' id='word_1_91' title='bbox 1278 1872 1321 1932; x_wconf 91' lang='lat' dir='ltr'><strong>ia-</strong></span> 
     </span>
     <span class='ocr_line' id='line_1_16' title="bbox 577 1964 1318 2044; baseline -0.001 -16"><span class='ocrx_word' id='word_1_92' title='bbox 577 1968 677 2030; x_wconf 91' lang='lat' dir='ltr'><strong>nuarii</strong></span> <span class='ocrx_word' id='word_1_93' title='bbox 699 1967 867 2044; x_wconf 91' lang='lat' dir='ltr'><strong>superioris</strong></span> <span class='ocrx_word' id='word_1_94' title='bbox 880 1965 954 2028; x_wconf 92' lang='lat' dir='ltr'><strong>anni</strong></span> <span class='ocrx_word' id='word_1_95' title='bbox 976 1965 1080 2028; x_wconf 87' lang='lat' dir='ltr'><strong>literas</strong></span> <span class='ocrx_word' id='word_1_96' title='bbox 1093 1964 1272 2044; x_wconf 90' lang='lat' dir='ltr'><strong>apostolicas</strong></span> <span class='ocrx_word' id='word_1_97' title='bbox 1287 1965 1318 2027; x_wconf 94' lang='lat' dir='ltr'><strong>in</strong></span> 
     </span>
     <span class='ocr_line' id='line_1_17' title="bbox 576 2057 1321 2137; baseline -0.003 -15"><span class='ocrx_word' id='word_1_98' title='bbox 576 2061 675 2124; x_wconf 89' lang='lat' dir='ltr'><strong>lorma</strong></span> <span class='ocrx_word' id='word_1_99' title='bbox 696 2060 800 2123; x_wconf 92' lang='lat' dir='ltr'><strong>brevis</strong></span> <span class='ocrx_word' id='word_1_100' title='bbox 821 2061 858 2124; x_wconf 94' lang='lat' dir='ltr'><strong>ad</strong></span> <span class='ocrx_word' id='word_1_101' title='bbox 879 2067 910 2122; x_wconf 90' lang='lat' dir='ltr'><strong>te</strong></span> <span class='ocrx_word' id='word_1_102' title='bbox 930 2057 1082 2133; x_wconf 83' lang='lat' dir='ltr'><strong>dedimus,</strong></span> <span class='ocrx_word' id='word_1_103' title='bbox 1098 2059 1210 2137; x_wconf 91' lang='lat' dir='ltr'><strong>quibus</strong></span> <span class='ocrx_word' id='word_1_104' title='bbox 1231 2057 1321 2137; x_wconf 87' lang='lat' dir='ltr'><strong>qnid·</strong></span> 
     </span>
     <span class='ocr_line' id='line_1_18' title="bbox 576 2150 1319 2233; baseline -0.007 -16"><span class='ocrx_word' id='word_1_105' title='bbox 576 2156 649 2233; x_wconf 85' lang='lat' dir='ltr'><strong>quid</strong></span> <span class='ocrx_word' id='word_1_106' title='bbox 666 2156 698 2217; x_wconf 93' lang='lat' dir='ltr'><strong>in</strong></span> <span class='ocrx_word' id='word_1_107' title='bbox 714 2152 896 2232; x_wconf 91' lang='lat' dir='ltr'><strong>nuperrimo</strong></span> <span class='ocrx_word' id='word_1_108' title='bbox 911 2151 1057 2232; x_wconf 72' lang='lat' dir='ltr'><strong>praedicti</strong></span> <span class='ocrx_word' id='word_1_109' title='bbox 1071 2150 1241 2231; x_wconf 87' lang='lat' dir='ltr'><strong>cappellani</strong></span> <span class='ocrx_word' id='word_1_110' title='bbox 1256 2167 1319 2214; x_wconf 90' lang='lat' dir='ltr'><strong>ma-</strong></span> 
     </span>
     <span class='ocr_line' id='line_1_19' title="bbox 576 2245 1321 2325; baseline -0.007 -15"><span class='ocrx_word' id='word_1_111' title='bbox 576 2249 648 2312; x_wconf 89' lang='lat' dir='ltr'><strong>ioris</strong></span> <span class='ocrx_word' id='word_1_112' title='bbox 669 2247 768 2310; x_wconf 91' lang='lat' dir='ltr'><strong>edicto</strong></span> <span class='ocrx_word' id='word_1_113' title='bbox 787 2262 881 2325; x_wconf 91' lang='lat' dir='ltr'><strong>super</strong></span> <span class='ocrx_word' id='word_1_114' title='bbox 902 2245 969 2308; x_wconf 90' lang='lat' dir='ltr'><strong>aliis</strong></span> <span class='ocrx_word' id='word_1_115' title='bbox 993 2260 1198 2323; x_wconf 90' lang='lat' dir='ltr'><strong>personarum</strong></span> <span class='ocrx_word' id='word_1_116' title='bbox 1219 2245 1321 2308; x_wconf 90' lang='lat' dir='ltr'><strong>classi-</strong></span> 
     </span>
     <span class='ocr_line' id='line_1_20' title="bbox 575 2338 1317 2406; baseline -0.007 0"><span class='ocrx_word' id='word_1_117' title='bbox 575 2344 632 2406; x_wconf 90' lang='lat' dir='ltr'><strong>bus</strong></span> <span class='ocrx_word' id='word_1_118' title='bbox 650 2341 852 2405; x_wconf 90' lang='lat' dir='ltr'><strong>iurisdictioni</strong></span> <span class='ocrx_word' id='word_1_119' title='bbox 873 2357 947 2402; x_wconf 91' lang='lat' dir='ltr'><strong>suae</strong></span> <span class='ocrx_word' id='word_1_120' title='bbox 967 2340 1166 2404; x_wconf 89' lang='lat' dir='ltr'><strong>subiiciendis</strong></span> <span class='ocrx_word' id='word_1_121' title='bbox 1181 2338 1317 2404; x_wconf 91' lang='lat' dir='ltr'><strong>additum</strong></span> 
     </span>
     <span class='ocr_line' id='line_1_21' title="bbox 575 2433 1317 2514; baseline -0.005 -16"><span class='ocrx_word' id='word_1_122' title='bbox 575 2436 731 2514; x_wconf 90' lang='lat' dir='ltr'><strong>reperitur</strong></span> <span class='ocrx_word' id='word_1_123' title='bbox 760 2451 853 2512; x_wconf 91' lang='lat' dir='ltr'><strong>super</strong></span> <span class='ocrx_word' id='word_1_124' title='bbox 885 2450 931 2508; x_wconf 93' lang='lat' dir='ltr'><strong>ea,</strong></span> <span class='ocrx_word' id='word_1_125' title='bbox 960 2433 1098 2513; x_wconf 82' lang='lat' dir='ltr'><strong>quaein</strong></span> <span class='ocrx_word' id='word_1_126' title='bbox 1124 2434 1317 2510; x_wconf 89' lang='lat' dir='ltr'><strong>praecedenti</strong></span> 
     </span>
     <span class='ocr_line' id='line_1_22' title="bbox 574 2525 1316 2603; baseline -0.004 -12"><span class='ocrx_word' id='word_1_127' title='bbox 574 2529 712 2592; x_wconf 90' lang='lat' dir='ltr'><strong>deiuncti</strong></span> <span class='ocrx_word' id='word_1_128' title='bbox 734 2526 903 2592; x_wconf 90' lang='lat' dir='ltr'><strong>Cardinalis</strong></span> <span class='ocrx_word' id='word_1_129' title='bbox 931 2525 1065 2603; x_wconf 85' lang='lat' dir='ltr'><strong>Delgado</strong></span> <span class='ocrx_word' id='word_1_130' title='bbox 1086 2525 1185 2588; x_wconf 82' lang='lat' dir='ltr'><strong>edicio</strong></span> <span class='ocrx_word' id='word_1_131' title='bbox 1211 2533 1264 2588; x_wconf 90' lang='lat' dir='ltr'><strong>aut</strong></span> <span class='ocrx_word' id='word_1_132' title='bbox 1286 2527 1316 2588; x_wconf 91' lang='lat' dir='ltr'><strong>in</strong></span> 
     </span>
     <span class='ocr_line' id='line_1_23' title="bbox 575 2619 1318 2706; baseline -0.003 -22"><span class='ocrx_word' id='word_1_133' title='bbox 575 2621 671 2706; x_wconf 84' lang='lat' dir='ltr'><strong>literis</strong></span> <span class='ocrx_word' id='word_1_134' title='bbox 701 2621 874 2701; x_wconf 91' lang='lat' dir='ltr'><strong>apostolicis</strong></span> <span class='ocrx_word' id='word_1_135' title='bbox 904 2619 1110 2682; x_wconf 88' lang='lat' dir='ltr'><strong>concessionis</strong></span> <span class='ocrx_word' id='word_1_136' title='bbox 1139 2619 1318 2684; x_wconf 89' lang='lat' dir='ltr'><strong>huiusmodi</strong></span> 
     </span>
     <span class='ocr_line' id='line_1_24' title="bbox 572 2711 1318 2791; baseline -0.005 -14"><span class='ocrx_word' id='word_1_137' title='bbox 572 2713 757 2791; x_wconf 74' lang='lat' dir='ltr'><strong>singiliatim</strong></span> <span class='ocrx_word' id='word_1_138' title='bbox 772 2712 871 2776; x_wconf 87' lang='lat' dir='ltr'><strong>luerat</strong></span> <span class='ocrx_word' id='word_1_139' title='bbox 885 2727 1081 2789; x_wconf 87' lang='lat' dir='ltr'><strong>expressum,</strong></span> <span class='ocrx_word' id='word_1_140' title='bbox 1094 2711 1122 2773; x_wconf 92' lang='lat' dir='ltr'><strong>id</strong></span> <span class='ocrx_word' id='word_1_141' title='bbox 1138 2726 1232 2774; x_wconf 91' lang='lat' dir='ltr'><strong>omne</strong></span> <span class='ocrx_word' id='word_1_142' title='bbox 1246 2727 1318 2774; x_wconf 90' lang='lat' dir='ltr'><strong>con-</strong></span> 
     </span>
     <span class='ocr_line' id='line_1_25' title="bbox 575 2805 1319 2871; baseline 0 -1"><span class='ocrx_word' id='word_1_143' title='bbox 575 2816 620 2871; x_wconf 92' lang='lat' dir='ltr'><strong>tra</strong></span> <span class='ocrx_word' id='word_1_144' title='bbox 641 2816 781 2870; x_wconf 93' lang='lat' dir='ltr'><strong>nostram</strong></span> <span class='ocrx_word' id='word_1_145' title='bbox 802 2814 833 2868; x_wconf 93' lang='lat' dir='ltr'><strong>et</strong></span> <span class='ocrx_word' id='word_1_146' title='bbox 854 2807 947 2870; x_wconf 77' lang='lat' dir='ltr'><strong>husius</strong></span> <span class='ocrx_word' id='word_1_147' title='bbox 969 2806 1096 2870; x_wconf 89' lang='lat' dir='ltr'><strong>Sanctae</strong></span> <span class='ocrx_word' id='word_1_148' title='bbox 1121 2805 1209 2868; x_wconf 90' lang='lat' dir='ltr'><strong>Sedis</strong></span> <span class='ocrx_word' id='word_1_149' title='bbox 1231 2822 1319 2870; x_wconf 90' lang='lat' dir='ltr'><strong>men·</strong></span> 
     </span>
     <span class='ocr_line' id='line_1_26' title="bbox 574 2898 1318 2965; baseline -0.003 -1"><span class='ocrx_word' id='word_1_150' title='bbox 574 2909 637 2965; x_wconf 89' lang='lat' dir='ltr'><strong>tem</strong></span> <span class='ocrx_word' id='word_1_151' title='bbox 660 2908 691 2964; x_wconf 92' lang='lat' dir='ltr'><strong>et</strong></span> <span class='ocrx_word' id='word_1_152' title='bbox 711 2901 923 2963; x_wconf 90' lang='lat' dir='ltr'><strong>concessiones</strong></span> <span class='ocrx_word' id='word_1_153' title='bbox 938 2898 1052 2963; x_wconf 89' lang='lat' dir='ltr'><strong>lactum</strong></span> <span class='ocrx_word' id='word_1_154' title='bbox 1072 2898 1165 2962; x_wconf 89' lang='lat' dir='ltr'><strong>inisse</strong></span> <span class='ocrx_word' id='word_1_155' title='bbox 1186 2901 1318 2964; x_wconf 89' lang='lat' dir='ltr'><strong>declara-</strong></span> 
     </span>
     <span class='ocr_line' id='line_1_27' title="bbox 572 2985 1319 3072; baseline -0.003 -14"><span class='ocrx_word' id='word_1_156' title='bbox 572 2985 688 3071; x_wconf 81' lang='lat' dir='ltr'><strong>vimus,</strong></span> <span class='ocrx_word' id='word_1_157' title='bbox 710 3002 802 3072; x_wconf 87' lang='lat' dir='ltr'><strong>atque</strong></span> <span class='ocrx_word' id='word_1_158' title='bbox 823 2992 984 3072; x_wconf 89' lang='lat' dir='ltr'><strong>apostolica</strong></span> <span class='ocrx_word' id='word_1_159' title='bbox 1005 2993 1187 3057; x_wconf 89' lang='lat' dir='ltr'><strong>auctoritate</strong></span> <span class='ocrx_word' id='word_1_160' title='bbox 1208 2993 1319 3057; x_wconf 87' lang='lat' dir='ltr'><strong>delini·</strong></span> 
     </span>
     <span class='ocr_line' id='line_1_28' title="bbox 573 3085 1316 3167; baseline -0.001 -15"><span class='ocrx_word' id='word_1_161' title='bbox 573 3090 687 3152; x_wconf 88' lang='lat' dir='ltr'><strong>vimus.</strong></span> <span class='ocrx_word' id='word_1_162' title='bbox 705 3088 793 3151; x_wconf 84' lang='lat' dir='ltr'><strong>Hisce</strong></span> <span class='ocrx_word' id='word_1_163' title='bbox 809 3085 950 3167; x_wconf 89' lang='lat' dir='ltr'><strong>peractis,</strong></span> <span class='ocrx_word' id='word_1_164' title='bbox 966 3087 1174 3166; x_wconf 84' lang='lat' dir='ltr'><strong>sperabamus,</strong></span> <span class='ocrx_word' id='word_1_165' title='bbox 1191 3102 1316 3151; x_wconf 92' lang='lat' dir='ltr'><strong>omnem</strong></span> 
     </span>
     <span class='ocr_line' id='line_1_29' title="bbox 572 3179 1318 3261; baseline 0 -16"><span class='ocrx_word' id='word_1_166' title='bbox 572 3183 605 3245; x_wconf 93' lang='lat' dir='ltr'><strong>in</strong></span> <span class='ocrx_word' id='word_1_167' title='bbox 628 3190 787 3261; x_wconf 90' lang='lat' dir='ltr'><strong>posterum</strong></span> <span class='ocrx_word' id='word_1_168' title='bbox 809 3179 986 3258; x_wconf 91' lang='lat' dir='ltr'><strong>ambigendi</strong></span> <span class='ocrx_word' id='word_1_169' title='bbox 1013 3181 1202 3244; x_wconf 87' lang='lat' dir='ltr'><strong>occasionem</strong></span> <span class='ocrx_word' id='word_1_170' title='bbox 1224 3181 1318 3246; x_wconf 90' lang='lat' dir='ltr'><strong>luisse</strong></span> 
     </span>
     <span class='ocr_line' id='line_1_30' title="bbox 573 3273 1316 3354; baseline 0 -16"><span class='ocrx_word' id='word_1_171' title='bbox 573 3277 735 3340; x_wconf 89' lang='lat' dir='ltr'><strong>sublatam.</strong></span> <span class='ocrx_word' id='word_1_172' title='bbox 752 3273 811 3338; x_wconf 89' lang='lat' dir='ltr'><strong>Sed</strong></span> <span class='ocrx_word' id='word_1_173' title='bbox 828 3274 958 3337; x_wconf 90' lang='lat' dir='ltr'><strong>ineunte</strong></span> <span class='ocrx_word' id='word_1_174' title='bbox 973 3276 1030 3338; x_wconf 90' lang='lat' dir='ltr'><strong>hoc</strong></span> <span class='ocrx_word' id='word_1_175' title='bbox 1044 3291 1126 3340; x_wconf 92' lang='lat' dir='ltr'><strong>anno</strong></span> <span class='ocrx_word' id='word_1_176' title='bbox 1142 3277 1316 3354; x_wconf 89' lang='lat' dir='ltr'><strong>expositum</strong></span> 
     </span>
     <span class='ocr_line' id='line_1_31' title="bbox 572 3367 1317 3444; baseline -0.003 -10"><span class='ocrx_word' id='word_1_177' title='bbox 572 3371 661 3434; x_wconf 89' lang='lat' dir='ltr'><strong>nobis</strong></span> <span class='ocrx_word' id='word_1_178' title='bbox 682 3367 847 3432; x_wconf 93' lang='lat' dir='ltr'><strong>humiliter</strong></span> <span class='ocrx_word' id='word_1_179' title='bbox 867 3373 920 3430; x_wconf 88' lang='lat' dir='ltr'><strong>tuo</strong></span> <span class='ocrx_word' id='word_1_180' title='bbox 942 3368 1070 3430; x_wconf 92' lang='lat' dir='ltr'><strong>nomine</strong></span> <span class='ocrx_word' id='word_1_181' title='bbox 1095 3367 1166 3444; x_wconf 90' lang='lat' dir='ltr'><strong>init,</strong></span> <span class='ocrx_word' id='word_1_182' title='bbox 1191 3368 1317 3432; x_wconf 90' lang='lat' dir='ltr'><strong>haerere</strong></span> 
     </span>
     <span class='ocr_line' id='line_1_32' title="bbox 571 3459 1316 3543; baseline 0 -17"><span class='ocrx_word' id='word_1_183' title='bbox 571 3463 670 3527; x_wconf 91' lang='lat' dir='ltr'><strong>adhuc</strong></span> <span class='ocrx_word' id='word_1_184' title='bbox 691 3461 828 3543; x_wconf 89' lang='lat' dir='ltr'><strong>piissimo</strong></span> <span class='ocrx_word' id='word_1_185' title='bbox 849 3467 903 3523; x_wconf 92' lang='lat' dir='ltr'><strong>tno</strong></span> <span class='ocrx_word' id='word_1_186' title='bbox 925 3461 956 3522; x_wconf 95' lang='lat' dir='ltr'><strong>in</strong></span> <span class='ocrx_word' id='word_1_187' title='bbox 980 3461 1085 3522; x_wconf 92' lang='lat' dir='ltr'><strong>animo</strong></span> <span class='ocrx_word' id='word_1_188' title='bbox 1109 3459 1316 3526; x_wconf 90' lang='lat' dir='ltr'><strong>dubitationes</strong></span> 
     </span>
     <span class='ocr_line' id='line_1_33' title="bbox 571 3553 1315 3620; baseline -0.001 -1"><span class='ocrx_word' id='word_1_189' title='bbox 571 3559 608 3620; x_wconf 93' lang='lat' dir='ltr'><strong>de</strong></span> <span class='ocrx_word' id='word_1_190' title='bbox 628 3557 685 3619; x_wconf 92' lang='lat' dir='ltr'><strong>hac</strong></span> <span class='ocrx_word' id='word_1_191' title='bbox 706 3555 923 3619; x_wconf 87' lang='lat' dir='ltr'><strong>ecclesiasticae</strong></span> <span class='ocrx_word' id='word_1_192' title='bbox 938 3554 1108 3616; x_wconf 83' lang='lat' dir='ltr'><strong>Castrensis</strong></span> <span class='ocrx_word' id='word_1_193' title='bbox 1130 3553 1315 3619; x_wconf 89' lang='lat' dir='ltr'><strong>iurisdictio-</strong></span> 
     </span>
     <span class='ocr_line' id='line_1_34' title="bbox 571 3647 1317 3729; baseline -0.001 -16"><span class='ocrx_word' id='word_1_194' title='bbox 571 3650 620 3714; x_wconf 92' lang='lat' dir='ltr'><strong>nis</strong></span> <span class='ocrx_word' id='word_1_195' title='bbox 640 3648 850 3729; x_wconf 89' lang='lat' dir='ltr'><strong>ampliatione,</strong></span> <span class='ocrx_word' id='word_1_196' title='bbox 873 3647 1052 3727; x_wconf 87' lang='lat' dir='ltr'><strong>versarique</strong></span> <span class='ocrx_word' id='word_1_197' title='bbox 1074 3648 1129 3710; x_wconf 92' lang='lat' dir='ltr'><strong>hac</strong></span> <span class='ocrx_word' id='word_1_198' title='bbox 1156 3650 1193 3711; x_wconf 92' lang='lat' dir='ltr'><strong>de</strong></span> <span class='ocrx_word' id='word_1_199' title='bbox 1214 3666 1249 3712; x_wconf 88' lang='lat' dir='ltr'><strong>re</strong></span> <span class='ocrx_word' id='word_1_200' title='bbox 1269 3650 1317 3712; x_wconf 95' lang='lat' dir='ltr'><strong>in·</strong></span> 
     </span>
     <span class='ocr_line' id='line_1_35' title="bbox 572 3741 1316 3819; baseline -0.004 -13"><span class='ocrx_word' id='word_1_201' title='bbox 572 3743 696 3807; x_wconf 92' lang='lat' dir='ltr'><strong>terdum</strong></span> <span class='ocrx_word' id='word_1_202' title='bbox 718 3757 843 3819; x_wconf 87' lang='lat' dir='ltr'><strong>magnas</strong></span> <span class='ocrx_word' id='word_1_203' title='bbox 865 3742 948 3805; x_wconf 91' lang='lat' dir='ltr'><strong>inter</strong></span> <span class='ocrx_word' id='word_1_204' title='bbox 972 3741 1130 3818; x_wconf 89' lang='lat' dir='ltr'><strong>angustias</strong></span> <span class='ocrx_word' id='word_1_205' title='bbox 1152 3741 1316 3818; x_wconf 89' lang='lat' dir='ltr'><strong>religiosis·</strong></span> 
     </span>
     <span class='ocr_line' id='line_1_36' title="bbox 570 3834 1316 3916; baseline 0 -16"><span class='ocrx_word' id='word_1_206' title='bbox 570 3838 681 3900; x_wconf 91' lang='lat' dir='ltr'><strong>simam</strong></span> <span class='ocrx_word' id='word_1_207' title='bbox 708 3834 930 3900; x_wconf 86' lang='lat' dir='ltr'><strong>conscientiam</strong></span> <span class='ocrx_word' id='word_1_208' title='bbox 957 3843 1054 3913; x_wconf 89' lang='lat' dir='ltr'><strong>tuam,</strong></span> <span class='ocrx_word' id='word_1_209' title='bbox 1077 3852 1151 3915; x_wconf 86' lang='lat' dir='ltr'><strong>quas</strong></span> <span class='ocrx_word' id='word_1_210' title='bbox 1178 3851 1316 3916; x_wconf 90' lang='lat' dir='ltr'><strong>sperares</strong></span> 
     </span>
     <span class='ocr_line' id='line_1_37' title="bbox 572 3927 1315 4008; baseline -0.003 -14"><span class='ocrx_word' id='word_1_211' title='bbox 572 3930 638 3994; x_wconf 93' lang='lat' dir='ltr'><strong>tolli</strong></span> <span class='ocrx_word' id='word_1_212' title='bbox 659 3930 803 3993; x_wconf 89' lang='lat' dir='ltr'><strong>radicitus</strong></span> <span class='ocrx_word' id='word_1_213' title='bbox 825 3943 923 4008; x_wconf 90' lang='lat' dir='ltr'><strong>posse,</strong></span> <span class='ocrx_word' id='word_1_214' title='bbox 938 3929 963 3990; x_wconf 94' lang='lat' dir='ltr'><strong>si</strong></span> <span class='ocrx_word' id='word_1_215' title='bbox 987 3927 1156 3992; x_wconf 85' lang='lat' dir='ltr'><strong>Castrensis</strong></span> <span class='ocrx_word' id='word_1_216' title='bbox 1178 3929 1315 3992; x_wconf 89' lang='lat' dir='ltr'><strong>ecclesia·</strong></span> 
     </span>
     <span class='ocr_line' id='line_1_38' title="bbox 568 4021 1312 4099; baseline -0.003 -13"><span class='ocrx_word' id='word_1_217' title='bbox 568 4025 663 4088; x_wconf 89' lang='lat' dir='ltr'><strong>sticae</strong></span> <span class='ocrx_word' id='word_1_218' title='bbox 683 4023 902 4090; x_wconf 88' lang='lat' dir='ltr'><strong>iurisdictionis</strong></span> <span class='ocrx_word' id='word_1_219' title='bbox 929 4023 1005 4084; x_wconf 89' lang='lat' dir='ltr'><strong>ratio</strong></span> <span class='ocrx_word' id='word_1_220' title='bbox 1026 4036 1083 4099; x_wconf 90' lang='lat' dir='ltr'><strong>per</strong></span> <span class='ocrx_word' id='word_1_221' title='bbox 1106 4038 1161 4084; x_wconf 90' lang='lat' dir='ltr'><strong>nos</strong></span> <span class='ocrx_word' id='word_1_222' title='bbox 1189 4021 1312 4085; x_wconf 90' lang='lat' dir='ltr'><strong>adeam</strong></span> 
     </span>
     <span class='ocr_line' id='line_1_39' title="bbox 569 4114 1314 4194; baseline -0.001 -14"><span class='ocrx_word' id='word_1_223' title='bbox 569 4117 702 4180; x_wconf 92' lang='lat' dir='ltr'><strong>lormam</strong></span> <span class='ocrx_word' id='word_1_224' title='bbox 730 4115 939 4192; x_wconf 83' lang='lat' dir='ltr'><strong>redigeretur,</strong></span> <span class='ocrx_word' id='word_1_225' title='bbox 960 4114 1050 4178; x_wconf 90' lang='lat' dir='ltr'><strong>cuius</strong></span> <span class='ocrx_word' id='word_1_226' title='bbox 1073 4115 1136 4193; x_wconf 92' lang='lat' dir='ltr'><strong>ipse</strong></span> <span class='ocrx_word' id='word_1_227' title='bbox 1158 4117 1314 4194; x_wconf 90' lang='lat' dir='ltr'><strong>specimen</strong></span> 
     </span>
     <span class='ocr_line' id='line_1_40' title="bbox 569 4208 1316 4289; baseline -0.004 -16"><span class='ocrx_word' id='word_1_228' title='bbox 569 4227 602 4273; x_wconf 92' lang='lat' dir='ltr'><strong>ac</strong></span> <span class='ocrx_word' id='word_1_229' title='bbox 624 4210 723 4272; x_wconf 89' lang='lat' dir='ltr'><strong>veluti</strong></span> <span class='ocrx_word' id='word_1_230' title='bbox 750 4217 945 4289; x_wconf 88' lang='lat' dir='ltr'><strong>prospectum</strong></span> <span class='ocrx_word' id='word_1_231' title='bbox 968 4208 1056 4270; x_wconf 91' lang='lat' dir='ltr'><strong>nobis</strong></span> <span class='ocrx_word' id='word_1_232' title='bbox 1084 4208 1206 4287; x_wconf 88' lang='lat' dir='ltr'><strong>scriptis</strong></span> <span class='ocrx_word' id='word_1_233' title='bbox 1227 4225 1316 4272; x_wconf 92' lang='lat' dir='ltr'><strong>reve-</strong></span> 
     </span>
     <span class='ocr_line' id='line_1_41' title="bbox 570 4300 1316 4376; baseline 0 -12"><span class='ocrx_word' id='word_1_234' title='bbox 570 4308 678 4364; x_wconf 91' lang='lat' dir='ltr'><strong>renter</strong></span> <span class='ocrx_word' id='word_1_235' title='bbox 699 4300 839 4363; x_wconf 90' lang='lat' dir='ltr'><strong>exbiberi</strong></span> <span class='ocrx_word' id='word_1_236' title='bbox 854 4301 979 4376; x_wconf 87' lang='lat' dir='ltr'><strong>iussisti,</strong></span> <span class='ocrx_word' id='word_1_237' title='bbox 995 4300 1104 4364; x_wconf 88' lang='lat' dir='ltr'><strong>additis</strong></span> <span class='ocrx_word' id='word_1_238' title='bbox 1125 4301 1217 4364; x_wconf 90' lang='lat' dir='ltr'><strong>etiam</strong></span> <span class='ocrx_word' id='word_1_239' title='bbox 1233 4317 1316 4364; x_wconf 89' lang='lat' dir='ltr'><strong>seor-</strong></span> 
     </span>
     <span class='ocr_line' id='line_1_42' title="bbox 569 4393 1315 4474; baseline 0.004 -18"><span class='ocrx_word' id='word_1_240' title='bbox 569 4395 629 4456; x_wconf 93' lang='lat' dir='ltr'><strong>sim</strong></span> <span class='ocrx_word' id='word_1_241' title='bbox 651 4395 822 4458; x_wconf 89' lang='lat' dir='ltr'><strong>rationibus</strong></span> <span class='ocrx_word' id='word_1_242' title='bbox 841 4401 873 4456; x_wconf 91' lang='lat' dir='ltr'><strong>et</strong></span> <span class='ocrx_word' id='word_1_243' title='bbox 894 4393 1150 4457; x_wconf 88' lang='lat' dir='ltr'><strong>declarationibus</strong></span> <span class='ocrx_word' id='word_1_244' title='bbox 1165 4412 1244 4474; x_wconf 88' lang='lat' dir='ltr'><strong>quae</strong></span> <span class='ocrx_word' id='word_1_245' title='bbox 1265 4412 1315 4459; x_wconf 93' lang='lat' dir='ltr'><strong>eo·</strong></span> 
     </span>
     <span class='ocr_line' id='line_1_43' title="bbox 569 4485 1314 4566; baseline 0.003 -15"><span class='ocrx_word' id='word_1_246' title='bbox 569 4503 656 4563; x_wconf 92' lang='lat' dir='ltr'><strong>rum,</strong></span> <span class='ocrx_word' id='word_1_247' title='bbox 678 4503 756 4566; x_wconf 87' lang='lat' dir='ltr'><strong>quae</strong></span> <span class='ocrx_word' id='word_1_248' title='bbox 777 4485 961 4566; x_wconf 88' lang='lat' dir='ltr'><strong>postulabas,</strong></span> <span class='ocrx_word' id='word_1_249' title='bbox 984 4488 1249 4566; x_wconf 86' lang='lat' dir='ltr'><strong>opportunitatem</strong></span> <span class='ocrx_word' id='word_1_250' title='bbox 1264 4491 1314 4553; x_wconf 90' lang='lat' dir='ltr'><strong>de·</strong></span> 
     </span>
     <span class='ocr_line' id='line_1_44' title="bbox 570 4587 1315 4661; baseline 0.004 -17"><span class='ocrx_word' id='word_1_251' title='bbox 570 4587 791 4658; x_wconf 83' lang='lat' dir='ltr'><strong>monstrarent,</strong></span> <span class='ocrx_word' id='word_1_252' title='bbox 813 4595 869 4643; x_wconf 90' lang='lat' dir='ltr'><strong>nos</strong></span> <span class='ocrx_word' id='word_1_253' title='bbox 890 4587 1051 4658; x_wconf 92' lang='lat' dir='ltr'><strong>propterea</strong></span> <span class='ocrx_word' id='word_1_254' title='bbox 1079 4598 1181 4657; x_wconf 88' lang='lat' dir='ltr'><strong>orans,</strong></span> <span class='ocrx_word' id='word_1_255' title='bbox 1204 4591 1238 4644; x_wconf 90' lang='lat' dir='ltr'><strong>ut</strong></span> <span class='ocrx_word' id='word_1_256' title='bbox 1259 4599 1315 4661; x_wconf 93' lang='lat' dir='ltr'><strong>per</strong></span> 
     </span>
     <span class='ocr_line' id='line_1_45' title="bbox 570 4672 1316 4753; baseline -0.001 -14"><span class='ocrx_word' id='word_1_257' title='bbox 570 4683 690 4739; x_wconf 92' lang='lat' dir='ltr'><strong>nostras</strong></span> <span class='ocrx_word' id='word_1_258' title='bbox 720 4673 898 4753; x_wconf 88' lang='lat' dir='ltr'><strong>apostolicas</strong></span> <span class='ocrx_word' id='word_1_259' title='bbox 928 4672 1032 4735; x_wconf 90' lang='lat' dir='ltr'><strong>literas</strong></span> <span class='ocrx_word' id='word_1_260' title='bbox 1063 4673 1233 4737; x_wconf 83' lang='lat' dir='ltr'><strong>exhibitam</strong></span> <span class='ocrx_word' id='word_1_261' title='bbox 1263 4685 1316 4738; x_wconf 92' lang='lat' dir='ltr'><strong>tuo</strong></span> 
     </span>
     <span class='ocr_line' id='line_1_46' title="bbox 569 4764 1316 4833; baseline 0.004 -4"><span class='ocrx_word' id='word_1_262' title='bbox 569 4768 654 4830; x_wconf 90' lang='lat' dir='ltr'><strong>iussn</strong></span> <span class='ocrx_word' id='word_1_263' title='bbox 676 4766 848 4829; x_wconf 85' lang='lat' dir='ltr'><strong>Castrensis</strong></span> <span class='ocrx_word' id='word_1_264' title='bbox 869 4764 1091 4828; x_wconf 89' lang='lat' dir='ltr'><strong>iurisdictionis</strong></span> <span class='ocrx_word' id='word_1_265' title='bbox 1111 4766 1243 4830; x_wconf 91' lang='lat' dir='ltr'><strong>iormam</strong></span> <span class='ocrx_word' id='word_1_266' title='bbox 1264 4771 1316 4833; x_wconf 91' lang='lat' dir='ltr'><strong>ad-</strong></span> 
     </span>
     <span class='ocr_line' id='line_1_47' title="bbox 569 4858 1314 4939; baseline 0.003 -17"><span class='ocrx_word' id='word_1_267' title='bbox 569 4859 699 4939; x_wconf 91' lang='lat' dir='ltr'><strong>probare</strong></span> <span class='ocrx_word' id='word_1_268' title='bbox 719 4858 854 4935; x_wconf 90' lang='lat' dir='ltr'><strong>benigne</strong></span> <span class='ocrx_word' id='word_1_269' title='bbox 875 4858 1087 4934; x_wconf 88' lang='lat' dir='ltr'><strong>dignaremur.</strong></span> <span class='ocrx_word' id='word_1_270' title='bbox 1107 4859 1314 4933; x_wconf 87' lang='lat' dir='ltr'><strong>Quamobrem</strong></span> 
     </span>
     <span class='ocr_line' id='line_1_48' title="bbox 568 4950 1314 5033; baseline 0.001 -18"><span class='ocrx_word' id='word_1_271' title='bbox 568 4968 666 5033; x_wconf 88' lang='lat' dir='ltr'><strong>quum</strong></span> <span class='ocrx_word' id='word_1_272' title='bbox 688 4951 768 5014; x_wconf 88' lang='lat' dir='ltr'><strong>nihil</strong></span> <span class='ocrx_word' id='word_1_273' title='bbox 791 4951 879 5013; x_wconf 91' lang='lat' dir='ltr'><strong>nobis</strong></span> <span class='ocrx_word' id='word_1_274' title='bbox 899 4950 939 5013; x_wconf 91' lang='lat' dir='ltr'><strong>sit</strong></span> <span class='ocrx_word' id='word_1_275' title='bbox 960 4951 1104 5030; x_wconf 87' lang='lat' dir='ltr'><strong>optatius,</strong></span> <span class='ocrx_word' id='word_1_276' title='bbox 1126 4967 1220 5030; x_wconf 85' lang='lat' dir='ltr'><strong>quam</strong></span> <span class='ocrx_word' id='word_1_277' title='bbox 1242 4968 1314 5016; x_wconf 90' lang='lat' dir='ltr'><strong>con-</strong></span> 
     </span>
     <span class='ocr_line' id='line_1_49' title="bbox 570 5044 1313 5125; baseline -0.004 -15"><span class='ocrx_word' id='word_1_278' title='bbox 570 5045 791 5110; x_wconf 91' lang='lat' dir='ltr'><strong>troversiarum</strong></span> <span class='ocrx_word' id='word_1_279' title='bbox 807 5044 949 5120; x_wconf 89' lang='lat' dir='ltr'><strong>germina</strong></span> <span class='ocrx_word' id='word_1_280' title='bbox 960 5051 1131 5123; x_wconf 92' lang='lat' dir='ltr'><strong>amputare,</strong></span> <span class='ocrx_word' id='word_1_281' title='bbox 1142 5061 1313 5125; x_wconf 86' lang='lat' dir='ltr'><strong>omnesque</strong></span> 
     </span>
     <span class='ocr_line' id='line_1_50' title="bbox 567 5139 1312 5219; baseline 0 -17"><span class='ocrx_word' id='word_1_282' title='bbox 567 5155 762 5219; x_wconf 89' lang='lat' dir='ltr'><strong>compescere</strong></span> <span class='ocrx_word' id='word_1_283' title='bbox 776 5139 956 5213; x_wconf 84' lang='lat' dir='ltr'><strong>anxietates,</strong></span> <span class='ocrx_word' id='word_1_284' title='bbox 969 5155 1048 5217; x_wconf 85' lang='lat' dir='ltr'><strong>quae</strong></span> <span class='ocrx_word' id='word_1_285' title='bbox 1064 5145 1161 5212; x_wconf 88' lang='lat' dir='ltr'><strong>tuam,</strong></span> <span class='ocrx_word' id='word_1_286' title='bbox 1177 5139 1312 5218; x_wconf 88' lang='lat' dir='ltr'><strong>piissime</strong></span> 
     </span>
     <span class='ocr_line' id='line_1_51' title="bbox 567 5231 1312 5311; baseline 0.001 -18"><span class='ocrx_word' id='word_1_287' title='bbox 567 5248 635 5308; x_wconf 86' lang='lat' dir='ltr'><strong>rex,</strong></span> <span class='ocrx_word' id='word_1_288' title='bbox 658 5237 849 5311; x_wconf 87' lang='lat' dir='ltr'><strong>tuorumque</strong></span> <span class='ocrx_word' id='word_1_289' title='bbox 869 5231 1064 5296; x_wconf 89' lang='lat' dir='ltr'><strong>subditorum</strong></span> <span class='ocrx_word' id='word_1_290' title='bbox 1091 5231 1312 5295; x_wconf 89' lang='lat' dir='ltr'><strong>conscientiam</strong></span> 
     </span>
     <span class='ocr_line' id='line_1_52' title="bbox 566 5321 1312 5402; baseline 0.004 -19"><span class='ocrx_word' id='word_1_291' title='bbox 566 5325 684 5402; x_wconf 90' lang='lat' dir='ltr'><strong>agitare</strong></span> <span class='ocrx_word' id='word_1_292' title='bbox 698 5331 835 5402; x_wconf 91' lang='lat' dir='ltr'><strong>possent,</strong></span> <span class='ocrx_word' id='word_1_293' title='bbox 847 5323 956 5386; x_wconf 88' lang='lat' dir='ltr'><strong>libenti</strong></span> <span class='ocrx_word' id='word_1_294' title='bbox 971 5321 1076 5384; x_wconf 89' lang='lat' dir='ltr'><strong>animo</strong></span> <span class='ocrx_word' id='word_1_295' title='bbox 1090 5322 1312 5401; x_wconf 91' lang='lat' dir='ltr'><strong>postulationes</strong></span> 
     </span>
     <span class='ocr_line' id='line_1_53' title="bbox 566 5415 1313 5495; baseline 0.004 -19"><span class='ocrx_word' id='word_1_296' title='bbox 566 5421 622 5477; x_wconf 89' lang='lat' dir='ltr'><strong>tuo</strong></span> <span class='ocrx_word' id='word_1_297' title='bbox 632 5416 760 5478; x_wconf 91' lang='lat' dir='ltr'><strong>nomine</strong></span> <span class='ocrx_word' id='word_1_298' title='bbox 774 5424 929 5495; x_wconf 87' lang='lat' dir='ltr'><strong>porrectas</strong></span> <span class='ocrx_word' id='word_1_299' title='bbox 942 5415 1132 5495; x_wconf 87' lang='lat' dir='ltr'><strong>excepimus,</strong></span> <span class='ocrx_word' id='word_1_300' title='bbox 1146 5423 1313 5495; x_wconf 86' lang='lat' dir='ltr'><strong>rogataque</strong></span> 
     </span>
     <span class='ocr_line' id='line_1_54' title="bbox 566 5505 1312 5584; baseline 0.001 -14"><span class='ocrx_word' id='word_1_301' title='bbox 566 5505 848 5571; x_wconf 87' lang='lat' dir='ltr'><strong>iterumsententia</strong></span> <span class='ocrx_word' id='word_1_302' title='bbox 859 5509 1116 5584; x_wconf 89' lang='lat' dir='ltr'><strong>Congregationis</strong></span> <span class='ocrx_word' id='word_1_303' title='bbox 1127 5509 1312 5571; x_wconf 88' lang='lat' dir='ltr'><strong>dilectorum</strong></span> 
     </span>
     <span class='ocr_line' id='line_1_55' title="bbox 567 5600 1309 5677; baseline 0.001 -15"><span class='ocrx_word' id='word_1_304' title='bbox 567 5600 704 5663; x_wconf 86' lang='lat' dir='ltr'><strong>liliorum</strong></span> <span class='ocrx_word' id='word_1_305' title='bbox 726 5608 906 5664; x_wconf 89' lang='lat' dir='ltr'><strong>nostrorum</strong></span> <span class='ocrx_word' id='word_1_306' title='bbox 928 5600 961 5664; x_wconf 86' lang='lat' dir='ltr'><strong>S.</strong></span> <span class='ocrx_word' id='word_1_307' title='bbox 977 5601 1012 5664; x_wconf 78' lang='lat' dir='ltr'><strong>tt.</strong></span> <span class='ocrx_word' id='word_1_308' title='bbox 1028 5601 1063 5662; x_wconf 83' lang='lat' dir='ltr'><strong>tt.</strong></span> <span class='ocrx_word' id='word_1_309' title='bbox 1088 5601 1309 5677; x_wconf 91' lang='lat' dir='ltr'><strong>Cardinalinm,</strong></span> 
     </span>
     <span class='ocr_line' id='line_1_56' title="bbox 567 5691 1313 5772; baseline -0.003 -16"><span class='ocrx_word' id='word_1_310' title='bbox 567 5709 644 5772; x_wconf 84' lang='lat' dir='ltr'><strong>quos</strong></span> <span class='ocrx_word' id='word_1_311' title='bbox 657 5691 691 5757; x_wconf 91' lang='lat' dir='ltr'><strong>in</strong></span> <span class='ocrx_word' id='word_1_312' title='bbox 706 5707 740 5754; x_wconf 89' lang='lat' dir='ltr'><strong>re</strong></span> <span class='ocrx_word' id='word_1_313' title='bbox 753 5693 828 5756; x_wconf 91' lang='lat' dir='ltr'><strong>adeo</strong></span> <span class='ocrx_word' id='word_1_314' title='bbox 843 5693 930 5769; x_wconf 90' lang='lat' dir='ltr'><strong>gravi</strong></span> <span class='ocrx_word' id='word_1_315' title='bbox 951 5693 985 5754; x_wconf 92' lang='lat' dir='ltr'><strong>in</strong></span> <span class='ocrx_word' id='word_1_316' title='bbox 999 5693 1165 5756; x_wconf 91' lang='lat' dir='ltr'><strong>consilium</strong></span> <span class='ocrx_word' id='word_1_317' title='bbox 1187 5695 1313 5756; x_wconf 89' lang='lat' dir='ltr'><strong>advoca·</strong></span> 
     </span>
     <span class='ocr_line' id='line_1_57' title="bbox 567 5784 1311 5861; baseline 0 -13"><span class='ocrx_word' id='word_1_318' title='bbox 567 5801 602 5848; x_wconf 91' lang='lat' dir='ltr'><strong>re</strong></span> <span class='ocrx_word' id='word_1_319' title='bbox 622 5784 813 5861; x_wconf 89' lang='lat' dir='ltr'><strong>censuimus,</strong></span> <span class='ocrx_word' id='word_1_320' title='bbox 829 5792 938 5848; x_wconf 84' lang='lat' dir='ltr'><strong>evincta</strong></span> <span class='ocrx_word' id='word_1_321' title='bbox 953 5803 969 5846; x_wconf 91' lang='lat' dir='ltr'><strong>a</strong></span> <span class='ocrx_word' id='word_1_322' title='bbox 985 5794 1015 5848; x_wconf 94' lang='lat' dir='ltr'><strong>te</strong></span> <span class='ocrx_word' id='word_1_323' title='bbox 1029 5786 1061 5847; x_wconf 91' lang='lat' dir='ltr'><strong>in</strong></span> <span class='ocrx_word' id='word_1_324' title='bbox 1083 5785 1311 5848; x_wconf 92' lang='lat' dir='ltr'><strong>ordinationem</strong></span> 
     </span>
     <span class='ocr_line' id='line_1_58' title="bbox 568 5877 1312 5958; baseline -0.003 -14"><span class='ocrx_word' id='word_1_325' title='bbox 568 5877 788 5954; x_wconf 65' lang='lat' dir='ltr'><strong>eclesiasticae</strong></span> <span class='ocrx_word' id='word_1_326' title='bbox 808 5877 979 5944; x_wconf 85' lang='lat' dir='ltr'><strong>Castrensis</strong></span> <span class='ocrx_word' id='word_1_327' title='bbox 1003 5877 1222 5942; x_wconf 88' lang='lat' dir='ltr'><strong>iurisdictionis</strong></span> <span class='ocrx_word' id='word_1_328' title='bbox 1244 5895 1312 5958; x_wconf 91' lang='lat' dir='ltr'><strong>pro-</strong></span> 
     </span>
    </p>
   </div>
   <div class='ocr_carea' id='block_1_3' title="bbox 1098 540 1596 593">
    <p class='ocr_par' dir='ltr' id='par_1_3' title="bbox 1098 540 1596 593">
     <span class='ocr_line' id='line_1_59' title="bbox 1098 540 1596 593; baseline -0.002 -3"><span class='ocrx_word' id='word_1_329' title='bbox 1098 541 1163 590; x_wconf 83' lang='lat' dir='ltr'><strong>ibit.</strong></span> <span class='ocrx_word' id='word_1_330' title='bbox 1188 541 1279 592; x_wconf 78' lang='lat' dir='ltr'><strong>PONT·</strong></span> <span class='ocrx_word' id='word_1_331' title='bbox 1303 544 1344 591; x_wconf 70' lang='lat' dir='ltr'><strong>DE</strong></span> <span class='ocrx_word' id='word_1_332' title='bbox 1364 543 1394 591; x_wconf 81' lang='lat' dir='ltr'><strong>P·</strong></span> <span class='ocrx_word' id='word_1_333' title='bbox 1418 541 1448 592; x_wconf 72' lang='lat' dir='ltr'><strong>ll.</strong></span> <span class='ocrx_word' id='word_1_334' title='bbox 1471 543 1554 592; x_wconf 76' lang='lat' dir='ltr'><strong>PARS</strong></span> <span class='ocrx_word' id='word_1_335' title='bbox 1574 540 1596 593; x_wconf 83' lang='lat' dir='ltr'><strong>l.</strong></span> 
     </span>
    </p>
   </div>
   <div class='ocr_carea' id='block_1_4' title="bbox 1367 657 2126 5956">
    <p class='ocr_par' dir='ltr' id='par_1_4' title="bbox 1371 657 2126 3908">
     <span class='ocr_line' id='line_1_60' title="bbox 1380 657 2126 743; baseline 0.007 -19"><span class='ocrx_word' id='word_1_336' title='bbox 1380 663 1476 740; x_wconf 89' lang='lat' dir='ltr'><strong>posita</strong></span> <span class='ocrx_word' id='word_1_337' title='bbox 1505 664 1646 728; x_wconf 88' lang='lat' dir='ltr'><strong>examini</strong></span> <span class='ocrx_word' id='word_1_338' title='bbox 1676 661 1876 728; x_wconf 88' lang='lat' dir='ltr'><strong>subiecimus.</strong></span> <span class='ocrx_word' id='word_1_339' title='bbox 1910 657 2126 743; x_wconf 87' lang='lat' dir='ltr'><strong>Comperimus</strong></span> 
     </span>
     <span class='ocr_line' id='line_1_61' title="bbox 1379 757 2124 836; baseline 0.007 -21"><span class='ocrx_word' id='word_1_340' title='bbox 1379 761 1495 831; x_wconf 88' lang='lat' dir='ltr'><strong>autem,</strong></span> <span class='ocrx_word' id='word_1_341' title='bbox 1519 757 1599 834; x_wconf 81' lang='lat' dir='ltr'><strong>quod</strong></span> <span class='ocrx_word' id='word_1_342' title='bbox 1631 773 1729 836; x_wconf 83' lang='lat' dir='ltr'><strong>ouum</strong></span> <span class='ocrx_word' id='word_1_343' title='bbox 1749 773 1785 820; x_wconf 92' lang='lat' dir='ltr'><strong>ea</strong></span> <span class='ocrx_word' id='word_1_344' title='bbox 1812 774 1875 822; x_wconf 89' lang='lat' dir='ltr'><strong>non</strong></span> <span class='ocrx_word' id='word_1_345' title='bbox 1897 759 1973 822; x_wconf 91' lang='lat' dir='ltr'><strong>adeo</strong></span> <span class='ocrx_word' id='word_1_346' title='bbox 2003 759 2124 834; x_wconf 91' lang='lat' dir='ltr'><strong>ingenti</strong></span> 
     </span>
     <span class='ocr_line' id='line_1_62' title="bbox 1378 847 2125 931; baseline 0.008 -23"><span class='ocrx_word' id='word_1_347' title='bbox 1378 847 1545 911; x_wconf 90' lang='lat' dir='ltr'><strong>intervallo</strong></span> <span class='ocrx_word' id='word_1_348' title='bbox 1555 849 1592 911; x_wconf 92' lang='lat' dir='ltr'><strong>ab</strong></span> <span class='ocrx_word' id='word_1_349' title='bbox 1607 849 1644 911; x_wconf 92' lang='lat' dir='ltr'><strong>iis</strong></span> <span class='ocrx_word' id='word_1_350' title='bbox 1659 851 1773 912; x_wconf 88' lang='lat' dir='ltr'><strong>linibus</strong></span> <span class='ocrx_word' id='word_1_351' title='bbox 1789 852 1945 928; x_wconf 90' lang='lat' dir='ltr'><strong>recedant,</strong></span> <span class='ocrx_word' id='word_1_352' title='bbox 1962 866 2039 931; x_wconf 86' lang='lat' dir='ltr'><strong>quos</strong></span> <span class='ocrx_word' id='word_1_353' title='bbox 2054 852 2125 914; x_wconf 92' lang='lat' dir='ltr'><strong>Car-</strong></span> 
     </span>
     <span class='ocr_line' id='line_1_63' title="bbox 1379 942 2124 1022; baseline 0.003 -18"><span class='ocrx_word' id='word_1_354' title='bbox 1379 942 1488 1004; x_wconf 92' lang='lat' dir='ltr'><strong>dinalis</strong></span> <span class='ocrx_word' id='word_1_355' title='bbox 1510 943 1644 1020; x_wconf 86' lang='lat' dir='ltr'><strong>betgado</strong></span> <span class='ocrx_word' id='word_1_356' title='bbox 1665 944 1868 1022; x_wconf 85' lang='lat' dir='ltr'><strong>descripserat</strong></span> <span class='ocrx_word' id='word_1_357' title='bbox 1895 961 1950 1008; x_wconf 90' lang='lat' dir='ltr'><strong>sna</strong></span> <span class='ocrx_word' id='word_1_358' title='bbox 1972 946 2005 1007; x_wconf 93' lang='lat' dir='ltr'><strong>in</strong></span> <span class='ocrx_word' id='word_1_359' title='bbox 2027 944 2124 1008; x_wconf 92' lang='lat' dir='ltr'><strong>decla·</strong></span> 
     </span>
     <span class='ocr_line' id='line_1_64' title="bbox 1379 1035 2126 1116; baseline 0.008 -22"><span class='ocrx_word' id='word_1_360' title='bbox 1379 1035 1510 1110; x_wconf 88' lang='lat' dir='ltr'><strong>ratione,</strong></span> <span class='ocrx_word' id='word_1_361' title='bbox 1539 1051 1632 1114; x_wconf 88' lang='lat' dir='ltr'><strong>quam</strong></span> <span class='ocrx_word' id='word_1_362' title='bbox 1653 1051 1709 1098; x_wconf 91' lang='lat' dir='ltr'><strong>nos</strong></span> <span class='ocrx_word' id='word_1_363' title='bbox 1737 1037 1911 1116; x_wconf 89' lang='lat' dir='ltr'><strong>apostolicis</strong></span> <span class='ocrx_word' id='word_1_364' title='bbox 1938 1037 2052 1100; x_wconf 91' lang='lat' dir='ltr'><strong>nostris</strong></span> <span class='ocrx_word' id='word_1_365' title='bbox 2072 1053 2126 1116; x_wconf 94' lang='lat' dir='ltr'><strong>po-</strong></span> 
     </span>
     <span class='ocr_line' id='line_1_65' title="bbox 1376 1127 2122 1208; baseline 0.008 -22"><span class='ocrx_word' id='word_1_366' title='bbox 1376 1127 1501 1190; x_wconf 91' lang='lat' dir='ltr'><strong>stremis</strong></span> <span class='ocrx_word' id='word_1_367' title='bbox 1515 1127 1612 1190; x_wconf 86' lang='lat' dir='ltr'><strong>literis</strong></span> <span class='ocrx_word' id='word_1_368' title='bbox 1629 1129 1855 1206; x_wconf 80' lang='lat' dir='ltr'><strong>quodammodo</strong></span> <span class='ocrx_word' id='word_1_369' title='bbox 1875 1129 2122 1208; x_wconf 89' lang='lat' dir='ltr'><strong>adprobavimus,</strong></span> 
     </span>
     <span class='ocr_line' id='line_1_66' title="bbox 1380 1220 2124 1301; baseline 0.007 -20"><span class='ocrx_word' id='word_1_370' title='bbox 1380 1225 1446 1284; x_wconf 93' lang='lat' dir='ltr'><strong>tum</strong></span> <span class='ocrx_word' id='word_1_371' title='bbox 1469 1220 1544 1282; x_wconf 89' lang='lat' dir='ltr'><strong>illud</strong></span> <span class='ocrx_word' id='word_1_372' title='bbox 1566 1223 1783 1300; x_wconf 78' lang='lat' dir='ltr'><strong>praeseferunt</strong></span> <span class='ocrx_word' id='word_1_373' title='bbox 1805 1224 1960 1301; x_wconf 84' lang='lat' dir='ltr'><strong>peculiare</strong></span> <span class='ocrx_word' id='word_1_374' title='bbox 1980 1241 2014 1287; x_wconf 89' lang='lat' dir='ltr'><strong>ac</strong></span> <span class='ocrx_word' id='word_1_375' title='bbox 2042 1239 2124 1286; x_wconf 84' lang='lat' dir='ltr'><strong>mm-</strong></span> 
     </span>
     <span class='ocr_line' id='line_1_67' title="bbox 1379 1313 2125 1397; baseline 0.009 -22"><span class='ocrx_word' id='word_1_376' title='bbox 1379 1313 1577 1377; x_wconf 92' lang='lat' dir='ltr'><strong>mendatione</strong></span> <span class='ocrx_word' id='word_1_377' title='bbox 1606 1315 1834 1392; x_wconf 88' lang='lat' dir='ltr'><strong>dignissimum,</strong></span> <span class='ocrx_word' id='word_1_378' title='bbox 1866 1319 1948 1395; x_wconf 87' lang='lat' dir='ltr'><strong>quod</strong></span> <span class='ocrx_word' id='word_1_379' title='bbox 1980 1319 2125 1397; x_wconf 81' lang='lat' dir='ltr'><strong>graphice</strong></span> 
     </span>
     <span class='ocr_line' id='line_1_68' title="bbox 1377 1407 2121 1488; baseline 0.008 -21"><span class='ocrx_word' id='word_1_380' title='bbox 1377 1421 1411 1467; x_wconf 90' lang='lat' dir='ltr'><strong>ao</strong></span> <span class='ocrx_word' id='word_1_381' title='bbox 1432 1407 1533 1470; x_wconf 91' lang='lat' dir='ltr'><strong>veluti</strong></span> <span class='ocrx_word' id='word_1_382' title='bbox 1547 1407 1579 1470; x_wconf 91' lang='lat' dir='ltr'><strong>in</strong></span> <span class='ocrx_word' id='word_1_383' title='bbox 1596 1407 1697 1471; x_wconf 91' lang='lat' dir='ltr'><strong>tabula</strong></span> <span class='ocrx_word' id='word_1_384' title='bbox 1719 1408 1875 1487; x_wconf 91' lang='lat' dir='ltr'><strong>depictum</strong></span> <span class='ocrx_word' id='word_1_385' title='bbox 1887 1417 2121 1488; x_wconf 89' lang='lat' dir='ltr'><strong>commostrant,</strong></span> 
     </span>
     <span class='ocr_line' id='line_1_69' title="bbox 1379 1501 2123 1568; baseline 0.007 -6"><span class='ocrx_word' id='word_1_386' title='bbox 1379 1501 1473 1564; x_wconf 91' lang='lat' dir='ltr'><strong>totius</strong></span> <span class='ocrx_word' id='word_1_387' title='bbox 1488 1502 1626 1564; x_wconf 91' lang='lat' dir='ltr'><strong>eiusdem</strong></span> <span class='ocrx_word' id='word_1_388' title='bbox 1639 1501 1811 1567; x_wconf 89' lang='lat' dir='ltr'><strong>Castrensis</strong></span> <span class='ocrx_word' id='word_1_389' title='bbox 1826 1504 2047 1568; x_wconf 89' lang='lat' dir='ltr'><strong>iurisdictionis</strong></span> <span class='ocrx_word' id='word_1_390' title='bbox 2060 1521 2123 1567; x_wconf 92' lang='lat' dir='ltr'><strong>am·</strong></span> 
     </span>
     <span class='ocr_line' id='line_1_70' title="bbox 1379 1594 2121 1675; baseline 0.005 -18"><span class='ocrx_word' id='word_1_391' title='bbox 1379 1595 1492 1670; x_wconf 92' lang='lat' dir='ltr'><strong>bitum,</strong></span> <span class='ocrx_word' id='word_1_392' title='bbox 1523 1594 1661 1674; x_wconf 85' lang='lat' dir='ltr'><strong>dumque</strong></span> <span class='ocrx_word' id='word_1_393' title='bbox 1683 1597 1725 1659; x_wconf 91' lang='lat' dir='ltr'><strong>ita</strong></span> <span class='ocrx_word' id='word_1_394' title='bbox 1753 1597 1970 1675; x_wconf 81' lang='lat' dir='ltr'><strong>ambiguitates</strong></span> <span class='ocrx_word' id='word_1_395' title='bbox 1990 1609 2022 1661; x_wconf 93' lang='lat' dir='ltr'><strong>et</strong></span> <span class='ocrx_word' id='word_1_396' title='bbox 2050 1614 2121 1661; x_wconf 92' lang='lat' dir='ltr'><strong>con·</strong></span> 
     </span>
     <span class='ocr_line' id='line_1_71' title="bbox 1378 1689 2121 1771; baseline 0.005 -20"><span class='ocrx_word' id='word_1_397' title='bbox 1378 1689 1542 1752; x_wconf 90' lang='lat' dir='ltr'><strong>troversias</strong></span> <span class='ocrx_word' id='word_1_398' title='bbox 1560 1698 1707 1754; x_wconf 90' lang='lat' dir='ltr'><strong>amovent</strong></span> <span class='ocrx_word' id='word_1_399' title='bbox 1725 1690 1979 1771; x_wconf 87' lang='lat' dir='ltr'><strong>praeciduntque,</strong></span> <span class='ocrx_word' id='word_1_400' title='bbox 1995 1694 2051 1756; x_wconf 89' lang='lat' dir='ltr'><strong>hac</strong></span> <span class='ocrx_word' id='word_1_401' title='bbox 2062 1694 2121 1756; x_wconf 92' lang='lat' dir='ltr'><strong>uti-</strong></span> 
     </span>
     <span class='ocr_line' id='line_1_72' title="bbox 1377 1779 2122 1864; baseline 0.009 -23"><span class='ocrx_word' id='word_1_402' title='bbox 1377 1779 1464 1844; x_wconf 90' lang='lat' dir='ltr'><strong>litate</strong></span> <span class='ocrx_word' id='word_1_403' title='bbox 1482 1790 1614 1858; x_wconf 87' lang='lat' dir='ltr'><strong>pensant</strong></span> <span class='ocrx_word' id='word_1_404' title='bbox 1640 1783 1836 1862; x_wconf 85' lang='lat' dir='ltr'><strong>aliquatenus</strong></span> <span class='ocrx_word' id='word_1_405' title='bbox 1867 1785 2017 1864; x_wconf 86' lang='lat' dir='ltr'><strong>quidquid</strong></span> <span class='ocrx_word' id='word_1_406' title='bbox 2038 1786 2122 1850; x_wconf 89' lang='lat' dir='ltr'><strong>Qrdi·</strong></span> 
     </span>
     <span class='ocr_line' id='line_1_73' title="bbox 1377 1872 2122 1956; baseline 0.005 -19"><span class='ocrx_word' id='word_1_407' title='bbox 1377 1872 1539 1938; x_wconf 85' lang='lat' dir='ltr'><strong>nariorum</strong></span> <span class='ocrx_word' id='word_1_408' title='bbox 1560 1876 1704 1954; x_wconf 90' lang='lat' dir='ltr'><strong>potestati</strong></span> <span class='ocrx_word' id='word_1_409' title='bbox 1724 1876 1904 1956; x_wconf 87' lang='lat' dir='ltr'><strong>decerptum</strong></span> <span class='ocrx_word' id='word_1_410' title='bbox 1925 1888 2040 1956; x_wconf 80' lang='lat' dir='ltr'><strong>augent</strong></span> <span class='ocrx_word' id='word_1_411' title='bbox 2068 1881 2122 1944; x_wconf 90' lang='lat' dir='ltr'><strong>Ca-</strong></span> 
     </span>
     <span class='ocr_line' id='line_1_74' title="bbox 1376 1967 2120 2052; baseline 0.009 -23"><span class='ocrx_word' id='word_1_412' title='bbox 1376 1969 1489 2031; x_wconf 90' lang='lat' dir='ltr'><strong>strensi</strong></span> <span class='ocrx_word' id='word_1_413' title='bbox 1515 1967 1731 2032; x_wconf 90' lang='lat' dir='ltr'><strong>iurisdictioni.</strong></span> <span class='ocrx_word' id='word_1_414' title='bbox 1755 1970 1837 2044; x_wconf 87' lang='lat' dir='ltr'><strong>Quae</strong></span> <span class='ocrx_word' id='word_1_415' title='bbox 1863 1972 1990 2052; x_wconf 84' lang='lat' dir='ltr'><strong>quidem</strong></span> <span class='ocrx_word' id='word_1_416' title='bbox 2017 1989 2055 2035; x_wconf 94' lang='lat' dir='ltr'><strong>eo</strong></span> <span class='ocrx_word' id='word_1_417' title='bbox 2076 1972 2120 2036; x_wconf 92' lang='lat' dir='ltr'><strong>lu-</strong></span> 
     </span>
     <span class='ocr_line' id='line_1_75' title="bbox 1378 2062 2120 2144; baseline 0.008 -21"><span class='ocrx_word' id='word_1_418' title='bbox 1378 2062 1518 2125; x_wconf 90' lang='lat' dir='ltr'><strong>bentiore</strong></span> <span class='ocrx_word' id='word_1_419' title='bbox 1539 2063 1642 2124; x_wconf 92' lang='lat' dir='ltr'><strong>animo</strong></span> <span class='ocrx_word' id='word_1_420' title='bbox 1668 2063 1913 2141; x_wconf 89' lang='lat' dir='ltr'><strong>observavimus,</strong></span> <span class='ocrx_word' id='word_1_421' title='bbox 1935 2081 1997 2144; x_wconf 89' lang='lat' dir='ltr'><strong>quo</strong></span> <span class='ocrx_word' id='word_1_422' title='bbox 2025 2067 2120 2143; x_wconf 91' lang='lat' dir='ltr'><strong>magis</strong></span> 
     </span>
     <span class='ocr_line' id='line_1_76' title="bbox 1377 2155 2121 2239; baseline 0.009 -22"><span class='ocrx_word' id='word_1_423' title='bbox 1377 2155 1584 2234; x_wconf 91' lang='lat' dir='ltr'><strong>comperimus</strong></span> <span class='ocrx_word' id='word_1_424' title='bbox 1620 2158 1777 2232; x_wconf 89' lang='lat' dir='ltr'><strong>graviores</strong></span> <span class='ocrx_word' id='word_1_425' title='bbox 1809 2159 1898 2221; x_wconf 91' lang='lat' dir='ltr'><strong>nobis</strong></span> <span class='ocrx_word' id='word_1_426' title='bbox 1928 2159 2121 2239; x_wconf 88' lang='lat' dir='ltr'><strong>suppeditare</strong></span> 
     </span>
     <span class='ocr_line' id='line_1_77' title="bbox 1376 2248 2120 2330; baseline 0.008 -22"><span class='ocrx_word' id='word_1_427' title='bbox 1376 2249 1523 2320; x_wconf 91' lang='lat' dir='ltr'><strong>rationes,</strong></span> <span class='ocrx_word' id='word_1_428' title='bbox 1547 2248 1587 2310; x_wconf 94' lang='lat' dir='ltr'><strong>ob</strong></span> <span class='ocrx_word' id='word_1_429' title='bbox 1607 2265 1681 2327; x_wconf 84' lang='lat' dir='ltr'><strong>quas</strong></span> <span class='ocrx_word' id='word_1_430' title='bbox 1703 2249 1902 2328; x_wconf 88' lang='lat' dir='ltr'><strong>desiderium,</strong></span> <span class='ocrx_word' id='word_1_431' title='bbox 1924 2268 1987 2330; x_wconf 84' lang='lat' dir='ltr'><strong>quo</strong></span> <span class='ocrx_word' id='word_1_432' title='bbox 2006 2253 2120 2328; x_wconf 89' lang='lat' dir='ltr'><strong>iugiter</strong></span> 
     </span>
     <span class='ocr_line' id='line_1_78' title="bbox 1378 2335 2120 2424; baseline 0.005 -22"><span class='ocrx_word' id='word_1_433' title='bbox 1378 2335 1556 2418; x_wconf 83' lang='lat' dir='ltr'><strong>flagramus,</strong></span> <span class='ocrx_word' id='word_1_434' title='bbox 1573 2342 1802 2406; x_wconf 78' lang='lat' dir='ltr'><strong>obsecundandi</strong></span> <span class='ocrx_word' id='word_1_435' title='bbox 1823 2344 1873 2419; x_wconf 92' lang='lat' dir='ltr'><strong>iis,</strong></span> <span class='ocrx_word' id='word_1_436' title='bbox 1890 2361 1969 2422; x_wconf 86' lang='lat' dir='ltr'><strong>quae</strong></span> <span class='ocrx_word' id='word_1_437' title='bbox 1983 2345 2039 2408; x_wconf 91' lang='lat' dir='ltr'><strong>tibi</strong></span> <span class='ocrx_word' id='word_1_438' title='bbox 2053 2361 2120 2424; x_wconf 93' lang='lat' dir='ltr'><strong>gra·</strong></span> 
     </span>
     <span class='ocr_line' id='line_1_79' title="bbox 1378 2434 2120 2518; baseline 0.009 -25"><span class='ocrx_word' id='word_1_439' title='bbox 1378 2439 1405 2493; x_wconf 90' lang='lat' dir='ltr'><strong>ta</strong></span> <span class='ocrx_word' id='word_1_440' title='bbox 1420 2439 1451 2494; x_wconf 92' lang='lat' dir='ltr'><strong>et</strong></span> <span class='ocrx_word' id='word_1_441' title='bbox 1465 2442 1585 2510; x_wconf 89' lang='lat' dir='ltr'><strong>accepta</strong></span> <span class='ocrx_word' id='word_1_442' title='bbox 1607 2450 1672 2496; x_wconf 91' lang='lat' dir='ltr'><strong>esse</strong></span> <span class='ocrx_word' id='word_1_443' title='bbox 1693 2434 1863 2510; x_wconf 89' lang='lat' dir='ltr'><strong>noscimus,</strong></span> <span class='ocrx_word' id='word_1_444' title='bbox 1879 2436 2009 2518; x_wconf 90' lang='lat' dir='ltr'><strong>implere</strong></span> <span class='ocrx_word' id='word_1_445' title='bbox 2025 2438 2120 2500; x_wconf 89' lang='lat' dir='ltr'><strong>tutius</strong></span> 
     </span>
     <span class='ocr_line' id='line_1_80' title="bbox 1376 2526 2119 2604; baseline 0.009 -18"><span class='ocrx_word' id='word_1_446' title='bbox 1376 2532 1468 2604; x_wconf 86' lang='lat' dir='ltr'><strong>atque</strong></span> <span class='ocrx_word' id='word_1_447' title='bbox 1488 2526 1617 2588; x_wconf 89' lang='lat' dir='ltr'><strong>alacrius</strong></span> <span class='ocrx_word' id='word_1_448' title='bbox 1633 2527 1800 2590; x_wconf 90' lang='lat' dir='ltr'><strong>valeamus.</strong></span> <span class='ocrx_word' id='word_1_449' title='bbox 1824 2528 1926 2604; x_wconf 92' lang='lat' dir='ltr'><strong>Quum</strong></span> <span class='ocrx_word' id='word_1_450' title='bbox 1941 2531 2026 2593; x_wconf 91' lang='lat' dir='ltr'><strong>enim</strong></span> <span class='ocrx_word' id='word_1_451' title='bbox 2047 2546 2119 2593; x_wconf 91' lang='lat' dir='ltr'><strong>con·</strong></span> 
     </span>
     <span class='ocr_line' id='line_1_81' title="bbox 1375 2619 2118 2700; baseline 0.009 -22"><span class='ocrx_word' id='word_1_452' title='bbox 1375 2619 1481 2680; x_wconf 91' lang='lat' dir='ltr'><strong>veniat</strong></span> <span class='ocrx_word' id='word_1_453' title='bbox 1502 2619 1646 2696; x_wconf 89' lang='lat' dir='ltr'><strong>providae</strong></span> <span class='ocrx_word' id='word_1_454' title='bbox 1661 2621 1957 2700; x_wconf 80' lang='lat' dir='ltr'><strong>apostolicaesedis</strong></span> <span class='ocrx_word' id='word_1_455' title='bbox 1977 2623 2118 2700; x_wconf 91' lang='lat' dir='ltr'><strong>benigni-</strong></span> 
     </span>
     <span class='ocr_line' id='line_1_82' title="bbox 1376 2710 2116 2779; baseline 0.009 -7"><span class='ocrx_word' id='word_1_456' title='bbox 1376 2712 1430 2774; x_wconf 91' lang='lat' dir='ltr'><strong>tati</strong></span> <span class='ocrx_word' id='word_1_457' title='bbox 1457 2710 1577 2774; x_wconf 82' lang='lat' dir='ltr'><strong>labilem</strong></span> <span class='ocrx_word' id='word_1_458' title='bbox 1604 2729 1637 2776; x_wconf 92' lang='lat' dir='ltr'><strong>se</strong></span> <span class='ocrx_word' id='word_1_459' title='bbox 1659 2721 1689 2776; x_wconf 88' lang='lat' dir='ltr'><strong>et</strong></span> <span class='ocrx_word' id='word_1_460' title='bbox 1711 2714 1871 2778; x_wconf 91' lang='lat' dir='ltr'><strong>liberalem</strong></span> <span class='ocrx_word' id='word_1_461' title='bbox 1898 2717 2063 2779; x_wconf 90' lang='lat' dir='ltr'><strong>ostendere</strong></span> <span class='ocrx_word' id='word_1_462' title='bbox 2083 2717 2116 2779; x_wconf 94' lang='lat' dir='ltr'><strong>in</strong></span> 
     </span>
     <span class='ocr_line' id='line_1_83' title="bbox 1375 2804 2119 2885; baseline 0.007 -19"><span class='ocrx_word' id='word_1_463' title='bbox 1375 2805 1480 2881; x_wconf 90' lang='lat' dir='ltr'><strong>gratiis</strong></span> <span class='ocrx_word' id='word_1_464' title='bbox 1502 2811 1532 2868; x_wconf 89' lang='lat' dir='ltr'><strong>et</strong></span> <span class='ocrx_word' id='word_1_465' title='bbox 1554 2804 1709 2868; x_wconf 80' lang='lat' dir='ltr'><strong>favoribus</strong></span> <span class='ocrx_word' id='word_1_466' title='bbox 1736 2807 1922 2885; x_wconf 90' lang='lat' dir='ltr'><strong>elargiendis</strong></span> <span class='ocrx_word' id='word_1_467' title='bbox 1945 2808 2119 2872; x_wconf 92' lang='lat' dir='ltr'><strong>christianis</strong></span> 
     </span>
     <span class='ocr_line' id='line_1_84' title="bbox 1375 2899 2118 2979; baseline 0.009 -20"><span class='ocrx_word' id='word_1_468' title='bbox 1375 2899 1578 2977; x_wconf 88' lang='lat' dir='ltr'><strong>principibus,</strong></span> <span class='ocrx_word' id='word_1_469' title='bbox 1591 2900 1696 2979; x_wconf 89' lang='lat' dir='ltr'><strong>quiex</strong></span> <span class='ocrx_word' id='word_1_470' title='bbox 1710 2901 1872 2978; x_wconf 88' lang='lat' dir='ltr'><strong>praeclaris</strong></span> <span class='ocrx_word' id='word_1_471' title='bbox 1882 2902 2035 2964; x_wconf 90' lang='lat' dir='ltr'><strong>maiorum</strong></span> <span class='ocrx_word' id='word_1_472' title='bbox 2050 2920 2118 2966; x_wconf 92' lang='lat' dir='ltr'><strong>suo-</strong></span> 
     </span>
     <span class='ocr_line' id='line_1_85' title="bbox 1375 2992 2119 3060; baseline 0.009 -8"><span class='ocrx_word' id='word_1_473' title='bbox 1375 3007 1446 3053; x_wconf 93' lang='lat' dir='ltr'><strong>rum</strong></span> <span class='ocrx_word' id='word_1_474' title='bbox 1467 2992 1586 3054; x_wconf 90' lang='lat' dir='ltr'><strong>meritis</strong></span> <span class='ocrx_word' id='word_1_475' title='bbox 1598 3001 1767 3056; x_wconf 91' lang='lat' dir='ltr'><strong>etsuarum</strong></span> <span class='ocrx_word' id='word_1_476' title='bbox 1782 2995 1940 3058; x_wconf 89' lang='lat' dir='ltr'><strong>virtutum</strong></span> <span class='ocrx_word' id='word_1_477' title='bbox 1954 3012 2119 3060; x_wconf 89' lang='lat' dir='ltr'><strong>ornamen-</strong></span> 
     </span>
     <span class='ocr_line' id='line_1_86' title="bbox 1374 3084 2118 3162; baseline 0.008 -16"><span class='ocrx_word' id='word_1_478' title='bbox 1374 3084 1423 3160; x_wconf 90' lang='lat' dir='ltr'><strong>tis,</strong></span> <span class='ocrx_word' id='word_1_479' title='bbox 1437 3086 1550 3162; x_wconf 83' lang='lat' dir='ltr'><strong>pietate</strong></span> <span class='ocrx_word' id='word_1_480' title='bbox 1572 3101 1645 3162; x_wconf 87' lang='lat' dir='ltr'><strong>erga</strong></span> <span class='ocrx_word' id='word_1_481' title='bbox 1667 3087 1777 3162; x_wconf 84' lang='lat' dir='ltr'><strong>Deum,</strong></span> <span class='ocrx_word' id='word_1_482' title='bbox 1794 3089 1959 3150; x_wconf 90' lang='lat' dir='ltr'><strong>devotione</strong></span> <span class='ocrx_word' id='word_1_483' title='bbox 1980 3096 2012 3152; x_wconf 91' lang='lat' dir='ltr'><strong>ct</strong></span> <span class='ocrx_word' id='word_1_484' title='bbox 2033 3090 2118 3152; x_wconf 92' lang='lat' dir='ltr'><strong>obse-</strong></span> 
     </span>
     <span class='ocr_line' id='line_1_87' title="bbox 1374 3177 2118 3262; baseline 0.011 -24"><span class='ocrx_word' id='word_1_485' title='bbox 1374 3177 1446 3255; x_wconf 87' lang='lat' dir='ltr'><strong>quio</strong></span> <span class='ocrx_word' id='word_1_486' title='bbox 1473 3193 1545 3254; x_wconf 91' lang='lat' dir='ltr'><strong>erga</strong></span> <span class='ocrx_word' id='word_1_487' title='bbox 1574 3179 1717 3243; x_wconf 88' lang='lat' dir='ltr'><strong>Sanctam</strong></span> <span class='ocrx_word' id='word_1_488' title='bbox 1746 3178 1858 3244; x_wconf 89' lang='lat' dir='ltr'><strong>Sedem</strong></span> <span class='ocrx_word' id='word_1_489' title='bbox 1890 3182 1921 3243; x_wconf 93' lang='lat' dir='ltr'><strong>in</strong></span> <span class='ocrx_word' id='word_1_490' title='bbox 1953 3191 2118 3262; x_wconf 90' lang='lat' dir='ltr'><strong>conspectu</strong></span> 
     </span>
     <span class='ocr_line' id='line_1_88' title="bbox 1374 3271 2118 3351; baseline 0.009 -20"><span class='ocrx_word' id='word_1_491' title='bbox 1374 3272 1517 3334; x_wconf 91' lang='lat' dir='ltr'><strong>omnium</strong></span> <span class='ocrx_word' id='word_1_492' title='bbox 1538 3271 1700 3349; x_wconf 89' lang='lat' dir='ltr'><strong>splendere</strong></span> <span class='ocrx_word' id='word_1_493' title='bbox 1722 3282 1905 3351; x_wconf 89' lang='lat' dir='ltr'><strong>noscuntur,</strong></span> <span class='ocrx_word' id='word_1_494' title='bbox 1930 3276 2009 3338; x_wconf 91' lang='lat' dir='ltr'><strong>nihil</strong></span> <span class='ocrx_word' id='word_1_495' title='bbox 2030 3276 2118 3339; x_wconf 93' lang='lat' dir='ltr'><strong>nobis</strong></span> 
     </span>
     <span class='ocr_line' id='line_1_89' title="bbox 1374 3364 2117 3448; baseline 0.009 -24"><span class='ocrx_word' id='word_1_496' title='bbox 1374 3364 1507 3443; x_wconf 90' lang='lat' dir='ltr'><strong>optatius</strong></span> <span class='ocrx_word' id='word_1_497' title='bbox 1528 3365 1691 3442; x_wconf 91' lang='lat' dir='ltr'><strong>obtingere</strong></span> <span class='ocrx_word' id='word_1_498' title='bbox 1714 3373 1824 3444; x_wconf 89' lang='lat' dir='ltr'><strong>potest,</strong></span> <span class='ocrx_word' id='word_1_499' title='bbox 1840 3384 1933 3447; x_wconf 85' lang='lat' dir='ltr'><strong>quam</strong></span> <span class='ocrx_word' id='word_1_500' title='bbox 1955 3385 2053 3448; x_wconf 88' lang='lat' dir='ltr'><strong>quum</strong></span> <span class='ocrx_word' id='word_1_501' title='bbox 2069 3385 2117 3430; x_wconf 89' lang='lat' dir='ltr'><strong>oc-</strong></span> 
     </span>
     <span class='ocr_line' id='line_1_90' title="bbox 1373 3449 2117 3540; baseline 0.005 -20"><span class='ocrx_word' id='word_1_502' title='bbox 1373 3457 1527 3520; x_wconf 92' lang='lat' dir='ltr'><strong>casionem</strong></span> <span class='ocrx_word' id='word_1_503' title='bbox 1554 3457 1687 3520; x_wconf 91' lang='lat' dir='ltr'><strong>oblatam</strong></span> <span class='ocrx_word' id='word_1_504' title='bbox 1714 3459 1882 3536; x_wconf 90' lang='lat' dir='ltr'><strong>cernimus,</strong></span> <span class='ocrx_word' id='word_1_505' title='bbox 1901 3449 1964 3539; x_wconf 79' lang='lat' dir='ltr'><strong>¹qim</strong></span> <span class='ocrx_word' id='word_1_506' title='bbox 1991 3461 2117 3540; x_wconf 86' lang='lat' dir='ltr'><strong>obsequi</strong></span> 
     </span>
     <span class='ocr_line' id='line_1_91' title="bbox 1373 3549 2115 3632; baseline 0.008 -21"><span class='ocrx_word' id='word_1_507' title='bbox 1373 3549 1434 3611; x_wconf 90' lang='lat' dir='ltr'><strong>tuis</strong></span> <span class='ocrx_word' id='word_1_508' title='bbox 1455 3551 1534 3613; x_wconf 91' lang='lat' dir='ltr'><strong>votis</strong></span> <span class='ocrx_word' id='word_1_509' title='bbox 1556 3549 1722 3626; x_wconf 90' lang='lat' dir='ltr'><strong>valeamus,</strong></span> <span class='ocrx_word' id='word_1_510' title='bbox 1738 3553 1793 3632; x_wconf 85' lang='lat' dir='ltr'><strong>qui</strong></span> <span class='ocrx_word' id='word_1_511' title='bbox 1814 3560 1944 3616; x_wconf 90' lang='lat' dir='ltr'><strong>tuorum</strong></span> <span class='ocrx_word' id='word_1_512' title='bbox 1964 3555 2115 3618; x_wconf 93' lang='lat' dir='ltr'><strong>maiorum</strong></span> 
     </span>
     <span class='ocr_line' id='line_1_92' title="bbox 1372 3644 2117 3723; baseline 0.009 -18"><span class='ocrx_word' id='word_1_513' title='bbox 1372 3644 1533 3722; x_wconf 91' lang='lat' dir='ltr'><strong>exemplis,</strong></span> <span class='ocrx_word' id='word_1_514' title='bbox 1548 3651 1662 3723; x_wconf 85' lang='lat' dir='ltr'><strong>tuaque</strong></span> <span class='ocrx_word' id='word_1_515' title='bbox 1682 3646 1807 3722; x_wconf 89' lang='lat' dir='ltr'><strong>egregia</strong></span> <span class='ocrx_word' id='word_1_516' title='bbox 1828 3647 1926 3712; x_wconf 90' lang='lat' dir='ltr'><strong>animi</strong></span> <span class='ocrx_word' id='word_1_517' title='bbox 1947 3647 2051 3710; x_wconf 92' lang='lat' dir='ltr'><strong>indole</strong></span> <span class='ocrx_word' id='word_1_518' title='bbox 2065 3665 2117 3712; x_wconf 90' lang='lat' dir='ltr'><strong>ex·</strong></span> 
     </span>
     <span class='ocr_line' id='line_1_93' title="bbox 1371 3737 2116 3804; baseline 0.005 -4"><span class='ocrx_word' id='word_1_519' title='bbox 1371 3737 1482 3800; x_wconf 90' lang='lat' dir='ltr'><strong>citatus</strong></span> <span class='ocrx_word' id='word_1_520' title='bbox 1504 3737 1649 3800; x_wconf 91' lang='lat' dir='ltr'><strong>omnibns</strong></span> <span class='ocrx_word' id='word_1_521' title='bbox 1670 3738 1753 3802; x_wconf 90' lang='lat' dir='ltr'><strong>hisce</strong></span> <span class='ocrx_word' id='word_1_522' title='bbox 1775 3738 1916 3804; x_wconf 89' lang='lat' dir='ltr'><strong>laudibus</strong></span> <span class='ocrx_word' id='word_1_523' title='bbox 1937 3741 2116 3804; x_wconf 90' lang='lat' dir='ltr'><strong>cumulatis·</strong></span> 
     </span>
     <span class='ocr_line' id='line_1_94' title="bbox 1371 3830 1657 3908; baseline -0.007 -16"><span class='ocrx_word' id='word_1_524' title='bbox 1371 3831 1449 3893; x_wconf 91' lang='lat' dir='ltr'><strong>sime</strong></span> <span class='ocrx_word' id='word_1_525' title='bbox 1469 3830 1657 3908; x_wconf 78' lang='lat' dir='ltr'><strong>praefulges.</strong></span> 
     </span>
    </p>

    <p class='ocr_par' dir='ltr' id='par_1_5' title="bbox 1367 3924 2118 5956">
     <span class='ocr_line' id='line_1_95' title="bbox 1411 3924 2118 4007; baseline 0.007 -21"><span class='ocrx_word' id='word_1_526' title='bbox 1411 3925 1430 4000; x_wconf 69' lang='grc' dir='ltr'><strong>ἓ</strong></span> <span class='ocrx_word' id='word_1_527' title='bbox 1451 3924 1479 3986; x_wconf 84' lang='grc'><strong>3.</strong></span> <span class='ocrx_word' id='word_1_528' title='bbox 1503 3925 1621 3999; x_wconf 84' lang='lat' dir='ltr'><strong>Quibus</strong></span> <span class='ocrx_word' id='word_1_529' title='bbox 1644 3925 1742 3988; x_wconf 84' lang='lat' dir='ltr'><strong>causis</strong></span> <span class='ocrx_word' id='word_1_530' title='bbox 1769 3927 1913 4004; x_wconf 90' lang='lat' dir='ltr'><strong>permoti,</strong></span> <span class='ocrx_word' id='word_1_531' title='bbox 1937 3935 2030 4007; x_wconf 84' lang='lat' dir='ltr'><strong>teque</strong></span> <span class='ocrx_word' id='word_1_532' title='bbox 2049 3943 2118 4006; x_wconf 92' lang='lat' dir='ltr'><strong>spe-</strong></span> 
     </span>
     <span class='ocr_line' id='line_1_96' title="bbox 1371 4016 2116 4100; baseline 0.005 -20"><span class='ocrx_word' id='word_1_533' title='bbox 1371 4019 1497 4083; x_wconf 89' lang='lat' dir='ltr'><strong>cialibus</strong></span> <span class='ocrx_word' id='word_1_534' title='bbox 1525 4016 1682 4080; x_wconf 89' lang='lat' dir='ltr'><strong>iavoribus</strong></span> <span class='ocrx_word' id='word_1_535' title='bbox 1702 4026 1733 4080; x_wconf 93' lang='lat' dir='ltr'><strong>et</strong></span> <span class='ocrx_word' id='word_1_536' title='bbox 1760 4020 1863 4096; x_wconf 88' lang='lat' dir='ltr'><strong>gratiis</strong></span> <span class='ocrx_word' id='word_1_537' title='bbox 1884 4037 1940 4100; x_wconf 90' lang='lat' dir='ltr'><strong>pro</strong></span> <span class='ocrx_word' id='word_1_538' title='bbox 1966 4029 2019 4084; x_wconf 93' lang='lat' dir='ltr'><strong>tua</strong></span> <span class='ocrx_word' id='word_1_539' title='bbox 2045 4037 2116 4100; x_wconf 88' lang='lat' dir='ltr'><strong>erga</strong></span> 
     </span>
     <span class='ocr_line' id='line_1_97' title="bbox 1371 4110 2115 4190; baseline 0.007 -18"><span class='ocrx_word' id='word_1_540' title='bbox 1371 4110 1450 4174; x_wconf 90' lang='lat' dir='ltr'><strong>banc</strong></span> <span class='ocrx_word' id='word_1_541' title='bbox 1471 4117 1610 4173; x_wconf 89' lang='lat' dir='ltr'><strong>nostram</strong></span> <span class='ocrx_word' id='word_1_542' title='bbox 1641 4111 1846 4190; x_wconf 83' lang='lat' dir='ltr'><strong>Apostolieam</strong></span> <span class='ocrx_word' id='word_1_543' title='bbox 1873 4113 1987 4177; x_wconf 88' lang='lat' dir='ltr'><strong>Sedem</strong></span> <span class='ocrx_word' id='word_1_544' title='bbox 2013 4115 2115 4177; x_wconf 71' lang='lat' dir='ltr'><strong>obser-</strong></span> 
     </span>
     <span class='ocr_line' id='line_1_98' title="bbox 1371 4204 2114 4286; baseline 0.004 -19"><span class='ocrx_word' id='word_1_545' title='bbox 1371 4205 1474 4267; x_wconf 89' lang='lat' dir='ltr'><strong>vantia</strong></span> <span class='ocrx_word' id='word_1_546' title='bbox 1496 4205 1639 4284; x_wconf 84' lang='lat' dir='ltr'><strong>prosequi</strong></span> <span class='ocrx_word' id='word_1_547' title='bbox 1660 4204 1813 4282; x_wconf 84' lang='lat' dir='ltr'><strong>volentes,</strong></span> <span class='ocrx_word' id='word_1_548' title='bbox 1837 4207 1962 4286; x_wconf 85' lang='lat' dir='ltr'><strong>tuisque</strong></span> <span class='ocrx_word' id='word_1_549' title='bbox 1983 4208 2041 4286; x_wconf 93' lang='lat' dir='ltr'><strong>piis</strong></span> <span class='ocrx_word' id='word_1_550' title='bbox 2061 4208 2114 4270; x_wconf 90' lang='lat' dir='ltr'><strong>de·</strong></span> 
     </span>
     <span class='ocr_line' id='line_1_99' title="bbox 1370 4295 2115 4370; baseline 0.009 -14"><span class='ocrx_word' id='word_1_551' title='bbox 1370 4295 1488 4358; x_wconf 86' lang='lat' dir='ltr'><strong>sideriis</strong></span> <span class='ocrx_word' id='word_1_552' title='bbox 1502 4311 1655 4370; x_wconf 88' lang='lat' dir='ltr'><strong>annuere,</strong></span> <span class='ocrx_word' id='word_1_553' title='bbox 1670 4297 1866 4363; x_wconf 90' lang='lat' dir='ltr'><strong>Castrensem</strong></span> <span class='ocrx_word' id='word_1_554' title='bbox 1880 4298 2115 4362; x_wconf 85' lang='lat' dir='ltr'><strong>ecclesiasticam</strong></span> 
     </span>
     <span class='ocr_line' id='line_1_100' title="bbox 1371 4387 2116 4469; baseline 0.005 -19"><span class='ocrx_word' id='word_1_555' title='bbox 1371 4387 1616 4454; x_wconf 89' lang='lat' dir='ltr'><strong>iurisdictionem</strong></span> <span class='ocrx_word' id='word_1_556' title='bbox 1638 4391 1670 4451; x_wconf 91' lang='lat' dir='ltr'><strong>in</strong></span> <span class='ocrx_word' id='word_1_557' title='bbox 1693 4391 1755 4452; x_wconf 88' lang='lat' dir='ltr'><strong>tuis</strong></span> <span class='ocrx_word' id='word_1_558' title='bbox 1782 4393 1889 4469; x_wconf 90' lang='lat' dir='ltr'><strong>regnis</strong></span> <span class='ocrx_word' id='word_1_559' title='bbox 1914 4399 1946 4454; x_wconf 92' lang='lat' dir='ltr'><strong>et</strong></span> <span class='ocrx_word' id='word_1_560' title='bbox 1971 4393 2116 4456; x_wconf 89' lang='lat' dir='ltr'><strong>dominiis</strong></span> 
     </span>
     <span class='ocr_line' id='line_1_101' title="bbox 1370 4482 2115 4564; baseline 0.008 -22"><span class='ocrx_word' id='word_1_561' title='bbox 1370 4497 1407 4543; x_wconf 94' lang='lat' dir='ltr'><strong>eo</strong></span> <span class='ocrx_word' id='word_1_562' title='bbox 1429 4484 1531 4558; x_wconf 89' lang='lat' dir='ltr'><strong>modo,</strong></span> <span class='ocrx_word' id='word_1_563' title='bbox 1547 4499 1641 4561; x_wconf 85' lang='lat' dir='ltr'><strong>quem</strong></span> <span class='ocrx_word' id='word_1_564' title='bbox 1656 4482 1786 4546; x_wconf 84' lang='lat' dir='ltr'><strong>interius</strong></span> <span class='ocrx_word' id='word_1_565' title='bbox 1808 4485 1895 4546; x_wconf 88' lang='lat' dir='ltr'><strong>iuxta</strong></span> <span class='ocrx_word' id='word_1_566' title='bbox 1916 4485 2115 4564; x_wconf 85' lang='lat' dir='ltr'><strong>propositasa</strong></span> 
     </span>
     <span class='ocr_line' id='line_1_102' title="bbox 1372 4574 2115 4652; baseline 0.008 -17"><span class='ocrx_word' id='word_1_567' title='bbox 1372 4580 1402 4636; x_wconf 94' lang='lat' dir='ltr'><strong>te</strong></span> <span class='ocrx_word' id='word_1_568' title='bbox 1430 4574 1551 4652; x_wconf 89' lang='lat' dir='ltr'><strong>regulas</strong></span> <span class='ocrx_word' id='word_1_569' title='bbox 1580 4575 1832 4652; x_wconf 89' lang='lat' dir='ltr'><strong>enucleabimus,</strong></span> <span class='ocrx_word' id='word_1_570' title='bbox 1863 4578 2056 4648; x_wconf 87' lang='lat' dir='ltr'><strong>constituere</strong></span> <span class='ocrx_word' id='word_1_571' title='bbox 2085 4585 2115 4641; x_wconf 90' lang='lat' dir='ltr'><strong>et</strong></span> 
     </span>
     <span class='ocr_line' id='line_1_103' title="bbox 1369 4667 2116 4749; baseline 0.007 -20"><span class='ocrx_word' id='word_1_572' title='bbox 1369 4667 1623 4731; x_wconf 85' lang='lat' dir='ltr'><strong>circumscribere</strong></span> <span class='ocrx_word' id='word_1_573' title='bbox 1651 4667 1859 4746; x_wconf 87' lang='lat' dir='ltr'><strong>decrevimus,</strong></span> <span class='ocrx_word' id='word_1_574' title='bbox 1888 4677 1982 4749; x_wconf 92' lang='lat' dir='ltr'><strong>prout</strong></span> <span class='ocrx_word' id='word_1_575' title='bbox 2010 4670 2116 4747; x_wconf 89' lang='lat' dir='ltr'><strong>vigore</strong></span> 
     </span>
     <span class='ocr_line' id='line_1_104' title="bbox 1369 4761 2115 4839; baseline 0.008 -17"><span class='ocrx_word' id='word_1_576' title='bbox 1369 4761 1581 4839; x_wconf 90' lang='lat' dir='ltr'><strong>praesentium</strong></span> <span class='ocrx_word' id='word_1_577' title='bbox 1602 4762 1820 4825; x_wconf 90' lang='lat' dir='ltr'><strong>constituimus</strong></span> <span class='ocrx_word' id='word_1_578' title='bbox 1834 4771 1866 4826; x_wconf 92' lang='lat' dir='ltr'><strong>et</strong></span> <span class='ocrx_word' id='word_1_579' title='bbox 1880 4764 2058 4826; x_wconf 87' lang='lat' dir='ltr'><strong>delinimus.</strong></span> <span class='ocrx_word' id='word_1_580' title='bbox 2073 4765 2115 4828; x_wconf 86' lang='lat' dir='ltr'><strong>hc</strong></span> 
     </span>
     <span class='ocr_line' id='line_1_105' title="bbox 1369 4853 2113 4934; baseline 0.008 -20"><span class='ocrx_word' id='word_1_581' title='bbox 1369 4853 1508 4932; x_wconf 90' lang='lat' dir='ltr'><strong>primum</strong></span> <span class='ocrx_word' id='word_1_582' title='bbox 1529 4855 1655 4933; x_wconf 85' lang='lat' dir='ltr'><strong>quidem</strong></span> <span class='ocrx_word' id='word_1_583' title='bbox 1676 4856 1844 4919; x_wconf 90' lang='lat' dir='ltr'><strong>statuimus</strong></span> <span class='ocrx_word' id='word_1_584' title='bbox 1858 4863 1888 4918; x_wconf 93' lang='lat' dir='ltr'><strong>et</strong></span> <span class='ocrx_word' id='word_1_585' title='bbox 1902 4855 2113 4934; x_wconf 88' lang='lat' dir='ltr'><strong>decernimus,</strong></span> 
     </span>
     <span class='ocr_line' id='line_1_106' title="bbox 1368 4948 2113 5024; baseline 0.003 -14"><span class='ocrx_word' id='word_1_586' title='bbox 1368 4949 1450 5024; x_wconf 87' lang='lat' dir='ltr'><strong>quod</strong></span> <span class='ocrx_word' id='word_1_587' title='bbox 1476 4948 1632 5011; x_wconf 90' lang='lat' dir='ltr'><strong>Castrensi</strong></span> <span class='ocrx_word' id='word_1_588' title='bbox 1659 4948 1880 5012; x_wconf 88' lang='lat' dir='ltr'><strong>ecclesiasticae</strong></span> <span class='ocrx_word' id='word_1_589' title='bbox 1907 4949 2113 5012; x_wconf 91' lang='lat' dir='ltr'><strong>iurisdictioni</strong></span> 
     </span>
     <span class='ocr_line' id='line_1_107' title="bbox 1368 5039 2114 5119; baseline 0.009 -18"><span class='ocrx_word' id='word_1_590' title='bbox 1368 5039 1541 5118; x_wconf 89' lang='lat' dir='ltr'><strong>praedictae</strong></span> <span class='ocrx_word' id='word_1_591' title='bbox 1560 5041 1690 5104; x_wconf 90' lang='lat' dir='ltr'><strong>subiecti</strong></span> <span class='ocrx_word' id='word_1_592' title='bbox 1705 5043 1780 5119; x_wconf 93' lang='lat' dir='ltr'><strong>sint,</strong></span> <span class='ocrx_word' id='word_1_593' title='bbox 1793 5051 1825 5104; x_wconf 94' lang='lat' dir='ltr'><strong>et</strong></span> <span class='ocrx_word' id='word_1_594' title='bbox 1838 5043 1968 5106; x_wconf 89' lang='lat' dir='ltr'><strong>subiecti</strong></span> <span class='ocrx_word' id='word_1_595' title='bbox 1983 5043 2114 5108; x_wconf 90' lang='lat' dir='ltr'><strong>habean-</strong></span> 
     </span>
     <span class='ocr_line' id='line_1_108' title="bbox 1369 5133 2115 5213; baseline 0.008 -18"><span class='ocrx_word' id='word_1_596' title='bbox 1369 5138 1420 5195; x_wconf 90' lang='lat' dir='ltr'><strong>tur</strong></span> <span class='ocrx_word' id='word_1_597' title='bbox 1443 5139 1506 5196; x_wconf 90' lang='lat' dir='ltr'><strong>tam</strong></span> <span class='ocrx_word' id='word_1_598' title='bbox 1533 5133 1592 5210; x_wconf 86' lang='lat' dir='ltr'><strong>illi,</strong></span> <span class='ocrx_word' id='word_1_599' title='bbox 1626 5133 1679 5213; x_wconf 87' lang='lat' dir='ltr'><strong>qui</strong></span> <span class='ocrx_word' id='word_1_600' title='bbox 1707 5134 1773 5196; x_wconf 91' lang='lat' dir='ltr'><strong>loro</strong></span> <span class='ocrx_word' id='word_1_601' title='bbox 1801 5134 1936 5211; x_wconf 92' lang='lat' dir='ltr'><strong>gaudent</strong></span> <span class='ocrx_word' id='word_1_602' title='bbox 1963 5135 2036 5198; x_wconf 90' lang='lat' dir='ltr'><strong>belli</strong></span> <span class='ocrx_word' id='word_1_603' title='bbox 2063 5145 2115 5200; x_wconf 91' lang='lat' dir='ltr'><strong>ant</strong></span> 
     </span>
     <span class='ocr_line' id='line_1_109' title="bbox 1368 5225 2114 5307; baseline 0.004 -19"><span class='ocrx_word' id='word_1_604' title='bbox 1368 5225 1506 5288; x_wconf 91' lang='lat' dir='ltr'><strong>marinae</strong></span> <span class='ocrx_word' id='word_1_605' title='bbox 1536 5226 1688 5302; x_wconf 90' lang='lat' dir='ltr'><strong>militaris,</strong></span> <span class='ocrx_word' id='word_1_606' title='bbox 1711 5235 1763 5290; x_wconf 92' lang='lat' dir='ltr'><strong>aut</strong></span> <span class='ocrx_word' id='word_1_607' title='bbox 1786 5227 1922 5307; x_wconf 90' lang='lat' dir='ltr'><strong>politico,</strong></span> <span class='ocrx_word' id='word_1_608' title='bbox 1945 5227 2114 5292; x_wconf 90' lang='lat' dir='ltr'><strong>dummodo</strong></span> 
     </span>
     <span class='ocr_line' id='line_1_110' title="bbox 1368 5319 2115 5397; baseline 0.008 -18"><span class='ocrx_word' id='word_1_609' title='bbox 1368 5319 1490 5394; x_wconf 91' lang='lat' dir='ltr'><strong>integro</strong></span> <span class='ocrx_word' id='word_1_610' title='bbox 1512 5321 1569 5380; x_wconf 94' lang='lat' dir='ltr'><strong>hoc</strong></span> <span class='ocrx_word' id='word_1_611' title='bbox 1590 5319 1657 5382; x_wconf 89' lang='lat' dir='ltr'><strong>loro</strong></span> <span class='ocrx_word' id='word_1_612' title='bbox 1684 5320 1851 5397; x_wconf 89' lang='lat' dir='ltr'><strong>gaudeant,</strong></span> <span class='ocrx_word' id='word_1_613' title='bbox 1873 5327 1905 5382; x_wconf 93' lang='lat' dir='ltr'><strong>et</strong></span> <span class='ocrx_word' id='word_1_614' title='bbox 1926 5321 2012 5383; x_wconf 89' lang='lat' dir='ltr'><strong>civili</strong></span> <span class='ocrx_word' id='word_1_615' title='bbox 2032 5321 2115 5385; x_wconf 90' lang='lat' dir='ltr'><strong>scili·</strong></span> 
     </span>
     <span class='ocr_line' id='line_1_111' title="bbox 1368 5411 2113 5492; baseline 0.004 -19"><span class='ocrx_word' id='word_1_616' title='bbox 1368 5419 1415 5474; x_wconf 87' lang='lat' dir='ltr'><strong>cet</strong></span> <span class='ocrx_word' id='word_1_617' title='bbox 1445 5419 1477 5473; x_wconf 91' lang='lat' dir='ltr'><strong>et</strong></span> <span class='ocrx_word' id='word_1_618' title='bbox 1498 5411 1663 5488; x_wconf 85' lang='lat' dir='ltr'><strong>criminali,</strong></span> <span class='ocrx_word' id='word_1_619' title='bbox 1690 5427 1782 5492; x_wconf 87' lang='lat' dir='ltr'><strong>quam</strong></span> <span class='ocrx_word' id='word_1_620' title='bbox 1811 5428 1922 5476; x_wconf 92' lang='lat' dir='ltr'><strong>eorum</strong></span> <span class='ocrx_word' id='word_1_621' title='bbox 1951 5415 2044 5478; x_wconf 89' lang='lat' dir='ltr'><strong>etiam</strong></span> <span class='ocrx_word' id='word_1_622' title='bbox 2073 5415 2113 5476; x_wconf 91' lang='lat' dir='ltr'><strong>la·</strong></span> 
     </span>
     <span class='ocr_line' id='line_1_112' title="bbox 1369 5502 2114 5585; baseline 0.009 -20"><span class='ocrx_word' id='word_1_623' title='bbox 1369 5502 1473 5566; x_wconf 91' lang='lat' dir='ltr'><strong>miliae</strong></span> <span class='ocrx_word' id='word_1_624' title='bbox 1500 5513 1532 5568; x_wconf 87' lang='lat' dir='ltr'><strong>et</strong></span> <span class='ocrx_word' id='word_1_625' title='bbox 1560 5521 1668 5568; x_wconf 91' lang='lat' dir='ltr'><strong>omnes</strong></span> <span class='ocrx_word' id='word_1_626' title='bbox 1697 5521 1846 5585; x_wconf 87' lang='lat' dir='ltr'><strong>personae</strong></span> <span class='ocrx_word' id='word_1_627' title='bbox 1871 5508 2008 5573; x_wconf 87' lang='lat' dir='ltr'><strong>servitiis</strong></span> <span class='ocrx_word' id='word_1_628' title='bbox 2033 5509 2114 5574; x_wconf 87' lang='lat' dir='ltr'><strong>addi-</strong></span> 
     </span>
     <span class='ocr_line' id='line_1_113' title="bbox 1368 5597 2114 5680; baseline 0.007 -22"><span class='ocrx_word' id='word_1_629' title='bbox 1368 5604 1445 5675; x_wconf 92' lang='lat' dir='ltr'><strong>ctae,</strong></span> <span class='ocrx_word' id='word_1_630' title='bbox 1468 5597 1637 5661; x_wconf 92' lang='lat' dir='ltr'><strong>dummodo</strong></span> <span class='ocrx_word' id='word_1_631' title='bbox 1660 5601 1717 5660; x_wconf 90' lang='lat' dir='ltr'><strong>hae</strong></span> <span class='ocrx_word' id='word_1_632' title='bbox 1738 5599 1854 5677; x_wconf 89' lang='lat' dir='ltr'><strong>pariter</strong></span> <span class='ocrx_word' id='word_1_633' title='bbox 1875 5599 2009 5662; x_wconf 90' lang='lat' dir='ltr'><strong>iamiliae</strong></span> <span class='ocrx_word' id='word_1_634' title='bbox 2022 5607 2114 5680; x_wconf 83' lang='lat' dir='ltr'><strong>atque</strong></span> 
     </span>
     <span class='ocr_line' id='line_1_114' title="bbox 1368 5690 2115 5772; baseline 0.003 -21"><span class='ocrx_word' id='word_1_635' title='bbox 1368 5702 1516 5772; x_wconf 90' lang='lat' dir='ltr'><strong>personae</strong></span> <span class='ocrx_word' id='word_1_636' title='bbox 1539 5697 1603 5752; x_wconf 91' lang='lat' dir='ltr'><strong>toto</strong></span> <span class='ocrx_word' id='word_1_637' title='bbox 1632 5692 1817 5770; x_wconf 87' lang='lat' dir='ltr'><strong>integroque</strong></span> <span class='ocrx_word' id='word_1_638' title='bbox 1841 5690 1976 5770; x_wconf 88' lang='lat' dir='ltr'><strong>gaudent</strong></span> <span class='ocrx_word' id='word_1_639' title='bbox 1997 5692 2115 5771; x_wconf 86' lang='lat' dir='ltr'><strong>praedi·</strong></span> 
     </span>
     <span class='ocr_line' id='line_1_115' title="bbox 1368 5781 2114 5862; baseline 0.007 -19"><span class='ocrx_word' id='word_1_640' title='bbox 1368 5790 1416 5844; x_wconf 92' lang='lat' dir='ltr'><strong>cto</strong></span> <span class='ocrx_word' id='word_1_641' title='bbox 1438 5781 1515 5857; x_wconf 91' lang='lat' dir='ltr'><strong>loro,</strong></span> <span class='ocrx_word' id='word_1_642' title='bbox 1538 5797 1683 5860; x_wconf 87' lang='lat' dir='ltr'><strong>expresse</strong></span> <span class='ocrx_word' id='word_1_643' title='bbox 1704 5783 1906 5858; x_wconf 84' lang='lat' dir='ltr'><strong>declarantes,</strong></span> <span class='ocrx_word' id='word_1_644' title='bbox 1931 5785 2014 5862; x_wconf 85' lang='lat' dir='ltr'><strong>quod</strong></span> <span class='ocrx_word' id='word_1_645' title='bbox 2034 5801 2114 5862; x_wconf 88' lang='lat' dir='ltr'><strong>quae</strong></span> 
     </span>
     <span class='ocr_line' id='line_1_116' title="bbox 1367 5874 2114 5956; baseline 0.007 -17"><span class='ocrx_word' id='word_1_646' title='bbox 1367 5875 1495 5939; x_wconf 90' lang='lat' dir='ltr'><strong>illorum</strong></span> <span class='ocrx_word' id='word_1_647' title='bbox 1515 5874 1649 5938; x_wconf 90' lang='lat' dir='ltr'><strong>lamiliae</strong></span> <span class='ocrx_word' id='word_1_648' title='bbox 1669 5882 1701 5938; x_wconf 91' lang='lat' dir='ltr'><strong>et</strong></span> <span class='ocrx_word' id='word_1_649' title='bbox 1722 5891 1873 5956; x_wconf 85' lang='lat' dir='ltr'><strong>personae</strong></span> <span class='ocrx_word' id='word_1_650' title='bbox 1892 5877 1949 5940; x_wconf 87' lang='lat' dir='ltr'><strong>hoc</strong></span> <span class='ocrx_word' id='word_1_651' title='bbox 1969 5877 2035 5940; x_wconf 85' lang='lat' dir='ltr'><strong>loro</strong></span> <span class='ocrx_word' id='word_1_652' title='bbox 2050 5893 2114 5944; x_wconf 89' lang='lat' dir='ltr'><strong>non</strong></span> 
     </span>
    </p>
   </div>
   <div class='ocr_carea' id='block_1_5' title="bbox 2045 485 2323 594">
    <p class='ocr_par' dir='ltr' id='par_1_6' title="bbox 2045 485 2323 594">
     <span class='ocr_line' id='line_1_117' title="bbox 2045 485 2323 594; baseline 0.036 -11"><span class='ocrx_word' id='word_1_653' title='bbox 2045 485 2049 492; x_wconf 38' lang='lat'>¹</span> <span class='ocrx_word' id='word_1_654' title='bbox 2158 519 2253 587; x_wconf 62' lang='lat' dir='ltr'><strong>tec.</strong></span> <span class='ocrx_word' id='word_1_655' title='bbox 2271 535 2323 594; x_wconf 85' lang='lat' dir='ltr'><strong>ma</strong></span> 
     </span>
    </p>
   </div>
   <div class='ocr_carea' id='block_1_6' title="bbox 2169 3921 2378 4010">
    <p class='ocr_par' dir='ltr' id='par_1_7' title="bbox 2169 3921 2378 4010">
     <span class='ocr_line' id='line_1_118' title="bbox 2169 3921 2378 4010; baseline -0.019 -15"><span class='ocrx_word' id='word_1_656' title='bbox 2169 3949 2244 3996; x_wconf 66' lang='lat' dir='ltr'><strong>honor</strong></span> <span class='ocrx_word' id='word_1_657' title='bbox 2255 3949 2322 4010; x_wconf 74' lang='lat' dir='ltr'><strong>pristi-</strong></span> <span class='ocrx_word' id='word_1_658' title='bbox 2377 3921 2378 3934; x_wconf 37' lang='lat'>¹</span> 
     </span>
    </p>
   </div>
   <div class='ocr_carea' id='block_1_7' title="bbox 2136 4011 2322 4101">
    <p class='ocr_par' dir='ltr' id='par_1_8' title="bbox 2136 4011 2322 4101">
     <span class='ocr_line' id='line_1_119' title="bbox 2136 4011 2322 4101; baseline -0.005 -54"><span class='ocrx_word' id='word_1_659' title='bbox 2136 4011 2184 4101; x_wconf 58' lang='lat' dir='ltr'><strong>gil:</strong></span> <span class='ocrx_word' id='word_1_660' title='bbox 2205 4011 2322 4048; x_wconf 69' lang='lat' dir='ltr'><strong>concesso·</strong></span> 
     </span>
    </p>
   </div>
   <div class='ocr_carea' id='block_1_8' title="bbox 0 0 2408 6986">
    <p class='ocr_par' dir='ltr' id='par_1_9' title="bbox 0 0 2408 6986">
     <span class='ocr_line' id='line_1_120' title="bbox 0 0 2408 6986; baseline 0 0"><span class='ocrx_word' id='word_1_661' title='bbox 0 0 2408 6986; x_wconf 95' lang='lat' dir='ltr'><strong> </strong></span> 
     </span>
    </p>
   </div>
  </div>
 </body>
</html>
