<?xml version="1.0" encoding="UTF-8"?>
<!DOCTYPE html PUBLIC "-//W3C//DTD XHTML 1.0 Transitional//EN"
    "http://www.w3.org/TR/xhtml1/DTD/xhtml1-transitional.dtd">
<html xmlns="http://www.w3.org/1999/xhtml" xml:lang="en" lang="en">
 <head>
  <title>
</title>
<meta http-equiv="Content-Type" content="text/html;charset=utf-8" />
  <meta name='ocr-system' content='tesseract 3.04.00' />
  <meta name='ocr-capabilities' content='ocr_page ocr_carea ocr_par ocr_line ocrx_word'/>
</head>
<body>
  <div class='ocr_page' id='page_1' title='image "./iurispontificii00martgoog_0430.png"; bbox 0 0 4750 6980; ppageno 0'>
   <div class='ocr_carea' id='block_1_1' title="bbox 75 566 217 636">
    <p class='ocr_par' dir='ltr' id='par_1_1' title="bbox 75 566 217 636">
     <span class='ocr_line' id='line_1_1' title="bbox 75 566 217 636; baseline -0.092 -2"><span class='ocrx_word' id='word_1_1' title='bbox 75 585 108 636; x_wconf 86' lang='lat' dir='ltr'><strong>la.</strong></span> <span class='ocrx_word' id='word_1_2' title='bbox 118 578 140 630; x_wconf 77' lang='lat'><strong>0.</strong></span> <span class='ocrx_word' id='word_1_3' title='bbox 157 566 217 624; x_wconf 75' lang='lat'><strong>1794</strong></span> 
     </span>
    </p>
   </div>
   <div class='ocr_carea' id='block_1_2' title="bbox 72 699 982 1804">
    <p class='ocr_par' dir='ltr' id='par_1_2' title="bbox 72 699 982 1804">
     <span class='ocr_line' id='line_1_2' title="bbox 243 699 981 780; baseline -0.005 -16"><span class='ocrx_word' id='word_1_4' title='bbox 243 715 451 780; x_wconf 67' lang='lat' dir='ltr'><strong>quonamque</strong></span> <span class='ocrx_word' id='word_1_5' title='bbox 473 700 588 764; x_wconf 89' lang='lat' dir='ltr'><strong>iudices</strong></span> <span class='ocrx_word' id='word_1_6' title='bbox 615 701 785 764; x_wconf 90' lang='lat' dir='ltr'><strong>ordinarios</strong></span> <span class='ocrx_word' id='word_1_7' title='bbox 805 707 835 762; x_wconf 91' lang='lat' dir='ltr'><strong>et</strong></span> <span class='ocrx_word' id='word_1_8' title='bbox 863 699 981 777; x_wconf 89' lang='lat' dir='ltr'><strong>delega-</strong></span> 
     </span>
     <span class='ocr_line' id='line_1_3' title="bbox 242 793 980 873; baseline -0.003 -17"><span class='ocrx_word' id='word_1_9' title='bbox 242 801 295 869; x_wconf 89' lang='lat' dir='ltr'><strong>tos,</strong></span> <span class='ocrx_word' id='word_1_10' title='bbox 310 793 404 856; x_wconf 89' lang='lat' dir='ltr'><strong>etiarn</strong></span> <span class='ocrx_word' id='word_1_11' title='bbox 418 810 578 858; x_wconf 88' lang='lat' dir='ltr'><strong>causarum</strong></span> <span class='ocrx_word' id='word_1_12' title='bbox 594 794 697 873; x_wconf 87' lang='lat' dir='ltr'><strong>palatii</strong></span> <span class='ocrx_word' id='word_1_13' title='bbox 712 795 811 856; x_wconf 78' lang='lat' dir='ltr'><strong>nostri</strong></span> <span class='ocrx_word' id='word_1_14' title='bbox 826 793 980 871; x_wconf 88' lang='lat' dir='ltr'><strong>apostolici</strong></span> 
     </span>
     <span class='ocr_line' id='line_1_4' title="bbox 242 886 980 962; baseline -0.003 -14"><span class='ocrx_word' id='word_1_15' title='bbox 242 886 402 962; x_wconf 74' lang='lat' dir='ltr'>auditores,</span> <span class='ocrx_word' id='word_1_16' title='bbox 426 887 553 951; x_wconf 88' lang='lat' dir='ltr'><strong>iudicari</strong></span> <span class='ocrx_word' id='word_1_17' title='bbox 569 897 599 952; x_wconf 90' lang='lat' dir='ltr'><strong>et</strong></span> <span class='ocrx_word' id='word_1_18' title='bbox 619 887 739 952; x_wconf 89' lang='lat' dir='ltr'><strong>deliniri</strong></span> <span class='ocrx_word' id='word_1_19' title='bbox 755 887 877 960; x_wconf 87' lang='lat' dir='ltr'><strong>debere,</strong></span> <span class='ocrx_word' id='word_1_20' title='bbox 893 903 925 947; x_wconf 88' lang='lat' dir='ltr'><strong>ac</strong></span> <span class='ocrx_word' id='word_1_21' title='bbox 941 886 980 946; x_wconf 91' lang='lat' dir='ltr'><strong>ir·</strong></span> 
     </span>
     <span class='ocr_line' id='line_1_5' title="bbox 242 980 981 1060; baseline -0.005 -17"><span class='ocrx_word' id='word_1_22' title='bbox 242 982 335 1043; x_wconf 88' lang='lat' dir='ltr'><strong>ritum</strong></span> <span class='ocrx_word' id='word_1_23' title='bbox 356 989 388 1043; x_wconf 92' lang='lat' dir='ltr'><strong>et</strong></span> <span class='ocrx_word' id='word_1_24' title='bbox 409 981 513 1057; x_wconf 91' lang='lat' dir='ltr'><strong>inane,</strong></span> <span class='ocrx_word' id='word_1_25' title='bbox 536 982 561 1044; x_wconf 89' lang='lat' dir='ltr'><strong>sl</strong></span> <span class='ocrx_word' id='word_1_26' title='bbox 582 997 669 1044; x_wconf 89' lang='lat' dir='ltr'><strong>secus</strong></span> <span class='ocrx_word' id='word_1_27' title='bbox 688 996 782 1060; x_wconf 91' lang='lat' dir='ltr'><strong>super</strong></span> <span class='ocrx_word' id='word_1_28' title='bbox 803 980 850 1042; x_wconf 88' lang='lat' dir='ltr'><strong>bis</strong></span> <span class='ocrx_word' id='word_1_29' title='bbox 871 996 886 1039; x_wconf 93' lang='lat' dir='ltr'><strong>a</strong></span> <span class='ocrx_word' id='word_1_30' title='bbox 907 996 981 1058; x_wconf 88' lang='grc'>333-</span> 
     </span>
     <span class='ocr_line' id='line_1_6' title="bbox 242 1072 982 1152; baseline -0.003 -16"><span class='ocrx_word' id='word_1_31' title='bbox 242 1088 330 1152; x_wconf 86' lang='lat' dir='ltr'><strong>quam</strong></span> <span class='ocrx_word' id='word_1_32' title='bbox 351 1074 459 1151; x_wconf 88' lang='lat' dir='ltr'><strong>quavis</strong></span> <span class='ocrx_word' id='word_1_33' title='bbox 479 1075 660 1137; x_wconf 91' lang='lat' dir='ltr'><strong>auctoritate</strong></span> <span class='ocrx_word' id='word_1_34' title='bbox 680 1075 813 1137; x_wconf 77' lang='lat' dir='ltr'><strong>scienter</strong></span> <span class='ocrx_word' id='word_1_35' title='bbox 828 1072 878 1134; x_wconf 90' lang='lat' dir='ltr'><strong>vol</strong></span> <span class='ocrx_word' id='word_1_36' title='bbox 896 1072 982 1149; x_wconf 91' lang='lat' dir='ltr'><strong>igno-</strong></span> 
     </span>
     <span class='ocr_line' id='line_1_7' title="bbox 244 1167 705 1243; baseline -0.007 -15"><span class='ocrx_word' id='word_1_37' title='bbox 244 1172 344 1228; x_wconf 89' lang='lat' dir='ltr'><strong>ranter</strong></span> <span class='ocrx_word' id='word_1_38' title='bbox 364 1167 530 1243; x_wconf 91' lang='lat' dir='ltr'><strong>contigerit</strong></span> <span class='ocrx_word' id='word_1_39' title='bbox 552 1167 705 1228; x_wconf 84' lang='lat' dir='ltr'><strong>attentari.</strong></span> 
     </span>
     <span class='ocr_line' id='line_1_8' title="bbox 78 1258 982 1334; baseline 0.002 -16"><span class='ocrx_word' id='word_1_40' title='bbox 78 1267 226 1330; x_wconf 74' lang='lat' dir='ltr'><strong>unnoocan·</strong></span> <span class='ocrx_word' id='word_1_41' title='bbox 280 1264 297 1334; x_wconf 74' lang='grc'><strong>3</strong></span> <span class='ocrx_word' id='word_1_42' title='bbox 318 1259 347 1320; x_wconf 79' lang='lat' dir='ltr'><strong>l.</strong></span> <span class='ocrx_word' id='word_1_43' title='bbox 371 1258 440 1322; x_wconf 92' lang='lat' dir='ltr'><strong>Non</strong></span> <span class='ocrx_word' id='word_1_44' title='bbox 457 1259 648 1323; x_wconf 75' lang='lat' dir='ltr'><strong>obstantibus</strong></span> <span class='ocrx_word' id='word_1_45' title='bbox 663 1259 935 1322; x_wconf 80' lang='lat' dir='ltr'><strong>constitutionibus</strong></span> <span class='ocrx_word' id='word_1_46' title='bbox 951 1267 982 1320; x_wconf 92' lang='lat' dir='ltr'><strong>et</strong></span> 
     </span>
     <span class='ocr_line' id='line_1_9' title="bbox 72 1329 982 1432; baseline -0.001 -17"><span class='ocrx_word' id='word_1_47' title='bbox 72 1329 165 1374; x_wconf 64' lang='lat' dir='ltr'><strong>aaran.</strong></span> <span class='ocrx_word' id='word_1_48' title='bbox 244 1353 482 1416; x_wconf 80' lang='lat' dir='ltr'><strong>ordinationibus</strong></span> <span class='ocrx_word' id='word_1_49' title='bbox 503 1351 686 1432; x_wconf 67' lang='lat' dir='ltr'><strong>apostolicis</strong></span> <span class='ocrx_word' id='word_1_50' title='bbox 706 1353 894 1432; x_wconf 89' lang='lat' dir='ltr'><strong>caeterisque</strong></span> <span class='ocrx_word' id='word_1_51' title='bbox 910 1368 982 1414; x_wconf 89' lang='lat' dir='ltr'><strong>con·</strong></span> 
     </span>
     <span class='ocr_line' id='line_1_10' title="bbox 243 1446 616 1524; baseline -0.011 -16"><span class='ocrx_word' id='word_1_52' title='bbox 243 1446 339 1508; x_wconf 86' lang='lat' dir='ltr'><strong>trariis</strong></span> <span class='ocrx_word' id='word_1_53' title='bbox 360 1447 616 1524; x_wconf 86' lang='lat' dir='ltr'><strong>quibuscumque.</strong></span> 
     </span>
     <span class='ocr_line' id='line_1_11' title="bbox 279 1537 981 1616; baseline 0.001 -16"><span class='ocrx_word' id='word_1_54' title='bbox 279 1539 390 1600; x_wconf 87' lang='lat' dir='ltr'><strong>ilatum</strong></span> <span class='ocrx_word' id='word_1_55' title='bbox 411 1538 526 1602; x_wconf 84' lang='lat' dir='ltr'><strong>Romae</strong></span> <span class='ocrx_word' id='word_1_56' title='bbox 547 1538 626 1616; x_wconf 92' lang='lat' dir='ltr'><strong>apud</strong></span> <span class='ocrx_word' id='word_1_57' title='bbox 649 1538 679 1602; x_wconf 89' lang='lat' dir='ltr'><strong>S.</strong></span> <span class='ocrx_word' id='word_1_58' title='bbox 697 1537 823 1600; x_wconf 87' lang='lat' dir='ltr'><strong>Mariam</strong></span> <span class='ocrx_word' id='word_1_59' title='bbox 837 1537 981 1600; x_wconf 82' lang='lat' dir='ltr'><strong>Maiorem</strong></span> 
     </span>
     <span class='ocr_line' id='line_1_12' title="bbox 241 1629 979 1708; baseline -0.001 -16"><span class='ocrx_word' id='word_1_60' title='bbox 241 1631 297 1694; x_wconf 89' lang='lat' dir='ltr'><strong>sub</strong></span> <span class='ocrx_word' id='word_1_61' title='bbox 306 1630 422 1694; x_wconf 90' lang='lat' dir='ltr'><strong>annulo</strong></span> <span class='ocrx_word' id='word_1_62' title='bbox 432 1631 588 1708; x_wconf 90' lang='lat' dir='ltr'><strong>piscatoris</strong></span> <span class='ocrx_word' id='word_1_63' title='bbox 598 1629 649 1694; x_wconf 91' lang='lat' dir='ltr'><strong>die</strong></span> <span class='ocrx_word' id='word_1_64' title='bbox 660 1649 688 1692; x_wconf 85' lang='lat' dir='ltr'><strong>r.</strong></span> <span class='ocrx_word' id='word_1_65' title='bbox 700 1639 778 1708; x_wconf 90' lang='lat' dir='ltr'><strong>sept.</strong></span> <span class='ocrx_word' id='word_1_66' title='bbox 791 1647 979 1706; x_wconf 64' lang='lat' dir='ltr'><strong>xnccxcrv„</strong></span> 
     </span>
     <span class='ocr_line' id='line_1_13' title="bbox 242 1724 732 1804; baseline -0.008 -18"><span class='ocrx_word' id='word_1_67' title='bbox 242 1724 434 1804; x_wconf 84' lang='lat' dir='ltr'><strong>pontificatus</strong></span> <span class='ocrx_word' id='word_1_68' title='bbox 455 1725 554 1786; x_wconf 87' lang='lat' dir='ltr'><strong>nostri</strong></span> <span class='ocrx_word' id='word_1_69' title='bbox 575 1739 656 1786; x_wconf 90' lang='lat' dir='ltr'><strong>anno</strong></span> <span class='ocrx_word' id='word_1_70' title='bbox 679 1739 732 1786; x_wconf 87' lang='lat' dir='ltr'><strong>xx.</strong></span> 
     </span>
    </p>
   </div>
   <div class='ocr_carea' id='block_1_3' title="bbox 558 2109 660 2176">
    <p class='ocr_par' dir='ltr' id='par_1_3' title="bbox 558 2109 660 2176">
     <span class='ocr_line' id='line_1_14' title="bbox 558 2109 660 2176; baseline -0.088 0"><span class='ocrx_word' id='word_1_71' title='bbox 558 2109 660 2176; x_wconf 81' lang='lat' dir='ltr'><strong>lelt.</strong></span> 
     </span>
    </p>
   </div>
   <div class='ocr_carea' id='block_1_4' title="bbox 44 2292 982 2836">
    <p class='ocr_par' dir='ltr' id='par_1_4' title="bbox 43 2292 982 3420">
     <span class='ocr_line' id='line_1_15' title="bbox 243 2292 981 2372; baseline -0.003 -19"><span class='ocrx_word' id='word_1_72' title='bbox 243 2292 385 2354; x_wconf 79' lang='lat' dir='ltr'><strong>instante</strong></span> <span class='ocrx_word' id='word_1_73' title='bbox 416 2307 484 2372; x_wconf 72' lang='lat' dir='ltr'><strong>repe</strong></span> <span class='ocrx_word' id='word_1_74' title='bbox 514 2292 670 2354; x_wconf 85' lang='lat' dir='ltr'><strong>calbalico</strong></span> <span class='ocrx_word' id='word_1_75' title='bbox 692 2299 721 2353; x_wconf 91' lang='lat' dir='ltr'><strong>et</strong></span> <span class='ocrx_word' id='word_1_76' title='bbox 744 2296 869 2354; x_wconf 88' lang='lat' dir='ltr'><strong>attento</strong></span> <span class='ocrx_word' id='word_1_77' title='bbox 890 2295 981 2352; x_wconf 87' lang='lat' dir='ltr'><strong>stata</strong></span> 
     </span>
     <span class='ocr_line' id='line_1_16' title="bbox 281 2384 982 2457; baseline -0.003 -11"><span class='ocrx_word' id='word_1_78' title='bbox 281 2402 388 2447; x_wconf 85' lang='lat' dir='ltr'><strong>rerum</strong></span> <span class='ocrx_word' id='word_1_79' title='bbox 410 2386 445 2446; x_wconf 89' lang='lat' dir='ltr'><strong>in</strong></span> <span class='ocrx_word' id='word_1_80' title='bbox 468 2385 596 2457; x_wconf 84' lang='lat' dir='ltr'><strong>Galliis,</strong></span> <span class='ocrx_word' id='word_1_81' title='bbox 626 2391 752 2448; x_wconf 88' lang='lat' dir='ltr'><strong>revocat</strong></span> <span class='ocrx_word' id='word_1_82' title='bbox 774 2386 873 2445; x_wconf 86' lang='lat' dir='ltr'><strong>conat.</strong></span> <span class='ocrx_word' id='word_1_83' title='bbox 899 2384 982 2446; x_wconf 89' lang='lat' dir='ltr'><strong>lnter</strong></span> 
     </span>
     <span class='ocr_line' id='line_1_17' title="bbox 281 2478 982 2558; baseline -0.001 -17"><span class='ocrx_word' id='word_1_84' title='bbox 281 2479 465 2558; x_wconf 88' lang='lat' dir='ltr'><strong>multiplices</strong></span> <span class='ocrx_word' id='word_1_85' title='bbox 481 2478 547 2542; x_wconf 89' lang='lat' dir='ltr'><strong>dat.</strong></span> <span class='ocrx_word' id='word_1_86' title='bbox 562 2496 593 2542; x_wconf 90' lang='lat' dir='ltr'><strong>a.</strong></span> <span class='ocrx_word' id='word_1_87' title='bbox 607 2493 850 2547; x_wconf 69' lang='lat' dir='ltr'><strong>xnooxxxxrrr„</strong></span> <span class='ocrx_word' id='word_1_88' title='bbox 864 2493 901 2540; x_wconf 90' lang='lat' dir='ltr'><strong>ac</strong></span> <span class='ocrx_word' id='word_1_89' title='bbox 916 2483 982 2540; x_wconf 85' lang='lat' dir='ltr'><strong>sta·</strong></span> 
     </span>
     <span class='ocr_line' id='line_1_18' title="bbox 283 2570 982 2636; baseline -0.004 -3"><span class='ocrx_word' id='word_1_90' title='bbox 283 2571 347 2636; x_wconf 86' lang='lat' dir='ltr'><strong>tait</strong></span> <span class='ocrx_word' id='word_1_91' title='bbox 368 2572 528 2634; x_wconf 83' lang='lat' dir='ltr'><strong>custodem</strong></span> <span class='ocrx_word' id='word_1_92' title='bbox 555 2573 668 2634; x_wconf 78' lang='lat' dir='ltr'><strong>Terrae</strong></span> <span class='ocrx_word' id='word_1_93' title='bbox 692 2571 828 2635; x_wconf 82' lang='lat' dir='ltr'><strong>Sanctae</strong></span> <span class='ocrx_word' id='word_1_94' title='bbox 849 2587 911 2630; x_wconf 84' lang='lat' dir='ltr'><strong>ease</strong></span> <span class='ocrx_word' id='word_1_95' title='bbox 933 2570 982 2632; x_wconf 87' lang='lat' dir='ltr'><strong>de·</strong></span> 
     </span>
     <span class='ocr_line' id='line_1_19' title="bbox 44 2661 982 2756; baseline -0.006 -25"><span class='ocrx_word' id='word_1_96' title='bbox 44 2743 45 2756; x_wconf 9' lang='grc'>3</span> <span class='ocrx_word' id='word_1_97' title='bbox 281 2666 348 2730; x_wconf 88' lang='lat' dir='ltr'><strong>bere</strong></span> <span class='ocrx_word' id='word_1_98' title='bbox 378 2664 622 2728; x_wconf 77' lang='lat' dir='ltr'><strong>Clamantonam</strong></span> <span class='ocrx_word' id='word_1_99' title='bbox 650 2665 898 2726; x_wconf 81' lang='lat' dir='ltr'><strong>Procuratorem</strong></span> <span class='ocrx_word' id='word_1_100' title='bbox 925 2661 982 2726; x_wconf 85' lang='lat' dir='ltr'><strong>lli·</strong></span> 
     </span>
     <span class='ocr_line' id='line_1_20' title="bbox 281 2757 982 2836; baseline -0.005 -16.267"><span class='ocrx_word' id='word_1_101' title='bbox 281 2775 425 2836; x_wconf 85' lang='lat' dir='ltr'><strong>spannrn,</strong></span> <span class='ocrx_word' id='word_1_102' title='bbox 461 2759 623 2824; x_wconf 82' lang='lat' dir='ltr'><strong>Viccrinrn</strong></span> <span class='ocrx_word' id='word_1_103' title='bbox 651 2774 723 2820; x_wconf 89' lang='lat' dir='ltr'><strong>aera</strong></span> <span class='ocrx_word' id='word_1_104' title='bbox 752 2757 863 2828; x_wconf 81' lang='lat' dir='ltr'><strong>illam,</strong></span> <span class='ocrx_word' id='word_1_105' title='bbox 893 2773 982 2835; x_wconf 79' lang='lat' dir='ltr'><strong>qaam</strong></span> 
     </span>
    </p>
   </div>
   <div class='ocr_carea' id='block_1_5' title="bbox 281 2849 982 3010">
    <p class='ocr_par' dir='ltr' id='par_1_5' title="bbox 281 2849 982 3010">
     <span class='ocr_line' id='line_1_21' title="bbox 282 2849 982 2931; baseline -0.007 -15"><span class='ocrx_word' id='word_1_106' title='bbox 282 2853 506 2916; x_wconf 84' lang='lat' dir='ltr'><strong>discretcrinnt</strong></span> <span class='ocrx_word' id='word_1_107' title='bbox 528 2851 668 2931; x_wconf 70' lang='lat' dir='ltr'><strong>elegerit,</strong></span> <span class='ocrx_word' id='word_1_108' title='bbox 690 2851 918 2927; x_wconf 80' lang='lat' dir='ltr'><strong>aninscnrnqnc</strong></span> <span class='ocrx_word' id='word_1_109' title='bbox 938 2849 982 2911; x_wconf 85' lang='lat' dir='ltr'><strong>st&#39;t</strong></span> 
     </span>
     <span class='ocr_line' id='line_1_22' title="bbox 281 2946 434 3010; baseline -0.02 -2"><span class='ocrx_word' id='word_1_110' title='bbox 281 2946 434 3010; x_wconf 83' lang='lat' dir='ltr'><strong>nationis.</strong></span> 
     </span>
    </p>
   </div>
   <div class='ocr_carea' id='block_1_6' title="bbox 380 3114 845 3308">
    <p class='ocr_par' dir='ltr' id='par_1_6' title="bbox 380 3114 845 3308">
     <span class='ocr_line' id='line_1_23' title="bbox 493 3114 729 3184; baseline -0.013 -1"><span class='ocrx_word' id='word_1_111' title='bbox 493 3114 579 3184; x_wconf 77' lang='lat' dir='ltr'><strong>Plus</strong></span> <span class='ocrx_word' id='word_1_112' title='bbox 602 3117 661 3184; x_wconf 89' lang='grc' dir='ltr'><strong>ΡΡ.</strong></span> <span class='ocrx_word' id='word_1_113' title='bbox 684 3116 729 3182; x_wconf 88' lang='lat' dir='ltr'><strong>tlt.</strong></span> 
     </span>
     <span class='ocr_line' id='line_1_24' title="bbox 380 3241 845 3308; baseline -0.009 0"><span class='ocrx_word' id='word_1_114' title='bbox 380 3241 416 3308; x_wconf 85' lang='lat' dir='ltr'><strong>od</strong></span> <span class='ocrx_word' id='word_1_115' title='bbox 440 3241 570 3307; x_wconf 87' lang='lat' dir='ltr'><strong>luturarn</strong></span> <span class='ocrx_word' id='word_1_116' title='bbox 598 3241 640 3306; x_wconf 90' lang='lat' dir='ltr'><strong>rei</strong></span> <span class='ocrx_word' id='word_1_117' title='bbox 667 3241 845 3307; x_wconf 79' lang='lat' dir='ltr'><strong>aenariam.</strong></span> 
     </span>
    </p>
   </div>
   <div class='ocr_carea' id='block_1_7' title="bbox 70 3415 984 6024">
    <p class='ocr_par' dir='ltr' id='par_1_7' title="bbox 70 3415 984 6024">
     <span class='ocr_line' id='line_1_25' title="bbox 80 3415 984 3522; baseline -0.006 -41"><span class='ocrx_word' id='word_1_118' title='bbox 80 3425 226 3522; x_wconf 45' lang='lat' dir='ltr'><strong>nantcariu-</strong></span> <span class='ocrx_word' id='word_1_119' title='bbox 281 3421 300 3494; x_wconf 75' lang='lat'>§</span> <span class='ocrx_word' id='word_1_120' title='bbox 322 3415 348 3478; x_wconf 92' lang='lat' dir='ltr'><strong>l.</strong></span> <span class='ocrx_word' id='word_1_121' title='bbox 368 3417 489 3495; x_wconf 87' lang='lat' dir='ltr'><strong>Exponi</strong></span> <span class='ocrx_word' id='word_1_122' title='bbox 507 3417 594 3478; x_wconf 89' lang='lat' dir='ltr'><strong>nobis</strong></span> <span class='ocrx_word' id='word_1_123' title='bbox 609 3432 708 3496; x_wconf 90' lang='lat' dir='ltr'><strong>nuper</strong></span> <span class='ocrx_word' id='word_1_124' title='bbox 723 3416 794 3478; x_wconf 90' lang='lat' dir='ltr'><strong>lecit</strong></span> <span class='ocrx_word' id='word_1_125' title='bbox 809 3415 984 3478; x_wconf 90' lang='lat' dir='ltr'><strong>carissimus</strong></span> 
     </span>
     <span class='ocr_line' id='line_1_26' title="bbox 70 3488 984 3586; baseline -0.001 -15"><span class='ocrx_word' id='word_1_126' title='bbox 70 3488 170 3534; x_wconf 68' lang='lat' dir='ltr'><strong>actaeae</strong></span> <span class='ocrx_word' id='word_1_127' title='bbox 187 3488 225 3524; x_wconf 54' lang='grc' dir='ltr'><strong>ω’</strong></span> <span class='ocrx_word' id='word_1_128' title='bbox 242 3511 272 3572; x_wconf 93' lang='lat' dir='ltr'><strong>in</strong></span> <span class='ocrx_word' id='word_1_129' title='bbox 295 3511 418 3574; x_wconf 86' lang='lat' dir='ltr'><strong>Cltristo</strong></span> <span class='ocrx_word' id='word_1_130' title='bbox 440 3509 522 3573; x_wconf 88' lang='lat' dir='ltr'><strong>tilius</strong></span> <span class='ocrx_word' id='word_1_131' title='bbox 553 3519 659 3572; x_wconf 90' lang='lat' dir='ltr'><strong>noster</strong></span> <span class='ocrx_word' id='word_1_132' title='bbox 679 3509 807 3574; x_wconf 86' lang='lat' dir='ltr'><strong>Karalus</strong></span> <span class='ocrx_word' id='word_1_133' title='bbox 829 3510 984 3586; x_wconf 88' lang='lat' dir='ltr'><strong>Hispania·</strong></span> 
     </span>
     <span class='ocr_line' id='line_1_27' title="bbox 242 3602 984 3682; baseline -0.003 -16"><span class='ocrx_word' id='word_1_134' title='bbox 242 3619 312 3667; x_wconf 88' lang='lat' dir='ltr'><strong>runt</strong></span> <span class='ocrx_word' id='word_1_135' title='bbox 326 3620 381 3666; x_wconf 90' lang='lat' dir='ltr'><strong>rex</strong></span> <span class='ocrx_word' id='word_1_136' title='bbox 396 3603 572 3679; x_wconf 75' lang='lat' dir='ltr'><strong>catholicoe,</strong></span> <span class='ocrx_word' id='word_1_137' title='bbox 588 3605 670 3682; x_wconf 87' lang='lat' dir='ltr'><strong>quod</strong></span> <span class='ocrx_word' id='word_1_138' title='bbox 685 3619 741 3664; x_wconf 93' lang='lat' dir='ltr'><strong>nos</strong></span> <span class='ocrx_word' id='word_1_139' title='bbox 755 3603 827 3665; x_wconf 90' lang='lat' dir='ltr'><strong>allas</strong></span> <span class='ocrx_word' id='word_1_140' title='bbox 842 3602 984 3680; x_wconf 88' lang='lat' dir='ltr'><strong>precibus</strong></span> 
     </span>
     <span class='ocr_line' id='line_1_28' title="bbox 241 3695 983 3771; baseline -0.003 -12"><span class='ocrx_word' id='word_1_141' title='bbox 241 3696 337 3759; x_wconf 88' lang='lat' dir='ltr'><strong>clarae</strong></span> <span class='ocrx_word' id='word_1_142' title='bbox 358 3697 527 3758; x_wconf 89' lang='lat' dir='ltr'><strong>memoriae</strong></span> <span class='ocrx_word' id='word_1_143' title='bbox 544 3695 646 3759; x_wconf 85' lang='lat' dir='ltr'><strong>Karoli</strong></span> <span class='ocrx_word' id='word_1_144' title='bbox 661 3695 723 3771; x_wconf 86' lang='lat' dir='ltr'><strong>lll.,</strong></span> <span class='ocrx_word' id='word_1_145' title='bbox 741 3698 815 3760; x_wconf 86' lang='lat' dir='ltr'><strong>dnm</strong></span> <span class='ocrx_word' id='word_1_146' title='bbox 828 3696 919 3770; x_wconf 84' lang='lat' dir='ltr'><strong>xixit,</strong></span> <span class='ocrx_word' id='word_1_147' title='bbox 936 3712 983 3759; x_wconf 92' lang='lat' dir='ltr'><strong>ea·</strong></span> 
     </span>
     <span class='ocr_line' id='line_1_29' title="bbox 241 3789 983 3868; baseline -0.001 -17"><span class='ocrx_word' id='word_1_148' title='bbox 241 3790 381 3853; x_wconf 79' lang='lat' dir='ltr'><strong>rumdam</strong></span> <span class='ocrx_word' id='word_1_149' title='bbox 404 3789 619 3868; x_wconf 84' lang='lat' dir='ltr'><strong>Hispaniarum</strong></span> <span class='ocrx_word' id='word_1_150' title='bbox 641 3789 722 3867; x_wconf 90' lang='lat' dir='ltr'><strong>regis</strong></span> <span class='ocrx_word' id='word_1_151' title='bbox 739 3789 881 3852; x_wconf 83' lang='lat' dir='ltr'><strong>catholici</strong></span> <span class='ocrx_word' id='word_1_152' title='bbox 896 3789 983 3851; x_wconf 90' lang='lat' dir='ltr'><strong>nobis</strong></span> 
     </span>
     <span class='ocr_line' id='line_1_30' title="bbox 243 3882 983 3960; baseline -0.001 -15"><span class='ocrx_word' id='word_1_153' title='bbox 243 3883 400 3946; x_wconf 86' lang='lat' dir='ltr'><strong>humiliter</strong></span> <span class='ocrx_word' id='word_1_154' title='bbox 421 3882 567 3960; x_wconf 90' lang='lat' dir='ltr'><strong>porrectis</strong></span> <span class='ocrx_word' id='word_1_155' title='bbox 592 3890 766 3946; x_wconf 88' lang='lat' dir='ltr'><strong>annuentes</strong></span> <span class='ocrx_word' id='word_1_156' title='bbox 787 3898 842 3960; x_wconf 91' lang='lat' dir='ltr'><strong>per</strong></span> <span class='ocrx_word' id='word_1_157' title='bbox 865 3892 983 3945; x_wconf 88' lang='lat' dir='ltr'><strong>nostras</strong></span> 
     </span>
     <span class='ocr_line' id='line_1_31' title="bbox 243 3975 982 4052; baseline 0.005 -16"><span class='ocrx_word' id='word_1_158' title='bbox 243 3975 388 4038; x_wconf 89' lang='lat' dir='ltr'><strong>insimili</strong></span> <span class='ocrx_word' id='word_1_159' title='bbox 410 3975 508 4038; x_wconf 84' lang='lat' dir='ltr'><strong>torma</strong></span> <span class='ocrx_word' id='word_1_160' title='bbox 535 3975 640 4038; x_wconf 88' lang='lat' dir='ltr'><strong>brevis</strong></span> <span class='ocrx_word' id='word_1_161' title='bbox 662 3975 722 4038; x_wconf 89' lang='lat' dir='ltr'><strong>diei</strong></span> <span class='ocrx_word' id='word_1_162' title='bbox 751 3975 916 4052; x_wconf 89' lang='lat' dir='ltr'><strong>vigesimae</strong></span> <span class='ocrx_word' id='word_1_163' title='bbox 937 3994 982 4040; x_wconf 83' lang='lat' dir='ltr'><strong>se</strong></span> 
     </span>
     <span class='ocr_line' id='line_1_32' title="bbox 242 4068 983 4148; baseline 0.004 -18"><span class='ocrx_word' id='word_1_164' title='bbox 242 4069 354 4147; x_wconf 87' lang='lat' dir='ltr'><strong>ptimae</strong></span> <span class='ocrx_word' id='word_1_165' title='bbox 380 4068 558 4130; x_wconf 84' lang='lat' dir='ltr'><strong>novembris</strong></span> <span class='ocrx_word' id='word_1_166' title='bbox 584 4069 658 4131; x_wconf 91' lang='lat' dir='ltr'><strong>anni</strong></span> <span class='ocrx_word' id='word_1_167' title='bbox 691 4068 847 4132; x_wconf 87' lang='lat' dir='ltr'><strong>millesimi</strong></span> <span class='ocrx_word' id='word_1_168' title='bbox 869 4071 983 4148; x_wconf 88' lang='lat' dir='ltr'><strong>septin-</strong></span> 
     </span>
     <span class='ocr_line' id='line_1_33' title="bbox 242 4164 984 4244; baseline -0.001 -17"><span class='ocrx_word' id='word_1_169' title='bbox 242 4165 403 4242; x_wconf 91' lang='lat' dir='ltr'><strong>gentesimi</strong></span> <span class='ocrx_word' id='word_1_170' title='bbox 424 4166 603 4242; x_wconf 83' lang='lat' dir='ltr'><strong>octogesimi</strong></span> <span class='ocrx_word' id='word_1_171' title='bbox 624 4165 748 4243; x_wconf 83' lang='lat' dir='ltr'><strong>septimi</strong></span> <span class='ocrx_word' id='word_1_172' title='bbox 772 4165 927 4244; x_wconf 88' lang='lat' dir='ltr'><strong>expeditas</strong></span> <span class='ocrx_word' id='word_1_173' title='bbox 949 4164 984 4227; x_wconf 92' lang='lat' dir='ltr'><strong>li-</strong></span> 
     </span>
     <span class='ocr_line' id='line_1_34' title="bbox 243 4259 981 4338; baseline 0 -18"><span class='ocrx_word' id='word_1_174' title='bbox 243 4265 330 4333; x_wconf 90' lang='lat' dir='ltr'><strong>teras,</strong></span> <span class='ocrx_word' id='word_1_175' title='bbox 346 4275 409 4338; x_wconf 89' lang='grc'><strong>333</strong></span> <span class='ocrx_word' id='word_1_176' title='bbox 422 4259 575 4338; x_wconf 83' lang='grc'>3313113311</span> <span class='ocrx_word' id='word_1_177' title='bbox 596 4277 629 4322; x_wconf 89' lang='grc'><strong>33</strong></span> <span class='ocrx_word' id='word_1_178' title='bbox 651 4267 714 4322; x_wconf 82' lang='lat' dir='ltr'><strong>tent</strong></span> <span class='ocrx_word' id='word_1_179' title='bbox 738 4259 813 4321; x_wconf 91' lang='lat' dir='ltr'><strong>arali</strong></span> <span class='ocrx_word' id='word_1_180' title='bbox 836 4260 981 4336; x_wconf 81' lang='lat' dir='ltr'><strong>regimini</strong></span> 
     </span>
     <span class='ocr_line' id='line_1_35' title="bbox 242 4352 983 4416; baseline 0.003 -2"><span class='ocrx_word' id='word_1_181' title='bbox 242 4354 391 4416; x_wconf 89' lang='lat' dir='ltr'><strong>custodiae</strong></span> <span class='ocrx_word' id='word_1_182' title='bbox 413 4353 526 4415; x_wconf 71' lang='lat' dir='ltr'><strong>terrae</strong></span> <span class='ocrx_word' id='word_1_183' title='bbox 547 4352 674 4416; x_wconf 88' lang='lat' dir='ltr'><strong>Sanctae</strong></span> <span class='ocrx_word' id='word_1_184' title='bbox 721 4353 883 4415; x_wconf 81' lang='lat' dir='ltr'><strong>aleatorum</strong></span> <span class='ocrx_word' id='word_1_185' title='bbox 905 4352 983 4416; x_wconf 89' lang='lat' dir='ltr'><strong>lilio·</strong></span> 
     </span>
     <span class='ocr_line' id='line_1_36' title="bbox 242 4445 981 4511; baseline 0.008 -6"><span class='ocrx_word' id='word_1_186' title='bbox 242 4461 309 4508; x_wconf 90' lang='lat' dir='ltr'><strong>rum</strong></span> <span class='ocrx_word' id='word_1_187' title='bbox 330 4445 465 4509; x_wconf 75' lang='lat' dir='ltr'><strong>fratrum</strong></span> <span class='ocrx_word' id='word_1_188' title='bbox 479 4447 596 4510; x_wconf 85' lang='lat' dir='ltr'><strong>ordinis</strong></span> <span class='ocrx_word' id='word_1_189' title='bbox 610 4446 765 4509; x_wconf 86' lang='lat' dir='ltr'><strong>lilinorum</strong></span> <span class='ocrx_word' id='word_1_190' title='bbox 781 4447 810 4511; x_wconf 91' lang='lat' dir='ltr'><strong>S.</strong></span> <span class='ocrx_word' id='word_1_191' title='bbox 829 4448 981 4511; x_wconf 76' lang='lat' dir='ltr'><strong>Francisci</strong></span> 
     </span>
     <span class='ocr_line' id='line_1_37' title="bbox 242 4539 982 4618; baseline 0.001 -16"><span class='ocrx_word' id='word_1_192' title='bbox 242 4541 277 4602; x_wconf 90' lang='lat' dir='ltr'><strong>de</strong></span> <span class='ocrx_word' id='word_1_193' title='bbox 302 4539 500 4604; x_wconf 76' lang='lat' dir='ltr'><strong>Obseruantia</strong></span> <span class='ocrx_word' id='word_1_194' title='bbox 531 4546 782 4618; x_wconf 89' lang='lat' dir='ltr'><strong>nuncupatorum</strong></span> <span class='ocrx_word' id='word_1_195' title='bbox 813 4541 982 4604; x_wconf 87' lang='lat' dir='ltr'><strong>accuratius</strong></span> 
     </span>
     <span class='ocr_line' id='line_1_38' title="bbox 242 4633 982 4708; baseline 0 -12"><span class='ocrx_word' id='word_1_196' title='bbox 242 4633 464 4708; x_wconf 87' lang='lat' dir='ltr'><strong>consuleretur,</strong></span> <span class='ocrx_word' id='word_1_197' title='bbox 485 4651 518 4695; x_wconf 92' lang='lat' dir='ltr'><strong>ac</strong></span> <span class='ocrx_word' id='word_1_198' title='bbox 539 4633 635 4696; x_wconf 89' lang='lat' dir='ltr'><strong>animi</strong></span> <span class='ocrx_word' id='word_1_199' title='bbox 657 4635 789 4697; x_wconf 81' lang='lat' dir='ltr'><strong>fratrum</strong></span> <span class='ocrx_word' id='word_1_200' title='bbox 805 4633 982 4698; x_wconf 87' lang='lat' dir='ltr'><strong>huiusmodi</strong></span> 
     </span>
     <span class='ocr_line' id='line_1_39' title="bbox 242 4728 982 4792; baseline 0.005 -4"><span class='ocrx_word' id='word_1_201' title='bbox 242 4728 394 4790; x_wconf 88' lang='lat' dir='ltr'><strong>variarum</strong></span> <span class='ocrx_word' id='word_1_202' title='bbox 422 4728 586 4791; x_wconf 90' lang='lat' dir='ltr'><strong>nationum</strong></span> <span class='ocrx_word' id='word_1_203' title='bbox 612 4728 689 4790; x_wconf 90' lang='lat' dir='ltr'><strong>inibi</strong></span> <span class='ocrx_word' id='word_1_204' title='bbox 720 4730 982 4792; x_wconf 88' lang='lat' dir='ltr'><strong>commorantium</strong></span> 
     </span>
     <span class='ocr_line' id='line_1_40' title="bbox 241 4820 981 4899; baseline 0.001 -17"><span class='ocrx_word' id='word_1_205' title='bbox 241 4821 334 4898; x_wconf 88' lang='lat' dir='ltr'><strong>magis</strong></span> <span class='ocrx_word' id='word_1_206' title='bbox 355 4821 512 4899; x_wconf 81' lang='lat' dir='ltr'><strong>magisque</strong></span> <span class='ocrx_word' id='word_1_207' title='bbox 535 4829 661 4882; x_wconf 92' lang='lat' dir='ltr'><strong>mutuae</strong></span> <span class='ocrx_word' id='word_1_208' title='bbox 682 4820 838 4884; x_wconf 89' lang='lat' dir='ltr'><strong>charitalis</strong></span> <span class='ocrx_word' id='word_1_209' title='bbox 857 4822 981 4884; x_wconf 92' lang='lat' dir='ltr'><strong>vinculo</strong></span> 
     </span>
     <span class='ocr_line' id='line_1_41' title="bbox 241 4912 981 4988; baseline 0.001 -13"><span class='ocrx_word' id='word_1_210' title='bbox 241 4913 489 4988; x_wconf 86' lang='lat' dir='ltr'><strong>devincerentur,</strong></span> <span class='ocrx_word' id='word_1_211' title='bbox 505 4912 719 4976; x_wconf 83' lang='lat' dir='ltr'><strong>alternativam</strong></span> <span class='ocrx_word' id='word_1_212' title='bbox 741 4914 774 4976; x_wconf 93' lang='lat' dir='ltr'><strong>in</strong></span> <span class='ocrx_word' id='word_1_213' title='bbox 797 4915 895 4977; x_wconf 92' lang='lat' dir='ltr'><strong>tribus</strong></span> <span class='ocrx_word' id='word_1_214' title='bbox 917 4914 981 4978; x_wconf 86' lang='lat' dir='ltr'><strong>olli·</strong></span> 
     </span>
     <span class='ocr_line' id='line_1_42' title="bbox 242 5006 982 5083; baseline 0.003 -15"><span class='ocrx_word' id='word_1_215' title='bbox 242 5006 292 5068; x_wconf 91' lang='lat' dir='ltr'><strong>ciis</strong></span> <span class='ocrx_word' id='word_1_216' title='bbox 311 5023 366 5070; x_wconf 89' lang='lat' dir='ltr'><strong>seu</strong></span> <span class='ocrx_word' id='word_1_217' title='bbox 389 5007 573 5070; x_wconf 90' lang='lat' dir='ltr'><strong>muneribus</strong></span> <span class='ocrx_word' id='word_1_218' title='bbox 600 5007 759 5082; x_wconf 89' lang='lat' dir='ltr'><strong>guardiani</strong></span> <span class='ocrx_word' id='word_1_219' title='bbox 786 5009 914 5083; x_wconf 91' lang='lat' dir='ltr'><strong>scilicet,</strong></span> <span class='ocrx_word' id='word_1_220' title='bbox 937 5010 982 5070; x_wconf 91' lang='lat' dir='ltr'><strong>vi·</strong></span> 
     </span>
     <span class='ocr_line' id='line_1_43' title="bbox 242 5100 981 5180; baseline 0.003 -18"><span class='ocrx_word' id='word_1_221' title='bbox 242 5102 310 5164; x_wconf 91' lang='lat' dir='ltr'><strong>carii</strong></span> <span class='ocrx_word' id='word_1_222' title='bbox 331 5109 364 5163; x_wconf 90' lang='lat' dir='ltr'><strong>et</strong></span> <span class='ocrx_word' id='word_1_223' title='bbox 385 5100 589 5180; x_wconf 90' lang='lat' dir='ltr'><strong>procuratoris</strong></span> <span class='ocrx_word' id='word_1_224' title='bbox 611 5101 708 5162; x_wconf 91' lang='lat' dir='ltr'><strong>dictae</strong></span> <span class='ocrx_word' id='word_1_225' title='bbox 733 5101 887 5166; x_wconf 88' lang='lat' dir='ltr'><strong>custodiae</strong></span> <span class='ocrx_word' id='word_1_226' title='bbox 908 5103 981 5165; x_wconf 89' lang='lat' dir='ltr'><strong>Ter·</strong></span> 
     </span>
     <span class='ocr_line' id='line_1_44' title="bbox 242 5194 982 5260; baseline 0.008 -6"><span class='ocrx_word' id='word_1_227' title='bbox 242 5209 290 5256; x_wconf 90' lang='lat' dir='ltr'><strong>rae</strong></span> <span class='ocrx_word' id='word_1_228' title='bbox 310 5194 439 5260; x_wconf 88' lang='lat' dir='ltr'><strong>Sanctae</strong></span> <span class='ocrx_word' id='word_1_229' title='bbox 460 5196 542 5258; x_wconf 92' lang='lat' dir='ltr'><strong>inter</strong></span> <span class='ocrx_word' id='word_1_230' title='bbox 563 5195 701 5257; x_wconf 80' lang='lat' dir='ltr'><strong>nationes</strong></span> <span class='ocrx_word' id='word_1_231' title='bbox 722 5197 905 5260; x_wconf 90' lang='lat' dir='ltr'><strong>eorumdem</strong></span> <span class='ocrx_word' id='word_1_232' title='bbox 922 5199 982 5260; x_wconf 88' lang='lat' dir='ltr'><strong>ira-</strong></span> 
     </span>
     <span class='ocr_line' id='line_1_45' title="bbox 244 5288 981 5368; baseline 0.005 -20"><span class='ocrx_word' id='word_1_233' title='bbox 244 5294 323 5350; x_wconf 88' lang='lat' dir='ltr'><strong>trum</strong></span> <span class='ocrx_word' id='word_1_234' title='bbox 344 5288 520 5368; x_wconf 84' lang='lat' dir='ltr'><strong>Hispanam,</strong></span> <span class='ocrx_word' id='word_1_235' title='bbox 543 5288 739 5364; x_wconf 83' lang='lat' dir='ltr'><strong>Gallicanam,</strong></span> <span class='ocrx_word' id='word_1_236' title='bbox 757 5289 935 5352; x_wconf 85' lang='lat' dir='ltr'><strong>Lusitanam</strong></span> <span class='ocrx_word' id='word_1_237' title='bbox 951 5300 981 5353; x_wconf 90' lang='lat' dir='ltr'><strong>et</strong></span> 
     </span>
     <span class='ocr_line' id='line_1_46' title="bbox 242 5381 980 5464; baseline 0.005 -20"><span class='ocrx_word' id='word_1_238' title='bbox 242 5382 480 5456; x_wconf 87' lang='lat' dir='ltr'><strong>Gismontanam,</strong></span> <span class='ocrx_word' id='word_1_239' title='bbox 503 5381 539 5442; x_wconf 91' lang='lat' dir='ltr'><strong>ad</strong></span> <span class='ocrx_word' id='word_1_240' title='bbox 563 5383 749 5447; x_wconf 89' lang='lat' dir='ltr'><strong>sexennium</strong></span> <span class='ocrx_word' id='word_1_241' title='bbox 775 5387 980 5464; x_wconf 87' lang='lat' dir='ltr'><strong>respectivea</strong></span> 
     </span>
     <span class='ocr_line' id='line_1_47' title="bbox 243 5476 981 5558; baseline 0.008 -22"><span class='ocrx_word' id='word_1_242' title='bbox 243 5476 370 5556; x_wconf 88' lang='lat' dir='ltr'><strong>capitulo</strong></span> <span class='ocrx_word' id='word_1_243' title='bbox 391 5477 571 5555; x_wconf 91' lang='lat' dir='ltr'><strong>provinciali</strong></span> <span class='ocrx_word' id='word_1_244' title='bbox 601 5479 693 5542; x_wconf 93' lang='lat' dir='ltr'><strong>totius</strong></span> <span class='ocrx_word' id='word_1_245' title='bbox 721 5480 874 5544; x_wconf 90' lang='lat' dir='ltr'><strong>custodiae</strong></span> <span class='ocrx_word' id='word_1_246' title='bbox 895 5497 981 5558; x_wconf 88' lang='lat' dir='ltr'><strong>prae-</strong></span> 
     </span>
     <span class='ocr_line' id='line_1_48' title="bbox 243 5570 979 5648; baseline 0.008 -16"><span class='ocrx_word' id='word_1_247' title='bbox 243 5570 334 5632; x_wconf 90' lang='lat' dir='ltr'><strong>dictae</strong></span> <span class='ocrx_word' id='word_1_248' title='bbox 355 5571 504 5648; x_wconf 83' lang='lat' dir='ltr'><strong>eligendis</strong></span> <span class='ocrx_word' id='word_1_249' title='bbox 534 5571 678 5634; x_wconf 87' lang='lat' dir='ltr'><strong>lratribus</strong></span> <span class='ocrx_word' id='word_1_250' title='bbox 706 5573 772 5636; x_wconf 90' lang='lat' dir='ltr'><strong>lore</strong></span> <span class='ocrx_word' id='word_1_251' title='bbox 798 5577 979 5638; x_wconf 90' lang='lat' dir='ltr'><strong>servandam</strong></span> 
     </span>
     <span class='ocr_line' id='line_1_49' title="bbox 243 5663 981 5747; baseline 0.008 -23"><span class='ocrx_word' id='word_1_252' title='bbox 243 5663 455 5728; x_wconf 90' lang='lat' dir='ltr'><strong>constituimus</strong></span> <span class='ocrx_word' id='word_1_253' title='bbox 476 5681 508 5728; x_wconf 93' lang='lat' dir='ltr'><strong>ac</strong></span> <span class='ocrx_word' id='word_1_254' title='bbox 528 5665 685 5730; x_wconf 90' lang='lat' dir='ltr'><strong>voluimus</strong></span> <span class='ocrx_word' id='word_1_255' title='bbox 705 5667 842 5746; x_wconf 90' lang='lat' dir='ltr'><strong>insuper,</strong></span> <span class='ocrx_word' id='word_1_256' title='bbox 858 5674 893 5730; x_wconf 91' lang='lat' dir='ltr'><strong>ut</strong></span> <span class='ocrx_word' id='word_1_257' title='bbox 908 5683 981 5747; x_wconf 92' lang='grc'>333-</span> 
     </span>
     <span class='ocr_line' id='line_1_50' title="bbox 245 5758 981 5837; baseline 0.008 -21"><span class='ocrx_word' id='word_1_258' title='bbox 245 5763 308 5818; x_wconf 93' lang='lat' dir='ltr'><strong>tuor</strong></span> <span class='ocrx_word' id='word_1_259' title='bbox 329 5758 464 5832; x_wconf 90' lang='lat' dir='ltr'><strong>discreti,</strong></span> <span class='ocrx_word' id='word_1_260' title='bbox 487 5759 540 5836; x_wconf 85' lang='grc'><strong>331</strong></span> <span class='ocrx_word' id='word_1_261' title='bbox 561 5759 607 5822; x_wconf 89' lang='grc'><strong>133</strong></span> <span class='ocrx_word' id='word_1_262' title='bbox 627 5759 764 5837; x_wconf 87' lang='lat' dir='ltr'><strong>sullragii</strong></span> <span class='ocrx_word' id='word_1_263' title='bbox 786 5763 817 5822; x_wconf 92' lang='lat' dir='ltr'><strong>in</strong></span> <span class='ocrx_word' id='word_1_264' title='bbox 841 5763 981 5825; x_wconf 83' lang='grc'>31131333-</span> 
     </span>
     <span class='ocr_line' id='line_1_51' title="bbox 244 5849 979 5934; baseline 0.011 -25"><span class='ocrx_word' id='word_1_265' title='bbox 244 5849 337 5926; x_wconf 92' lang='lat' dir='ltr'><strong>pitulo</strong></span> <span class='ocrx_word' id='word_1_266' title='bbox 349 5851 531 5931; x_wconf 89' lang='lat' dir='ltr'><strong>provinciali</strong></span> <span class='ocrx_word' id='word_1_267' title='bbox 547 5853 716 5930; x_wconf 88' lang='lat' dir='ltr'><strong>habebunt,</strong></span> <span class='ocrx_word' id='word_1_268' title='bbox 729 5871 767 5916; x_wconf 90' lang='lat' dir='ltr'><strong>ex</strong></span> <span class='ocrx_word' id='word_1_269' title='bbox 781 5863 913 5934; x_wconf 83' lang='lat' dir='ltr'><strong>quatuor</strong></span> <span class='ocrx_word' id='word_1_270' title='bbox 929 5871 979 5917; x_wconf 90' lang='lat' dir='ltr'><strong>na-</strong></span> 
     </span>
     <span class='ocr_line' id='line_1_52' title="bbox 246 5943 980 6024; baseline 0.01 -20"><span class='ocrx_word' id='word_1_271' title='bbox 246 5943 374 6008; x_wconf 88' lang='lat' dir='ltr'><strong>tionibus</strong></span> <span class='ocrx_word' id='word_1_272' title='bbox 395 5944 530 6020; x_wconf 88' lang='lat' dir='ltr'><strong>italiana,</strong></span> <span class='ocrx_word' id='word_1_273' title='bbox 554 5945 695 6024; x_wconf 87' lang='lat' dir='ltr'><strong>llispana,</strong></span> <span class='ocrx_word' id='word_1_274' title='bbox 723 5946 833 6011; x_wconf 88' lang='lat' dir='ltr'><strong>Gallica</strong></span> <span class='ocrx_word' id='word_1_275' title='bbox 855 5957 885 6010; x_wconf 92' lang='lat' dir='ltr'><strong>et</strong></span> <span class='ocrx_word' id='word_1_276' title='bbox 906 5948 980 6011; x_wconf 85' lang='lat' dir='ltr'><strong>Ger-</strong></span> 
     </span>
    </p>
   </div>
   <div class='ocr_carea' id='block_1_8' title="bbox 42 3529 191 3588">
    <p class='ocr_par' dir='ltr' id='par_1_8' title="bbox 42 3529 191 3588">
     <span class='ocr_line' id='line_1_53' title="bbox 42 3529 191 3588; baseline -0.007 -12"><span class='ocrx_word' id='word_1_277' title='bbox 42 3529 44 3588; x_wconf 77' lang='grc'><strong>1</strong></span> <span class='ocrx_word' id='word_1_278' title='bbox 68 3537 107 3578; x_wconf 87' lang='lat' dir='ltr'><strong>tun</strong></span> <span class='ocrx_word' id='word_1_279' title='bbox 116 3531 191 3577; x_wconf 86' lang='lat' dir='ltr'><strong>literar.</strong></span> 
     </span>
    </p>
   </div>
   <div class='ocr_carea' id='block_1_9' title="bbox 907 567 1114 626">
    <p class='ocr_par' dir='ltr' id='par_1_9' title="bbox 907 567 1114 626">
     <span class='ocr_line' id='line_1_54' title="bbox 907 567 1114 626; baseline -0.005 0"><span class='ocrx_word' id='word_1_280' title='bbox 907 571 977 626; x_wconf 85' lang='lat' dir='ltr'><strong>rins</strong></span> <span class='ocrx_word' id='word_1_281' title='bbox 999 567 1047 625; x_wconf 78' lang='lat' dir='ltr'><strong>ri.</strong></span> <span class='ocrx_word' id='word_1_282' title='bbox 1072 571 1114 625; x_wconf 92' lang='lat' dir='ltr'><strong>vt.</strong></span> 
     </span>
    </p>
   </div>
   <div class='ocr_carea' id='block_1_10' title="bbox 1885 317 1891 354">
    <p class='ocr_par' dir='ltr' id='par_1_10' title="bbox 1885 317 1891 354">
     <span class='ocr_line' id='line_1_55' title="bbox 1885 317 1891 354; baseline 0 0"><span class='ocrx_word' id='word_1_283' title='bbox 1885 317 1891 354; x_wconf 87' lang='lat' dir='ltr'><strong>l</strong></span> 
     </span>
    </p>
   </div>
   <div class='ocr_carea' id='block_1_11' title="bbox 1701 544 1999 622">
    <p class='ocr_par' dir='ltr' id='par_1_11' title="bbox 1701 544 1999 622">
     <span class='ocr_line' id='line_1_56' title="bbox 1701 544 1999 622; baseline -0.007 -9"><span class='ocrx_word' id='word_1_284' title='bbox 1701 544 1758 622; x_wconf 78' lang='lat' dir='ltr'><strong>ata</strong></span> <span class='ocrx_word' id='word_1_285' title='bbox 1810 545 1999 614; x_wconf 80' lang='lat' dir='ltr'><strong>xu.c.1rat</strong></span> 
     </span>
    </p>
   </div>
   <div class='ocr_carea' id='block_1_12' title="bbox 1036 697 2016 3305">
    <p class='ocr_par' dir='ltr' id='par_1_12' title="bbox 1036 697 1780 1146">
     <span class='ocr_line' id='line_1_57' title="bbox 1036 697 1777 776; baseline -0.004 -15"><span class='ocrx_word' id='word_1_286' title='bbox 1036 700 1153 761; x_wconf 88' lang='lat' dir='ltr'><strong>manica</strong></span> <span class='ocrx_word' id='word_1_287' title='bbox 1175 700 1206 761; x_wconf 92' lang='lat' dir='ltr'><strong>in</strong></span> <span class='ocrx_word' id='word_1_288' title='bbox 1228 697 1350 776; x_wconf 90' lang='lat' dir='ltr'><strong>singula</strong></span> <span class='ocrx_word' id='word_1_289' title='bbox 1373 697 1506 760; x_wconf 91' lang='lat' dir='ltr'><strong>triennia</strong></span> <span class='ocrx_word' id='word_1_290' title='bbox 1532 703 1777 772; x_wconf 89' lang='lat' dir='ltr'><strong>assumerentur,</strong></span> 
     </span>
     <span class='ocr_line' id='line_1_58' title="bbox 1037 792 1780 871; baseline -0.007 -17"><span class='ocrx_word' id='word_1_291' title='bbox 1037 800 1128 870; x_wconf 91' lang='lat' dir='ltr'><strong>prout</strong></span> <span class='ocrx_word' id='word_1_292' title='bbox 1150 793 1181 854; x_wconf 92' lang='lat' dir='ltr'><strong>in</strong></span> <span class='ocrx_word' id='word_1_293' title='bbox 1204 793 1318 856; x_wconf 89' lang='lat' dir='ltr'><strong>eisdem</strong></span> <span class='ocrx_word' id='word_1_294' title='bbox 1351 792 1461 867; x_wconf 92' lang='lat' dir='ltr'><strong>literis,</strong></span> <span class='ocrx_word' id='word_1_295' title='bbox 1492 805 1624 871; x_wconf 87' lang='lat' dir='ltr'><strong>quarum</strong></span> <span class='ocrx_word' id='word_1_296' title='bbox 1657 797 1780 851; x_wconf 90' lang='lat' dir='ltr'><strong>tenores</strong></span> 
     </span>
     <span class='ocr_line' id='line_1_59' title="bbox 1037 883 1780 965; baseline -0.007 -17"><span class='ocrx_word' id='word_1_297' title='bbox 1037 885 1248 964; x_wconf 90' lang='lat' dir='ltr'><strong>praesentibus</strong></span> <span class='ocrx_word' id='word_1_298' title='bbox 1270 902 1325 965; x_wconf 90' lang='lat' dir='ltr'><strong>pro</strong></span> <span class='ocrx_word' id='word_1_299' title='bbox 1353 884 1444 962; x_wconf 90' lang='lat' dir='ltr'><strong>plene</strong></span> <span class='ocrx_word' id='word_1_300' title='bbox 1465 893 1496 946; x_wconf 91' lang='lat' dir='ltr'><strong>et</strong></span> <span class='ocrx_word' id='word_1_301' title='bbox 1517 883 1708 946; x_wconf 86' lang='lat' dir='ltr'><strong>sufficienter</strong></span> <span class='ocrx_word' id='word_1_302' title='bbox 1728 899 1780 945; x_wconf 92' lang='lat' dir='ltr'><strong>ex·</strong></span> 
     </span>
     <span class='ocr_line' id='line_1_60' title="bbox 1037 977 1780 1056; baseline -0.004 -16"><span class='ocrx_word' id='word_1_303' title='bbox 1037 980 1160 1056; x_wconf 87' lang='lat' dir='ltr'><strong>pressis,</strong></span> <span class='ocrx_word' id='word_1_304' title='bbox 1176 997 1208 1042; x_wconf 91' lang='lat' dir='ltr'><strong>ac</strong></span> <span class='ocrx_word' id='word_1_305' title='bbox 1229 978 1267 1041; x_wconf 92' lang='lat' dir='ltr'><strong>de</strong></span> <span class='ocrx_word' id='word_1_306' title='bbox 1284 980 1378 1042; x_wconf 91' lang='lat' dir='ltr'><strong>verbo</strong></span> <span class='ocrx_word' id='word_1_307' title='bbox 1394 979 1429 1040; x_wconf 95' lang='lat' dir='ltr'><strong>ad</strong></span> <span class='ocrx_word' id='word_1_308' title='bbox 1446 978 1575 1042; x_wconf 89' lang='lat' dir='ltr'><strong>verbum</strong></span> <span class='ocrx_word' id='word_1_309' title='bbox 1591 977 1713 1040; x_wconf 89' lang='lat' dir='ltr'><strong>insertis</strong></span> <span class='ocrx_word' id='word_1_310' title='bbox 1728 977 1780 1038; x_wconf 84' lang='lat' dir='ltr'><strong>lra-</strong></span> 
     </span>
     <span class='ocr_line' id='line_1_61' title="bbox 1038 1071 1599 1146; baseline -0.007 -12"><span class='ocrx_word' id='word_1_311' title='bbox 1038 1073 1101 1134; x_wconf 92' lang='lat' dir='ltr'><strong>beri</strong></span> <span class='ocrx_word' id='word_1_312' title='bbox 1123 1073 1279 1146; x_wconf 89' lang='lat' dir='ltr'><strong>volumus,</strong></span> <span class='ocrx_word' id='word_1_313' title='bbox 1301 1073 1399 1135; x_wconf 86' lang='lat' dir='ltr'><strong>insius</strong></span> <span class='ocrx_word' id='word_1_314' title='bbox 1420 1071 1599 1135; x_wconf 85' lang='lat' dir='ltr'><strong>cantitetur.</strong></span> 
     </span>
    </p>

    <p class='ocr_par' dir='ltr' id='par_1_13' title="bbox 1037 1163 2013 2179">
     <span class='ocr_line' id='line_1_62' title="bbox 1078 1163 2012 1241; baseline -0.005 -14"><span class='ocrx_word' id='word_1_315' title='bbox 1078 1167 1096 1241; x_wconf 64' lang='grc' dir='ltr'><strong>ἓ</strong></span> <span class='ocrx_word' id='word_1_316' title='bbox 1116 1166 1145 1227; x_wconf 73' lang='grc'>1.</span> <span class='ocrx_word' id='word_1_317' title='bbox 1170 1167 1249 1229; x_wconf 84' lang='lat' dir='ltr'><strong>Cum</strong></span> <span class='ocrx_word' id='word_1_318' title='bbox 1270 1174 1387 1240; x_wconf 89' lang='lat' dir='ltr'><strong>autem,</strong></span> <span class='ocrx_word' id='word_1_319' title='bbox 1402 1165 1483 1226; x_wconf 90' lang='lat' dir='ltr'><strong>sicut</strong></span> <span class='ocrx_word' id='word_1_320' title='bbox 1504 1165 1611 1226; x_wconf 89' lang='lat' dir='ltr'><strong>eadem</strong></span> <span class='ocrx_word' id='word_1_321' title='bbox 1632 1163 1781 1241; x_wconf 81' lang='lat' dir='ltr'><strong>expositio</strong></span> <span class='ocrx_word' id='word_1_322' title='bbox 1827 1190 1902 1236; x_wconf 74' lang='lat' dir='ltr'><strong>nstro</strong></span> <span class='ocrx_word' id='word_1_323' title='bbox 1920 1199 1965 1236; x_wconf 78' lang='lat' dir='ltr'><strong>cur</strong></span> <span class='ocrx_word' id='word_1_324' title='bbox 1980 1189 2012 1236; x_wconf 80' lang='lat' dir='ltr'><strong>xt-</strong></span> 
     </span>
     <span class='ocr_line' id='line_1_63' title="bbox 1037 1245 2012 1342; baseline -0.006 -22"><span class='ocrx_word' id='word_1_325' title='bbox 1037 1260 1252 1336; x_wconf 89' lang='lat' dir='ltr'><strong>subiungebat,</strong></span> <span class='ocrx_word' id='word_1_326' title='bbox 1276 1259 1402 1320; x_wconf 88' lang='lat' dir='ltr'><strong>mutatis</strong></span> <span class='ocrx_word' id='word_1_327' title='bbox 1423 1257 1653 1336; x_wconf 90' lang='lat' dir='ltr'><strong>provinciarum</strong></span> <span class='ocrx_word' id='word_1_328' title='bbox 1668 1255 1781 1317; x_wconf 87' lang='lat' dir='ltr'><strong>Galliae</strong></span> <span class='ocrx_word' id='word_1_329' title='bbox 1800 1245 2012 1342; x_wconf 54' lang='lat' dir='ltr'><strong>ffifflummffi&#39;-</strong></span> 
     </span>
     <span class='ocr_line' id='line_1_64' title="bbox 1037 1348 2013 1450; baseline -0.011 -34"><span class='ocrx_word' id='word_1_330' title='bbox 1037 1354 1287 1427; x_wconf 90' lang='lat' dir='ltr'><strong>circumstantiis,</strong></span> <span class='ocrx_word' id='word_1_331' title='bbox 1320 1352 1449 1414; x_wconf 88' lang='lat' dir='ltr'><strong>noxium</strong></span> <span class='ocrx_word' id='word_1_332' title='bbox 1480 1367 1605 1430; x_wconf 90' lang='lat' dir='ltr'><strong>prorsus</strong></span> <span class='ocrx_word' id='word_1_333' title='bbox 1633 1367 1667 1412; x_wconf 96' lang='lat' dir='ltr'><strong>ac</strong></span> <span class='ocrx_word' id='word_1_334' title='bbox 1688 1348 1781 1417; x_wconf 91' lang='lat' dir='ltr'><strong>statui</strong></span> <span class='ocrx_word' id='word_1_335' title='bbox 1800 1349 1867 1450; x_wconf 50' lang='lat'><strong>{32¹⁰</strong></span> <span class='ocrx_word' id='word_1_336' title='bbox 1888 1350 2013 1406; x_wconf 78' lang='lat' dir='ltr'><strong>implora·</strong></span> 
     </span>
     <span class='ocr_line' id='line_1_65' title="bbox 1038 1439 1849 1526; baseline -0.007 -17"><span class='ocrx_word' id='word_1_337' title='bbox 1038 1454 1105 1509; x_wconf 89' lang='lat' dir='ltr'><strong>tum</strong></span> <span class='ocrx_word' id='word_1_338' title='bbox 1126 1445 1275 1526; x_wconf 91' lang='lat' dir='ltr'><strong>spirituali</strong></span> <span class='ocrx_word' id='word_1_339' title='bbox 1299 1455 1366 1508; x_wconf 90' lang='lat' dir='ltr'><strong>tum</strong></span> <span class='ocrx_word' id='word_1_340' title='bbox 1386 1443 1547 1522; x_wconf 90' lang='lat' dir='ltr'><strong>temporali</strong></span> <span class='ocrx_word' id='word_1_341' title='bbox 1569 1444 1665 1506; x_wconf 90' lang='lat' dir='ltr'><strong>dictae</strong></span> <span class='ocrx_word' id='word_1_342' title='bbox 1681 1449 1781 1504; x_wconf 90' lang='lat' dir='ltr'><strong>custo·</strong></span> <span class='ocrx_word' id='word_1_343' title='bbox 1846 1439 1849 1448; x_wconf 81' lang='grc'>’</span> 
     </span>
     <span class='ocr_line' id='line_1_66' title="bbox 1037 1537 1782 1609; baseline -0.008 -5"><span class='ocrx_word' id='word_1_344' title='bbox 1037 1542 1103 1604; x_wconf 91' lang='lat' dir='ltr'><strong>diae</strong></span> <span class='ocrx_word' id='word_1_345' title='bbox 1125 1542 1238 1603; x_wconf 84' lang='lat' dir='ltr'><strong>Terrae</strong></span> <span class='ocrx_word' id='word_1_346' title='bbox 1264 1540 1391 1604; x_wconf 86' lang='lat' dir='ltr'><strong>Sanctae</strong></span> <span class='ocrx_word' id='word_1_347' title='bbox 1416 1538 1551 1601; x_wconf 91' lang='lat' dir='ltr'><strong>alienum</strong></span> <span class='ocrx_word' id='word_1_348' title='bbox 1574 1541 1664 1609; x_wconf 89' lang='lat' dir='ltr'><strong>esset,</strong></span> <span class='ocrx_word' id='word_1_349' title='bbox 1687 1537 1782 1598; x_wconf 81' lang='grc'>31311-</span> 
     </span>
     <span class='ocr_line' id='line_1_67' title="bbox 1038 1630 1783 1708; baseline -0.007 -12"><span class='ocrx_word' id='word_1_350' title='bbox 1038 1639 1097 1700; x_wconf 84' lang='lat' dir='ltr'><strong>truc</strong></span> <span class='ocrx_word' id='word_1_351' title='bbox 1118 1635 1270 1697; x_wconf 90' lang='lat' dir='ltr'><strong>dictarum</strong></span> <span class='ocrx_word' id='word_1_352' title='bbox 1287 1634 1449 1696; x_wconf 90' lang='lat' dir='ltr'><strong>literarum</strong></span> <span class='ocrx_word' id='word_1_353' title='bbox 1463 1640 1640 1694; x_wconf 89' lang='lat' dir='ltr'><strong>nostrarum</strong></span> <span class='ocrx_word' id='word_1_354' title='bbox 1655 1630 1783 1708; x_wconf 89' lang='lat' dir='ltr'><strong>disposi-</strong></span> 
     </span>
     <span class='ocr_line' id='line_1_68' title="bbox 1039 1725 1783 1801; baseline -0.009 -11"><span class='ocrx_word' id='word_1_355' title='bbox 1039 1731 1081 1791; x_wconf 90' lang='lat' dir='ltr'><strong>tio</strong></span> <span class='ocrx_word' id='word_1_356' title='bbox 1103 1735 1182 1790; x_wconf 91' lang='lat' dir='ltr'><strong>esset</strong></span> <span class='ocrx_word' id='word_1_357' title='bbox 1197 1727 1404 1801; x_wconf 88' lang='lat' dir='ltr'><strong>custodienda,</strong></span> <span class='ocrx_word' id='word_1_358' title='bbox 1421 1725 1492 1788; x_wconf 86' lang='lat' dir='ltr'><strong>hino</strong></span> <span class='ocrx_word' id='word_1_359' title='bbox 1506 1740 1577 1788; x_wconf 93' lang='lat' dir='ltr'><strong>cum</strong></span> <span class='ocrx_word' id='word_1_360' title='bbox 1592 1730 1783 1786; x_wconf 88' lang='lat' dir='ltr'><strong>memoratus</strong></span> 
     </span>
     <span class='ocr_line' id='line_1_69' title="bbox 1039 1819 1783 1895; baseline -0.013 -8"><span class='ocrx_word' id='word_1_361' title='bbox 1039 1823 1165 1887; x_wconf 84' lang='lat' dir='ltr'><strong>Carolus</strong></span> <span class='ocrx_word' id='word_1_362' title='bbox 1190 1838 1243 1884; x_wconf 92' lang='lat' dir='ltr'><strong>rex</strong></span> <span class='ocrx_word' id='word_1_363' title='bbox 1273 1820 1439 1884; x_wconf 83' lang='lat' dir='ltr'><strong>catholicus</strong></span> <span class='ocrx_word' id='word_1_364' title='bbox 1467 1819 1548 1882; x_wconf 90' lang='lat' dir='ltr'><strong>bisce</strong></span> <span class='ocrx_word' id='word_1_365' title='bbox 1575 1820 1707 1895; x_wconf 89' lang='lat' dir='ltr'><strong>desuper</strong></span> <span class='ocrx_word' id='word_1_366' title='bbox 1728 1831 1783 1894; x_wconf 92' lang='lat' dir='ltr'><strong>per</strong></span> 
     </span>
     <span class='ocr_line' id='line_1_70' title="bbox 1038 1911 1781 1994; baseline -0.012 -14"><span class='ocrx_word' id='word_1_367' title='bbox 1038 1933 1094 1980; x_wconf 90' lang='lat' dir='ltr'><strong>nos</strong></span> <span class='ocrx_word' id='word_1_368' title='bbox 1115 1915 1289 1994; x_wconf 90' lang='lat' dir='ltr'><strong>prospicere</strong></span> <span class='ocrx_word' id='word_1_369' title='bbox 1308 1928 1506 1992; x_wconf 89' lang='lat' dir='ltr'><strong>summopere</strong></span> <span class='ocrx_word' id='word_1_370' title='bbox 1530 1911 1701 1974; x_wconf 90' lang='lat' dir='ltr'><strong>desideret:</strong></span> <span class='ocrx_word' id='word_1_371' title='bbox 1727 1925 1781 1972; x_wconf 91' lang='lat' dir='ltr'><strong>no·</strong></span> 
     </span>
     <span class='ocr_line' id='line_1_71' title="bbox 1039 2004 1782 2088; baseline -0.005 -18"><span class='ocrx_word' id='word_1_372' title='bbox 1039 2009 1084 2070; x_wconf 91' lang='lat' dir='ltr'><strong>bis</strong></span> <span class='ocrx_word' id='word_1_373' title='bbox 1104 2015 1266 2088; x_wconf 89' lang='lat' dir='ltr'><strong>propterea</strong></span> <span class='ocrx_word' id='word_1_374' title='bbox 1288 2006 1447 2070; x_wconf 86' lang='lat' dir='ltr'><strong>humiliter</strong></span> <span class='ocrx_word' id='word_1_375' title='bbox 1465 2004 1628 2084; x_wconf 88' lang='lat' dir='ltr'><strong>supplicari</strong></span> <span class='ocrx_word' id='word_1_376' title='bbox 1644 2005 1731 2078; x_wconf 89' lang='lat' dir='ltr'><strong>iecit,</strong></span> <span class='ocrx_word' id='word_1_377' title='bbox 1748 2011 1782 2066; x_wconf 94' lang='lat' dir='ltr'><strong>ut</strong></span> 
     </span>
     <span class='ocr_line' id='line_1_72' title="bbox 1039 2099 1782 2179; baseline -0.005 -16"><span class='ocrx_word' id='word_1_378' title='bbox 1039 2103 1070 2165; x_wconf 94' lang='lat' dir='ltr'><strong>in</strong></span> <span class='ocrx_word' id='word_1_379' title='bbox 1085 2102 1259 2179; x_wconf 90' lang='lat' dir='ltr'><strong>praemissis</strong></span> <span class='ocrx_word' id='word_1_380' title='bbox 1274 2109 1447 2178; x_wconf 89' lang='lat' dir='ltr'><strong>opportune</strong></span> <span class='ocrx_word' id='word_1_381' title='bbox 1461 2099 1625 2178; x_wconf 82' lang='lat' dir='ltr'><strong>providere</strong></span> <span class='ocrx_word' id='word_1_382' title='bbox 1639 2106 1669 2160; x_wconf 93' lang='lat' dir='ltr'><strong>et</strong></span> <span class='ocrx_word' id='word_1_383' title='bbox 1686 2104 1720 2160; x_wconf 92' lang='lat' dir='ltr'><strong>ut</strong></span> <span class='ocrx_word' id='word_1_384' title='bbox 1735 2099 1782 2159; x_wconf 92' lang='lat' dir='ltr'><strong>in-</strong></span> 
     </span>
    </p>

    <p class='ocr_par' dir='ltr' id='par_1_14' title="bbox 1039 2189 1783 2374">
     <span class='ocr_line' id='line_1_73' title="bbox 1039 2189 1783 2272; baseline -0.007 -17"><span class='ocrx_word' id='word_1_385' title='bbox 1039 2195 1083 2256; x_wconf 84' lang='grc'><strong>133</strong></span> <span class='ocrx_word' id='word_1_386' title='bbox 1105 2194 1267 2272; x_wconf 91' lang='lat' dir='ltr'><strong>indulgere</strong></span> <span class='ocrx_word' id='word_1_387' title='bbox 1288 2193 1326 2254; x_wconf 92' lang='lat' dir='ltr'><strong>de</strong></span> <span class='ocrx_word' id='word_1_388' title='bbox 1348 2193 1540 2271; x_wconf 91' lang='lat' dir='ltr'><strong>benignitate</strong></span> <span class='ocrx_word' id='word_1_389' title='bbox 1561 2191 1724 2270; x_wconf 84' lang='lat' dir='ltr'><strong>apostolica</strong></span> <span class='ocrx_word' id='word_1_390' title='bbox 1738 2189 1783 2251; x_wconf 85' lang='lat' dir='ltr'><strong>di-</strong></span> 
     </span>
     <span class='ocr_line' id='line_1_74' title="bbox 1040 2303 1219 2374; baseline -0.017 -24"><span class='ocrx_word' id='word_1_391' title='bbox 1040 2303 1219 2374; x_wconf 70' lang='lat' dir='ltr'><strong>gnarpmur.</strong></span> 
     </span>
    </p>

    <p class='ocr_par' dir='ltr' id='par_1_15' title="bbox 1038 2377 2016 3305">
     <span class='ocr_line' id='line_1_75' title="bbox 1078 2377 2016 2458; baseline -0.004 -14"><span class='ocrx_word' id='word_1_392' title='bbox 1078 2383 1097 2458; x_wconf 66' lang='grc' dir='ltr'><strong>ἓ</strong></span> <span class='ocrx_word' id='word_1_393' title='bbox 1117 2381 1145 2444; x_wconf 83' lang='lat'><strong>3.</strong></span> <span class='ocrx_word' id='word_1_394' title='bbox 1169 2380 1230 2444; x_wconf 92' lang='lat' dir='ltr'><strong>Nos</strong></span> <span class='ocrx_word' id='word_1_395' title='bbox 1252 2381 1347 2458; x_wconf 88' lang='lat' dir='ltr'><strong>igitur</strong></span> <span class='ocrx_word' id='word_1_396' title='bbox 1378 2379 1516 2442; x_wconf 89' lang='lat' dir='ltr'><strong>eiusdem</strong></span> <span class='ocrx_word' id='word_1_397' title='bbox 1537 2379 1619 2457; x_wconf 91' lang='lat' dir='ltr'><strong>regis</strong></span> <span class='ocrx_word' id='word_1_398' title='bbox 1641 2377 1781 2441; x_wconf 86' lang='lat' dir='ltr'><strong>catholici</strong></span> <span class='ocrx_word' id='word_1_399' title='bbox 1824 2399 1904 2442; x_wconf 72' lang='lat' dir='ltr'><strong>aanor</strong></span> <span class='ocrx_word' id='word_1_400' title='bbox 1920 2405 2016 2440; x_wconf 74' lang='lat' dir='ltr'><strong>rovoca-</strong></span> 
     </span>
     <span class='ocr_line' id='line_1_76' title="bbox 1039 2450 1886 2553; baseline -0.002 -18"><span class='ocrx_word' id='word_1_401' title='bbox 1039 2477 1118 2538; x_wconf 83' lang='lat' dir='ltr'><strong>rotis</strong></span> <span class='ocrx_word' id='word_1_402' title='bbox 1139 2483 1289 2553; x_wconf 82' lang='lat' dir='ltr'><strong>quantum</strong></span> <span class='ocrx_word' id='word_1_403' title='bbox 1312 2488 1385 2536; x_wconf 91' lang='lat' dir='ltr'><strong>cum</strong></span> <span class='ocrx_word' id='word_1_404' title='bbox 1407 2473 1714 2551; x_wconf 85' lang='lat' dir='ltr'><strong>bominopossumus</strong></span> <span class='ocrx_word' id='word_1_405' title='bbox 1729 2489 1782 2534; x_wconf 91' lang='lat' dir='ltr'><strong>an·</strong></span> <span class='ocrx_word' id='word_1_406' title='bbox 1802 2450 1886 2495; x_wconf 51' lang='lat'><strong>“⁰⁰¹³</strong></span> 
     </span>
     <span class='ocr_line' id='line_1_77' title="bbox 1039 2566 1783 2644; baseline -0.004 -12"><span class='ocrx_word' id='word_1_407' title='bbox 1039 2585 1137 2632; x_wconf 90' lang='lat' dir='ltr'><strong>nuere</strong></span> <span class='ocrx_word' id='word_1_408' title='bbox 1158 2569 1308 2643; x_wconf 90' lang='lat' dir='ltr'><strong>volentes,</strong></span> <span class='ocrx_word' id='word_1_409' title='bbox 1332 2586 1365 2631; x_wconf 89' lang='lat' dir='ltr'><strong>ac</strong></span> <span class='ocrx_word' id='word_1_410' title='bbox 1386 2567 1511 2631; x_wconf 92' lang='lat' dir='ltr'><strong>illorum</strong></span> <span class='ocrx_word' id='word_1_411' title='bbox 1526 2566 1700 2644; x_wconf 88' lang='lat' dir='ltr'><strong>singulares</strong></span> <span class='ocrx_word' id='word_1_412' title='bbox 1715 2582 1783 2643; x_wconf 91' lang='lat' dir='ltr'><strong>per·</strong></span> 
     </span>
     <span class='ocr_line' id='line_1_78' title="bbox 1038 2663 1784 2742; baseline -0.004 -17"><span class='ocrx_word' id='word_1_413' title='bbox 1038 2680 1138 2738; x_wconf 90' lang='lat' dir='ltr'><strong>sonas,</strong></span> <span class='ocrx_word' id='word_1_414' title='bbox 1161 2678 1293 2742; x_wconf 85' lang='lat' dir='ltr'><strong>quarum</strong></span> <span class='ocrx_word' id='word_1_415' title='bbox 1313 2663 1450 2726; x_wconf 87' lang='lat' dir='ltr'><strong>lavarem</strong></span> <span class='ocrx_word' id='word_1_416' title='bbox 1472 2669 1646 2740; x_wconf 89' lang='lat' dir='ltr'><strong>praesentes</strong></span> <span class='ocrx_word' id='word_1_417' title='bbox 1663 2669 1784 2723; x_wconf 91' lang='lat' dir='ltr'><strong>nostrae</strong></span> 
     </span>
     <span class='ocr_line' id='line_1_79' title="bbox 1040 2756 1785 2837; baseline -0.003 -18"><span class='ocrx_word' id='word_1_418' title='bbox 1040 2759 1146 2837; x_wconf 85' lang='lat' dir='ltr'><strong>literae</strong></span> <span class='ocrx_word' id='word_1_419' title='bbox 1167 2767 1405 2831; x_wconf 90' lang='lat' dir='ltr'><strong>concernunt,a</strong></span> <span class='ocrx_word' id='word_1_420' title='bbox 1426 2756 1585 2835; x_wconf 84' lang='lat' dir='ltr'><strong>quibusvis</strong></span> <span class='ocrx_word' id='word_1_421' title='bbox 1606 2770 1785 2817; x_wconf 90' lang='lat' dir='ltr'><strong>excommu-</strong></span> 
     </span>
     <span class='ocr_line' id='line_1_80' title="bbox 1039 2847 1784 2928; baseline -0.008 -14"><span class='ocrx_word' id='word_1_422' title='bbox 1039 2851 1214 2926; x_wconf 90' lang='lat' dir='ltr'><strong>nicationis,</strong></span> <span class='ocrx_word' id='word_1_423' title='bbox 1235 2850 1445 2928; x_wconf 90' lang='lat' dir='ltr'><strong>suspensionis</strong></span> <span class='ocrx_word' id='word_1_424' title='bbox 1465 2857 1496 2912; x_wconf 91' lang='lat' dir='ltr'><strong>et</strong></span> <span class='ocrx_word' id='word_1_425' title='bbox 1519 2847 1684 2921; x_wconf 88' lang='lat' dir='ltr'><strong>interdicti,</strong></span> <span class='ocrx_word' id='word_1_426' title='bbox 1706 2847 1784 2910; x_wconf 90' lang='lat' dir='ltr'><strong>aliis-</strong></span> 
     </span>
     <span class='ocr_line' id='line_1_81' title="bbox 1040 2943 1783 3025; baseline -0.007 -16"><span class='ocrx_word' id='word_1_427' title='bbox 1040 2962 1100 3025; x_wconf 84' lang='lat' dir='ltr'><strong>que</strong></span> <span class='ocrx_word' id='word_1_428' title='bbox 1115 2944 1323 3009; x_wconf 86' lang='lat' dir='ltr'><strong>ecclesiasticis</strong></span> <span class='ocrx_word' id='word_1_429' title='bbox 1335 2943 1484 3018; x_wconf 88' lang='lat' dir='ltr'><strong>censuris,</strong></span> <span class='ocrx_word' id='word_1_430' title='bbox 1494 2943 1659 3005; x_wconf 91' lang='lat' dir='ltr'><strong>sententiis</strong></span> <span class='ocrx_word' id='word_1_431' title='bbox 1671 2951 1701 3004; x_wconf 90' lang='lat' dir='ltr'><strong>et</strong></span> <span class='ocrx_word' id='word_1_432' title='bbox 1713 2958 1783 3022; x_wconf 91' lang='lat' dir='ltr'><strong>poe-</strong></span> 
     </span>
     <span class='ocr_line' id='line_1_82' title="bbox 1041 3037 1783 3118; baseline -0.005 -18"><span class='ocrx_word' id='word_1_433' title='bbox 1041 3038 1088 3100; x_wconf 91' lang='lat' dir='ltr'><strong>nis</strong></span> <span class='ocrx_word' id='word_1_434' title='bbox 1103 3039 1212 3118; x_wconf 87' lang='lat' dir='ltr'><strong>quovis</strong></span> <span class='ocrx_word' id='word_1_435' title='bbox 1228 3038 1319 3100; x_wconf 90' lang='lat' dir='ltr'><strong>modo</strong></span> <span class='ocrx_word' id='word_1_436' title='bbox 1334 3044 1365 3098; x_wconf 91' lang='lat' dir='ltr'><strong>et</strong></span> <span class='ocrx_word' id='word_1_437' title='bbox 1380 3052 1574 3116; x_wconf 85' lang='lat' dir='ltr'><strong>quacumque</strong></span> <span class='ocrx_word' id='word_1_438' title='bbox 1589 3037 1626 3098; x_wconf 91' lang='lat' dir='ltr'><strong>de</strong></span> <span class='ocrx_word' id='word_1_439' title='bbox 1640 3053 1727 3098; x_wconf 89' lang='lat' dir='ltr'><strong>causa</strong></span> <span class='ocrx_word' id='word_1_440' title='bbox 1743 3037 1783 3098; x_wconf 93' lang='lat' dir='ltr'><strong>la·</strong></span> 
     </span>
     <span class='ocr_line' id='line_1_83' title="bbox 1040 3131 1783 3212; baseline -0.001 -18"><span class='ocrx_word' id='word_1_441' title='bbox 1040 3134 1090 3209; x_wconf 91' lang='lat' dir='ltr'><strong>tis,</strong></span> <span class='ocrx_word' id='word_1_442' title='bbox 1106 3135 1131 3196; x_wconf 92' lang='lat' dir='ltr'><strong>si</strong></span> <span class='ocrx_word' id='word_1_443' title='bbox 1147 3150 1221 3212; x_wconf 90' lang='grc'>3333</span> <span class='ocrx_word' id='word_1_444' title='bbox 1235 3133 1315 3195; x_wconf 87' lang='grc'>13313</span> <span class='ocrx_word' id='word_1_445' title='bbox 1336 3131 1538 3205; x_wconf 90' lang='lat' dir='ltr'><strong>incurrerint,</strong></span> <span class='ocrx_word' id='word_1_446' title='bbox 1554 3131 1646 3193; x_wconf 90' lang='lat' dir='ltr'><strong>buius</strong></span> <span class='ocrx_word' id='word_1_447' title='bbox 1661 3138 1783 3195; x_wconf 89' lang='lat' dir='ltr'><strong>tantum</strong></span> 
     </span>
     <span class='ocr_line' id='line_1_84' title="bbox 1041 3225 1783 3305; baseline -0.007 -13"><span class='ocrx_word' id='word_1_448' title='bbox 1041 3231 1084 3292; x_wconf 92' lang='lat' dir='ltr'><strong>rei</strong></span> <span class='ocrx_word' id='word_1_449' title='bbox 1101 3227 1196 3305; x_wconf 89' lang='lat' dir='ltr'><strong>gratia</strong></span> <span class='ocrx_word' id='word_1_450' title='bbox 1211 3225 1416 3300; x_wconf 88' lang='lat' dir='ltr'><strong>absolventes,</strong></span> <span class='ocrx_word' id='word_1_451' title='bbox 1428 3232 1460 3286; x_wconf 91' lang='lat' dir='ltr'><strong>et</strong></span> <span class='ocrx_word' id='word_1_452' title='bbox 1475 3225 1626 3287; x_wconf 89' lang='lat' dir='ltr'><strong>absolutas</strong></span> <span class='ocrx_word' id='word_1_453' title='bbox 1637 3225 1703 3286; x_wconf 88' lang='lat' dir='ltr'><strong>lore</strong></span> <span class='ocrx_word' id='word_1_454' title='bbox 1714 3241 1783 3288; x_wconf 90' lang='lat' dir='ltr'><strong>cen·</strong></span> 
     </span>
    </p>
   </div>
   <div class='ocr_carea' id='block_1_13' title="bbox 956 3318 1784 3398">
    <p class='ocr_par' dir='ltr' id='par_1_16' title="bbox 956 3318 1784 3398">
     <span class='ocr_line' id='line_1_85' title="bbox 956 3318 1784 3398; baseline -0.007 -13"><span class='ocrx_word' id='word_1_455' title='bbox 956 3345 958 3350; x_wconf 89' lang='lat'><em>·</em></span> <span class='ocrx_word' id='word_1_456' title='bbox 1039 3331 1154 3396; x_wconf 88' lang='lat' dir='ltr'><strong>sentes,</strong></span> <span class='ocrx_word' id='word_1_457' title='bbox 1176 3318 1638 3398; x_wconf 85' lang='lat' dir='ltr'><strong>supplicationibushuiusmodi</strong></span> <span class='ocrx_word' id='word_1_458' title='bbox 1659 3319 1784 3382; x_wconf 90' lang='lat' dir='ltr'><strong>inclina-</strong></span> 
     </span>
    </p>
   </div>
   <div class='ocr_carea' id='block_1_14' title="bbox 1037 3414 2016 6031">
    <p class='ocr_par' dir='ltr' id='par_1_17' title="bbox 1037 3414 1786 5370">
     <span class='ocr_line' id='line_1_86' title="bbox 1041 3414 1783 3493; baseline -0.003 -15"><span class='ocrx_word' id='word_1_459' title='bbox 1041 3417 1074 3492; x_wconf 87' lang='lat' dir='ltr'><strong>ti,</strong></span> <span class='ocrx_word' id='word_1_460' title='bbox 1088 3417 1190 3478; x_wconf 90' lang='lat' dir='ltr'><strong>literas</strong></span> <span class='ocrx_word' id='word_1_461' title='bbox 1205 3421 1322 3477; x_wconf 90' lang='lat' dir='ltr'><strong>nostras</strong></span> <span class='ocrx_word' id='word_1_462' title='bbox 1337 3414 1503 3492; x_wconf 91' lang='lat' dir='ltr'><strong>praedictas</strong></span> <span class='ocrx_word' id='word_1_463' title='bbox 1518 3420 1625 3476; x_wconf 89' lang='lat' dir='ltr'><strong>tenore</strong></span> <span class='ocrx_word' id='word_1_464' title='bbox 1641 3430 1783 3493; x_wconf 90' lang='lat' dir='ltr'><strong>praesen·</strong></span> 
     </span>
     <span class='ocr_line' id='line_1_87' title="bbox 1040 3506 1783 3583; baseline -0.004 -11"><span class='ocrx_word' id='word_1_465' title='bbox 1040 3511 1117 3573; x_wconf 90' lang='lat' dir='ltr'><strong>tium</strong></span> <span class='ocrx_word' id='word_1_466' title='bbox 1147 3523 1341 3583; x_wconf 89' lang='lat' dir='ltr'><strong>revocamus,</strong></span> <span class='ocrx_word' id='word_1_467' title='bbox 1372 3521 1539 3580; x_wconf 90' lang='lat' dir='ltr'><strong>cassamus,</strong></span> <span class='ocrx_word' id='word_1_468' title='bbox 1569 3506 1726 3569; x_wconf 89' lang='lat' dir='ltr'><strong>irritamus</strong></span> <span class='ocrx_word' id='word_1_469' title='bbox 1753 3516 1783 3569; x_wconf 93' lang='lat' dir='ltr'><strong>et</strong></span> 
     </span>
     <span class='ocr_line' id='line_1_88' title="bbox 1040 3600 1784 3680; baseline -0.004 -16"><span class='ocrx_word' id='word_1_470' title='bbox 1040 3603 1249 3675; x_wconf 88' lang='lat' dir='ltr'><strong>annullamus,</strong></span> <span class='ocrx_word' id='word_1_471' title='bbox 1273 3601 1454 3678; x_wconf 84' lang='lat' dir='ltr'><strong>viribusque</strong></span> <span class='ocrx_word' id='word_1_472' title='bbox 1475 3609 1505 3661; x_wconf 91' lang='lat' dir='ltr'><strong>et</strong></span> <span class='ocrx_word' id='word_1_473' title='bbox 1527 3600 1638 3664; x_wconf 91' lang='lat' dir='ltr'><strong>ellectu</strong></span> <span class='ocrx_word' id='word_1_474' title='bbox 1661 3602 1784 3680; x_wconf 89' lang='lat' dir='ltr'><strong>penitus</strong></span> 
     </span>
     <span class='ocr_line' id='line_1_89' title="bbox 1040 3693 1785 3771; baseline -0.004 -11"><span class='ocrx_word' id='word_1_475' title='bbox 1040 3704 1071 3760; x_wconf 92' lang='grc'><strong>31</strong></span> <span class='ocrx_word' id='word_1_476' title='bbox 1093 3695 1221 3759; x_wconf 90' lang='lat' dir='ltr'><strong>omnino</strong></span> <span class='ocrx_word' id='word_1_477' title='bbox 1243 3708 1425 3769; x_wconf 89' lang='lat' dir='ltr'><strong>vacuamus;</strong></span> <span class='ocrx_word' id='word_1_478' title='bbox 1447 3709 1481 3754; x_wconf 92' lang='lat' dir='ltr'><strong>ac</strong></span> <span class='ocrx_word' id='word_1_479' title='bbox 1501 3693 1644 3771; x_wconf 88' lang='lat' dir='ltr'><strong>proinde,</strong></span> <span class='ocrx_word' id='word_1_480' title='bbox 1668 3701 1702 3754; x_wconf 90' lang='lat' dir='ltr'><strong>ut</strong></span> <span class='ocrx_word' id='word_1_481' title='bbox 1724 3694 1785 3757; x_wconf 90' lang='lat' dir='ltr'><strong>ele-</strong></span> 
     </span>
     <span class='ocr_line' id='line_1_90' title="bbox 1040 3787 1786 3854; baseline -0.003 0"><span class='ocrx_word' id='word_1_482' title='bbox 1040 3793 1158 3854; x_wconf 92' lang='lat' dir='ltr'><strong>ctiones</strong></span> <span class='ocrx_word' id='word_1_483' title='bbox 1186 3789 1320 3852; x_wconf 89' lang='lat' dir='ltr'><strong>addicta</strong></span> <span class='ocrx_word' id='word_1_484' title='bbox 1346 3787 1442 3849; x_wconf 86' lang='lat' dir='ltr'><strong>officia</strong></span> <span class='ocrx_word' id='word_1_485' title='bbox 1469 3804 1524 3850; x_wconf 90' lang='lat' dir='ltr'><strong>seu</strong></span> <span class='ocrx_word' id='word_1_486' title='bbox 1546 3803 1676 3852; x_wconf 88' lang='lat' dir='ltr'><strong>munera</strong></span> <span class='ocrx_word' id='word_1_487' title='bbox 1698 3789 1786 3852; x_wconf 90' lang='lat' dir='ltr'><strong>dein·</strong></span> 
     </span>
     <span class='ocr_line' id='line_1_91' title="bbox 1039 3883 1786 3965; baseline -0.004 -16"><span class='ocrx_word' id='word_1_488' title='bbox 1039 3902 1109 3965; x_wconf 90' lang='lat' dir='ltr'><strong>ceps</strong></span> <span class='ocrx_word' id='word_1_489' title='bbox 1130 3885 1165 3946; x_wconf 93' lang='lat' dir='ltr'><strong>ad</strong></span> <span class='ocrx_word' id='word_1_490' title='bbox 1187 3885 1318 3946; x_wconf 90' lang='lat' dir='ltr'><strong>lormam</strong></span> <span class='ocrx_word' id='word_1_491' title='bbox 1340 3891 1527 3946; x_wconf 89' lang='lat' dir='ltr'><strong>statutorum</strong></span> <span class='ocrx_word' id='word_1_492' title='bbox 1540 3901 1575 3946; x_wconf 90' lang='lat' dir='ltr'><strong>ac</strong></span> <span class='ocrx_word' id='word_1_493' title='bbox 1589 3883 1786 3946; x_wconf 89' lang='lat' dir='ltr'><strong>constitutio-</strong></span> 
     </span>
     <span class='ocr_line' id='line_1_92' title="bbox 1041 3966 1784 4054; baseline -0.005 -10"><span class='ocrx_word' id='word_1_494' title='bbox 1041 3996 1118 4044; x_wconf 91' lang='lat' dir='ltr'><strong>num</strong></span> <span class='ocrx_word' id='word_1_495' title='bbox 1139 3977 1212 4041; x_wconf 88' lang='lat' dir='ltr'><strong>dicti</strong></span> <span class='ocrx_word' id='word_1_496' title='bbox 1234 3976 1361 4050; x_wconf 91' lang='lat' dir='ltr'><strong>ordinis,</strong></span> <span class='ocrx_word' id='word_1_497' title='bbox 1371 3966 1459 4054; x_wconf 70' lang='lat' dir='ltr'><strong>lpuae</strong></span> <span class='ocrx_word' id='word_1_498' title='bbox 1473 3983 1544 4040; x_wconf 87' lang='lat' dir='ltr'><strong>ante</strong></span> <span class='ocrx_word' id='word_1_499' title='bbox 1559 3985 1714 4040; x_wconf 90' lang='lat' dir='ltr'><strong>emanatas</strong></span> <span class='ocrx_word' id='word_1_500' title='bbox 1730 3995 1784 4040; x_wconf 88' lang='lat' dir='ltr'><strong>no·</strong></span> 
     </span>
     <span class='ocr_line' id='line_1_93' title="bbox 1039 4069 1783 4149; baseline -0.001 -13"><span class='ocrx_word' id='word_1_501' title='bbox 1039 4081 1115 4136; x_wconf 85' lang='grc'>31333</span> <span class='ocrx_word' id='word_1_502' title='bbox 1137 4071 1242 4134; x_wconf 83' lang='lat' dir='ltr'><strong>literas</strong></span> <span class='ocrx_word' id='word_1_503' title='bbox 1263 4069 1429 4149; x_wconf 86' lang='lat' dir='ltr'><strong>praedictas</strong></span> <span class='ocrx_word' id='word_1_504' title='bbox 1450 4071 1663 4147; x_wconf 91' lang='lat' dir='ltr'><strong>servabantur,</strong></span> <span class='ocrx_word' id='word_1_505' title='bbox 1683 4071 1724 4132; x_wconf 91' lang='lat' dir='ltr'><strong>ita</strong></span> <span class='ocrx_word' id='word_1_506' title='bbox 1747 4079 1783 4135; x_wconf 91' lang='lat' dir='ltr'><strong>ut</strong></span> 
     </span>
     <span class='ocr_line' id='line_1_94' title="bbox 1039 4163 1783 4243; baseline 0 -15"><span class='ocrx_word' id='word_1_507' title='bbox 1039 4167 1134 4229; x_wconf 86' lang='lat' dir='ltr'><strong>irater</strong></span> <span class='ocrx_word' id='word_1_508' title='bbox 1156 4163 1289 4226; x_wconf 86' lang='lat' dir='ltr'><strong>lamiliae</strong></span> <span class='ocrx_word' id='word_1_509' title='bbox 1311 4164 1525 4227; x_wconf 75' lang='lat' dir='ltr'><strong>cismontanae</strong></span> <span class='ocrx_word' id='word_1_510' title='bbox 1547 4179 1678 4227; x_wconf 89' lang='lat' dir='ltr'><strong>munere</strong></span> <span class='ocrx_word' id='word_1_511' title='bbox 1692 4181 1783 4243; x_wconf 89' lang='lat' dir='ltr'><strong>guar·</strong></span> 
     </span>
     <span class='ocr_line' id='line_1_95' title="bbox 1039 4257 1784 4334; baseline -0.001 -10"><span class='ocrx_word' id='word_1_512' title='bbox 1039 4261 1121 4324; x_wconf 91' lang='lat' dir='ltr'><strong>diani</strong></span> <span class='ocrx_word' id='word_1_513' title='bbox 1148 4259 1282 4322; x_wconf 90' lang='lat' dir='ltr'><strong>custodis</strong></span> <span class='ocrx_word' id='word_1_514' title='bbox 1310 4259 1406 4320; x_wconf 91' lang='lat' dir='ltr'><strong>sancti</strong></span> <span class='ocrx_word' id='word_1_515' title='bbox 1434 4257 1550 4320; x_wconf 90' lang='lat' dir='ltr'><strong>montis</strong></span> <span class='ocrx_word' id='word_1_516' title='bbox 1579 4258 1665 4334; x_wconf 91' lang='lat' dir='ltr'><strong>Sion,</strong></span> <span class='ocrx_word' id='word_1_517' title='bbox 1688 4260 1784 4323; x_wconf 89' lang='grc'>133133</span> 
     </span>
     <span class='ocr_line' id='line_1_96' title="bbox 1040 4352 1782 4429; baseline 0.001 -14"><span class='ocrx_word' id='word_1_518' title='bbox 1040 4355 1163 4416; x_wconf 90' lang='lat' dir='ltr'><strong>natione</strong></span> <span class='ocrx_word' id='word_1_519' title='bbox 1191 4352 1342 4429; x_wconf 88' lang='lat' dir='ltr'><strong>Hispanas</strong></span> <span class='ocrx_word' id='word_1_520' title='bbox 1364 4353 1569 4428; x_wconf 87' lang='lat' dir='ltr'><strong>procuratoris</strong></span> <span class='ocrx_word' id='word_1_521' title='bbox 1590 4370 1623 4415; x_wconf 90' lang='lat' dir='ltr'><strong>ac</strong></span> <span class='ocrx_word' id='word_1_522' title='bbox 1651 4369 1782 4416; x_wconf 88' lang='lat' dir='ltr'><strong>munere</strong></span> 
     </span>
     <span class='ocr_line' id='line_1_97' title="bbox 1038 4444 1781 4523; baseline -0.001 -12"><span class='ocrx_word' id='word_1_523' title='bbox 1038 4463 1092 4510; x_wconf 89' lang='lat' dir='ltr'><strong>seu</strong></span> <span class='ocrx_word' id='word_1_524' title='bbox 1114 4445 1212 4509; x_wconf 83' lang='lat' dir='ltr'><strong>officio</strong></span> <span class='ocrx_word' id='word_1_525' title='bbox 1234 4444 1351 4518; x_wconf 92' lang='lat' dir='ltr'><strong>vicarii,</strong></span> <span class='ocrx_word' id='word_1_526' title='bbox 1374 4446 1454 4523; x_wconf 84' lang='lat' dir='ltr'><strong>quod</strong></span> <span class='ocrx_word' id='word_1_527' title='bbox 1483 4445 1555 4508; x_wconf 89' lang='lat' dir='ltr'><strong>alias</strong></span> <span class='ocrx_word' id='word_1_528' title='bbox 1577 4463 1591 4506; x_wconf 90' lang='lat' dir='ltr'><strong>a</strong></span> <span class='ocrx_word' id='word_1_529' title='bbox 1614 4447 1708 4510; x_wconf 83' lang='lat' dir='ltr'><strong>tratre</strong></span> <span class='ocrx_word' id='word_1_530' title='bbox 1730 4466 1781 4512; x_wconf 91' lang='lat' dir='ltr'><strong>na·</strong></span> 
     </span>
     <span class='ocr_line' id='line_1_98' title="bbox 1040 4536 1783 4619; baseline 0.001 -15"><span class='ocrx_word' id='word_1_531' title='bbox 1040 4543 1124 4604; x_wconf 89' lang='lat' dir='ltr'><strong>tione</strong></span> <span class='ocrx_word' id='word_1_532' title='bbox 1152 4536 1236 4602; x_wconf 87' lang='lat' dir='ltr'><strong>Gallo</strong></span> <span class='ocrx_word' id='word_1_533' title='bbox 1262 4536 1474 4614; x_wconf 79' lang='lat' dir='ltr'><strong>exercebatur,</strong></span> <span class='ocrx_word' id='word_1_534' title='bbox 1496 4537 1640 4619; x_wconf 89' lang='lat' dir='ltr'><strong>deinceps</strong></span> <span class='ocrx_word' id='word_1_535' title='bbox 1662 4542 1694 4603; x_wconf 94' lang='lat' dir='ltr'><strong>in</strong></span> <span class='ocrx_word' id='word_1_536' title='bbox 1717 4543 1783 4605; x_wconf 89' lang='lat' dir='ltr'><strong>eius</strong></span> 
     </span>
     <span class='ocr_line' id='line_1_99' title="bbox 1040 4633 1783 4714; baseline 0.003 -16"><span class='ocrx_word' id='word_1_537' title='bbox 1040 4637 1153 4710; x_wconf 92' lang='lat' dir='ltr'><strong>locum,</strong></span> <span class='ocrx_word' id='word_1_538' title='bbox 1175 4643 1207 4696; x_wconf 93' lang='lat' dir='ltr'><strong>et</strong></span> <span class='ocrx_word' id='word_1_539' title='bbox 1227 4649 1326 4712; x_wconf 86' lang='lat' dir='ltr'><strong>usque</strong></span> <span class='ocrx_word' id='word_1_540' title='bbox 1342 4635 1417 4696; x_wconf 91' lang='lat' dir='ltr'><strong>dum</strong></span> <span class='ocrx_word' id='word_1_541' title='bbox 1433 4633 1679 4711; x_wconf 87' lang='lat' dir='ltr'><strong>perturbationes</strong></span> <span class='ocrx_word' id='word_1_542' title='bbox 1694 4638 1783 4714; x_wconf 86' lang='lat' dir='ltr'><strong>regni</strong></span> 
     </span>
     <span class='ocr_line' id='line_1_100' title="bbox 1038 4727 1784 4806; baseline -0.003 -12"><span class='ocrx_word' id='word_1_543' title='bbox 1038 4731 1207 4795; x_wconf 85' lang='lat' dir='ltr'><strong>Galliarum</strong></span> <span class='ocrx_word' id='word_1_544' title='bbox 1228 4727 1383 4791; x_wconf 89' lang='lat' dir='ltr'><strong>durabunt</strong></span> <span class='ocrx_word' id='word_1_545' title='bbox 1405 4744 1439 4789; x_wconf 92' lang='lat' dir='ltr'><strong>ac</strong></span> <span class='ocrx_word' id='word_1_546' title='bbox 1460 4728 1638 4806; x_wconf 88' lang='lat' dir='ltr'><strong>provinciae</strong></span> <span class='ocrx_word' id='word_1_547' title='bbox 1666 4729 1784 4794; x_wconf 89' lang='lat' dir='ltr'><strong>ordinis</strong></span> 
     </span>
     <span class='ocr_line' id='line_1_101' title="bbox 1037 4820 1784 4901; baseline 0.001 -15"><span class='ocrx_word' id='word_1_548' title='bbox 1037 4832 1068 4886; x_wconf 93' lang='grc'><strong>31</strong></span> <span class='ocrx_word' id='word_1_549' title='bbox 1091 4823 1224 4885; x_wconf 89' lang='lat' dir='ltr'><strong>nationis</strong></span> <span class='ocrx_word' id='word_1_550' title='bbox 1245 4820 1422 4885; x_wconf 87' lang='lat' dir='ltr'><strong>huiusmodi</strong></span> <span class='ocrx_word' id='word_1_551' title='bbox 1444 4829 1537 4884; x_wconf 89' lang='lat' dir='ltr'><strong>erunt</strong></span> <span class='ocrx_word' id='word_1_552' title='bbox 1561 4822 1593 4884; x_wconf 93' lang='lat' dir='ltr'><strong>in</strong></span> <span class='ocrx_word' id='word_1_553' title='bbox 1615 4823 1784 4901; x_wconf 88' lang='lat' dir='ltr'><strong>pristinum</strong></span> 
     </span>
     <span class='ocr_line' id='line_1_102' title="bbox 1038 4914 1784 4995; baseline 0 -15"><span class='ocrx_word' id='word_1_554' title='bbox 1038 4926 1152 4981; x_wconf 92' lang='lat' dir='ltr'><strong>statum</strong></span> <span class='ocrx_word' id='word_1_555' title='bbox 1173 4917 1344 4990; x_wconf 85' lang='lat' dir='ltr'><strong>restitutae,</strong></span> <span class='ocrx_word' id='word_1_556' title='bbox 1369 4916 1392 4978; x_wconf 94' lang='lat' dir='ltr'><strong>is</strong></span> <span class='ocrx_word' id='word_1_557' title='bbox 1414 4914 1573 4992; x_wconf 82' lang='lat' dir='ltr'><strong>iungatur,</strong></span> <span class='ocrx_word' id='word_1_558' title='bbox 1597 4917 1686 4995; x_wconf 89' lang='grc'>3313</span> <span class='ocrx_word' id='word_1_559' title='bbox 1709 4917 1784 4980; x_wconf 90' lang='lat' dir='ltr'><strong>dile-</strong></span> 
     </span>
     <span class='ocr_line' id='line_1_103' title="bbox 1038 5009 1782 5074; baseline 0.003 -2"><span class='ocrx_word' id='word_1_560' title='bbox 1038 5013 1094 5073; x_wconf 89' lang='lat' dir='ltr'><strong>ctis</strong></span> <span class='ocrx_word' id='word_1_561' title='bbox 1116 5011 1186 5072; x_wconf 88' lang='lat' dir='ltr'><strong>lrliis</strong></span> <span class='ocrx_word' id='word_1_562' title='bbox 1208 5009 1387 5072; x_wconf 89' lang='lat' dir='ltr'><strong>discretorio</strong></span> <span class='ocrx_word' id='word_1_563' title='bbox 1410 5009 1507 5072; x_wconf 91' lang='lat' dir='ltr'><strong>dictae</strong></span> <span class='ocrx_word' id='word_1_564' title='bbox 1534 5009 1689 5074; x_wconf 89' lang='lat' dir='ltr'><strong>custodiae</strong></span> <span class='ocrx_word' id='word_1_565' title='bbox 1711 5013 1782 5074; x_wconf 86' lang='lat' dir='ltr'><strong>Ter·</strong></span> 
     </span>
     <span class='ocr_line' id='line_1_104' title="bbox 1037 5104 1783 5182; baseline 0.001 -16"><span class='ocrx_word' id='word_1_566' title='bbox 1037 5122 1089 5168; x_wconf 92' lang='lat' dir='ltr'><strong>rae</strong></span> <span class='ocrx_word' id='word_1_567' title='bbox 1109 5105 1249 5179; x_wconf 87' lang='lat' dir='ltr'><strong>Sanctae,</strong></span> <span class='ocrx_word' id='word_1_568' title='bbox 1271 5104 1494 5182; x_wconf 87' lang='lat' dir='ltr'><strong>cuiuscumque</strong></span> <span class='ocrx_word' id='word_1_569' title='bbox 1513 5105 1554 5165; x_wconf 92' lang='lat' dir='ltr'><strong>sit</strong></span> <span class='ocrx_word' id='word_1_570' title='bbox 1569 5104 1713 5181; x_wconf 85' lang='lat' dir='ltr'><strong>arationis,</strong></span> <span class='ocrx_word' id='word_1_571' title='bbox 1729 5105 1783 5168; x_wconf 93' lang='lat' dir='ltr'><strong>eli-</strong></span> 
     </span>
     <span class='ocr_line' id='line_1_105' title="bbox 1039 5199 1783 5276; baseline 0.004 -16"><span class='ocrx_word' id='word_1_572' title='bbox 1039 5207 1140 5274; x_wconf 89' lang='lat' dir='ltr'><strong>getur,</strong></span> <span class='ocrx_word' id='word_1_573' title='bbox 1157 5199 1337 5260; x_wconf 90' lang='lat' dir='ltr'><strong>auctoritate</strong></span> <span class='ocrx_word' id='word_1_574' title='bbox 1359 5213 1390 5260; x_wconf 92' lang='lat' dir='ltr'><strong>ac</strong></span> <span class='ocrx_word' id='word_1_575' title='bbox 1414 5205 1521 5260; x_wconf 88' lang='lat' dir='ltr'><strong>tenore</strong></span> <span class='ocrx_word' id='word_1_576' title='bbox 1536 5199 1697 5276; x_wconf 90' lang='lat' dir='ltr'><strong>praedictis</strong></span> <span class='ocrx_word' id='word_1_577' title='bbox 1711 5216 1783 5263; x_wconf 90' lang='lat' dir='ltr'><strong>con·</strong></span> 
     </span>
     <span class='ocr_line' id='line_1_106' title="bbox 1037 5291 1531 5370; baseline -0.006 -16"><span class='ocrx_word' id='word_1_578' title='bbox 1037 5292 1197 5354; x_wconf 90' lang='lat' dir='ltr'><strong>stitnimus</strong></span> <span class='ocrx_word' id='word_1_579' title='bbox 1218 5299 1310 5370; x_wconf 89' lang='grc'>31333</span> <span class='ocrx_word' id='word_1_580' title='bbox 1333 5291 1531 5354; x_wconf 89' lang='lat' dir='ltr'><strong>declaramus.</strong></span> 
     </span>
    </p>

    <p class='ocr_par' dir='ltr' id='par_1_18' title="bbox 1037 5385 2016 6031">
     <span class='ocr_line' id='line_1_107' title="bbox 1078 5385 2016 5465; baseline 0.01 -18"><span class='ocrx_word' id='word_1_581' title='bbox 1078 5387 1147 5461; x_wconf 75' lang='lat' dir='ltr'><strong>§lx</strong></span> <span class='ocrx_word' id='word_1_582' title='bbox 1173 5387 1378 5448; x_wconf 82' lang='lat' dir='ltr'><strong>Decernentes</strong></span> <span class='ocrx_word' id='word_1_583' title='bbox 1399 5385 1522 5449; x_wconf 89' lang='lat' dir='ltr'><strong>easdem</strong></span> <span class='ocrx_word' id='word_1_584' title='bbox 1548 5397 1726 5465; x_wconf 91' lang='lat' dir='ltr'><strong>praesentes</strong></span> <span class='ocrx_word' id='word_1_585' title='bbox 1749 5389 1784 5450; x_wconf 93' lang='lat' dir='ltr'><strong>li·</strong></span> <span class='ocrx_word' id='word_1_586' title='bbox 1823 5405 2016 5456; x_wconf 73' lang='grc'>3133333333-</span> 
     </span>
     <span class='ocr_line' id='line_1_108' title="bbox 1038 5461 2015 5563; baseline 0.004 -23"><span class='ocrx_word' id='word_1_587' title='bbox 1038 5488 1118 5540; x_wconf 87' lang='grc'>13333</span> <span class='ocrx_word' id='word_1_588' title='bbox 1145 5495 1267 5558; x_wconf 89' lang='lat' dir='ltr'><strong>semper</strong></span> <span class='ocrx_word' id='word_1_589' title='bbox 1299 5479 1414 5554; x_wconf 88' lang='lat' dir='ltr'><strong>lirmas,</strong></span> <span class='ocrx_word' id='word_1_590' title='bbox 1447 5479 1559 5541; x_wconf 91' lang='lat' dir='ltr'><strong>validas</strong></span> <span class='ocrx_word' id='word_1_591' title='bbox 1587 5489 1618 5542; x_wconf 92' lang='grc'><strong>31</strong></span> <span class='ocrx_word' id='word_1_592' title='bbox 1647 5481 1783 5546; x_wconf 84' lang='lat' dir='ltr'><strong>efficaces</strong></span> <span class='ocrx_word' id='word_1_593' title='bbox 1803 5461 1859 5561; x_wconf 59' lang='lat'><strong>{2²3</strong></span> <span class='ocrx_word' id='word_1_594' title='bbox 1874 5462 2015 5563; x_wconf 48' lang='lat' dir='ltr'><strong>filim·</strong></span> 
     </span>
     <span class='ocr_line' id='line_1_109' title="bbox 1037 5572 1784 5653; baseline 0.007 -18"><span class='ocrx_word' id='word_1_595' title='bbox 1037 5573 1168 5635; x_wconf 78' lang='lat' dir='ltr'><strong>existere</strong></span> <span class='ocrx_word' id='word_1_596' title='bbox 1191 5572 1324 5646; x_wconf 89' lang='grc'>311333,</span> <span class='ocrx_word' id='word_1_597' title='bbox 1347 5589 1480 5653; x_wconf 87' lang='lat' dir='ltr'><strong>suosque</strong></span> <span class='ocrx_word' id='word_1_598' title='bbox 1507 5574 1658 5653; x_wconf 90' lang='lat' dir='ltr'><strong>plenarias</strong></span> <span class='ocrx_word' id='word_1_599' title='bbox 1679 5583 1710 5638; x_wconf 91' lang='lat' dir='ltr'><strong>et</strong></span> <span class='ocrx_word' id='word_1_600' title='bbox 1738 5579 1784 5640; x_wconf 93' lang='lat' dir='ltr'><strong>in·</strong></span> 
     </span>
     <span class='ocr_line' id='line_1_110' title="bbox 1040 5666 1782 5744; baseline 0.009 -18"><span class='ocrx_word' id='word_1_601' title='bbox 1040 5673 1140 5742; x_wconf 88' lang='lat' dir='ltr'><strong>tegros</strong></span> <span class='ocrx_word' id='word_1_602' title='bbox 1162 5666 1288 5728; x_wconf 82' lang='lat' dir='ltr'><strong>allectus</strong></span> <span class='ocrx_word' id='word_1_603' title='bbox 1309 5667 1412 5728; x_wconf 91' lang='lat' dir='ltr'><strong>sortiri</strong></span> <span class='ocrx_word' id='word_1_604' title='bbox 1435 5675 1466 5728; x_wconf 91' lang='lat' dir='ltr'><strong>et</strong></span> <span class='ocrx_word' id='word_1_605' title='bbox 1486 5668 1640 5744; x_wconf 91' lang='lat' dir='ltr'><strong>obtinere,</strong></span> <span class='ocrx_word' id='word_1_606' title='bbox 1656 5687 1689 5732; x_wconf 91' lang='lat' dir='ltr'><strong>ac</strong></span> <span class='ocrx_word' id='word_1_607' title='bbox 1710 5671 1782 5744; x_wconf 94' lang='lat' dir='ltr'><strong>illis,</strong></span> 
     </span>
     <span class='ocr_line' id='line_1_111' title="bbox 1038 5763 1864 5844; baseline 0.015 -22"><span class='ocrx_word' id='word_1_608' title='bbox 1038 5763 1073 5822; x_wconf 87' lang='lat' dir='ltr'><strong>ad</strong></span> <span class='ocrx_word' id='word_1_609' title='bbox 1101 5777 1176 5840; x_wconf 88' lang='grc'>3333</span> <span class='ocrx_word' id='word_1_610' title='bbox 1204 5768 1319 5839; x_wconf 91' lang='lat' dir='ltr'><strong>spectat</strong></span> <span class='ocrx_word' id='word_1_611' title='bbox 1344 5770 1374 5823; x_wconf 93' lang='lat' dir='ltr'><strong>et</strong></span> <span class='ocrx_word' id='word_1_612' title='bbox 1401 5778 1454 5841; x_wconf 92' lang='lat' dir='ltr'><strong>pro</strong></span> <span class='ocrx_word' id='word_1_613' title='bbox 1481 5770 1620 5843; x_wconf 92' lang='lat' dir='ltr'><strong>tempore</strong></span> <span class='ocrx_word' id='word_1_614' title='bbox 1644 5768 1783 5844; x_wconf 88' lang='lat' dir='ltr'><strong>quando·</strong></span> <span class='ocrx_word' id='word_1_615' title='bbox 1855 5815 1864 5834; x_wconf 84' lang='lat'><em>.</em></span> 
     </span>
     <span class='ocr_line' id='line_1_112' title="bbox 1037 5857 1782 5935; baseline 0.003 -17"><span class='ocrx_word' id='word_1_616' title='bbox 1037 5871 1171 5934; x_wconf 89' lang='lat' dir='ltr'><strong>cumque</strong></span> <span class='ocrx_word' id='word_1_617' title='bbox 1184 5857 1342 5933; x_wconf 89' lang='lat' dir='ltr'><strong>spectabit,</strong></span> <span class='ocrx_word' id='word_1_618' title='bbox 1356 5857 1388 5920; x_wconf 91' lang='lat' dir='ltr'><strong>in</strong></span> <span class='ocrx_word' id='word_1_619' title='bbox 1404 5857 1550 5918; x_wconf 90' lang='lat' dir='ltr'><strong>omnibus</strong></span> <span class='ocrx_word' id='word_1_620' title='bbox 1562 5865 1594 5920; x_wconf 93' lang='grc'><strong>31</strong></span> <span class='ocrx_word' id='word_1_621' title='bbox 1609 5873 1663 5935; x_wconf 85' lang='grc'><strong>333</strong></span> <span class='ocrx_word' id='word_1_622' title='bbox 1678 5860 1782 5921; x_wconf 89' lang='lat' dir='ltr'><strong>omnia</strong></span> 
     </span>
     <span class='ocr_line' id='line_1_113' title="bbox 1038 5948 1784 6031; baseline 0.005 -20"><span class='ocrx_word' id='word_1_623' title='bbox 1038 5948 1218 6029; x_wconf 92' lang='lat' dir='ltr'><strong>plenissime</strong></span> <span class='ocrx_word' id='word_1_624' title='bbox 1239 5950 1414 6028; x_wconf 74' lang='lat' dir='ltr'><strong>suflragari:</strong></span> <span class='ocrx_word' id='word_1_625' title='bbox 1439 5958 1469 6012; x_wconf 91' lang='lat' dir='ltr'><strong>et</strong></span> <span class='ocrx_word' id='word_1_626' title='bbox 1490 5950 1591 6013; x_wconf 91' lang='lat' dir='ltr'><strong>abeis</strong></span> <span class='ocrx_word' id='word_1_627' title='bbox 1613 5953 1784 6031; x_wconf 89' lang='lat' dir='ltr'><strong>respective</strong></span> 
     </span>
    </p>
   </div>
   <div class='ocr_carea' id='block_1_15' title="bbox 0 0 2383 6980">
    <p class='ocr_par' dir='ltr' id='par_1_19' title="bbox 0 0 2383 6980">
     <span class='ocr_line' id='line_1_114' title="bbox 0 0 2383 6980; baseline 0 0"><span class='ocrx_word' id='word_1_628' title='bbox 0 0 2383 6980; x_wconf 95' lang='lat' dir='ltr'><strong> </strong></span> 
     </span>
    </p>
   </div>
  </div>
 </body>
</html>
