4808 6988
981 589 1037 635 1110
1058 588 1109 634 Pl’·
1133 585 1191 634 illl.

311 708 439 787 epistola
460 710 590 788 11110,
613 719 643 774 11
664 725 740 790 qnos
759 706 982 788 primogenitos
997 706 1058 768 dia·

314 802 373 866 boli
394 804 547 882 appellare
576 805 707 866 maiores
732 804 829 867 nostri
853 819 916 865 111
938 801 1057 864 dubita-

312 902 398 958 runt.
420 898 536 960 Cavete
557 898 653 975 igitur
674 898 711 960 ab
732 911 841 960 eorum
857 894 1013 959 blanditiis
1027 902 1057 956 et

312 989 439 1052 mellitis
467 991 674 1066 sermonibus,
695 991 809 1070 quibus
836 990 923 1052 vobis
950 989 1057 1051 suade·

313 1083 400 1159 bunt,
423 1091 459 1146 ut
480 1099 595 1168 nomen
626 1084 686 1146 illis
707 1085 798 1148 sectis
827 1084 917 1158 detis,
945 1082 1056 1161 quibus

311 1177 367 1256 ipsi
388 1177 531 1256 adscripti
551 1184 633 1242 sunt.
657 1179 716 1240 Pro
735 1186 820 1240 certo
835 1177 944 1239 habeto
958 1175 1057 1237 nemi·

311 1287 384 1334 nem
404 1288 512 1334 earum
534 1273 714 1351 participem
735 1280 890 1334 sectarum
911 1285 977 1332 esse
990 1283 1056 1347 pos·

310 1379 354 1439 se,
371 1364 446 1442 quin
465 1365 639 1442 gravissimi
654 1364 762 1442 flagitii
777 1380 850 1426 reus
864 1364 916 1440 sit,
932 1379 1058 1425 eorum-

310 1473 372 1537 que
392 1459 485 1520 verba
499 1459 536 1522 ab
552 1460 678 1522 auribus
693 1459 805 1520 vestris
821 1456 973 1536 repellite,
989 1456 1055 1535 qui,

311 1559 346 1612 ut
366 1559 486 1614 vestrae
507 1552 538 1614 11
561 1552 672 1628 gradus
692 1567 820 1614 suarum
840 1559 994 1613 sectarum
1010 1550 1056 1610 in-

310 1643 437 1708 11111111
451 1646 636 1724 cooptationi
651 1645 873 1722 assentiamini,
886 1644 1057 1706 vehemen-

311 1745 357 1802 ter
384 1739 548 1815 ahirmant,
577 1741 655 1803 nihil
684 1743 715 1804 in
744 1739 888 1817 gradibus
918 1739 979 1802 iliis
1007 1739 1056 1800 ad-

310 1835 406 1911 mitti,
428 1836 509 1914 quod
540 1835 665 1910 rationi,
687 1835 767 1897 nihil
796 1836 878 1914 quod
909 1833 1054 1911 religioni

308 1927 500 2003 adversetur,
524 1927 587 1989 imo
618 1928 697 1990 nihil
724 1928 774 1989 rel
803 1926 982 2005 praedicari,
1005 1925 1054 1987 vel

308 2022 426 2101 perfici,
449 2022 530 2100 quod
553 2037 616 2084 non
642 2027 795 2098 sanctum,
818 2022 899 2099 quod
922 2035 985 2082 non
1006 2034 1054 2082 re·

286 2124 405 2193 ctum,
428 2115 509 2194 quod
536 2131 599 2177 nou
628 2115 906 2176 incontaminatum
927 2113 977 2174 sit.
1002 2111 1054 2175 Et·

308 2208 393 2271 onim
423 2208 640 2271 iusiurandum
668 2208 745 2271 illud
778 2208 944 2283 netarium,
972 2207 1053 2286 quod

307 2302 368 2364 iam
390 2311 596 2366 memoratum
614 2313 671 2382 est,
687 2304 831 2382 quodque
844 2304 877 2365 in
894 2302 945 2363 illa
960 2302 1053 2364 etiam

307 2397 446 2462 inferiori
468 2399 662 2479 cooptatioae
677 2399 779 2460 iurare
793 2399 894 2474 debet,
913 2398 985 2460 satis
1000 2415 1054 2477 per

305 2509 339 2556 se
360 2501 417 2568 est,
439 2500 475 2555 ut
496 2493 675 2570 intelligatis
697 2491 782 2554 neias
808 2492 902 2554 etiam
925 2507 991 2555 esse
1012 2492 1054 2554 le·

307 2587 444 2648 rioribus
467 2585 527 2647 illis
545 2587 689 2663 gradibus
703 2587 845 2663 adscribi,
861 2594 953 2665 atque
967 2588 1000 2650 11
1018 2587 1053 2648 iis

307 2680 434 2742 versari.
459 2679 576 2742 lieiude
602 2681 742 2758 quamvis
763 2695 840 2760 quae
862 2681 1001 2756 graviora
1021 2690 1052 2742 et

305 2773 479 2836 scelestiora
509 2783 597 2850 sunt,
620 2775 655 2836 iis
676 2777 812 2837 mandari
836 2790 899 2836 111
920 2775 1051 2850 soleant,

306 2871 360 2950 qui
380 2871 555 2947 superiores
576 2869 689 2946 gradus
710 2871 865 2950 assequuti
888 2885 951 2932 111
965 2880 1050 2947 sunt,

306 2963 465 3043 perspicue
488 2970 591 3024 tamen
613 2968 696 3040 patet
723 2963 1049 3040 perniciosissimarum

305 3058 417 3121 harum
447 3058 632 3119 societatum
663 3058 728 3119 vim
765 3065 795 3120 et
829 3058 983 3121 audaciam
1013 3077 1049 3122 er

305 3152 448 3214 omnium
469 3153 521 3230 qui
543 3151 579 3214 iis
601 3165 716 3214 nomen
738 3152 903 3228 dederunt,
923 3168 1052 3216 consen·

304 3246 391 3307 sione
412 3253 444 3308 et
464 3244 670 3307 multitudine
695 3245 874 3309 coalescere.
903 3247 1007 3327 ltaque
1029 3247 1050 3309 ii

305 3339 410 3415 etiam,
432 3339 485 3417 qui
507 3338 669 3401 inferiores
689 3337 757 3400 illos
773 3342 884 3418 gradus
898 3356 961 3402 non
976 3348 1050 3404 sunt

304 3435 536 3515 praetergressi,
564 3433 718 3497 scelerum
742 3435 867 3497 illorum
890 3436 1050 3514 participes

303 3529 409 3593 haberi
437 3528 561 3591 debent.
588 3528 678 3589 11111
700 3545 751 3590 eos
773 3529 850 3591 cadit
871 3529 946 3592 illud
970 3533 1049 3609 111-

303 3625 373 3689 stoli
388 3625 423 3688 ad
439 3624 529 3687 Rom.
547 3638 610 3701 cap.
631 3623 658 3684 l.
683 3623 767 3701 aqui
790 3623 859 3684 talia
881 3632 989 3701 agunt,
1005 3627 1049 3688 di-

305 3721 359 3796 gni
379 3727 453 3780 sunt
474 3709 586 3791 morte,
609 3724 640 3778 et
662 3732 724 3780 non
754 3718 856 3780 solum
877 3719 930 3797 qui
952 3737 985 3781 ea
1008 3720 1049 3782 ia-

303 3813 403 3884 ciunt,
429 3809 481 3873 sed
510 3811 602 3872 etiam
630 3812 683 3888 qui
711 3812 911 3875 consentiunt
937 3813 1048 3876 iacien-

303 3905 431 3969 tibus.»

74 4001 287 4108 luffiggurezsstaraie
343 4000 362 4075 5
386 3999 432 4062 ld.
457 3999 614 4060 Postremo
635 4013 698 4074 eos,
714 3999 767 4077 qui
783 4014 855 4062 cum
870 4001 930 4062 iam
946 4011 1048 4065 essent

73 4115 161 4158 1811108.

302 4094 482 4168 illuminati,
498 4097 529 4155 ei
551 4093 757 4168 gustavissent
771 4093 889 4155 donum
903 4095 1046 4173 coeleste,

303 4196 333 4252 et
352 4188 515 4267 participes
544 4187 614 4249 iacti
645 4195 748 4250 essent
776 4186 909 4267 Spiritus
930 4190 1046 4268 Sancti,

302 4285 412 4348 deinde
435 4291 538 4344 tamen
561 4283 736 4345 miserrime
756 4283 885 4362 prolapsi
908 4291 993 4353 sunt.
1016 4291 1047 4348 et

301 4385 396 4442 sectas
418 4378 483 4439 illas
501 4385 689 4456 sequuntur,
705 4379 770 4439 sive
785 4380 818 4441 11
833 4379 1046 4458 inferioribus,

300 4474 367 4538 sive
389 4473 420 4535 in
442 4470 653 4550 superioribus
680 4489 787 4534 earum
814 4473 958 4550 gradibus
980 4491 1048 4537 ver·

300 4576 421 4640 sentur,
444 4573 641 4644 peramanter
662 4567 697 4628 ad
720 4582 776 4628 nos
797 4583 953 4631 vocamus.
974 4571 1047 4633 Eius

300 4661 387 4723 enim
402 4659 469 4721 vice
484 4658 661 4736 iungentes,
677 4661 729 4738 qui
746 4661 898 4738 protessus
913 4669 970 4738 est,
987 4679 1048 4726 non

302 4755 424 4817 venisse
445 4769 479 4815 se
498 4769 608 4816 vocare
626 4753 734 4829 iustos,
749 4755 801 4816 sed
816 4764 1000 4834 peccatores,
1017 4765 1048 4820 et

301 4866 334 4910 se
355 4847 467 4927 pastori
489 4848 709 4926 aequiparavit,
725 4849 789 4926 qni,
806 4849 913 4912 relicto
928 4851 1047 4929 reliquo

302 4957 407 5019 grege,
435 4940 566 5003 sollicite
593 4957 684 5003 ovem
706 4943 839 5020 quaerit,
866 4961 957 5022 quam
980 4962 1047 5024 per·

301 5036 388 5111 didit,
410 5050 461 5097 eos
486 5035 647 5096 hortamur
673 5045 704 5096 et
726 5037 932 5113 obsecramus,
955 5047 989 5102 ut
1011 5040 1046 5102 ad

302 5128 462 5190 Christum
484 5134 692 5191 revertantur.
711 5131 854 5205 Quamvis
876 5133 962 5195 enim
985 5150 1047 5197 ma-

299 5223 384 5284 ximo
404 5235 438 5282 se
464 5219 633 5299 polluerint
664 5223 808 5298 crimine,
831 5241 904 5287 non
933 5227 1047 5290 debent

301 5324 404 5378 tamen
426 5317 464 5377 de
485 5315 539 5376 Dei
560 5322 590 5377 et
611 5315 678 5378 lesu
701 5317 814 5380 Christi
838 5319 893 5381 stlii
909 5320 974 5382 eius
989 5322 1046 5382 mi·

298 5407 462 5469 sericordia
476 5413 507 5469 et
522 5407 686 5470 clementia
702 5413 874 5489 desperare.
888 5413 1046 5493 decipiant

298 5501 395 5577 igitur
414 5516 481 5564 sese
501 5503 626 5565 tandem
642 5503 816 5582 aliquando,
832 5513 863 5567 et
878 5507 994 5570 iterum
1009 5510 1045 5571 ad

298 5595 399 5657 lesum
421 5593 581 5658 Christum
603 5612 657 5676 pro
677 5595 714 5658 iis
728 5598 821 5659 etiam
835 5614 959 5677 passum
974 5617 1047 5663 con·

228 5752 231 5758 Δ
297 5687 494 5767 fugiantqui
506 5703 612 5752 eorum
624 5690 941 5768 resipiscentiamnon
953 5697 1043 5758 modo

298 5797 362 5843 non
385 5781 542 5858 despiciet,
565 5783 616 5844 sed
641 5783 703 5844 imo
724 5783 760 5844 ad
782 5784 878 5847 instar
898 5789 1046 5850 amantis·

297 5874 368 5938 simi
390 5875 494 5955 patris,
517 5873 570 5952 qui
592 5874 670 5938 tilios
698 5877 841 5954 prodigos
863 5879 1042 5943 iamdudum

297 5973 451 6047 expectat,
474 5967 678 6032 libentissime
689 5961 828 6049 accipiet.
843 5969 904 6034 Nos
920 5987 995 6035 vero
1010 5982 1044 6036 ut

403 6113 454 6162 lar.
470 6113 542 6162 Pons.
557 6114 588 6163 dc
601 6114 676 6176 Prop.
692 6115 755 6165 Fide
768 6117 850 6166 Partis
863 6119 883 6165 1.
898 6117 951 6166 vot.
967 6120 1005 6166 lv.

1111 712 1264 786 quantum
1286 706 1318 769 in
1341 706 1428 768 nobis
1448 712 1494 768 est
1509 720 1560 766 eos
1575 701 1757 778 excitemus,
1772 709 1803 764 et
1818 699 1860 762 ia·

1111 800 1250 863 ciliorcm
1272 800 1309 862 iis
1329 807 1505 863 sternamus
1533 797 1613 860 viam
1634 798 1669 860 ad
1698 796 1860 876 poeniten·

1113 894 1198 969 tiam,
1220 893 1439 973 suspendimus
1460 894 1495 956 ad
1518 893 1678 968 integrum
1699 889 1774 952 1111
1794 903 1861 966 spa·

1112 989 1192 1051 tium
1213 997 1281 1067 post
1297 987 1466 1066 publicatas
1481 993 1600 1050 nostras
1616 985 1668 1046 bas
1682 980 1862 1062 apostolicas

1111 1083 1215 1145 literas
1236 1082 1268 1144 in
1291 1082 1431 1158 regione,
1454 1080 1568 1157 inqua
1593 1084 1767 1152 morantur,
1791 1082 1860 1138 tum

1112 1175 1334 1253 obligationem
1355 1171 1563 1236 denunciandi
1584 1185 1656 1233 suos
1673 1171 1704 1232 in
1720 1170 1810 1234 sectis
1826 1169 1860 1231 il-

1112 1270 1149 1335 lis
1169 1269 1278 1346 socios,
1302 1278 1368 1331 tum
1384 1269 1478 1331 etiam
1494 1266 1736 1330 reservationem
1751 1280 1860 1328 censu-

1112 1380 1229 1440 rarum,
1253 1365 1285 1426 in
1307 1380 1382 1442 quas
1402 1363 1492 1424 sectis
1517 1359 1580 1422 iliis
1608 1375 1724 1423 nomen
1753 1360 1860 1422 dantes

1112 1458 1302 1532 inciderunt,
1325 1472 1449 1535 eosque,
1466 1455 1559 1518 etiam
1581 1469 1644 1516 111
1666 1451 1859 1516 denuncietis

1111 1550 1325 1630 complicibus,
1353 1549 1470 1614 absolvi
1491 1548 1586 1612 abiis
1611 1548 1750 1612 censuris
1773 1565 1859 1628 posse

1111 1648 1301 1710 declaramus
1316 1663 1331 1708 a
1346 1659 1544 1724 quocumque
1556 1643 1753 1720 confessario,
1766 1637 1858 1707 modo

1110 1743 1149 1803 sit
1177 1758 1214 1804 ex
1241 1756 1351 1804 eorum
1379 1755 1512 1803 numero
1540 1739 1593 1819 qui
1620 1739 1796 1802 alocorum
1825 1740 1858 1803 in

1110 1838 1222 1915 quibus
1250 1837 1369 1913 degunt
1392 1833 1559 1898 ordinariis
1587 1834 1743 1913 approbati
1770 1845 1855 1898 sunt.

1109 1933 1205 2008 eram
1227 1929 1321 1994 etiam
1342 1929 1518 1992 facilitatem
1535 1929 1567 1992 in
1583 1945 1646 2005 eos,
1662 1931 1714 2008 qui
1730 1928 1811 1993 iorte
1824 1930 1857 1994 11

1111 2024 1193 2088 urbe,
1209 2033 1386 2100 morentur,
1407 2023 1609 2088 adhibendam
1625 2022 1856 2087 constituimus.

1109 2118 1192 2193 Quod
1214 2119 1240 2179 si
1262 2118 1414 2197 quispiam
1443 2134 1481 2180 11
1503 2116 1551 2195 iis,
1573 2133 1650 2196 quos
1679 2117 1860 2180 11111111-

1109 2214 1248 2293 quimur,
1272 2213 1312 2274 ita
1334 2213 1475 2289 pertinax
1494 2211 1534 2274 sit
1556 2210 1649 2291 (quod
1671 2213 1753 2275 Deus
1767 2212 1857 2274 mise·

1110 2307 1309 2370 ricordiarum
1325 2313 1412 2384 pater
1426 2306 1568 2385 avertat),
1582 2311 1616 2370 ut
1626 2308 1810 2381 committat,
1822 2307 1858 2368 il·

1109 2401 1160 2465 lud
1185 2399 1330 2480 temporis
1350 2399 1482 2479 spatium
1505 2400 1586 2478 quod
1613 2399 1857 2477 designavimus,

1109 2496 1181 2571 labi,
1203 2496 1278 2575 quin
1301 2501 1395 2557 sectas
1417 2494 1482 2556 illas
1504 2495 1623 2557 deserat
1645 2501 1676 2557 et
1691 2509 1766 2557 vero
1782 2496 1857 2559 resi·

1108 2590 1214 2668 piscat,
1237 2605 1274 2652 eo
1295 2589 1397 2666 elapso
1417 2589 1565 2650 continuo
1587 2596 1617 2650 et
1639 2588 1784 2666 obligatio
1805 2591 1858 2653 de·

1108 2683 1278 2746 nunciandi
1297 2681 1474 2760 complices,
1490 2689 1521 2744 et
1540 2696 1742 2744 censurarum
1759 2699 1858 2745 rescr-

1107 2777 1189 2839 vatio
1210 2777 1241 2838 in
1264 2791 1338 2838 eum
1359 2775 1542 2853 reviviscet;
1559 2792 1615 2838 nec
1629 2775 1856 2839 absolutionem

1107 2873 1251 2950 deinceps
1271 2871 1440 2950 impetrare
1461 2870 1585 2947 poterit,
1608 2871 1668 2932 nisi
1689 2869 1855 2934 denuncia-

1106 2965 1145 3027 tis
1160 2971 1248 3027 antea
1262 2962 1474 3041 complicibus,
1492 2962 1541 3026 vel
1556 2964 1665 3025 saltem
1680 2963 1856 3027 iuramento

1106 3059 1218 3121 emisso
1239 3059 1277 3120 de
1304 3057 1341 3120 iis
1361 3057 1593 3136 quamprimum
1619 3057 1853 3134 denunciaudis‚

1107 3168 1163 3215 uec
1184 3151 1222 3212 ab
1242 3152 1301 3213 alio
1322 3151 1436 3230 poterit
1451 3150 1488 3212 iis
1501 3150 1642 3213 censuris
1655 3149 1746 3226 solvi,
1759 3167 1855 3230 quam

1106 3263 1119 3307 1
1143 3247 1231 3310 nobis
1252 3245 1303 3308 vel
1324 3262 1339 3306 a
1362 3245 1477 3307 nostris
1497 3244 1733 3320 successoribus,
1749 3252 1802 3307 aut
1817 3246 1855 3309 ab

1106 3343 1153 3416 iis,
1175 3341 1228 3419 qui
1249 3357 1265 3401 a
1288 3339 1366 3404 Sede
1387 3338 1560 3419 Apostolica
1581 3339 1619 3400 ab
1631 3338 1742 3404 iisdem
1756 3339 1853 3402 ahsol-

1105 3436 1197 3496 vendi
1220 3434 1457 3513 impetraverint
1478 3431 1666 3495 facultatem.

1143 3530 1162 3606 5
1186 3527 1232 3590 11.
1252 3527 1404 3590 Volumus
1425 3535 1531 3588 autem
1545 3527 1625 3605 quod
1640 3528 1851 3604 praesentium
1870 3533 2085 3647 ‘mmigrat

1104 3633 1281 3686 nostrarum
1296 3621 1457 3684 literarum
1473 3621 1675 3699 transumptis
1689 3622 1783 3684 etiam
1795 3621 1851 3683 im·

1104 3718 1227 3796 pressis,
1243 3731 1338 3778 manu
1359 3713 1489 3777 alicuius
1511 3715 1623 3776 notarii
1645 3715 1760 3794 publici
1781 3717 1852 3780 sub

1103 3811 1236 3889 scriptis,
1254 3818 1285 3872 et
1302 3807 1406 3885 sigillo
1426 3823 1576 3884 personae
1592 3807 1622 3869 in
1638 3807 1789 3884 dignitate
1804 3825 1853 3872 ec-

1103 3904 1268 3967 clesiastica
1287 3901 1474 3964 constitutae
1495 3901 1638 3977 munitis,
1654 3901 1760 3963 eadem
1778 3901 1851 3965 sides

1104 4013 1229 4076 prorsus
1250 3995 1442 4068 adhibeatur,
1459 4011 1538 4072 quae
1558 3994 1631 4073 ipsis
1649 3995 1852 4072 originalibus

1102 4090 1200 4153 literis
1222 4088 1430 4164 adhiberetur,
1451 4087 1477 4148 si
1499 4085 1601 4150 iorent
1625 4088 1779 4151 exhibitae
1800 4088 1851 4151 vel

1103 4194 1252 4248 ostensae.

1143 4283 1161 4356 5
1184 4278 1230 4342 18.
1244 4277 1329 4342 Nulli
1345 4295 1419 4356 ergo
1430 4280 1595 4342 bominum
1607 4279 1696 4342 liceat
1712 4280 1851 4366 1111111-

1103 4376 1206 4453 ginam
1236 4381 1360 4436 nostrae
1383 4373 1608 4452 declarationis,
1631 4374 1849 4452 damnationis,

1102 4468 1358 4543 confirmationis,
1382 4467 1603 4544 innovationis,
1619 4468 1765 4545 mandati,
1782 4485 1851 4548 pro-

1103 4561 1273 4636 hibitionis,
1304 4560 1519 4636 invocationis,
1548 4561 1771 4640 requisitionis,
1799 4564 1851 4626 de-

1102 4656 1190 4730 creti,
1213 4664 1243 4718 et
1266 4653 1433 4717 voluntatis
1455 4653 1640 4732 infringere,
1660 4657 1710 4719 vel
1731 4658 1758 4718 ei
1773 4673 1851 4719 ausu

1103 4747 1269 4810 temerario
1289 4747 1455 4810 contraire.
1478 4747 1510 4811 si
1531 4749 1601 4826 quis
1615 4755 1720 4812 autem
1736 4754 1793 4814 hoc
1806 4758 1851 4814 at·

1104 4852 1223 4905 tentare
1242 4841 1492 4921 praesumpserit,
1514 4841 1761 4919 indignationem
1783 4861 1849 4908 om·

1102 4938 1271 5017 nipotentis
1295 4937 1348 4998 liei
1369 4953 1403 4998 ac
1423 4936 1585 5000 beatorum
1607 4937 1689 5000 Petri
1711 4948 1742 5001 et
1763 4941 1849 5003 Pauli

1103 5031 1319 5110 Apostolorum
1343 5031 1410 5093 eius
1434 5047 1467 5092 so
1488 5033 1613 5095 noverit
1634 5033 1846 5097 incursurum.

1141 5123 1389 5188 Datum'liomae
1409 5124 1488 5202 apud
1511 5124 1541 5188 S.
1560 5125 1687 5189 Petrum
1704 5143 1787 5190 anno
1801 5128 1849 5190 ln-

1101 5219 1287 5281 carnationis
1308 5218 1480 5281 dominicae
1503 5218 1667 5282 millesimo
1689 5223 1849 5300 octingen-

1101 5313 1211 5376 tesimo
1225 5312 1377 5390 vigesimo
1393 5313 1516 5390 quinto,
1533 5314 1625 5376 tertio
1645 5315 1714 5378 idus
1731 5319 1848 5396 martii,

1101 5407 1298 5487 pontificatus
1319 5406 1416 5468 nostri
1437 5421 1519 5468 1111
1541 5409 1687 5472 secundo.

1434 5692 1512 5758 viti.

1099 5877 1228 5960 Alleqo
1251 5881 1412 5944 81111111
1439 5885 1533 5961 petit,
1558 5859 1729 5948 11111111
1754 5886 1847 5950 Vino-

1139 5974 1274 6038 ricooem
1307 5976 1505 6042 1111111111
1527 5977 1727 6044 irritandam
1750 5979 1845 6061 leqem

1783 563 1842 628 657
1891 560 1946 616 An.
1960 561 1990 616 0.
2012 559 2082 614 1825

1870 4282 2006 4384 Μῇἓυοϋο
2025 4295 2082 4344 poe-
