4808 6988
244 575 247 580 Ι
327 482 380 544 ιιι.
395 489 425 546 0.
446 483 515 544 tots
564 478 624 552 636

547 621 692 683 maciensi
714 622 866 700 paroecias
887 619 1100 684 denominatas
1116 619 1228 694 Nanto,
1242 616 1292 682 Al-

544 715 717 789 so-Bokad,
739 715 1021 790 italos-Terebess,
1044 713 1291 788 lliss-Szolxond,

546 807 811 886 Nigr-Saokoras
836 807 1060 882 Felsb-Bolxad,
1083 808 1291 882 Olab-Kodos,

545 901 679 976 lieddeS,
712 900 937 980 Olah-Gpiirbs,
960 901 1103 979 Gpongy,
1126 917 1158 964 ac
1187 917 1292 980 paroe-

545 996 606 1056 cias
637 991 846 1070 Alsb-Szopor
877 1001 909 1056 et
939 995 1047 1070 Kenge
1080 994 1113 1054 ιιι
1143 995 1291 1056 comitatu

547 1087 686 1150 Szolnoti
708 1087 873 1164 mediocri;
896 1103 934 1148 ex
959 1086 1292 1149 vice-arcbidiaconatu

547 1181 728 1242 Erdbdiensi
750 1181 782 1240 in
805 1180 955 1242 comitatu
977 1177 1220 1241 Szatlimariensi
1244 1197 1292 1256 pa-

546 1275 659 1335 roecias
689 1278 880 1350 nuncupatas
909 1273 1079 1346 Madarasz,
1109 1272 1292 1334 Fbelle-l'e·

546 1369 660 1439 rebess,
684 1365 860 1438 Piskarkos‚
885 1366 1162 1444 manengeltem
1184 1364 1293 1443 Nagy-

548 1460 644 1534 lxults,
661 1460 805 1533 lnvasko,
822 1459 989 1534 Paczalalu,
1005 1461 1109 1536 Kozep
1124 1460 1290 1534 Homorod,

546 1553 758 1626 ιιιι-Τιιιιιι,
780 1552 986 1628 Οι·οιι-ιιιιι;
1006 1559 1037 1614 ιι
1053 1569 1089 1613 ex
1107 1551 1291 1614 vice-archi·

546 1645 708 1708 diaconatu
738 1645 969 1709 Erdoszadieusi
988 1645 1023 1720 in
1045 1645 1191 1704 comitatu
1221 1644 1293 1707 διι-

546 1739 729 1800 tbmariensi
751 1738 902 1815 paroecias
925 1737 1068 1798 vocitatas
1083 1737 1290 1812 Erdd-Srada,

546 1831 807 1904 ιιιιιιιιιι-ιιιιο,
830 1829 1041 1902 dieb-Uitam,
1065 1831 1207 1908 Tamary,
1231 1829 1291 1894 llo-

548 1927 719 1998 rosmartb,
749 1923 882 1998 Barlina,
912 1921 998 1999 Lipo,
1028 1923 1150 1997 Krasso,
1180 1924 1291 1999 Cziko,

545 2016 772 2093 Olab-Tajialu,
786 2009 1024 2090 Furnos-dszod,
1041 2014 1290 2091 Szalxalos-Biko,

547 2109 709 2183 Barlalalu,
722 2109 892 2187 Magynos,
906 2108 1078 2186 Pap-Biko,
1092 2107 1292 2183 declamabas

546 2201 723 2275 Balatalalu,
747 2209 777 2262 et
798 2203 831 2262 in
858 2202 900 2263 eis
921 2203 1092 2279 respective
1122 2202 1291 2263 existentes

542 2295 733 2371 collegiatae,
756 2297 780 2356 si
811 2311 890 2374 quae
921 2295 1002 2368 sint,
1031 2294 1138 2355 filiales
1159 2303 1190 2355 et
1219 2294 1290 2356 alias

546 2404 757 2467 quascumque
771 2387 923 2461 ecclesias,
936 2387 1079 2462 abbatiae,
1092 2389 1289 2463 monasteria,

546 2491 577 2544 et
598 2490 783 2556 conventus,
798 2497 932 2542 necnon
949 2480 1114 2558 utriusque
1133 2497 1225 2542 sexus
1240 2481 1291 2542 ha-

546 2575 692 2636 bitatores
712 2582 743 2636 et
766 2574 877 2635 incolas
899 2572 1000 2650 graeci
1022 2574 1101 2634 ritus
1127 2574 1205 2636 ιιιιιιι
1229 2584 1290 2636 tam

544 2667 761 2730 ecclesiasticos
783 2683 875 2745 quam
898 2669 989 2729 laicos
1011 2668 1049 2729 ab
1070 2667 1252 2730 ordinaria
1246 2686 1291 2730 ιιι-

545 2761 735 2835 risdictione,
758 2767 906 2836 potestate
927 2777 960 2822 ac
983 2761 1200 2838 superioritate
1222 2763 1292 2839 Epi-

544 2855 628 2933 scopi
650 2855 894 2916 ldunlxacsiensis
914 2856 1044 2914 omnino
1074 2857 1240 2918 eximimus
1261 2865 1291 2918 et

547 2949 724 3020 liberamus,
734 2949 913 3024 dictumque
923 2948 1204 3010 archidiaconatum
1220 2966 1291 3011 cum

545 3059 600 3106 sex
627 3041 800 3104 enunciatis
831 3040 1229 3118 rive-archidiaconatibus,
1258 3060 1292 3106 ac

550 3134 728 3199 memoratis
763 3136 959 3218 septuaginta
994 3134 1112 3196 duabus
1146 3139 1292 3214 paroeciis

548 3226 680 3292 dioecesi
712 3227 998 3302 Magnoraradiensi
1034 3236 1183 3305 perpetuo
1220 3232 1291 3292 uni·

550 3339 631 3395 mue,
654 3321 849 3382 annectimus
864 3327 895 3381 et
917 3320 1162 3397 incorporamus,
1185 3338 1292 3384 omnes

548 3417 580 3476 in
603 3415 663 3476 illis
685 3413 869 3475 habitatores
894 3419 925 3474 et
947 3414 1061 3475 incolas
1090 3415 1190 3490 graeci
1214 3417 1292 3478 ritus

548 3509 627 3570 uniti
644 3507 781 3568 cuiusvis
796 3508 918 3582 gradus,
928 3514 1036 3579 status
1049 3507 1165 3569 ordinis
1180 3517 1210 3570 et
1220 3525 1291 3572 con·

466 3655 468 3660 ,
547 3598 674 3664 ditionis
694 3597 868 3661 ordinariae
893 3599 1108 3674 iurisdictioni‚
1132 3602 1291 3678 regimini,

547 3694 702 3771 potestati,
732 3691 907 3756 auctoritati
933 3698 964 3753 ιι
989 3694 1198 3772 superioritati
1227 3713 1291 3758 mo-

547 3787 638 3849 derni
667 3801 701 3847 ac
722 3800 778 3862 pro
808 3791 949 3861 tempore
976 3787 1139 3849 existentis
1164 3803 1294 3864 graeco-

546 3878 687 3941 catholici
710 3877 850 3956 Episcopi
872 3877 1170 3955 Magnoraradiensis
1186 3899 1294 3962 perpe-

548 3980 601 4033 tuo
630 3972 707 4033 ιιιιιι
736 3971 917 4032 subiicimus
947 3979 1039 4050 atque
1067 3976 1290 4054 supponimus3

546 4081 579 4125 ιι
603 4072 707 4126 tamen
728 4079 873 4141 expresse
887 4064 1000 4125 adiecta
1018 4064 1097 4140 lege,
1115 4074 1147 4128 ut
1163 4073 1224 4128 tam
1240 4085 1292 4130 re·

545 4157 692 4220 nerabiiis
713 4155 808 4219 irater
829 4156 953 4220 Samuel
978 4157 1145 4220 hodiernus
1168 4161 1290 4239 Episco-

546 4267 604 4330 pus
632 4249 942 4326 llagnovaradiensis,
972 4265 1065 4328 quam
1096 4265 1203 4314 omnes
1224 4254 1291 4316 eius

546 4346 579 4406 in
607 4343 716 4414 eodem
743 4342 919 4420 episcopatu
947 4332 1137 4406 successores
1165 4346 1289 4409 nullum

546 4453 695 4516 umquam
717 4437 888 4498 ordinariae
910 4437 1113 4500 iurisdictioni
1131 4439 1290 4518 Episcopo-

545 4548 618 4594 rum
648 4531 869 4593 catholicorum
892 4529 978 4591 latini
999 4531 1088 4606 ritus,
1112 4549 1205 4610 quam
1234 4536 1290 4613 ipsi

546 4627 578 4688 in
600 4643 671 4687 suos
698 4623 836 4686 subditos
861 4623 999 4684 eiusdem
1029 4625 1106 4686 ritus
1138 4626 1224 4687 latini
1257 4629 1288 4688 in

546 4717 692 4799 paroeciis
715 4721 859 4791 utsupra
881 4715 1108 4778 dismembratis
1129 4727 1288 4795 exercent,

547 4809 770 4890 praeiudicium
785 4809 844 4870 sub
858 4823 1055 4885 quocumque
1070 4818 1231 4888 praetextu
1244 4813 1290 4873 in·

546 4907 627 4967 terre
654 4911 869 4982 praesumant,
897 4902 949 4964 sed
972 4905 1145 4966 antedictus
1167 4905 1291 4983 Episco-

545 5014 603 5077 pus
624 4996 935 5073 llagnoraradiensis,
961 4996 1106 5074 illiusque
1132 5013 1186 5076 pro
1213 5008 1289 5061 tem·

545 5108 619 5172 pore
650 5105 839 5152 successores
871 5089 1115 5152 iurisdictionem
1143 5107 1230 5152 suam
1257 5093 1290 5154 in

545 5186 663 5248 clerum
683 5191 714 5246 et
729 5183 878 5262 populum
894 5182 1112 5245 liutbenorum
1134 5185 1233 5260 graeci
1250 5185 1291 5247 ri-

545 5286 596 5341 tus
617 5277 711 5348 ιιιιιιι,
740 5276 836 5353 inque
857 5275 931 5336 alios
959 5274 1106 5338 eumdem
1134 5279 1233 5338 ritum
1261 5285 1291 5340 et

546 5372 696 5433 unionem
717 5375 882 5448 sequentes
904 5369 1063 5430 dumtaxat
1084 5369 1183 5430 valeat
1204 5387 1290 5432 exer·

545 5480 626 5538 cere,
638 5471 797 5524 servantes
818 5461 1000 5523 adamussim
1023 5469 1053 5521 et
1074 5470 1180 5524 exacte
1194 5461 1290 5523 adim·

486 5575 487 5578 ¹
546 5557 667 5634 pientes
693 5555 798 5616 omnia
820 5560 850 5616 et
877 5553 999 5632 singula
1028 5555 1149 5634 decreta
1171 5555 1207 5616 ab
1236 5556 1291 5618 ιιιι

546 5665 629 5712 sacra
658 5649 907 5724 congregatione
937 5649 974 5709 de
996 5647 1191 5725 Propaganoa
1218 5648 1291 5710 Fide

547 5741 646 5820 quoad
667 5742 796 5804 Graecos
817 5757 887 5803 cum
909 5740 1025 5802 Latinis
1052 5741 1223 5804 immixtim
1246 5743 1292 5804 vi·

547 5843 656 5902 rentes
677 5833 793 5914 pluries
815 5841 966 5897 emanata.

1070 495 1133 548 tbtt.
1157 499 1249 548 PONT.
1273 491 1365 548 ote
1387 494 1417 546 p,
1441 494 1568 547 ranst

1387 621 1405 696 ἓ
1426 617 1455 682 ι.
1478 619 1624 695 Quocirca
1640 615 1811 681 venerabili
1826 615 1913 680 fratri
1930 614 2024 678 Paulo
2040 615 2094 677 dr·
2126 629 2320 692 napocauone

2113 683 2216 732 autoris
2232 693 2322 743 aposto-

1347 715 1538 792 cbiepiscopo
1561 713 1717 792 Ephesino
1733 717 1839 775 nostro
1861 709 2167 790 etbpostolicaencr,

1348 807 1434 871 Sedis
1450 811 1528 885 apud
1543 806 1798 884 supralaudatum
1814 805 2013 868 Franciscum
2035 803 2094 866 lm-

1347 907 1522 977 peratorem
1543 917 1576 962 ac
1597 913 1703 977 regem
1727 899 1852 973 nuntio,
1871 913 1966 976 quem
1987 897 2021 958 in
2042 897 2094 957 ba-

1348 1011 1417 1056 rum
1430 993 1593 1056 literarum
1606 1002 1784 1057 nostrarum
1799 997 2026 1071 exequutorem
2042 989 2097 1051 eli-

1348 1087 1449 1162 gimus
1471 1094 1502 1148 et
1524 1088 1720 1164 deputamus,
1741 1086 1926 1149 necessarias
1940 1099 2050 1146 omnes
2063 1093 2095 1145 et

1348 1189 1536 1259 opportunas
1551 1183 1585 1242 ad
1601 1181 1842 1258 praemissorum
1864 1179 2010 1240 ellectum
2032 1175 2093 1255 ple-

1348 1275 1434 1336 narie
1460 1271 1715 1352 consequendum
1742 1272 1907 1334 tribuimus
1935 1270 2094 1333 facultates

1347 1370 1440 1432 etiam
1461 1381 1692 1446 quamcumque
1712 1381 1877 1444 personam
1899 1367 1932 1428 in
1954 1363 2093 1428 ecclesia·

1347 1464 1420 1524 stica
1432 1462 1582 1538 dignitate
1597 1461 1798 1522 constitutam
1812 1457 2045 1535 subdeleganoi
2061 1473 2094 1518 as

1346 1551 2095 1634 superquacumqueoppositioneadversusprac·

1348 1649 1438 1710 missa
1459 1649 1492 1708 ιιι
1517 1655 1587 1708 actu
1614 1645 1833 1724 exequutionis
1863 1643 2095 1722 quomodolibet

1348 1741 1449 1802 lorsan
1479 1740 1607 1813 oritura,
1630 1739 1760 1800 serratis
1781 1736 1819 1806 de
1842 1737 1910 1798 iure
1936 1739 2095 1800 servandis

1346 1834 1439 1895 etiam
1461 1832 1622 1894 definitive
1643 1841 1674 1893 et
1695 1830 1801 1908 quavis
1822 1828 2027 1906 appellatione
2047 1847 2095 1891 re·

1347 1936 1440 2001 mota,
1457 1926 1555 1987 libere
1569 1942 1601 1986 ac
1623 1924 1706 1986 licite
1720 1920 1959 2001 pronunciandi.
1985 1923 2093 1984 Eidem

1347 2037 1421 2083 vero
1443 2019 1536 2082 Panlo
1559 2017 1795 2093 Archiepiscopo
1811 2021 1841 2077 et
1855 2013 1973 2076 Nuntio
1989 2015 2092 2076 iniun-

1346 2117 1460 2190 gimus,
1477 2121 1512 2172 ut
1527 2119 1667 2172 actorum
1689 2109 1832 2170 omnium
1854 2109 1887 2169 in
1910 2109 2091 2184 praemisso-

1346 2223 1417 2270 rum
1440 2205 1650 2284 exequutione
1674 2201 1940 2265 conficiendorum
1963 2201 2091 2263 authen·

1348 2303 1405 2362 tica
1416 2297 1555 2374 exempla
1570 2313 1625 2358 suo
1642 2305 1780 2373 tempore
1791 2294 1919 2357 Romam
1937 2295 2092 2356 transmit·

1348 2402 1389 2456 ιιι
1405 2393 1436 2454 ιι
1452 2390 1588 2453 arcbirio
1610 2403 1711 2450 sacrae
1728 2387 1985 2464 congregationis
2001 2389 2093 2450 rebus

1346 2484 1608 2548 consistorialibus
1630 2481 1819 2560 praepositae
1834 2480 1872 2542 ιιι
1887 2495 1974 2542 more
1996 2497 2093 2543 asser-

1347 2579 1456 2640 randa.

1387 2671 1455 2748 §b
1480 2672 1658 2734 Praesentes
1681 2676 1782 2729 autem
1813 2666 1928 2743 literas,
1952 2677 1983 2730 et
2002 2668 2033 2730 in
2049 2669 2093 2730 eis

1346 2771 1490 2830 contenta
1512 2775 1735 2841 quaecumque,
1760 2761 1854 2822 etiam
1875 2777 1913 2822 ex
1938 2777 1986 2836 eo,
2012 2761 2093 2840 quod

1347 2858 1498 2939 quilibet
1493 2867 1642 2916 interesse
1653 2853 1800 2916 babentes
1815 2870 1871 2916 scu
1883 2854 2094 2933 babereprae-

1347 2947 1619 3015 tendentesvocati
1643 2957 1673 3007 ιι
1695 2947 1792 3008 ιιιιιι
1813 2962 1876 3009 non
1899 2945 2028 3024 luerint,
2060 2965 2093 3010 ac

1346 3044 1521 3124 praemissis
1534 3056 1596 3102 non
1607 3040 1833 3114 consenserint,
1847 3040 1933 3102 nullo
1945 3057 2094 3118 umquam

1349 3151 1487 3217 tempore
1508 3135 1546 3196 de
1566 3132 1792 3209 subreptionis,
1817 3141 1870 3194 aut
1892 3134 2093 3211 obreptionis,

1346 3232 1398 3293 vel
1421 3227 1572 3291 nullitatis
1592 3226 1679 3299 vitio,
1696 3241 1752 3287 sen
1768 3226 1951 3288 intentionis
1971 3237 2095 3290 nostrae

1346 3325 1468 3387 delectu
1481 3319 1657 3398 impugnari
1671 3318 1721 3381 rel
1737 3318 1769 3380 in
1784 3321 2026 3381 controversiam
2042 3338 2094 3382 vo-

1347 3418 1406 3479 cari
1428 3431 1528 3494 posse,
1543 3411 1594 3474 sed
1617 3418 1768 3489 perpetuo
1786 3409 1899 3473 validas
1915 3419 1946 3474 et
1958 3413 2095 3476 efficaces

1346 3509 1480 3570 existere
1501 3516 1531 3568 et
1552 3505 1629 3580 lore,
1645 3520 1779 3582 suosque
1792 3503 1945 3582 plenarios
1966 3515 1998 3567 et
2012 3507 2093 3589 inte-

1347 3619 1418 3680 gros
1432 3601 1559 3664 effectus
1579 3597 1684 3660 sortiri
1706 3604 1737 3658 et
1759 3597 1913 3672 obtinere,
1929 3615 1963 3660 ac
1977 3600 2014 3661 ab
2028 3616 2093 3662 om·

1347 3698 1439 3759 nibus
1459 3695 1492 3754 ad
1516 3709 1593 3771 quos
1606 3699 1735 3768 spectat,
1755 3690 1977 3753 inviolabiliter
1992 3693 2093 3756 obser-

1347 3789 1414 3851 vari
1433 3786 1546 3849 debere
1568 3784 1715 3845 volumus
1736 3792 1828 3861 atque
1849 3783 2058 3848 decernimus.

1387 3883 1405 3958 ἓ
1426 3882 1455 3942 ιι.
1468 3878 1536 3941 Nou
1547 3877 1739 3939 obstantibus
1750 3877 1808 3938 de
1802 3879 2018 3955 mrequaesrto
2029 3896 2092 3942 non

1348 3972 1497 4046 tollendo,
1514 3989 1547 4033 ac
1562 3970 1676 4033 nostris
1691 3977 1721 4031 ιι
1736 3969 1936 4032 cancellariae
1950 3973 2094 4049 apostoli-

1341 4084 1399 4130 cae
1415 4065 1531 4144 regulis
1554 4073 1584 4126 et
1607 4065 1639 4124 in
1663 4063 1873 4140 synodalibus,
1897 4065 2095 4141 provinciali·

1348 4161 1404 4222 bus
1431 4157 1722 4234 universalibusque
1746 4157 1884 4219 conciliis
1912 4159 2002 4222 editis
2027 4176 2094 4238 spe-

1347 4252 1472 4315 cialibus
1494 4250 1543 4312 vel
1566 4248 1761 4326 generalibus
1776 4251 2049 4314 constitutionibus
2064 4262 2095 4316 et

1346 4345 1593 4409 ordinationibus
1620 4343 1810 4420 apostolicis,
1824 4347 2094 4422 supradictarum-

1346 4455 1407 4518 que
1428 4437 1670 4500 llunkacsicnsis
1685 4453 1718 4497 ac
1732 4433 2031 4513 Magnovaradiensis
2046 4456 2093 4502 ec-

1345 4533 1509 4594 etesiarum
1537 4531 1629 4592 etiam
1658 4530 1894 4592 confirmatione
1919 4532 2092 4609 apostolica,

1346 4625 1397 4686 vel
1418 4624 1526 4702 quavis
1548 4624 1695 4684 firmitate
1715 4622 1772 4684 alia
1794 4623 1944 4687 roboratis
1958 4627 2092 4702 statutis,

1346 4726 1378 4780 et
1389 4715 1683 4792 consuetudinibus,
1700 4715 1882 4792 privilegiiis
1898 4733 2033 4796 quoque,
2045 4719 2093 4779 in·

1346 4811 1440 4874 dultis
1454 4817 1485 4871 et
1497 4808 1596 4870 literis
1613 4808 1796 4886 apostolicis,
1816 4811 2007 4889 caeterisque
2021 4827 2094 4873 con·

1347 4904 1447 4966 trariis
1468 4903 1774 4981 quibuscumque

1386 4998 1405 5074 ἓ
1426 4997 1454 5058 7.
1477 4995 1562 5058 Nulli
1585 5009 1661 5071 ergo
1675 4997 1804 5058 omnino
1819 4994 1983 5058 hominum
2003 4997 2093 5060 liceat

1346 5091 1491 5170 paginam
1513 5089 1590 5149 banc
1606 5094 1784 5150 nostrarum
1798 5090 2091 5167 dismembrationis,

1345 5183 1560 5256 seiunctionis,
1582 5181 1794 5258 separationis,
1818 5183 2037 5260 exemptionis,
2058 5184 2095 5246 li-

1348 5277 1525 5350 berationis,
1550 5274 1686 5348 unionis,
1708 5275 1904 5350 annexionis,
1917 5276 2094 5356 incorpora-

1347 5369 1451 5443 tioniS,
1476 5367 1686 5441 subiectionis,
1714 5367 1951 5445 suppositionis,
1973 5370 2092 5445 statuti,

1346 5461 1585 5534 commissionis,
1614 5460 1832 5537 deputationis,
1863 5461 2011 5538 mandati,
2043 5465 2095 5526 de·

1346 5554 1434 5628 oreti,
1448 5553 1659 5629 derogationis
1677 5569 1710 5614 ac
1730 5554 1902 5616 uoluntatis
1922 5554 2095 5632 intringere

1346 5647 1396 5709 ιιι
1412 5649 1439 5710 ιι
1452 5664 1528 5710 ausu
1542 5649 1706 5709 temerario
1722 5648 1893 5709 contraire:
1916 5649 1943 5709 si
1958 5649 2027 5726 quis
2041 5665 2094 5712 au·

1347 5749 1411 5803 tem
1433 5741 1491 5802 hoc
1512 5746 1664 5802 attentare
1684 5740 1936 5819 praesumpserit,
1952 5742 2095 5818 indigna-

1348 5832 1468 5895 tionem
1489 5831 1712 5911 omnipoteutis
1728 5831 1793 5906 Dei,
1813 5847 1846 5893 ac
1867 5831 2026 5896 beatorum
2040 5833 2097 5896 Pe·

2123 475 2311 536 Anmdlsslb

2132 2681 2250 2727 clausula
2262 2683 2312 2728 sub

2113 2732 2167 2780 lasa
2185 2741 2210 2780 et
2233 2737 2312 2782 decro-

2112 2791 2168 2833 tum
2185 2789 2289 2835 irritans

2112 3899 2307 4000 iteratim

2111 5016 2243 5118 ua{gocilo
2257 5023 2304 5072 poe
