4754 6966
87 575 122 625 dt.
132 568 154 619 C.
172 562 231 616 laeli

256 711 349 773 super
373 696 421 757 his
442 714 457 758 a
480 714 647 778 quoquam,
674 699 782 780 quavis
809 697 1001 772 auctoritate,

256 789 391 851 scienter
402 791 452 854 vel
465 793 645 869 ignoranter
660 793 823 877 contigerit
844 791 1001 854 attentari.

84 896 239 956 aquirien-
296 883 358 958 §tl
377 882 448 946 Non
463 885 656 949 obstantibus
670 886 854 966 praemissis,
870 903 914 960 ac,
931 900 1003 963 qua-

80 961 139 1000 m*
257 983 348 1038 tenus
369 993 446 1056 opus
459 979 510 1055 sit,
527 979 563 1040 de
584 997 648 1042 non
672 979 809 1044 tollendo
830 981 899 1041 iure
913 995 1004 1058 quac·

254 1069 315 1130 sito
329 1069 458 1151 aliisque
480 1074 592 1140 nostris
613 1081 643 1136 et
663 1073 871 1138 Cancellariae
885 1081 1002 1150 aposto-

254 1161 331 1225 licae
351 1166 480 1243 regulis,
492 1183 549 1230 nec
564 1184 627 1230 non
649 1168 716 1232 aliis
730 1167 1002 1231 constitutionibus

252 1265 285 1318 et
310 1257 558 1323 ordinationibus
579 1261 763 1340 apostolicis,
786 1279 829 1336 ac,
849 1267 1002 1342 quatenus

253 1365 380 1428 quoque
407 1367 484 1432 opus
503 1354 555 1428 sit,
578 1354 696 1418 ordinis
716 1355 893 1418 huiusmodi
921 1353 1001 1416 aliis-

252 1459 316 1520 que
338 1445 498 1523 quibusvis
516 1448 608 1510 etiam
630 1449 818 1523 iuramento,
838 1449 1004 1511 confirma-

253 1535 340 1598 tione
372 1539 534 1616 apostolica
556 1539 606 1602 vel
634 1541 741 1620 quavis
772 1541 919 1604 firmitate
944 1541 1001 1602 alia

252 1629 415 1707 roboratis,
431 1634 553 1696 statutis
575 1641 606 1697 et
625 1635 913 1713 consuetudinibus
940 1635 1000 1715 pri-

252 1722 377 1801 vilegiis
398 1743 535 1807 quoque,
559 1729 686 1793 indultis
707 1735 738 1790 ct
760 1729 858 1792 literis
883 1737 1001 1808 aposto·

252 1816 319 1878 licis
339 1821 552 1898 superioribus
573 1831 604 1885 et
625 1823 775 1903 personis,
796 1823 854 1886 sub
875 1823 1001 1902 quibus·

251 1927 389 1991 cumque
409 1915 566 1978 tenoribus
588 1924 618 1977 et
639 1917 758 1992 lormis,
781 1933 815 1978 ac
839 1933 911 1978 cum
933 1916 1000 1994 qui-

250 2005 359 2067 bustis
381 2007 474 2069 etiam
496 2009 761 2085 derogatoriarum
786 2010 998 2086 derogaturiis,

249 2097 612 2178 aliisqueeliicacioribus
623 2102 837 2166 elliracissimis
852 2120 885 2165 ac
896 2103 1002 2164 insoli-

250 2191 289 2252 tis
301 2192 459 2268 clausulis,
473 2195 731 2274 irritantibusque
745 2203 776 2257 et
790 2197 857 2258 aliis
869 2196 1000 2259 decretis

250 2285 282 2347 in
299 2300 418 2361 genere
439 2289 488 2351 vel
504 2289 536 2350 in
557 2288 669 2365 specie,
686 2305 719 2351 ac
739 2289 806 2351 aliis
827 2290 858 2351 in
881 2297 1000 2352 contra-

249 2381 336 2441 rium
367 2379 600 2458 quomodolibet
629 2384 795 2458 concessis,
829 2387 1000 2464 approbatis

249 2483 281 2535 et
314 2473 479 2536 innovatis.
512 2475 628 2550 Quibus
649 2477 794 2540 omnibus
815 2485 846 2541 et
868 2481 999 2558 singulis

248 2567 381 2630 illorum
404 2577 527 2630 tenores
548 2571 760 2648 praesentibus
782 2589 836 2652 pro
857 2573 949 2652 plene
969 2585 1000 2638 et

248 2662 620 2741 sufficienterexpressis,
636 2681 670 2725 ac
694 2667 731 2727 de
753 2667 848 2728 verbo
869 2669 904 2728 ad
931 2683 998 2730 ver-

249 2756 329 2817 bum
359 2756 483 2817 insertis
511 2756 676 2833 babentes,
703 2759 764 2821 illis
795 2759 867 2822 alias
889 2761 922 2823 in
943 2779 1000 2824 suo

249 2848 365 2912 robore
385 2851 606 2928 permansuris,
622 2852 657 2912 ad
673 2853 913 2931 praemissorum
927 2856 999 2919 elle-

247 2950 351 3018 ctum,
368 2943 424 3005 hac
438 2945 505 3006 vioe
526 2941 695 3020 dumtaxat,
711 2947 886 3024 specialiter
901 2957 932 3010 ct
946 2967 997 3011 ex·

249 3052 357 3114 presse
367 3037 563 3115 derogamus,
575 3034 920 3118 ceterisque'contrariis
932 3043 998 3121 qui·

249 3129 454 3209 buscumque.

289 3224 405 3285 Datum
426 3225 551 3300 llomae,
584 3227 662 3304 apud
692 3225 722 3288 S.
750 3227 876 3290 blariam
906 3231 996 3292 llaio-

247 3333 319 3379 rcm
340 3318 397 3380 sub
411 3319 528 3380 annulo
550 3319 709 3382 Piscatoris
724 3321 771 3383 die
784 3338 826 3384 xi.
845 3327 995 3403 septemb.

248 3427 426 3474 voccuxrx.
452 3411 645 3490 pontilicatus
666 3415 764 3476 nostri
786 3431 868 3479 anno
889 3436 910 3479 r.

603 3698 641 3761 V.

284 3982 349 4043 artis
372 3981 584 4060 Pontificibus
602 3982 719 4046 draiioi
735 3983 766 4046 S.
784 3985 883 4046 Pauli
897 3988 995 4064 primi

287 4075 453 4139 Ererititoc
474 4093 631 4149 concesso,
654 4083 805 4154 perpetuo
827 4081 993 4158 confirmat

284 4179 318 4232 et
341 4171 507 4248 approbat.

442 4341 627 4412 caeneus
650 4343 708 4412 ΡΡ.
731 4345 800 4414 lilii.

367 4467 404 4534 ad
427 4473 599 4552 perpetuam
625 4469 668 4538 rei
691 4471 872 4538 memoriam.

283 4648 303 4720 ἓ
329 4645 356 4706 l.
381 4646 426 4708 Ex
449 4645 557 4709 iniucti
579 4647 667 4710 nobis
689 4649 839 4712 divinitus
862 4660 993 4730 pastore·

245 4738 282 4800 lis
304 4739 397 4802 officii
419 4739 522 4803 debito
545 4741 607 4816 illa,
629 4743 900 4820 quaealiomanis
916 4746 993 4808 Pon-

247 4831 380 4895 tificibus
393 4835 675 4914 praedecessoribus
686 4837 800 4900 nostris
813 4839 844 4900 in
857 4839 991 4902 lavorern

244 4939 368 5000 eorum,
381 4926 434 5004 qui
455 4925 513 4987 sub
532 4929 619 4988 suavi
632 4926 791 5004 religionis
813 4929 886 5006 iugo
908 4946 994 4993 man·

245 5018 336 5095 cipati
363 5027 449 5092 sunt,
472 5017 553 5080 lideli
577 5019 804 5098 dispensatione
833 5023 994 5103 prudenti·

244 5127 307 5188 que
330 5111 511 5174 liberalitate
533 5121 731 5190 emanarunt,
748 5121 782 5176 ut
803 5102 892 5177 firma
913 5134 993 5179 sem·

245 5219 300 5282 per
322 5212 415 5282 atque
428 5204 546 5266 stabilia
569 5205 730 5283 persitant,
746 5209 902 5286 apostolici
925 5226 992 5274 mu·

245 5297 375 5362 niminis
396 5298 496 5360 nostri
517 5299 699 5376 patrocinio,
722 5315 794 5364 cum
817 5303 844 5364 id
866 5319 883 5363 a
905 5305 993 5367 nobis

246 5391 374 5469 petitur,
396 5391 532 5452 libenter
553 5391 745 5454 roboramus.

70 5497 169 5569 ‘armario
182 5513 229 5558 pre
284 5489 303 5562 ἓ
325 5485 354 5546 2.
379 5483 500 5561 Exponi
520 5481 673 5560 siquidem
689 5485 777 5546 nobis
799 5486 870 5550 lecit
892 5503 993 5568 nuper

69 5559 108 5646 ’ἐξ
121 5559 229 5608 praee-
246 5577 374 5639 dilectus
396 5577 479 5639 silius
501 5575 613 5638 Paulus
636 5577 822 5660 Eszterhazy
837 5583 922 5659 prior
940 5599 993 5661 ge-

246 5669 358 5732 neralis
378 5670 500 5734 Ordinis
522 5669 656 5732 iratrum
674 5671 777 5735 Sancti
799 5675 885 5738 Pauli
899 5678 991 5753 primi

246 5763 403 5838 eremitae,
420 5764 502 5841 quod
518 5763 663 5827 nonnulli
684 5763 813 5829 Romani
829 5769 992 5833 Pontifices

246 5857 491 5934 praedecessores
513 5857 623 5932 nostri,
647 5874 680 5920 ac
702 5861 883 5936 praesertim
908 5864 991 5925 loan-

246 5965 300 6012 nes
321 5949 428 6026 xxti,
452 5951 595 6014 Clemens
610 5950 674 6027 Vl,
690 5953 833 6016 Urbanas
849 5954 901 6031 v,
917 5958 991 6019 Gre-

350 6097 400 6144 latr.
418 6097 487 6142 Poot.
502 6097 533 6144 de
547 6099 622 6158 l'rop.
637 6098 700 6145 Fide
714 6100 795 6146 Partis
810 6103 826 6146 l.
844 6101 897 6146 vol.
914 6105 951 6148 lv.

920 579 1061 626 cucumis
1082 577 1146 624 lllv.

1730 553 1783 616 ng
1836 547 1889 598 en.
1904 546 1934 598 c.
1956 543 2024 596 troo

1059 696 1163 772 gorius
1192 697 1258 772 xl..
1288 695 1461 759 Bonilacius
1486 695 1551 769 lll.,
1580 691 1729 755 llartinus
1750 690 1802 766 V..

1061 789 1219 866 Eugenins
1240 789 1304 866 lV.,
1328 790 1399 851 Pius
1422 790 1472 864 ll.,
1489 787 1687 851 innocentius
1709 785 1802 858 viil,

1059 882 1203 945 Clemens
1214 881 1293 956 llll,
1305 884 1434 959 Gregor.
1449 881 1542 958 lllll.,
1555 881 1698 944 Urbanus
1710 879 1801 956 Vill,

1059 974 1233 1038 Alexander
1264 975 1326 1038 llll.
1352 984 1382 1038 et
1407 975 1551 1040 Clemens
1579 975 1618 1038 ll.
1648 975 1803 1054 praedicto

1058 1067 1164 1132 Ordini
1186 1069 1313 1148 eiusque
1334 1070 1478 1133 iratribus
1506 1069 1657 1132 nonnulla
1679 1067 1802 1146 privile·

1057 1162 1118 1238 gia,
1142 1163 1253 1240 gratias
1281 1171 1311 1225 et
1333 1163 1450 1226 indulta
1481 1179 1535 1243 per
1555 1181 1635 1238 suas,
1658 1164 1724 1226 sive
1746 1164 1803 1226 sub

1057 1254 1195 1332 plumbo,
1208 1257 1274 1319 sive
1294 1257 1326 1319 in
1346 1259 1440 1320 simili
1454 1258 1551 1320 torma
1567 1258 1684 1333 Brevis,
1701 1273 1802 1334 respe-

1057 1348 1139 1412 ctive
1160 1351 1316 1430 expeditas
1339 1351 1441 1414 literas
1463 1359 1681 1415 concesserunt
1702 1369 1736 1414 ac
1758 1353 1803 1414 in-

1057 1442 1220 1506 dulserunt
1241 1453 1272 1507 et
1294 1445 1365 1506 alias
1386 1451 1479 1523 prout
1501 1445 1532 1508 in
1555 1444 1671 1508 eisdem
1693 1445 1801 1523 literis,

1057 1552 1188 1614 quarum
1205 1544 1344 1600 tenorem
1361 1538 1574 1618 praesentibus
1587 1554 1641 1616 pro
1653 1555 1801 1617 expresso

1056 1628 1162 1692 haberi
1184 1630 1340 1707 volumus,
1357 1632 1482 1695 uberius
1503 1633 1615 1695 dicitur
1632 1632 1799 1695 contineri.

1057 1725 1802 1803 llumautem,sicuteademexpositiosubiunge·

1055 1818 1117 1892 bat,
1131 1817 1304 1896 privilegia,
1316 1819 1428 1896 gratias
1442 1827 1473 1882 et
1489 1818 1609 1882 indulta
1623 1819 1801 1883 huiusmodi

1056 1911 1155 1972 dictus
1178 1911 1288 1974 Paulus
1303 1929 1358 1990 per
1373 1929 1428 1975 nos
1450 1913 1626 1976 confirmari
1648 1920 1678 1974 et
1693 1930 1801 1992 appro-

1056 2003 1121 2065 bari
1141 2005 1314 2082 plurimum
1341 2005 1504 2081 desideret,
1532 2006 1620 2068 nobis
1642 2016 1800 2084 propterea

1056 2096 1217 2160 humiliter
1238 2100 1402 2178 supplicari
1416 2099 1499 2175 iecit,
1517 2107 1551 2164 ut
1573 2099 1605 2161 in
1627 2099 1801 2177 praemissis

1055 2197 1230 2266 opportune
1251 2191 1424 2268 providere,
1441 2197 1472 2252 et
1487 2198 1521 2253 ut
1537 2190 1615 2253 inira
1637 2189 1801 2268 indulgere

1055 2281 1093 2342 de
1113 2282 1306 2359 benignitate
1327 2285 1489 2363 apostolica
1510 2285 1722 2360 dignaremur.

1094 2375 1113 2450 ἓ
1134 2375 1162 2438 3.
1187 2373 1249 2437 Nos
1271 2377 1368 2453 igitur
1390 2379 1490 2456 ipsum
1512 2388 1720 2458 exponentem
1734 2395 1801 2458 spc-
1819 2383 2032 2482 transsissssmm

1054 2471 1180 2534 cialibus
1195 2471 1350 2535 lavoribus
1365 2482 1396 2536 et
1407 2473 1512 2550 gratiis
1534 2475 1678 2552 prosequi
1693 2473 1801 2536 volen-
1921 2471 1925 2480 '

1056 2571 1116 2640 tes,
1147 2574 1177 2627 et
1212 2583 1227 2626 a
1259 2566 1417 2644 quibusvis
1447 2567 1798 2642 excommunicationis,

1043 2651 1264 2736 'suspensionis
1279 2669 1309 2721 et
1325 2661 1494 2738 interdicti,
1510 2661 1639 2740 aliisque
1661 2660 1800 2723 ecclesia-

1054 2751 1137 2815 sticis
1157 2753 1332 2830 sententiis
1348 2755 1487 2818 censuris
1512 2763 1544 2817 et
1565 2755 1672 2836 poenis
1693 2773 1708 2817 a
1732 2757 1798 2817 iure

1055 2847 1104 2908 vel
1125 2847 1161 2910 ab
1182 2847 1309 2909 homine
1331 2849 1439 2926 quavis
1460 2849 1618 2912 occasione
1639 2849 1690 2910 vel
1711 2866 1798 2911 causa
1876 2905 1877 2908 ,

1054 2942 1140 3016 latis,
1170 2943 1194 3004 si
1227 2943 1339 3022 quibus
1369 2943 1602 3021 quomodolibet
1633 2943 1798 3007 innodatus

1052 3037 1169 3112 existit,
1192 3039 1229 3100 ad
1250 3037 1393 3101 eiiectum
1415 3039 1625 3116 praesentium
1641 3041 1799 3102 dumtaxat

1053 3133 1316 3209 consequendum,
1344 3131 1454 3193 harum
1477 3141 1584 3196 tenore
1607 3133 1799 3199 absolventes

1053 3232 1084 3286 et
1105 3225 1281 3287 absolutum
1314 3225 1379 3288 lore
1410 3234 1591 3304 censentes,
1621 3229 1799 3292 huiusmodi

1053 3319 1328 3398 supplicationibus
1353 3319 1504 3397 inclinati,
1519 3321 1652 3400 praelata
1674 3323 1798 3400 privile·
1871 3400 1876 3411 Ι

1053 3415 1112 3491 gia,
1139 3414 1251 3490 gratias
1277 3421 1307 3475 et
1329 3413 1447 3476 indulta
1470 3412 1570 3476 eidem
1592 3415 1706 3488 ordini,
1722 3417 1799 3479 suis-

1052 3526 1113 3588 que
1135 3508 1281 3570 iratribus
1300 3525 1317 3570 a
1345 3507 1507 3586 praedietis
1538 3508 1667 3589 aliisque
1689 3513 1798 3576 Roma·

1053 3604 1101 3666 nis
1138 3603 1338 3665 Pontificibus
1370 3605 1652 3682 praedecessoribus
1684 3610 1797 3672 nostris

1051 3715 1192 3761 concessa
1214 3704 1245 3758 et
1258 3697 1400 3774 elargita,
1416 3697 1584 3761 dummodo
1597 3701 1661 3762 sint
1675 3703 1709 3764 in
1727 3721 1796 3779 usu,

627 3841 631 3848 .
990 3849 997 3864 ,
1052 3801 1082 3855 et
1107 3794 1200 3856 sacris
1232 3793 1431 3868 damonibus,
1463 3793 1593 3857 Concilii
1623 3796 1798 3859 Tridentini

245 3886 438 3967 Prioiloqio,
451 3889 578 3967 gratius
590 3893 621 3948 et
633 3889 764 3952 indulto
777 3891 861 3953 otios
877 3909 896 3953 c
910 3909 1016 3954 auin-⁴

1050 3887 1181 3950 decretis
1202 3895 1232 3949 et
1254 3887 1528 3950 constitutionibus
1549 3890 1720 3968 apostolicis
1734 3909 1797 3955 non

1050 3981 1266 4055 adversentur,
1287 3981 1466 4042 auctoritate
1488 3983 1661 4060 apostolica,
1689 3991 1798 4048 tenore

1051 4073 1260 4152 praesentium
1282 4075 1504 4136 confirmamus
1529 4081 1560 4138 et
1581 4077 1795 4156 approbamus,
1821 4140 1830 4164 .

1050 4167 1171 4246 illisque
1184 4166 1370 4230 inviolabilis
1384 4169 1567 4247 apostolicae
1583 4171 1737 4234 llrmitatis
1748 4190 1798 4235 ro·

1050 4261 1109 4323 bur
1136 4261 1308 4324 adiicimus.

1090 4356 1108 4430 5
1130 4355 1158 4416 l.
1175 4356 1383 4418 Decernentes
1405 4357 1483 4436 ipsas
1499 4367 1674 4437 praesentes
1692 4361 1795 4426 literas
1815 4370 1949 4468 'clausura
1969 4371 2028 4417 sub-

1049 4468 1172 4531 semper
1183 4452 1299 4525 sirmas,
1311 4451 1423 4513 validas
1434 4461 1465 4514 et
1475 4454 1610 4516 ellicaces
1620 4455 1752 4520 existere
1764 4467 1795 4520 et
1815 4427 1875 4523 iffi
1887 4425 2027 4525 fritaffl*

1050 4547 1127 4621 lore,
1145 4561 1277 4625 suosque
1299 4547 1453 4626 plenarios
1466 4556 1498 4611 et
1513 4551 1653 4628 integros
1668 4553 1795 4616 ellectus

1049 4640 1153 4701 sortiri
1175 4647 1205 4701 et
1226 4639 1379 4716 obtinere,
1395 4660 1428 4705 ac
1450 4641 1510 4704 illis
1532 4642 1566 4704 ad
1589 4661 1666 4722 quos
1680 4655 1795 4725 spectat

1050 4741 1081 4794 et
1104 4748 1160 4811 pro
1185 4741 1326 4812 tempore
1349 4735 1607 4815 quandocumque
1630 4740 1793 4816 spectabit,

1050 4828 1081 4889 in
1098 4828 1243 4889 omnibus
1257 4837 1288 4891 et
1303 4831 1478 4908 peremnia
1496 4831 1675 4909 plenissime
1688 4833 1795 4894 sullia-

1049 4922 1126 4998 gari,
1144 4923 1248 5000 sicque
1269 4923 1302 4984 in
1323 4923 1498 5001 praemissis
1513 4941 1569 5004 per
1583 4942 1796 5006 quoscumque

1050 5017 1163 5081 iudices
1185 5019 1355 5080 ordinarios
1377 5029 1407 5082 et
1430 5021 1595 5099 delegatos,
1612 5025 1703 5086 etiam
1726 5042 1796 5088 cau-

1025 5127 1150 5192 ¹sarum
1174 5112 1277 5190 palatii
1298 5115 1455 5192 apostolici
1477 5117 1643 5193 auditores,
1667 5118 1795 5181 iudicari

1048 5215 1079 5268 et
1098 5207 1220 5269 deliniri
1242 5207 1366 5285 dobere,
1390 5226 1423 5272 ac
1444 5210 1571 5272 irritum
1592 5219 1622 5274 et
1644 5212 1746 5288 inane,
1769 5214 1795 5275 si

1047 5315 1134 5361 secus
1155 5316 1249 5379 super
1274 5302 1319 5363 bis
1340 5320 1355 5364 a
1377 5319 1531 5383 quoquam
1561 5306 1669 5384 quavis
1690 5317 1794 5369 aucto-

1048 5391 1140 5454 ritate
1169 5391 1304 5462 scienter
1335 5396 1385 5457 vel
1414 5397 1597 5473 ignoranter
1629 5400 1794 5477 contigerit

1047 5489 1202 5550 attentari.
1227 5489 1297 5551 Non
1311 5491 1504 5553 obstantibus
1518 5493 1794 5559 constitutionibus

1046 5589 1077 5642 et
1105 5581 1352 5646 ordinationibus
1383 5585 1573 5662 apostolicis,
1604 5590 1794 5670 caeterisque

1046 5677 1208 5739 contrariis
1235 5679 1493 5759 quibuscumque.

1087 5771 1197 5833 Datum
1218 5770 1249 5831 in
1265 5771 1344 5834 Aroe
1359 5772 1531 5852 (landulphi
1549 5774 1700 5839 albanen.
1712 5778 1795 5839 dioe-

1045 5865 1121 5928 cesis
1141 5867 1200 5928 sub
1210 5865 1328 5928 annulo
1339 5867 1510 5943 Piscatoris,
1538 5869 1588 5932 die
1617 5887 1729 5932 xxviii.
1746 5887 1794 5932 se-

1045 5959 1195 6037 ptembris
1211 5975 1401 6036 uueeuxrx,
1417 5963 1526 6040 pontii.
1552 5963 1651 6024 nostri
1671 5979 1754 6025 anno
1770 5981 1791 6025 1.

1552 6093 1681 6152 'st
