4740 6962
351 516 406 571 An.
420 519 450 570 0.
473 521 542 574 1783
592 522 651 587 272

569 661 701 722 chenam
728 663 920 728 unanimiter
944 667 1121 744 elegerunt,
1144 667 1317 730 considera-

571 751 608 814 tis
624 754 788 829 grandium
804 757 958 822 virtutum
975 762 1105 837 meritis,
1121 762 1233 841 quibus
1248 777 1317 839 per-

569 861 678 907 sonam
711 855 795 911 tuam
828 851 949 915 illarum
982 853 1110 931 largiter
1139 855 1316 917 Altissimus

571 940 786 1020 multipliciter
814 945 987 1023 insignivit,
1011 965 1044 1010 ac
1071 947 1253 1027 praesertim
1275 947 1316 1008 la·

570 1033 706 1110 boribus,
734 1037 836 1100 studio
857 1046 888 1100 et
914 1042 1071 1120 operibus,
1093 1058 1173 1121 quae
1193 1043 1226 1103 in
1250 1057 1317 1120 pro-

533 1115 545 1134 '
571 1127 704 1188 curandi
721 1130 931 1195 Antiochense
950 1134 1102 1197 Ecclesiae
1116 1135 1269 1214 Syrorum
1284 1151 1317 1196 ac

570 1220 733 1285 catholicae
772 1225 924 1288 Ecclesiae
962 1231 1082 1292 unitate
1115 1229 1315 1308 impendisti;

571 1316 715 1394 quodque
744 1325 777 1379 tu
798 1320 851 1396 qui
880 1320 1031 1384 Ecclesiae
1060 1323 1225 1400 Aleppensi
1247 1324 1315 1384 hac·

572 1415 664 1470 tenus
689 1409 883 1475 laudabiliter
910 1415 1070 1492 praefuisti
1092 1415 1203 1478 dictam
1226 1416 1316 1494 patri-

570 1501 722 1564 archalem
746 1503 912 1569 Ecclesiam
933 1508 1161 1571 Antiochenam
1174 1509 1251 1572 scies
1265 1525 1318 1571 vo·

572 1595 615 1656 les
635 1604 666 1658 et
687 1599 815 1673 poteris,
838 1609 963 1664 auctore
988 1604 1129 1680 Domino,
1151 1603 1318 1666 salubriter

572 1703 682 1766 regere
709 1698 740 1752 et
767 1691 899 1756 ieliciter
930 1697 1115 1773 gubernare,
1148 1697 1318 1760 direximus

572 1782 675 1845 oculos
697 1791 820 1847 nostrae
841 1790 966 1851 mentis.

611 1878 630 1952 ἓ
651 1877 680 1939 it.
702 1877 904 1944 intendentes
923 1883 1020 1959 igitur
1036 1892 1098 1946 tarn
1113 1885 1211 1948 dictae
1225 1885 1317 1964 patri-

572 1969 685 2032 archali
718 1972 871 2036 Ecclesiae
904 1977 1115 2040 Antiochenae
1145 1977 1316 2057 Syrorum,

572 2079 662 2141 quam
686 2063 768 2128 illius
791 2069 878 2144 gregi
895 2069 1049 2133 dominico
1065 2069 1240 2149 providere,
1259 2079 1317 2133 tea

571 2156 732 2235 quibusvis
762 2161 973 2238 suspensionis
1000 2170 1031 2224 et
1058 2164 1215 2227 interdicti
1238 2164 1320 2226 aliis·

572 2267 632 2328 que
648 2250 856 2314 ecclesiasticis
870 2256 1034 2317 sententiis
1048 2256 1188 2318 censuris
1203 2265 1233 2320 et
1246 2273 1318 2336 poe·

573 2342 632 2417 nis,
655 2343 680 2402 si
702 2343 813 2420 quibus
827 2346 1059 2422 quomodolibet
1075 2349 1240 2412 innodatus
1254 2351 1320 2411 eri-

570 2435 636 2509 stis,
653 2435 687 2496 ad
704 2435 850 2502 enectum
872 2441 1079 2516 praesentium
1103 2448 1226 2505 tantum
1248 2460 1318 2506 con·

571 2529 777 2608 sequendum,
793 2530 903 2593 harum
918 2533 999 2594 serie
1013 2534 1207 2597 absolventes
1222 2543 1254 2598 et
1268 2537 1318 2598 ab·

571 2622 709 2685 solutum
721 2621 786 2684 iore
797 2631 968 2701 censentes,
981 2641 1014 2687 ac
1025 2625 1211 2690 electionem
1223 2629 1318 2706 ipsam

572 2714 611 2777 de
631 2717 813 2778 eorumdem
838 2718 971 2779 fratrum
999 2720 1127 2781 consilio
1156 2721 1320 2799 apostolici

573 2809 754 2872 auctoritate
775 2811 976 2890 approbantes
994 2820 1025 2874 et
1040 2815 1272 2890 confirmantes,
1290 2823 1319 2876 te

573 2902 658 2964 iuxta
688 2903 849 2965 decretum
871 2905 902 2964 in
923 2905 1175 2984 congregatione
1196 2922 1318 2970 eorum-

573 2995 645 3058 dem
666 2994 798 3057 lrairum
820 3005 998 3060 nostrorum
1020 2999 1159 3062 eiusdem
1181 2999 1211 3062 S.
1230 2999 1265 3061 tt.
1280 3001 1314 3061 E.

575 3086 785 3151 Cardinalium
806 3091 942 3166 negociis
964 3093 1002 3154 de
1027 3091 1224 3171 Propagandi
1244 3093 1318 3156 Fide

574 3180 819 3260 praepositorum
850 3193 1029 3248 emanatum
1051 3192 1081 3247 et
1110 3202 1164 3266 per
1192 3203 1247 3250 nos
1268 3203 1320 3265 ap

573 3435 695 3480 nostrum
710 3439 834 3483 loannem
855 3441 1002 3496 aspiratam
1016 3442 1148 3489 Miroudot
1162 3443 1317 3500 Episcopum

573 3502 704 3549 Ecclesiae
723 3505 912 3561 babylonensis
931 3509 1056 3554 duximus
1076 3509 1270 3565 destinandum,
1287 3514 1317 3556 ut

572 3569 653 3615 iidem
667 3572 787 3629 Episcopi
801 3573 842 3618 vel
854 3575 924 3620 alter
938 3587 1030 3622 eorum
1045 3577 1112 3622 illud
1127 3577 1176 3622 sub
1185 3577 1270 3623 formai
1281 3577 1318 3622 in·

572 3637 713 3694 trascripta
727 3639 863 3696 assignent
879 3642 919 3687 vel
933 3644 1060 3700 assignet,
1075 3647 1102 3690 et
1116 3655 1132 3690 a
1146 3646 1172 3689 te
1187 3647 1277 3690 nostro
1292 3648 1319 3688 et

573 3707 707 3752 Romanae
727 3707 859 3754 Ecclesiae
880 3709 986 3755 nomine
1006 3711 1055 3756 sub
1075 3711 1129 3757 alia
1150 3711 1232 3757 etiam
1246 3721 1319 3769 prae-

573 3773 693 3819 sentibus
706 3774 809 3821 inserta
827 3775 912 3822 formai
933 3777 1068 3824 ndentatis
1089 3779 1194 3825 debitae
1208 3779 1318 3824 solitum

572 3840 702 3898 recipiant
721 3855 767 3888 seu
781 3844 893 3902 recipiat
911 3845 1101 3891 iuramentum.
1117 3851 1154 3891 ‘ru
1174 3849 1263 3892 autem
1279 3857 1319 3891 eo·

572 3907 631 3952 dem
646 3908 727 3954 Pallio
747 3909 817 3956 intra
831 3911 928 3957 dictam
950 3913 1159 3959 Patr-tarchalem
1173 3913 1318 3958 Ecclesiam

572 3977 648 4021 tuam
667 3975 722 4022 illis
742 3976 834 4022 diebus
855 3978 995 4024 dumtaxat
1015 3979 1101 4025 uteris
1121 3981 1154 4025 ab
1169 3979 1317 4037 apostoliea

573 4042 637 4087 Sede
649 4044 788 4099 concessis,
797 4044 844 4101 qui
858 4045 974 4102 expressi
985 4046 1012 4091 in
1022 4047 1141 4093 eiusdem
1153 4047 1319 4092 satrianens-

571 4109 605 4154 lis
624 4109 754 4155 Ecclesiae
774 4111 922 4168 privilegiis
940 4113 1118 4158 continentur.
1141 4117 1173 4159 Ut
1187 4114 1271 4170 igitur
1285 4113 1318 4158 si-

571 4185 653 4230 gnum
668 4186 720 4220 non
734 4175 864 4233 discrepet
879 4187 894 4223 a
908 4177 1022 4234 signato,
1033 4179 1077 4224 sed
1090 4178 1158 4234 quod
1169 4178 1240 4234 geris
1250 4181 1319 4223 erte-

572 4241 637 4294 rius,
647 4241 762 4287 interius
776 4253 864 4288 serves
879 4245 906 4289 in
921 4249 1017 4300 mente,
1029 4245 1227 4292 fraternitatem
1242 4247 1317 4291 tuarn

571 4319 718 4364 monemus,
732 4311 759 4354 et
775 4311 917 4356 hortamur
935 4315 1038 4358 attente
1060 4316 1191 4370 quatenus
1213 4313 1319 4358 humili·

572 4377 655 4420 tatem
670 4378 696 4421 et
709 4375 850 4433 iustitiam,
865 4378 945 4423 dante
959 4378 1074 4434 Domino,
1084 4379 1130 4435 qui
1143 4379 1188 4425 dat
1199 4379 1318 4435 praemia

572 4445 598 4486 et
612 4452 724 4488 manera
737 4443 862 4500 largitur,
877 4446 1016 4491 obseruare
1030 4445 1146 4502 studeas,
1156 4457 1224 4502 quae
1239 4457 1317 4491 suum

571 4512 679 4555 serrant
693 4514 720 4555 et
734 4516 888 4566 promovent
905 4515 1081 4568 servatorem,
1095 4524 1126 4558 ac
1140 4513 1259 4559 eamdem
1274 4515 1318 4558 Pa·

573 4575 744 4622 triarchalem
759 4578 903 4626 Ecclesiam
919 4581 1044 4635 sponsam
1059 4583 1141 4626 ‘ruam
1156 4591 1233 4625 cures
1248 4580 1317 4624 solli-

571 4641 632 4696 cite,
645 4645 754 4688 auctore
768 4643 884 4698 Domino,
899 4644 1078 4701 spiritualiter
1093 4649 1119 4691 et
1133 4645 1318 4702 temporaliter

571 4712 753 4765 augmentare.

611 4777 657 4825 st.
674 4777 799 4826 Quocirca
818 4776 945 4833 praetatis
965 4777 1098 4836 Episcopis
1112 4789 1160 4835 per
1173 4778 1317 4836 apostolica

572 4843 671 4900 scripta
687 4844 852 4899 mandamus,
866 4848 997 4901 quatenus
1012 4845 1063 4903 ipsi
1077 4846 1118 4891 vel
1132 4847 1201 4892 alter
1215 4856 1316 4900 eorum,

571 4911 671 4956 dictum
691 4911 803 4957 Pallium
822 4912 897 4958 iuxta
910 4914 1030 4958 eamdem
1049 4913 1253 4970 subsequentem
1268 4914 1317 4960 sor-

572 4987 643 5024 mam
657 4978 708 5024 tibi
721 4983 823 5034 curent,
838 4991 884 5025 seu
902 4983 977 5027 curet
991 4981 1137 5038 assignare,
1152 4984 1179 5027 et
1193 4993 1209 5026 a
1223 4985 1256 5026 Ee
1271 4984 1317 5027 No·

571 5050 628 5091 stro
650 5051 676 5092 et
696 5050 831 5094 Romanae
852 5049 982 5094 Ecclesiae
1003 5048 1120 5104 nornine,
1143 5051 1191 5094 sub
1213 5049 1317 5106 reliqua

571 5112 656 5160 torma
670 5114 808 5161 fidelitatis
822 5115 926 5160 debitae
941 5115 1049 5161 solitum
1065 5117 1203 5173 recipiant,
1218 5129 1264 5162 seu
1279 5129 1318 5162 re·

570 5180 652 5238 cipiet
665 5183 855 5238 iuramentum,
865 5183 974 5240 eiusque
988 5185 1026 5228 sic
1039 5195 1055 5229 a
1070 5189 1096 5229 te
1110 5185 1233 5240 praestiti
1248 5183 1317 5230 iura-

571 5249 655 5294 menti
667 5249 788 5305 tormam,
802 5250 877 5296 nobis
891 5250 923 5295 de
936 5251 1016 5296 verbo
1029 5251 1062 5296 ad
1077 5251 1186 5297 verbum
1201 5263 1247 5307 per
1257 5255 1316 5297 tuas

571 5316 691 5371 patentes
705 5316 807 5372 literas,
818 5319 863 5362 tuo
877 5317 964 5374 sigillo
979 5318 1107 5375 munitas,
1119 5330 1165 5375 per
1179 5319 1315 5375 proprium

571 5383 701 5428 Nuncium
715 5383 894 5439 quantocitius
906 5385 1040 5432 destinare
1049 5391 1191 5442 procurent
1202 5397 1249 5431 seu
1260 5399 1316 5442 pro·

570 5453 654 5494 curet.

611 5519 707 5563 Eorma
720 5521 819 5575 autern,
829 5531 880 5577 qua
890 5523 1002 5577 praelati
1013 5523 1134 5580 Episcopi
1144 5523 1172 5566 in
1181 5521 1317 5577 assignan-

570 5582 603 5628 do
616 5584 665 5629 tihi
680 5585 763 5631 Pallio
777 5590 895 5642 utentur,
910 5589 974 5636 haec
988 5593 1042 5636 est:

611 5661 650 5702 Ati
670 5659 800 5701 honorem
823 5661 1016 5712 omnipotentis
1037 5665 1090 5710 Dei.
1114 5671 1145 5705 ao
1165 5663 1192 5704 B.
1214 5663 1317 5705 Martae

575 5726 698 5776 viminis,
714 5729 739 5768 et
752 5727 802 5768 ΒΒ.
815 5730 1004 5778 Apostolorum
1019 5732 1092 5773 Petri
1101 5733 1125 5772 et
1137 5731 1223 5776 Pauli
1236 5732 1260 5771 et
1270 5730 1317 5772 Do·

571 5793 640 5834 utini
653 5794 743 5835 Nostri
758 5795 785 5836 D.
803 5797 844 5836 Pii
859 5797 948 5848 Papae
963 5799 1078 5843 Sentiet
1093 5799 1116 5840 S.
1128 5799 1266 5839 Romanae
1275 5797 1317 5839 Ec·

570 5861 668 5906 chriae,
686 5870 789 5904 necnon
801 5864 996 5906 Patrtarchatts
1006 5866 1131 5907 Ecclesiae
1142 5864 1318 5907 antiochenae

572 5931 690 5971 trationis
711 5931 845 5980 Syrorum
866 5931 912 5972 tibi
932 5935 1095 5978 commissae,
1119 5934 1255 5975 tradimus
1272 5932 1318 5974 tibi

1100 547 1164 593 tun.
1187 546 1279 592 ΡΟΝΤ.
1303 545 1343 590 bl:
1365 546 1393 589 P·
1418 547 1446 592 Γ.
1471 548 1554 594 rans
1575 549 1596 594 l.

1370 667 1546 744 probatum,
1569 686 1584 730 a
1607 669 1744 744 vinculo,
1767 686 1828 749 quo
1850 671 1947 732 dictae
1969 667 2123 730 Ecclesiae

1373 759 1550 838 Aleppensi,
1582 764 1632 824 cui
1655 769 1688 824 tu
1711 777 1863 840 praeeras,
1894 761 2061 834 tenebaris,
2085 761 2123 822 de

1371 853 1466 914 simili
1488 854 1618 916 consilio
1639 864 1670 917 et
1688 855 1871 934 apostolicae
1886 856 2044 934 potestatis
2060 853 2123 932 plc-

1373 945 1517 1008 nitudine
1547 947 1734 1011 absolvimus
1765 956 1796 1012 et
1828 949 2005 1024 liberamus,
2029 955 2122 1025 atque

1372 1041 1408 1104 ad
1426 1041 1567 1104 eamdem
1582 1041 1817 1122 patriarchalem
1832 1040 1998 1104 Ecclesiam
2015 1041 2122 1102 Antio·

1372 1133 1502 1195 chenam
1524 1132 1675 1212 Syrorum
1695 1134 1734 1198 de
1751 1136 1846 1198 simili
1860 1136 1990 1200 consilio
2005 1143 2034 1198 et
2050 1151 2121 1213 apo·

1372 1227 1498 1289 stolicae
1510 1228 1669 1306 potestatis
1682 1229 1878 1307 plenitudine
1889 1229 2012 1307 paribus
2024 1239 2123 1291 trans·

1373 1319 1513 1396 ierimus,
1536 1329 1629 1399 teque
1651 1321 1696 1384 illi
1718 1323 1752 1384 iu
1780 1322 1988 1386 Patriarohant
2013 1321 2121 1402 praeii-

1373 1417 1472 1476 cimus
1493 1421 1525 1476 et
1546 1422 1713 1493 pastorem,
1735 1431 1842 1478 curam
1864 1416 2003 1492 regimen
2025 1420 2057 1477 et
2070 1415 2124 1476 ad-

1374 1509 1636 1572 ministrationem
1664 1509 1762 1572 dictae
1789 1508 1998 1587 patriarchalis
2019 1507 2123 1571 Eccle-

1372 1603 1434 1666 siae
1446 1603 1655 1665 Antiochenae
1667 1602 1821 1681 Syrorum
1838 1601 1892 1664 tibi
1907 1603 1940 1662 in
1955 1602 2123 1678 spirituali-

1373 1697 1430 1759 bus
1445 1704 1475 1758 et
1492 1696 1712 1775 temporalibus
1727 1694 1865 1774 plenarie
1882 1696 2120 1772 committendo,

1373 1789 1564 1868 liberamque
1597 1789 1651 1851 tibi
1683 1790 1719 1851 ad
1748 1790 1861 1853 dictam
1887 1790 2122 1868 patriarchalem

1375 1883 1541 1946 Ecclesiam
1552 1882 1776 1945 Antiochenam
1792 1881 1942 1960 Syrorum
1956 1891 2119 1944 transeun-

1373 1977 1403 2038 di
1425 1977 1583 2038 licentiam
1613 1975 1791 2051 tribuendo,
1815 1974 1901 2037 iirmi
1922 1991 1977 2054 spe
1999 1975 2122 2038 fiducia-

1373 2087 1433 2148 que
1462 2069 1629 2147 conceptis,
1652 2069 1734 2147 quod
1763 2069 1891 2131 dexteri
1917 2070 2040 2132 Domini
2065 2071 2121 2132 tibi

1372 2163 1533 2226 assistente
1551 2163 1681 2241 propitii
1697 2162 1829 2242 praelata
1843 2162 2051 2240 patriarchalis
2067 2163 2124 2226 Ec-

1372 2255 1462 2319 clesia
1483 2256 1677 2319 Antiocheno
1705 2254 1859 2334 Syrorum
1884 2256 1942 2318 sub
1963 2261 2018 2318 tuo
2039 2255 2121 2318 lelici

1373 2349 1527 2426 regimine
1550 2357 1677 2425 regetur
1699 2347 1820 2411 utiliter
1840 2355 1873 2410 et
1887 2363 2033 2427 prospere
2048 2349 2121 2412 diri-

1373 2449 1477 2520 getur,
1500 2458 1534 2503 ac
1555 2451 1640 2518 grata
1663 2443 1695 2502 in
1717 2441 1833 2504 eisdem
1857 2441 2069 2519 spiritualibus
2092 2449 2123 2504 ct

1375 2536 1595 2614 temporalibus
1615 2535 1762 2613 suscipiet
1785 2536 1987 2598 incrementa.

1413 2631 1432 2703 5
1453 2629 1482 2690 3.
1505 2629 1651 2704 Quocirca
1674 2627 1861 2691 fraternitati
1883 2635 1954 2691 tuae
1975 2645 2030 2707 per
2051 2645 2122 2709 apo-

1372 2720 1478 2784 stolica
1500 2721 1613 2800 scripta
1635 2723 1817 2784 mandamus
1845 2731 1998 2800 quatenus
2020 2724 2056 2786 ad
2078 2724 2122 2786 di·

1373 2823 1454 2876 ctam
1466 2813 1700 2891 patriarchalem
1712 2813 1879 2876 Ecclesiam
1895 2815 2124 2878 Antiochenam

1373 2905 1526 2986 Syrorum
1547 2922 1619 2969 cum
1641 2907 1738 2984 gratia
1753 2914 1876 2969 nostrae
1896 2907 2123 2972 benedictionis

1371 2999 1530 3076 accedens,
1547 3014 1654 3062 curam
1674 3007 1705 3061 et
1719 2998 2020 3063 administrationem
2035 3017 2121 3080 prae·

1372 3093 1447 3156 latas
1468 3095 1511 3156 sic
1532 3109 1679 3156 exercere
1699 3094 1821 3157 studeas
1840 3094 1971 3171 solicite,
1988 3095 2123 3159 tideliter

1373 3196 1404 3250 et
1425 3187 1608 3266 prudenter,
1632 3189 1714 3266 quod
1737 3187 1849 3250 exinde
1869 3189 1982 3267 sperati
2004 3189 2123 3254 tructus

1371 3445 1489 3488 Potitum
1502 3447 1534 3488 ae
1547 3453 1659 3496 corpore
1674 3446 1701 3486 B.
1719 3447 1792 3488 Petri
1811 3448 1962 3496 srcmpmm,
1976 3447 2123 3496 plenitudi-

1371 3521 1433 3554 nem
1447 3513 1562 3556 videlicet
1575 3513 1738 3566 pontificatis
1759 3513 1841 3562 officii,
1858 3514 1889 3554 ut
1902 3521 1932 3554 eo
1945 3515 2035 3556 utaris
2044 3515 2121 3562 intra

1370 3581 1447 3620 tuam
1462 3580 1601 3621 Ecclesiam
1615 3581 1693 3620 certis
1707 3579 1806 3625 dietus,
1820 3580 1866 3630 qui
1880 3581 2122 3630 septimuntium

1370 3647 1519 3696 pricitepiis
1533 3648 1557 3688 ei
1570 3647 1602 3688 ab
1618 3642 1766 3696 Apostolicci
1780 3647 1842 3689 Sede
1855 3649 1991 3690 concessis.

1412 3714 1507 3755 Eorma
1521 3713 1612 3756 autem
1628 3710 1781 3766 iuramenti,
1795 3711 1865 3768 quod
1887 3711 2042 3768 praestabis,
2057 3713 2123 3758 haec

1372 3780 1427 3824 est:

1412 3849 1464 3899 Eoo
1478 3848 1625 3897 Dionysius
1638 3849 1747 3892 Michaei
1758 3850 1861 3896 (tiarae,
1874 3859 1965 3900 nuper
1975 3851 2122 3902 Episcopus

1372 3917 1514 3966 Atepensia
1530 3918 1559 3957 tn
1574 3915 1764 3958 Patrtarcham
1778 3917 1973 3960 Antiochenam
1986 3919 2121 3967 aprorum

1370 3985 1466 4025 eiectus
1481 3984 1513 4024 ab
1527 3983 1577 4024 hac
1590 3979 1659 4026 hora
1674 3985 1703 4026 in
1717 3986 1797 4025 antea
1810 3985 1896 4036 ficietis
1910 3987 1934 4026 et
1944 3985 2120 4028 obedientem

1371 4051 1400 4092 Β.
1416 4052 1501 4096 Petro.
1525 4053 1685 4100 sanctaeque
1706 4052 1869 4102 apostoticae
1887 4053 2026 4095 Romanae
2040 4053 2120 4095 Erote·

1370 4121 1433 4164 sitae,
1449 4121 1473 4160 et
1489 4119 1601 4160 Domino
1622 4117 1718 4159 Nostro
1734 4118 1761 4160 D.
1778 4120 1826 4160 Pto
1842 4121 1932 4170 Papae
1950 4120 2036 4166 scoto.
2052 4121 2120 4162 suis-

1371 4195 1422 4236 qne
1435 4184 1631 4226 successoribus
1645 4187 1771 4227 sarranice
1781 4187 1955 4232 intrantibus,
1969 4195 2025 4229 non
2034 4195 2080 4228 ero
2091 4189 2122 4229 in

1370 4253 1481 4295 consitio
1495 4253 1545 4293 aut
1558 4259 1690 4293 consensu
1712 4253 1752 4293 vet
1765 4253 1841 4299 sacto.
1860 4254 1890 4293 ut
1904 4255 1988 4294 citam
2001 4253 2122 4303 perdant

1371 4322 1420 4362 aut
1434 4320 1592 4364 membrum,
1609 4327 1657 4359 seu
1672 4321 1819 4369 capiantur
1831 4321 1905 4362 mata
1915 4321 2044 4371 captione.
2057 4321 2121 4364 Gon·

1369 4391 1462 4430 sitirem
1475 4396 1545 4432 cero,
1562 4387 1634 4436 quod
1648 4386 1715 4428 mihi
1728 4387 1860 4428 credituri
1874 4389 1947 4433 sunt,
1962 4395 2014 4438 per
2023 4397 2058 4433 se,
2071 4391 2121 4430 aut

1371 4457 1496 4499 Nttncios,
1513 4461 1560 4493 scit
1576 4454 1667 4494 literas
1681 4453 1717 4495 aa
1728 4462 1824 4495 cortem
1834 4455 1976 4500 Mannum,
1989 4464 2031 4496 me
2040 4456 2123 4497 satem

1372 4528 1402 4570 te.
1420 4528 1524 4568 nerntni
1535 4524 1667 4574 paridam.
1684 4523 1820 4573 Papatum
1836 4521 1992 4564 Romanum
2006 4521 2122 4571 etReaa-

1372 4594 1408 4634 iia
1427 4594 1517 4635 Sancti
1538 4595 1615 4635 Patri
1635 4592 1747 4634 adinstar
1766 4591 1803 4630 eis
1822 4597 1869 4630 ero
1890 4589 1926 4630 aa
1946 4588 2122 4630 retinendum

1372 4663 1395 4701 et
1410 4661 1606 4708 defendendum
1622 4662 1717 4700 corctra
1731 4665 1838 4698 ornnem
1852 4655 1996 4698 hominem.
2011 4656 2121 4705 Leontos

1372 4729 1534 4778 Apostottcae
1548 4728 1619 4769 Sectis
1634 4729 1663 4768 tn
1678 4725 1767 4766 caindo
1781 4725 1805 4764 et
1820 4723 1957 4765 reiterando
1975 4722 2122 4773 honorinae

1372 4795 1497 4840 tractabo.
1514 4797 1538 4836 et
1552 4797 1581 4836 in
1595 4795 1653 4834 sats
1671 4792 1868 4834 necessitatibus
1889 4790 2030 4836 wisaraha,
2048 4798 2122 4832 voca·

1372 4866 1416 4904 ius
1430 4863 1465 4905 aa
1487 4862 1626 4911 Shnodttm
1647 4862 1762 4906 veniam,
1780 4861 1833 4900 nist
1851 4859 2028 4909 praepeditus
2041 4859 2120 4905 necto

1371 4932 1502 4972 canonica
1513 4929 1723 4980 praepeditione,
1741 4927 1931 4976 Apostolorum
1946 4925 2054 4966 Limina
2067 4925 2121 4966 sin·

1370 4998 1442 5047 pratis
1445 5027 1556 5038 .......
1579 4995 1690 5036 visitabo
1705 4996 1755 5036 ant
1772 5002 1824 5044 per
1838 5001 1887 5039 me,
1903 4995 1953 5034 aut
1965 4999 2016 5042 per
2030 5001 2121 5034 nwum

1371 5065 1517 5110 Nanctum,
1535 5065 1588 5104 nisi
1602 5063 1747 5120 apostolica
1761 5061 1885 5102 absolvar
1895 5060 2007 5101 licentia.
2020 5058 2121 5101 Posses-

1371 5132 1458 5172 stones
1473 5138 1535 5172 aero
1556 5131 1592 5172 aci
1613 5137 1735 5171 mensam
1752 5129 1804 5170 met
1816 5125 2022 5179 patriarchatus
2039 5127 2122 5175 perti·

1371 5199 1463 5240 nentes
1472 5207 1528 5239 non
1539 5197 1661 5250 cendam,
1675 5205 1760 5246 nequa
1769 5196 1880 5241 donabo,
1894 5202 1979 5244 neqtte
1989 5194 2120 5244 imptpnc·

1370 5266 1442 5310 rabo,
1461 5273 1544 5314 raeque
1559 5265 1590 5306 cte
1612 5273 1680 5305 novo
1702 5263 1852 5310 irtsenaaho,
1870 5264 1909 5304 aet
1934 5262 2025 5311 atiquo
2042 5261 2120 5303 nwcto

1369 5333 1498 5376 altcrtabo,
1515 5331 1666 5373 trtccnsutto
1683 5329 1804 5372 Romano
1815 5330 1948 5380 Pontinos,
1961 5331 1985 5370 et
1995 5329 2120 5370 coinitia-

1370 5400 1468 5441 ticnem
1490 5408 1574 5449 super
1592 5398 1772 5448 prohibitione
1794 5400 2021 5440 investiturarum
2043 5398 2120 5439 hono·

1370 5476 1435 5508 rum
1450 5465 1715 5510 intumuistionatium,
1728 5465 1764 5507 ad
1778 5465 1903 5506 Ecclesiae
1913 5466 2054 5512 inferiores
2064 5473 2119 5514 spe-

1369 5535 1509 5578 ctantium.
1527 5534 1558 5574 cie
1572 5541 1647 5574 aiano
1662 5533 1766 5574 domini
1781 5533 1921 5573 millesimo
1930 5533 2120 5573 seoemrttestmo

1371 5602 1591 5651 vicesimoquinto
1605 5600 1712 5644 editam,
1730 5599 1847 5645 serrato,
1862 5601 1900 5640 sie
1914 5607 1955 5640 ine
1965 5599 2035 5640 Deus
2044 5599 2121 5640 actiti-
2219 5649 2222 5654 Ι

1372 5669 1418 5714 det,
1435 5670 1459 5708 et
1473 5667 1536 5709 hacc
1550 5668 1648 5708 Sancta
1663 5665 1709 5707 Det
1723 5666 1874 5716 Evanpetia.

1411 5735 1505 5778 Datum
1520 5734 1628 5786 Rornae,
1642 5730 1712 5788 apud
1727 5733 1751 5774 S.
1762 5732 1870 5776 Petrum
1881 5739 1949 5774 anno
1959 5729 2120 5774 incarnatio

1371 5800 1412 5844 nis
1427 5797 1586 5853 Dominicae,
1600 5798 1743 5843 millesimo
1754 5797 1988 5854 septingentesimo
1998 5799 2120 5852 octuage·

1371 5865 1438 5911 simo
1453 5864 1541 5921 tertio,
1555 5865 1732 5910 decimoctavo
1747 5864 1799 5910 kal.
1812 5861 1938 5917 ianuarii,
1948 5862 2119 5920 pontificatus

1372 5933 1456 5978 nostri
1471 5943 1540 5978 anno
1555 5943 1630 5977 nono.
