4754 6966
934 575 1076 629 CLEMENS
1097 576 1167 630 xiii.

276 713 345 784 ptos
360 703 391 765 in
408 703 577 784 pristinum
592 707 707 766 statum
731 704 877 768 restituit.
902 705 948 766 lix
963 722 1024 784 quo

276 799 475 877 perspicuum
498 804 555 872 est,
572 798 732 860 ecclesiam
749 798 780 861 S.
798 798 933 876 Georgii,
947 817 1024 878 quae

275 892 416 956 Venetiis
438 900 496 968 est,
524 893 715 970 Graecosque
737 893 805 954 istic
832 909 1023 955 commoran-

274 993 322 1048 tes
343 987 375 1048 in
398 987 591 1065 apostolicae
620 986 706 1050 Sedis
728 988 876 1066 peculiari
902 1003 1025 1066 semper

273 1078 370 1140 luisse
396 1077 553 1155 clientela,
576 1087 609 1141 et
630 1081 786 1160 pontificia
814 1080 909 1157 gratia
932 1087 962 1140 et
984 1079 1024 1141 ia·

274 1189 351 1234 rore
372 1173 524 1234 lloruisse.
549 1175 705 1249 Quaenam
728 1184 845 1248 autem,
867 1181 920 1235 aut
941 1175 1024 1235 unde

275 1274 339 1328 tam
361 1274 584 1345 novatumque
606 1269 763 1346 inopinata
785 1283 891 1330 rerum
907 1267 1025 1328 animo-

275 1371 410 1435 rumque
432 1357 507 1419 haec
529 1360 722 1433 immutatio,
754 1365 788 1420 ut
811 1374 874 1420 non
894 1357 987 1418 modo
1008 1372 1024 1416 a

275 1449 406 1511 Romani
435 1451 594 1514 Pontificis
619 1459 780 1530 potestate,
807 1451 859 1512 sed
881 1467 897 1509 a
923 1448 1024 1510 cuius-

274 1563 411 1625 cumque
421 1546 562 1609 catholici
575 1548 715 1626 Episcopi
731 1549 946 1612 iurisdictione
955 1563 1024 1609 eam

275 1640 435 1702 ecclesiam
465 1641 630 1719 quisquam
652 1641 720 1704 istic
741 1641 890 1703 moliatur
910 1642 1025 1703 subdu·

276 1750 358 1808 cere,
370 1740 427 1794 eta
440 1733 588 1795 catholici
603 1735 827 1796 communione
840 1735 1023 1810 seiunctam,

275 1825 542 1906 sacramentisque
564 1843 580 1887 a
600 1826 794 1891 schismatico
823 1827 952 1890 bomine
975 1828 1025 1888 ad-

276 1921 493 1983 ministrandis
525 1921 699 1983 loedissima
730 1921 899 1983 violatione
927 1919 1027 2000 prola-

275 2032 351 2078 nam
372 2016 467 2077 veliti

94 2118 167 2160 risun
181 2109 256 2154 saerr-
318 2109 388 2186 §ln
412 2111 513 2188 litque
535 2109 637 2189 ipsum
654 2111 683 2172 id
707 2119 764 2186 est,
777 2111 858 2189 qnod
880 2110 1027 2172 schisma-

77 2171 135 2214 laram
144 2163 257 2208 schisma·
294 2204 299 2213 ,

77 2215 257 2266 aaanaueuo-
277 2214 410 2266 trcorum
433 2203 556 2264 turbam
571 2204 737 2280 quamdam
759 2203 946 2267 Graecorum
961 2217 1027 2262 mo-

78 2269 257 2386 ἶῖῗιιωῖιῗιῖζῗὶ
277 2297 330 2358 liri
351 2297 548 2374 perspicuum
570 2305 627 2371 est,
651 2296 704 2374 qui
726 2307 830 2359 vestro
856 2295 1027 2373 patrocinio

78 2377 258 2483 ξωῦὲξξξξᾞ
278 2397 311 2451 et
331 2389 514 2452 auctoritate
534 2397 654 2451 temere
676 2389 775 2464 abusi,
790 2389 975 2466 sacrilegum
992 2388 1026 2448 il-

80 2489 144 2548 puu.
277 2483 347 2545 lum
368 2483 557 2544 sacerdotem
579 2482 709 2544 nomine
730 2484 834 2556 Facea,
852 2481 886 2542 ad
903 2482 1027 2560 presby-

279 2585 397 2639 teratus
418 2575 559 2638 ordinem
582 2583 743 2654 promotus
759 2577 790 2638 in
805 2576 981 2647 schismate,
998 2582 1028 2636 et

278 2691 294 2733 a
316 2672 518 2735 schismaticis
540 2670 743 2750 episcopalem
765 2671 1027 2734 consecrationem

278 2773 527 2845 consequutum‚
558 2765 615 2826 sibl
643 2766 874 2827 constituerunt
906 2762 1027 2841 Episco-

279 2875 372 2938 pum,
395 2875 489 2937 quem
514 2867 678 2937 propterea
705 2866 789 2921 certo
817 2859 931 2919 scimus
959 2871 1027 2934 apo·

278 2951 380 3012 stolici
414 2952 583 3013 ministerii
608 2952 711 3014 divina
733 2969 837 3016 carere
868 2950 1026 3020 missione,

279 3061 376 3124 quem
401 3045 503 3106 omnis
529 3043 690 3120 legitimae
711 3045 900 3109 auctoritatis
921 3059 1028 3126 exper-

280 3149 367 3216 tem,
389 3155 483 3218 quem
509 3139 546 3201 ab
567 3139 699 3201 Ecclesia
726 3147 904 3218 extorrem,
935 3158 1029 3220 quem

279 3235 415 3312 denique
440 3250 456 3294 a
485 3231 572 3295 Sedis
604 3232 812 3311 apostolicae,
843 3251 920 3313 quae
942 3242 1028 3315 petra

278 3335 327 3390 est
354 3337 385 3390 et
412 3325 596 3389 christianae
617 3325 747 3388 unitatis
774 3327 1027 3404 tundamentum,

279 3429 366 3484 certo
387 3420 532 3481 novimus
553 3421 639 3481 omni
661 3436 726 3481 esse
748 3421 969 3483 communione
983 3439 1030 3484 se·

279 3515 435 3577 iunctum.
469 3513 584 3574 Annon
617 3511 714 3588 igitur
744 3514 896 3593 eiusmodi
930 3516 1028 3577 homi·

279 3623 356 3670 nem
377 3605 581 3669 commissum
601 3605 659 3666 sibi
685 3621 813 3684 gregem
842 3607 1028 3672 existimabi-

279 3719 352 3764 mus
384 3698 604 3778 proditurumt
625 3700 743 3761 Annon
765 3700 854 3764 illum
876 3702 912 3764 acl
937 3704 1029 3781 pesti·

280 3799 366 3861 ierae
390 3795 548 3857 doctrinae
570 3809 677 3870 pascua
700 3793 1029 3869 adducet,renenatis-

280 3909 344 3972 que
364 3889 461 3952 animi
488 3888 536 3950 sui
566 3888 708 3951 sensibus
737 3890 884 3954 imbibett
915 3895 1029 3956 hnnon

280 4001 375 4064 quam
406 3981 586 4058 longissime
626 3998 698 4044 ores
733 3984 846 4046 arcebit
882 3986 919 4048 ab
954 3985 1030 4048 ovili

282 4079 410 4154 Christi,
433 4079 512 4156 quod
536 4085 582 4139 est
603 4077 737 4139 Ecclesia
760 4093 832 4140 cum
854 4080 960 4159 Capite
973 4097 1029 4142 suo

280 4175 465 4237 coniuncta?
486 4169 563 4246 Quid
580 4170 632 4232 tali
647 4170 777 4234 homine
795 4172 960 4248 exitialius,
976 4177 1029 4252 qui

261 4261 436 4330 'summam
459 4264 619 4326 animabus
643 4264 700 4325 sibi
722 4265 906 4328 concreditis
926 4268 1031 4344 perni-

281 4362 363 4427 ciem
384 4359 510 4422 alterati
531 4357 639 4436 Neque
654 4361 738 4420 enim
754 4357 888 4422 dubitari
917 4370 1028 4440 potest,

282 4458 337 4536 qui
367 4463 454 4517 extra
486 4452 653 4514 Ecclesiam
680 4452 739 4527 sit,
761 4453 790 4513 ei
810 4469 897 4532 spem
923 4455 1030 4517 salutis

282 4565 411 4614 omnem
433 4563 499 4609 esse
520 4547 684 4608 ademtam.

105 4645 262 4745 irptuphdls·
322 4645 341 4721 ἓ
362 4643 392 4705 a.
414 4642 520 4718 ltaque
534 4640 655 4702 bomini
670 4648 775 4718 aperte
790 4641 983 4706 schismatico
999 4651 1030 4706 et

87 4704 262 4812 aa'ssfrl'i‘rgianssssi
283 4743 321 4804 ab
342 4737 475 4803 Ecclesia
504 4732 651 4796 catholica
672 4742 834 4810 segregato
856 4735 887 4798 in
916 4736 1029 4817 inclyta

88 4807 263 4906 {Psssfflalffifffi
282 4842 385 4898 restra
406 4831 625 4906 sanissimaque
647 4830 745 4907 patria
771 4834 873 4895 nostra
895 4834 920 4895 si
941 4836 1029 4914 spiri·

87 4912 263 5014 'rflrffi‘glssffi
284 4928 374 4991 tualis
402 4925 592 4988 Graecorum
620 4923 729 4985 tradita
759 4925 799 4986 sit
828 4927 1027 5005 gubernatio,

89 5019 196 5066 irrueretur,
282 5027 429 5101 quantam
441 5017 517 5080 inde
533 5017 664 5079 censetis
679 5017 713 5078 ad
725 5019 843 5080 animas
858 5020 925 5082 lesu
941 5023 1030 5084 Chri-

282 5116 321 5177 sti
343 5111 496 5190 sanguine
516 5112 690 5188 redemptas
718 5121 942 5189 perventuram
964 5132 1029 5178 esse

282 5205 471 5286 pernicieml
486 5203 654 5265 Prolanum
671 5205 757 5266 enim
772 5205 866 5268 altare
884 5209 1027 5287 erigitur,

282 5299 437 5361 dominico
459 5298 547 5374 gregi
573 5304 676 5376 pastor
697 5297 794 5360 immo
815 5300 921 5362 verius
943 5317 1028 5380 prae-

283 5393 386 5456 ficitur
407 5391 511 5471 lupus,
527 5407 599 5453 cum
615 5407 675 5469 quo
697 5392 835 5472 quisquis
856 5396 1030 5458 communi-

283 5494 343 5561 cet,
365 5493 395 5547 et
416 5485 455 5546 ab
469 5500 505 5546 eo
527 5484 709 5546 divinorum
731 5486 783 5547 irat
804 5487 956 5566 particeps
972 5490 1029 5549 mi·

282 5579 463 5654 steriorum,
480 5577 583 5638 arena
604 5576 672 5640 lesu
693 5578 810 5640 Christi
833 5579 964 5642 Ecclesia
978 5581 1030 5641 de-

283 5673 400 5745 sciscit,
431 5672 648 5749 unitatemque
678 5671 836 5750 abrumpit
864 5673 1029 5736 catholicae

284 5763 527 5826 communionis.
551 5764 680 5838 Quinam
697 5780 772 5826 vero
794 5765 949 5829 bonorum
964 5782 1028 5830 om·

285 5857 385 5934 nium,
401 5863 431 5920 et
453 5863 606 5936 quotquot
628 5858 729 5937 cupidi
751 5865 825 5921 sunt
847 5857 960 5921 Veneti
975 5860 1028 5922 bo·

285 5951 369 6013 noris
389 5959 421 6013 et
442 5949 612 6028 dignitatis,
634 5950 757 6014 iuturus
773 5958 818 6014 est
834 5953 933 6029 dolor,
957 5970 1029 6018 cum

1767 563 1807 632 99
1857 565 1910 620 An.
1925 569 1956 621 0.
1977 565 2045 620 liae

1080 706 1213 769 schisma
1236 707 1267 768 in
1290 707 1387 770 media
1417 707 1542 771 civitate
1569 710 1713 771 exultans
1742 709 1828 771 vide-

1082 799 1171 874 bunt,
1183 807 1215 860 et
1226 801 1362 876 gestiens
1377 801 1415 862 de
1435 802 1567 864 Ecclesia
1589 802 1737 864 catholica
1751 818 1827 881 quo-

1081 891 1245 956 dammodo
1266 894 1479 972 triumpharet

1121 986 1139 1060 ἓ
1159 984 1188 1046 6.
1212 985 1323 1048 Procul
1346 987 1444 1062 igitur
1463 987 1531 1048 sine
1552 988 1751 1050 cunctatione
1765 986 1826 1047 ulla
1871 995 1963 1039 vetera
1977 993 2050 1040 decre

1083 1077 1242 1140 bominem
1258 1079 1349 1140 istinc
1364 1079 1490 1155 abigite,
1506 1081 1559 1158 qui
1574 1081 1700 1156 signum
1715 1079 1827 1142 extulit
1846 1049 2060 1156 ssffiffissgffiffij

1081 1170 1258 1247 divisionis3
1282 1172 1498 1251 maiorumque
1513 1180 1690 1234 vestrorum
1706 1173 1826 1234 decreta
1845 1155 2059 1253 ffssffssggssqffl

1081 1263 1113 1324 in
1136 1265 1317 1326 memoriam
1350 1273 1486 1327 vestram
1508 1274 1662 1339 revocate,
1691 1279 1826 1342 quorum
1845 1259 2059 1360 {lagftgectggffi

1081 1355 1301 1418 decemvirales
1316 1358 1400 1435 leges
1415 1365 1482 1420 tum
1504 1366 1625 1421 veteres
1641 1366 1709 1420 tum
1723 1358 1826 1420 novis·
1845 1367 1868 1413 s.
1884 1368 1991 1424 secreti·

1080 1449 1177 1510 simae
1206 1450 1333 1526 iubent,
1357 1452 1390 1513 in
1413 1452 1539 1514 ecclesia
1568 1451 1600 1516 S.
1622 1452 1748 1528 Georgii
1769 1450 1826 1513 soli

1080 1542 1248 1605 catholicae
1268 1543 1424 1620 Religioni
1448 1544 1512 1608 dari
1539 1545 1656 1607 locum:
1680 1559 1828 1607 amoren-

1081 1636 1157 1697 dum
1179 1635 1328 1714 quidquid
1349 1639 1510 1714 religionis
1529 1647 1560 1701 et
1574 1640 1645 1702 fidei
1667 1639 1828 1716 integrita-

1082 1736 1145 1788 tem
1174 1730 1408 1809 castitatemque
1436 1732 1591 1795 maculare
1619 1734 1714 1812 possit
1736 1740 1829 1810 atque

1082 1820 1236 1898 polluere:
1256 1823 1528 1901 praedecessorum
1543 1833 1736 1901 nostrorum,
1749 1841 1827 1904 quae

1083 1915 1120 1976 de
1142 1914 1227 1976 illius
1255 1916 1399 1978 ecclesiae
1425 1916 1608 1981 fundatione
1631 1918 1827 1997 prodierunt,

1082 2008 1320 2070 constitutiones
1348 2019 1452 2073 sancte
1472 2014 1656 2090 servandas,
1682 2012 1830 2076 ecclesiae

1083 2101 1274 2181 cappellanus
1303 2120 1366 2166 non
1396 2105 1521 2168 aliunde
1547 2105 1714 2168 sumendos
1736 2121 1828 2184 quam

1084 2211 1122 2255 ex
1150 2195 1297 2258 catholica
1323 2196 1469 2272 Ecclesia,
1495 2206 1527 2260 et
1554 2198 1721 2260 catholicae
1748 2215 1831 2261 com-

1085 2289 1243 2349 munionis
1259 2290 1438 2368 participes:
1462 2292 1648 2369 eosdemque
1665 2307 1729 2352 non
1744 2293 1831 2370 prius

1084 2380 1120 2441 ad
1141 2397 1263 2442 sacrum
1285 2382 1496 2446 ministerium
1518 2383 1717 2460 adhibendos,
1737 2400 1830 2464 quam

1084 2472 1116 2533 in
1132 2474 1275 2536 manibus
1290 2477 1387 2537 nostri
1404 2483 1434 2539 et
1446 2475 1534 2539 Sedis
1544 2478 1736 2557 apostolicae
1750 2477 1829 2555 apud

1085 2575 1200 2628 vestras
1221 2568 1398 2631 nobilitates
1412 2569 1537 2646 Nuncii,
1554 2579 1607 2632 aut
1628 2571 1830 2634 lleuetiarum

1084 2659 1287 2737 Patriarchae,
1302 2663 1485 2725 catholicam
1500 2666 1593 2728 sulem
1609 2666 1827 2744 profiteantur:

1084 2753 1243 2833 pellendos
1265 2755 1400 2835 denique
1422 2773 1541 2833 omnes,
1556 2759 1586 2820 in
1602 2759 1715 2837 quibus
1730 2758 1831 2838 aliqua

1084 2847 1216 2927 suspicio
1242 2849 1414 2912 schismatis
1442 2851 1600 2913 resideret.
1634 2852 1703 2927 Has,
1727 2851 1831 2914 dilecti

1086 2939 1143 3000 dlii
1164 2940 1282 3002 nobiles
1304 2943 1375 3018 viri,
1398 2959 1480 3005 anno
1502 2959 1658 3006 noceam.-
1677 2944 1761 3022 leges
1783 2953 1831 3006 tu·

1085 3031 1174 3108 listis,
1184 3113 1187 3122 ι
1197 3034 1308 3112 quibus
1330 3051 1375 3108 ea,
1392 3052 1470 3114 quae
1484 3052 1539 3116 per
1554 3039 1614 3100 duo
1635 3039 1753 3100 saecula
1768 3053 1831 3100 sae·

1085 3142 1123 3206 pe
1144 3128 1275 3190 maiores
1304 3130 1398 3190 vestri
1423 3130 1672 3206 constituerunt,
1699 3133 1830 3211 sapienti

1085 3218 1291 3299 religiosoque
1305 3221 1434 3283 consilio
1448 3222 1663 3286 confirmastis.
1683 3224 1762 3287 Cum
1775 3226 1831 3301 igi-

1087 3321 1138 3374 tur
1159 3321 1284 3393 propter
1304 3321 1441 3376 vestram
1461 3316 1494 3377 in
1515 3317 1670 3381 veteribus
1691 3320 1831 3382 retinen-

1086 3405 1131 3467 dis
1162 3409 1444 3488 conservandisque
1473 3411 1625 3472 institutis
1651 3420 1683 3473 et
1711 3412 1831 3490 legibus

1086 3499 1269 3573 gravitatem
1298 3509 1391 3580 atque
1417 3503 1638 3579 constantiam,
1664 3505 1832 3585 Republica

1085 3591 1152 3652 sitis
1180 3593 1227 3653 usi
1254 3609 1353 3671 usque
1381 3594 1417 3656 ad
1443 3596 1521 3658 hanc
1549 3596 1631 3658 diem
1660 3599 1776 3676 optima
1801 3608 1832 3662 et

1086 3685 1321 3764 llorentissima;
1345 3704 1404 3766 qua
1416 3690 1546 3766 ratione,
1564 3691 1616 3753 ubi
1638 3693 1676 3754 de
1696 3692 1833 3770 Religio-

1087 3793 1125 3840 ne
1143 3779 1257 3854 agitur,
1269 3781 1320 3841 cui
1334 3782 1433 3844 veluti
1448 3784 1612 3862 praecipuo
1627 3783 1831 3848 fundamento

1086 3872 1183 3951 ipsam
1205 3875 1388 3936 existimatis
1409 3879 1539 3955 positam
1565 3894 1631 3940 esse
1651 3879 1832 3942 stabilitam·

1085 3979 1147 4042 que
1173 3964 1424 4045 liempublicam,
1447 3969 1484 4030 ab
1510 3969 1647 4048 antiquis
1678 3972 1832 4034 maiorum

1086 4065 1263 4120 vestrorum
1284 4061 1368 4124 scitis
1382 4063 1577 4143 decretisque
1599 4065 1684 4127 vobis
1706 4065 1748 4126 ias
1765 4083 1832 4128 esse

1086 4152 1302 4214 existimabitis
1323 4153 1497 4216 declinaret
1518 4156 1577 4220 Sed
1605 4167 1639 4220 ut
1660 4175 1715 4236 per
1736 4175 1831 4223 renas

1086 4253 1214 4320 vestras,
1238 4262 1332 4325 quem
1353 4263 1369 4308 a
1391 4249 1559 4311 maioribus
1582 4252 1725 4329 duxistis,
1747 4254 1830 4316 idem

1085 4343 1211 4419 sanguis
1241 4341 1446 4417 diffunditur,
1473 4346 1515 4408 sic
1546 4345 1673 4409 illorum
1702 4349 1831 4427 spiritus

1085 4437 1271 4515 eosdemque
1292 4453 1400 4499 sensus
1422 4454 1532 4501 omnes
1553 4450 1699 4518 putamus
1721 4461 1774 4505 ros
1796 4447 1829 4508 in

1086 4533 1190 4592 animo
1218 4545 1344 4608 gerere,
1373 4547 1429 4593 nec
1455 4531 1599 4596 laturum
1623 4537 1829 4615 suspicamur,

1086 4631 1121 4686 ut
1142 4623 1179 4685 ab
1199 4625 1234 4684 ea
1256 4625 1315 4699 ria,
1338 4642 1398 4704 qua
1422 4625 1469 4687 illi
1490 4629 1526 4688 ad
1556 4635 1670 4691 tantam
1699 4632 1831 4708 gloriam
1916 4661 1918 4666 v

1086 4716 1830 4804 etamplitudinemperrenerunt,ullounquam

1086 4821 1227 4893 tempore
1247 4829 1301 4875 ros
1323 4814 1480 4876 reilexisse
1507 4815 1686 4878 videamini.
1715 4821 1830 4882 Contra

1084 4924 1209 4987 sperare
1229 4922 1285 4968 nos
1300 4909 1386 4971 iubet
1408 4913 1529 4993 pietatis
1545 4921 1576 4974 et
1596 4914 1755 4993 religionis
1766 4925 1830 4979 stu·

1085 5015 1183 5088 dium,
1206 5025 1267 5089 quo
1289 5007 1343 5068 alti
1365 5009 1548 5088 educatique
1569 5010 1642 5071 estis
1664 5027 1730 5088 ros,
1747 5013 1829 5076 utin

1085 5107 1197 5169 ceteris
1220 5107 1260 5170 ila
1282 5103 1314 5164 in
1337 5102 1392 5166 hae
1412 5118 1447 5163 re
1468 5114 1647 5169 vestrorum
1674 5119 1829 5182 matorum

1085 5221 1245 5287 pressuros
1267 5221 1334 5267 esse
1354 5206 1493 5282 uestigia.

1124 5299 1193 5375 §E
1219 5300 1366 5362 Ceterum
1397 5301 1466 5378 quis
1494 5312 1574 5365 esset
1603 5305 1699 5368 animi
1732 5313 1830 5375 nostri
1877 5313 1963 5378 ‚suum
1981 5317 2063 5374 expar-

1084 5393 1183 5468 dolor,
1206 5395 1231 5456 si
1253 5411 1302 5456 res
1324 5411 1360 5456 co
1381 5396 1599 5473 deduceretur,
1616 5408 1651 5461 ut
1672 5405 1831 5481 apostolici
1848 5369 2061 5476 ἷιῃιῖἷιιιοῖῦιιοιῖωιῖἰ

1085 5488 1182 5549 nostri
1199 5489 1340 5550 muneris
1355 5504 1539 5564 cogeremur
1554 5493 1665 5571 exequi
1680 5496 1828 5578 cilicium,
1848 5474 2062 5587 fflpffgfifflgss

1084 5581 1172 5643 culus
1187 5589 1288 5660 partes
1302 5589 1375 5644 sunt
1391 5582 1533 5661 pestilera
1552 5601 1660 5664 pascua
1675 5591 1763 5666 gregi
1779 5594 1829 5655 de·
1848 5580 1928 5681 ,Sfflg
1944 5585 2062 5683 afflig:

1085 5673 1224 5748 tendere,
1247 5684 1278 5736 et
1299 5674 1380 5736 bene
1407 5675 1546 5739 valentes
1574 5695 1645 5741 ores
1668 5690 1698 5743 et
1723 5701 1831 5749 corru-
1847 5699 1907 5736 nara
1921 5647 2060 5746 cogaacfur.

1085 5775 1151 5846 ptas
1172 5784 1188 5828 a
1210 5767 1358 5830 morbidis
1388 5783 1563 5847 segregare,
1587 5782 1622 5835 ut
1643 5791 1722 5854 quae
1743 5787 1830 5842 extra

1085 5859 1201 5922 caulam
1223 5861 1360 5937 Domini,
1383 5871 1414 5923 et
1434 5880 1513 5941 quae
1533 5873 1640 5927 contra
1661 5869 1724 5933 sint
1747 5871 1830 5934 intra

1084 5954 1237 6018 Ecclesiae
1258 5962 1354 6034 septa,
1370 5955 1471 6034 quiris
1486 5973 1579 6036 quam
1601 5958 1749 6026 facillime
1763 5981 1831 6048 pos-
