4776 6974
324 539 424 608 auc.
446 541 514 608 mad
564 537 623 615 add

543 689 681 752 minibus
695 701 889 768 quacumque
900 686 1108 750 calumniandi
1120 685 1287 756 occasione,

541 784 611 862 quis
625 783 817 858 inveniatur,
833 782 881 844 cui
896 788 1074 844 nostrarum
1089 779 1288 858 querelarum

542 875 655 937 iustitia
677 891 740 937 non
763 881 861 954 pateat
882 883 975 952 atque
996 873 1178 936 innotescat.

574 968 599 1042 -ἓ
620 969 649 1030 2.
666 967 752 1032 Dicet
766 967 894 1029 fortasse
908 966 1030 1044 aliquiS,
1043 980 1100 1027 nos
1113 965 1213 1041 capite
1224 963 1287 1036 lll.,

540 1056 1288 1137 91001,ἓὲ11,10,0.11.,5601011105

539 1163 622 1218 recte
636 1153 814 1227 affirmasse,
828 1151 963 1215 tribuual
978 1148 1155 1214 officialatus
1169 1163 1288 1211 novum

540 1265 605 1310 esse
632 1246 780 1320 tribunal,
803 1245 839 1306 ad
860 1243 1111 1308 commissionem
1137 1241 1288 1318 cognitio-

540 1355 677 1418 nemque
698 1352 860 1402 causarum
880 1336 1083 1399 nunciaturae
1103 1333 1235 1413 Sedique
1250 1333 1290 1394 Α·

539 1433 703 1512 postolicae
734 1429 934 1494 auferendam
965 1444 1028 1491 non
1059 1428 1144 1508 prius
1166 1426 1289 1489 institu-

540 1533 619 1602 tum,
648 1541 740 1603 quam
763 1524 820 1586 tihi
847 1523 906 1585 luit
934 1522 1115 1584 mandatum
1144 1519 1295 1596 generale

539 1620 739 1694 denegatum,
761 1617 843 1696 quod
866 1616 898 1678 in
921 1615 1036 1676 iudices
1050 1611 1289 1692 pro-synodales

538 1727 595 1788 per
617 1719 646 1774 te
667 1709 843 1772 nominatos
864 1707 998 1770 conierri
1020 1705 1139 1768 anobis
1153 1704 1286 1783 optabas.

537 1803 792 1881 Quandoquidem
821 1801 936 1864 multos
964 1806 1037 1862 ante
1067 1813 1164 1859 annos
1185 1799 1289 1858 aderat

538 1899 599 1958 iam
630 1892 885 1974 archiepiscopale
919 1891 1099 1955 officialatus
1131 1890 1287 1965 tribunal,

537 1991 619 2067 quod
641 1990 702 2050 iam
725 1988 797 2050 inde
817 2003 833 2046 a
851 2001 924 2048 suae
939 1983 1147 2048 institutionis
1162 1981 1288 2044 exordio

538 2099 602 2144 non
624 2098 662 2142 ex
679 2079 802 2144 olliciali
818 2085 952 2154 tantum,
967 2079 1019 2140 sed
1035 2077 1229 2155 expluribus
1244 2091 1289 2136 as-

537 2174 705 2238 sessoribus
727 2172 912 2236 coalescebat
933 2171 1046 2250 partim
1066 2170 1158 2246 laicis,
1175 2169 1288 2249 partim

537 2267 760 2342 ecclesiasticis,
782 2268 927 2344 quodque
947 2265 984 2328 ad
1006 2264 1104 2326 instar
1125 2261 1288 2325 tribunalis

538 2363 626 2424 mixti
650 2369 712 2422 taut
740 2375 844 2422 causas
870 2356 976 2420 civiles
1003 2357 1206 2434 cognoscebat
1227 2356 1288 2418 ele-

536 2454 660 2518 ctoralis
671 2453 859 2532 principatus
873 2467 913 2513 ex
927 2452 1059 2530 quadam
1072 2450 1196 2512 unionis
1207 2450 1288 2512 Rhe·

536 2563 635 2610 nanae
655 2545 888 2619 constitutione,
908 2558 1002 2622 quam
1022 2559 1126 2606 causas
1146 2543 1287 2604 ecclesia·

535 2641 626 2704 sticas
648 2648 716 2702 tum
737 2637 883 2700 dioecesis
900 2636 1104 2710 coloniensis,
1122 2646 1190 2698 tum
1204 2637 1286 2698 dioe-

537 2749 642 2797 cesum
663 2731 940 2808 suffraganearum.

576 2829 595 2904 ἓ
617 2829 646 2889 3.
670 2824 789 2887 lerum
810 2825 836 2884 si
863 2823 938 2885 haec
966 2823 1055 2886 nobis
1077 2830 1284 2902 opponantur,

536 2921 616 2985 lacili
637 2935 734 2998 aeque
755 2925 786 2980 et
807 2917 966 2996 perspicua
992 2924 1140 2994 poterunt
1159 2931 1286 2995 respon·

535 3015 622 3078 sione
643 3012 755 3076 relelli.
779 3011 915 3089 Antiqua
937 3010 1022 3072 enim
1047 3008 1209 3072 tribunalis
1228 3011 1285 3070 hu-

537 3109 584 3171 ius
606 3106 761 3169 institutio
783 3104 855 3165 satis
876 3103 1010 3165 minime
1030 3103 1127 3164 estad
1143 3117 1210 3164 eam
1226 3102 1285 3164 dis-

536 3201 712 3280 pellendam
734 3197 918 3272 novitatem,
941 3211 1035 3275 quam
1057 3204 1102 3271 tu,
1122 3211 1140 3258 e
1160 3211 1213 3273 spe
1234 3196 1284 3258 de·

536 3297 632 3357 iectus
662 3291 851 3372 impetrandi
882 3289 1016 3352 mandati
1049 3288 1219 3366 generalis,
1253 3289 1285 3350 in

536 3388 619 3451 idem
641 3384 777 3448 tribunal
799 3389 941 3446 recenter
968 3381 1102 3444 intulisti
1123 3383 1284 3444 communi

536 3481 591 3543 illo
612 3482 737 3543 decreto
752 3475 812 3540 diei
828 3491 886 3538 xu.
904 3475 1035 3538 ianuarii
1050 3491 1283 3551 uncctxxxvx,

536 3583 568 3636 et
588 3572 639 3635 illa
669 3571 863 3634 ordinatione
890 3568 951 3631 diei
980 3583 1073 3630 xxm.
1105 3570 1285 3632 novembris

536 3680 766 3729 xncccxxxvu.
790 3663 935 3737 Quinimo
956 3663 981 3724 si
1004 3664 1086 3724 nuda
1106 3671 1137 3724 et
1153 3663 1286 3740 simplex

535 3761 718 3822 instituatur
746 3756 933 3835 comparatio
955 3756 1038 3818 inter
1065 3755 1230 3834 antiquum
1254 3765 1285 3816 et

534 3862 730 3932 praesentem
753 3849 916 3912 tribunalis
936 3857 1065 3924 statum,
1088 3851 1171 3911 inter
1191 3847 1284 3910 lacul-

535 3953 613 4009 tates
633 3945 779 4025 primitus
799 3945 882 4005 datas
897 3951 927 4004 et
942 3943 1099 4005 recentius
1113 3942 1283 4018 adiunctas,

534 4041 617 4102 inter
647 4037 839 4101 curriculum
868 4035 945 4098 illud
974 4037 1175 4111 iudiciorum,
1203 4038 1283 4114 quod

535 4133 754 4196 ecclesiasticae
787 4145 892 4192 causae
928 4128 1004 4192 olim
1039 4129 1283 4208 percurrebant,

534 4226 679 4307 quodque
709 4224 800 4287 bodie
831 4224 1038 4300 emetiamur,
1068 4223 1200 4301 quilibet
1226 4223 1284 4284 sibi

534 4319 741 4397 persuadebit,
764 4319 832 4380 iure
853 4335 887 4381 ac
908 4319 1021 4381 merito
1050 4333 1169 4380 novum
1191 4317 1285 4379 fuisse

534 4428 550 4473 a
572 4411 661 4475 nobis
678 4409 866 4490 appellatum
881 4412 938 4473 hoc
953 4409 1131 4473 odicialatus
1146 4410 1284 4473 tribunal

534 4507 567 4567 in
590 4505 687 4584 prima
708 4512 740 4567 et
767 4503 900 4567 secunda
930 4504 1089 4579 instantia,
1112 4502 1284 4584 dequibus

533 4597 613 4661 illud
633 4597 709 4675 agit,
731 4605 762 4660 et
782 4612 838 4677 pro
860 4613 940 4660 nova
961 4597 1076 4675 pariter
1089 4596 1184 4660 luisse
1199 4599 1282 4660 habi-

535 4701 597 4754 tam
618 4709 634 4752 a
656 4691 742 4754 nobis
772 4691 862 4754 aliam
890 4691 1029 4754 iudicum
1058 4693 1283 4760 commissario-

534 4801 606 4848 rum
627 4785 869 4859 iustitutionem,
900 4785 950 4846 abs
973 4793 1003 4847 te
1023 4786 1056 4848 in
1085 4788 1182 4863 gradu
1203 4787 1284 4850 revi-

533 4879 628 4941 sionis
656 4877 900 4955 delegendorum
930 4894 985 4958 pro
1007 4882 1097 4942 tertia
1118 4887 1150 4942 et
1172 4882 1283 4944 ultima

533 4971 692 5034 instantia.

572 5067 642 5142 §h
666 5066 785 5130 iunctas
807 5067 830 5131 it
852 5084 957 5150 nemo,
980 5069 1121 5134 extitisse
1135 5071 1210 5134 olim
1226 5073 1283 5136 do-

532 5161 633 5225 louiae
655 5162 793 5224 tribunal
813 5164 1070 5244 archiepiscopale
1085 5167 1279 5232 officialatus:

531 5257 584 5319 sed
606 5263 681 5318 tunc
703 5272 784 5319 unus
806 5256 1025 5321 ecclesiasticus
1046 5261 1182 5324 officialis
1203 5262 1282 5326 iudi·

531 5349 615 5412 cium
637 5348 769 5427 terebat3
792 5351 902 5413 caeteri
926 5352 1012 5414 enim
1032 5369 1140 5416 omnes
1155 5370 1281 5417 assesso·

532 5457 603 5504 rum
624 5442 726 5504 locum
749 5447 898 5508 tenebant
918 5461 990 5508 cum
1006 5455 1078 5510 voto
1093 5449 1278 5511 consultivo.

531 5533 609 5595 Huic
629 5543 735 5596 autem
757 5536 906 5600 tribunali
921 5553 980 5602 una
996 5547 1120 5604 tantum
1135 5541 1280 5604 instantia

531 5635 596 5690 erat
619 5637 680 5690 tam
695 5629 728 5692 in
743 5632 842 5692 causis
856 5631 999 5695 civilibus
1014 5649 1136 5709 eorum,
1151 5635 1206 5712 qui
1221 5635 1280 5697 ele·

531 5721 625 5782 ctoris
646 5721 756 5784 ditioni
776 5724 999 5801 subdebantur,
1022 5741 1115 5805 quam
1135 5727 1169 5788 in
1183 5729 1281 5790 causis

530 5813 740 5877 ecclesiasticis
755 5815 902 5879 dioecesis
918 5817 1122 5894 coloniensis,
1135 5819 1282 5882 aliarum-

530 5921 590 6003 que
613 5907 789 5974 dioecesum
810 5909 1088 5992 suffraganearum,
1104 5913 1146 5975 ita
1168 5919 1203 5974 ut
1224 5913 1278 5994 qui

1068 555 1132 612 ibn.
1157 559 1248 612 nour.
1272 554 1313 610 nh·
1335 558 1363 610 r.
1387 559 1416 612 r.
1442 561 1525 612 rans
1546 555 1569 610 t.

1345 700 1361 744 a
1382 684 1546 746 sententiis
1567 683 1777 746 ecclesiasticis
1800 680 1928 746 huiusce
1948 683 2099 762 archiepi-

1345 778 1472 858 scopalis
1502 776 1663 840 tribunalis
1694 777 1890 857 provocabat,
1914 777 2039 840 nonnisi
2060 776 2097 836 ad

1346 870 1502 933 Nuncium
1524 879 1576 933 aut
1598 871 1633 932 ad
1656 870 1863 948 Apostolicam
1893 869 2004 934 Sedem
2025 885 2098 948 pro-

1345 970 1479 1027 vocaret.
1504 964 1622 1026 Placuit
1648 965 1775 1027 electori
1802 963 2009 1026 Maximiliano
2030 963 2097 1026 Fri-

1345 1057 1460 1130 derico,
1482 1063 1640 1136 tamquam
1667 1056 1724 1119 loci
1746 1056 1888 1136 principi,
1904 1057 1963 1118 sub
1977 1071 2097 1119 annum

1345 1165 1518 1213 uncctxvr.
1548 1148 1734 1212 iudiciorum
1765 1149 1896 1212 lormam
1918 1149 2097 1228 aliquantis-

1346 1259 1402 1322 per
1423 1244 1592 1305 immutare
1611 1241 1710 1320 quoad
1732 1258 1834 1305 causas
1855 1242 1962 1305 civiles
1982 1249 2013 1304 et
2028 1259 2098 1321 pro-

1345 1335 1441 1411 ianas,
1464 1335 1647 1413 iussumque
1669 1334 1705 1395 ab
1726 1349 1763 1396 ec
1777 1335 1848 1410 luit,
1865 1340 1900 1396 ut
1915 1350 1971 1412 per
1985 1335 2097 1396 cilicia-

1346 1427 1408 1490 lem
1429 1445 1537 1493 causae
1566 1427 1744 1491 huiusmodi
1767 1427 1799 1488 in
1821 1427 1921 1506 prima
1951 1429 2097 1490 instantia

1346 1521 1401 1585 uni
1423 1537 1462 1584 ex
1479 1521 1681 1584 assessoribus
1696 1521 1982 1594 committerentur,
1999 1529 2097 1598 utque

1345 1631 1361 1674 a
1382 1614 1537 1676 sententia
1558 1614 1651 1676 huius
1672 1614 1832 1676 assessoris
1846 1612 1979 1692 delegati
1994 1615 2096 1692 quivis

1346 1717 1448 1787 posset
1468 1712 1504 1772 ad
1526 1709 1688 1772 officialem
1711 1710 1812 1789 ipsum
1834 1709 2031 1786 delegantem
2045 1725 2096 1788 ap-

1345 1802 1470 1881 pellare.
1495 1803 1554 1866 Sed
1584 1819 1685 1882 neque
1714 1803 1942 1866 maximilianus
1963 1803 2095 1866 Frideri-

1345 1913 1399 1957 cus
1419 1895 1548 1971 elector,
1571 1910 1674 1975 neque
1703 1895 1787 1958 ullus
1809 1912 1847 1958 ex
1873 1897 1938 1958 suis
1959 1897 2096 1960 decessc

1345 1988 1431 2052 ribus
1452 1989 1599 2065 cogitavit
1621 2005 1760 2067 unquam
1782 1988 1820 2051 de
1834 1981 2020 2053 iudiciorum
2035 1991 2096 2053 lor-

1345 2097 1394 2142 ma
1417 2081 1449 2142 in
1472 2082 1569 2144 causis
1591 2081 1802 2146 ecclesiasticis
1823 2082 2027 2160 immutanda,
2043 2093 2095 2148 aut

1345 2174 1727 2238 noviscommissionthus
1752 2175 1893 2251 invectis,
1916 2183 1969 2239 aut
1989 2178 2095 2239 multi·

1344 2265 1464 2345 plicatis
1485 2266 1649 2330 instantiis.
1674 2267 1803 2331 Minime
1824 2271 1909 2332 enim
1930 2270 1987 2349 ipsi
2007 2273 2095 2348 iquo-

1344 2359 1464 2436 rabant,
1486 2377 1578 2424 suum
1601 2361 1739 2440 ipsorum
1762 2363 1910 2439 tribunal,
1925 2371 1989 2427 tam
2002 2366 2027 2427 si
2042 2381 2094 2429 au·

1343 2453 1486 2516 ctoritate
1506 2453 1659 2518 ordinaria
1681 2461 1825 2517 uteretur
1840 2455 1873 2517 in
1888 2459 1985 2518 causis
2000 2459 2094 2522 eccle·

1343 2546 1471 2608 siasticis
1491 2547 1744 2609 dioecesanorum
1778 2548 1896 2627 primae
1917 2550 2092 2627 instantiae,

1343 2655 1436 2718 quam
1456 2639 1483 2701 si
1498 2641 1714 2702 auctoritatem
1730 2642 1992 2721 metropoliticam
2006 2658 2095 2706 exer-

1343 2741 1427 2794 ceret
1449 2733 1481 2793 in
1504 2733 1602 2796 causis
1624 2733 1744 2810 iisdem,
1767 2751 1783 2795 a
1803 2736 1868 2798 suis
1892 2735 2094 2815 suffraganeis

1342 2825 1404 2887 iam
1426 2826 1572 2903 delinitis,
1590 2842 1684 2890 unam
1707 2834 1831 2892 tantum
1846 2829 2027 2894 instantiam
2041 2832 2093 2894 ba·

1343 2919 1415 2982 bere
1437 2919 1522 2981 iuxta
1554 2936 1687 2983 canones
1714 2939 1817 3002 posse;
1847 2923 1903 2987 bac
1924 2925 2010 2987 enim
2031 2942 2094 2988 una

1342 3011 1489 3074 instantia
1520 3012 1670 3090 absoluta,
1700 3016 1848 3092 sciebant,
1877 3017 2094 3082 ecclesiasticas

1341 3123 1445 3170 causas
1460 3108 1495 3169 ad
1512 3107 1646 3170 iudicem
1659 3111 1863 3188 superiorem,
1877 3112 1957 3174 idest
1968 3111 2003 3175 ad
2015 3112 2093 3176 Pon·

1342 3201 1455 3264 titicem
1473 3200 1653 3277 Summum,
1666 3201 1778 3266 deterri
1794 3206 1923 3268 omnino
1937 3215 2091 3284 oportere.

1383 3296 1401 3371 ἓ
1423 3295 1452 3358 5.
1478 3296 1557 3358 ilinc
1586 3295 1665 3359 nihil
1686 3295 1746 3359 luit
1767 3314 1905 3377 unquam
1932 3301 2008 3362 adeo
2028 3317 2093 3364 cer-

1343 3397 1422 3465 tum,
1446 3397 1477 3452 et
1499 3391 1694 3454 huiuscemet
1722 3391 1885 3455 tribunalis
1915 3394 2093 3458 officialatus

1342 3481 1537 3545 observantia
1559 3483 1730 3560 firmatum,
1753 3500 1847 3563 quam
1869 3517 1906 3532 -
1928 3485 2092 3551 officialem

1342 3577 1481 3639 eiusdem
1513 3577 1616 3638 ctariae
1647 3577 1679 3640 in
1700 3579 1798 3640 causis
1828 3579 2038 3644 ecclesiasticis
2058 3582 2092 3646 in

1342 3670 1440 3748 prima
1469 3669 1616 3733 instantia
1645 3674 1897 3738 commissionem
1928 3694 2092 3758 nunquam

1341 3762 1521 3839 decernere,
1545 3764 1645 3826 multo
1668 3765 1772 3828 miuus
1793 3769 1927 3846 easdem,
1942 3771 1967 3832 si
1989 3771 2092 3851 appel-

1341 3857 1436 3932 letur,
1470 3865 1538 3937 post
1571 3858 1757 3921 decisionem
1789 3877 1805 3921 a
1833 3878 1866 3924 se
1892 3862 2011 3940 iactam,
2040 3863 2092 3928 vel

1340 3952 1444 4030 ipsum
1463 3953 1700 4017 serenissimum
1716 3955 1988 4035 Archiepiscopum
2004 3958 2092 4021 Golo-

1341 4046 1482 4108 niensem
1516 4047 1678 4110 domiuum
1713 4057 1856 4111 nostrum
1887 4050 2093 4114 clementissi-

1341 4155 1428 4203 mum
1449 4141 1658 4216 committere,
1680 4141 1731 4203 sed
1747 4141 1870 4204 easdem
1885 4143 2093 4209 indistinctim

1341 4249 1448 4296 omnes
1471 4235 1501 4295 in
1525 4236 1621 4312 gradu
1643 4233 1857 4313 appellationis
1872 4225 1923 4300 rel
1938 4238 1973 4300 ad
1989 4237 2020 4301 S.
2038 4239 2091 4302 Se·

1340 4325 1412 4388 dem
1433 4327 1653 4406 Apostolicam,
1676 4328 1726 4390 vel
1746 4331 1783 4392 ad
1797 4347 1914 4394 sacram
1930 4332 2092 4396 nuntiatu-

1341 4435 1407 4481 ram
1423 4420 1644 4482 coloniensem
1659 4421 1767 4498 libere,
1782 4432 1813 4486 et
1827 4424 1942 4503 absque
1956 4424 2021 4488 ullo
2035 4426 2093 4487 im-

1340 4511 1535 4590 pedimento,
1568 4521 1745 4577 constanter
1776 4515 1900 4578 devolvi
1920 4551 1970 4593 -,
1993 4519 2091 4582 veluti

1340 4623 1422 4670 anuo
1448 4623 1611 4671 unccnvn.
1635 4611 1738 4672 testati
1760 4610 1998 4690 locupletissime
2018 4621 2092 4675 sunt

1339 4713 1553 4782 procuratores
1574 4710 1605 4766 et
1621 4705 1733 4767 notarii
1749 4705 1843 4783 ipsius
1857 4707 1962 4769 curiae
1975 4707 2092 4770 archie-

1340 4796 1511 4877 piscopalis,
1531 4813 1664 4876 quorum
1686 4799 1780 4861 verba
1796 4798 1828 4860 in
1843 4807 1949 4862 nostra
1965 4814 2091 4878 respon·

1339 4891 1426 4953 sione
1447 4891 1509 4952 iam
1531 4889 1672 4954 dedimus
1692 4906 1755 4969 cap.
1780 4889 1846 4967 Vh,
1868 4893 1888 4968 ἓ
1909 4892 1957 4954 57.

1379 4982 1448 5058 §o
1473 4982 1625 5045 Pristinus
1648 4984 1751 5061 itaque
1775 4984 1905 5047 huiusce
1927 4986 2091 5050 tribunalis

1338 5083 1436 5139 status
1469 5082 1533 5138 erat
1566 5076 1718 5140 Ecclesiae
1748 5076 1810 5154 legi
1836 5085 1867 5138 et
1895 5077 2091 5146 facultatibus

1339 5175 1408 5232 tum
1423 5169 1598 5244 ordinariis,
1616 5176 1685 5232 tum
1699 5169 1946 5249 metropoliticis,
1962 5188 2092 5236 consen·

1339 5268 1465 5337 taneus3
1489 5261 1631 5342 nihilque
1653 5276 1778 5339 prorsus
1792 5261 1972 5326 detrahebat
1986 5265 2024 5328 de
2037 5283 2087 5329 su·

1339 5369 1442 5433 prema
1465 5353 1497 5417 S.
1519 5353 1604 5418 Sedis
1627 5363 1658 5417 et
1672 5353 1865 5432 apostoticae
1879 5354 2090 5420 Nuntiaturae

1338 5447 1531 5510 auctoritate.
1557 5447 1616 5510 Sed
1638 5446 1674 5511 ab
1696 5445 1750 5508 illo
1764 5461 1910 5525 praesens
1927 5449 2090 5512 tribunalis

1337 5546 1434 5602 status
1466 5541 1699 5619 quammaxime
1732 5539 1851 5618 dihert3
1881 5542 1979 5604 semel
2000 5560 2034 5605 ac
2055 5551 2089 5606 tu

1337 5634 1531 5696 ordinatione
1552 5633 1603 5696 illa
1625 5639 1677 5696 tua
1706 5642 1825 5714 praeter
1854 5649 1935 5696 nova
1956 5638 2091 5700 monito-

1338 5725 1393 5802 ria,
1415 5735 1538 5804 praeter
1568 5742 1682 5788 novant
1710 5726 1936 5803 cancellariam,
1964 5735 1998 5790 et
2018 5729 2086 5806 alia,

1337 5835 1415 5900 quae
1436 5820 1632 5882 immutatam
1647 5820 1692 5882 rei
1707 5819 1840 5883 lormam
1855 5821 2035 5898 ostendunt,
2051 5826 2087 5886 ad

1338 5912 1587 5993 multiplicandas
1608 5913 1772 5976 instantias
1797 5914 1913 5978 iussisti
1933 5916 2003 5980 sine
2023 5916 2089 5982 ullo

2130 545 2193 600 An.
2211 541 2249 596 0.
2274 531 2351 592 1790
