4754 6966
356 493 653 619 mmmma

577 701 729 769 ramento,
741 696 976 760 confirmatione
987 698 1159 776 apostolica,
1176 699 1225 761 vel
1246 713 1318 777 qua·

576 788 623 850 vis
644 789 789 852 firmitate
809 791 865 852 alia
880 791 1040 867 roboratis,
1055 793 1176 856 statutIs
1196 801 1227 854 et
1246 808 1318 854 con-

576 882 808 960 suetudinibus,
831 884 1003 964 privilegiis
1023 900 1149 964 quoque
1175 884 1316 960 indultis,

575 979 607 1034 et
629 973 739 1036 litteris
759 977 931 1053 apostolicis
947 978 1157 1056 superioribus
1171 985 1202 1040 et
1216 993 1318 1056 perso·

577 1065 626 1128 nis
646 1068 704 1129 sub
717 1069 964 1150 quibuscumque
980 1074 1139 1136 tenoribus
1152 1081 1184 1135 ei
1198 1074 1317 1150 ior-mis,

576 1174 609 1221 ac
623 1177 694 1223 cum
705 1161 865 1240 quibusvis
880 1165 972 1229 etiam
987 1167 1252 1244 derogatoriarum
1267 1171 1317 1232 de·

577 1254 749 1330 negatoris,
764 1255 892 1412 *isque
906 1259 1135 1336 efficacioribus,
1152 1261 1319 1324 efficacissi-

577 1347 646 1422 mis,
668 1364 701 1410 aa
720 1349 787 1412 insa
802 1349 851 1412 itis
871 1352 1028 1431 clausulis,
1050 1355 1317 1434 irritantibusqoe,

576 1449 607 1502 et
627 1439 694 1504 aliis
714 1443 843 1507 decretis
865 1445 897 1508 in
913 1462 1028 1524 genere
1043 1449 1092 1510 vel
1112 1451 1144 1510 in
1159 1449 1270 1526 specie,
1286 1464 1319 1511 ac

576 1533 642 1596 aliis
662 1536 696 1597 in
710 1539 899 1602 contrarium
914 1542 1145 1619 quomodolibet
1156 1543 1317 1620 concessis,

576 1629 747 1706 approbatis
772 1639 803 1694 et
833 1633 997 1696 innovatis.
1031 1635 1147 1710 Quibus
1174 1635 1319 1698 omnibus

577 1730 608 1784 et
635 1722 766 1800 singuiis
794 1726 921 1790 illorum
950 1735 1074 1792 tenores
1105 1729 1340 1808 praesentibus·

577 1830 632 1892 pro
659 1815 750 1894 plene
775 1827 806 1881 et
831 1820 1021 1884 sufficienter
1049 1823 1255 1900 expressisse
1281 1820 1318 1882 de

577 1907 673 1970 verbo
700 1909 736 1970 ad
764 1913 897 1975 verbum
919 1913 1043 1978 insertis
1071 1917 1230 1992 babentes,
1259 1917 1319 1979 illls

576 1999 649 2062 alias
670 2000 704 2063 in
724 2019 780 2066 suo
802 2005 912 2068 robore
932 2009 1153 2086 permansuris,
1175 2009 1211 2072 ad
1232 2025 1320 2088 prae-

577 2093 744 2158 missorum
773 2095 938 2178 ellectum,
968 2103 1024 2164 bac
1056 2102 1124 2164 vice
1145 2103 1317 2177 dumtaxat,

576 2186 750 2265 specialiter
769 2197 801 2252 et
828 2207 970 2270 expresse
999 2193 1199 2272 derogamus,
1222 2202 1319 2258 caete-

577 2279 682 2358 risque
703 2284 865 2346 contrariis
887 2286 1144 2367 quibuscumque.

361 2387 560 2452 1111111001-
617 2376 636 2449 ἓ
656 2373 684 2436 7.
702 2376 878 2454 Caeterum,
895 2395 950 2456 per
962 2389 1137 2457 praesentes
1152 2382 1223 2444 alias
1236 2402 1253 2445 a
1265 2381 1317 2445 lel.

347 2451 560 2558 ἧξεξξοέοξῗηξζ
578 2483 638 2529 rec.
651 2468 812 2533 Clemente
833 2473 909 2550 Papa
931 2474 995 2536 xit.
1016 2475 1247 2552 praedecessore
1267 2495 1321 2540 no·

341 2547 694 2651 ·},¹‘0³1⁰,¹m',²,⁴{{2'‚}¹1¹}¹8l1'0in
716 2566 809 2627 simili
835 2566 933 2630 iorma
962 2570 1064 2633 brevis
1085 2571 1134 2633 die
1164 2588 1242 2634 11111.
1267 2591 1321 2636 no-

578 2657 713 2720 vembris
729 2675 914 2723 unccxxxv.
932 2665 1087 2741 expeditas
1102 2665 1205 2728 literas
1220 2666 1320 2728 eidem

576 2753 808 2828 congregationi
819 2755 877 2817 sub
889 2759 1119 2836 nuncupatione
1131 2765 1234 2821 tamen
1251 2777 1322 2824 con-

576 2845 764 2920 gregationis
778 2850 903 2910 oratorii
919 2850 1021 2913 Sancti
1036 2851 1168 2929 Philippi
1182 2849 1268 2913 Nerii
1283 2853 1324 2915 ci·

576 2939 681 3000 vitatis
701 2940 891 3004 ldecboacan.
910 2959 1065 3008 concessas
1090 2961 1270 3008 revocamus
1291 2951 1321 3008 et

575 3030 785 3109 annullamus,
800 3051 833 3096 ac
848 3047 1002 3099 revocatas
1017 3043 1048 3098 et
1068 3038 1242 3101 annullatas
1257 3055 1323 3102 esse

576 3123 735 3202 volumus,
757 3136 788 3189 et
809 3129 1015 3193 decernimus.

616 3220 727 3283 ilatum
758 3221 884 3300 Romae,
906 3225 984 3303 apud
1017 3225 1048 3290 S.
1072 3225 1199 3288 Mariam
1230 3225 1322 3287 Maio·

577 3329 655 3389 rem,
677 3315 736 3376 sub
757 3317 875 3380 annulo
897 3319 1067 3395 Piscatoris,
1081 3319 1131 3382 die
1142 3334 1217 3382 xxv.
1242 3319 1321 3382 iunii

578 3423 792 3486 unocasvm,
815 3412 1011 3489 pontificatus
1033 3412 1131 3475 nostri
1152 3428 1234 3476 anno
1257 3429 1287 3474 x.

619 3609 647 3666 it)
663 3610 726 3656 Vide
747 3611 816 3658 infra
837 3613 915 3659 clem.
938 3617 999 3660 XlV.
1021 3619 1103 3662 consi.
1126 3619 1234 3663 lirimta
1248 3629 1322 3669 reae·

578 3683 653 3724 linin.
665 3680 747 3726 naria
757 3681 882 3728 ‘theresia
892 3685 1041 3740 ilungarias
1051 3687 1152 3742 Regina
1161 3697 1202 3732 an.
1214 3697 1320 3732 11101111.

578 3746 681 3802 rogavit
702 3750 793 3794 Pontii.
808 3750 840 3795 de
854 3751 987 3797 erectione
1006 3753 1172 3810 episcopatus
1186 3755 1275 3810 graeci
1289 3753 1323 3798 ri·

579 3817 630 3868 tus,
644 3815 687 3860 cui
701 3819 772 3862 Pani.
788 3819 932 3875 respondit,
947 3831 983 3876 se,
996 3821 1023 3866 in
1038 3831 1067 3866 re
1082 3825 1136 3867 tam
1147 3823 1231 3880 gravi,
1241 3823 1323 3868 consi-

577 3880 644 3926 lium
663 3887 812 3940 capturum,
826 3887 895 3941 quod
916 3887 1047 3933 Ecclesiae
1068 3888 1135 3935 bono
1153 3890 1321 3946 prolaturum

577 3949 746 4006 iudicaverit;
761 3954 788 3996 et
803 3953 928 4010 Episcopo
938 3955 1060 4011 agriensi
1074 3956 1170 4003 indixit
1180 3968 1269 4003 coram
1285 3969 1324 4003 re·

578 4016 641 4072 gina
663 4029 791 4075 exponere
811 4019 941 4074 telloneo,
962 4033 1028 4077 quas
1048 4027 1141 4070 contra
1162 4025 1321 4070 erectionem

578 4084 699 4130 Pontifici
713 4087 873 4143 ostenderat,
883 4091 914 4132 ut
925 4087 999 4134 illam
1009 4100 1025 4136 a
1035 4089 1123 4135 studio
1133 4091 1274 4137 erectionis
1283 4103 1325 4137 re·

579 4153 702 4198 moveret.
722 4156 865 4211 Utramque
879 4154 919 4206 lit.
935 4167 966 4200 ex
981 4159 1043 4212 lieg.
1055 4160 1111 4204 Vei.
1123 4170 1161 4215 ep.
1174 4159 1322 4215 Clementis,

579 4229 620 4264 an.
636 4229 702 4276 vnn,
717 4232 740 4276 p.
758 4223 803 4276 173,
817 4225 844 4266 et
858 4233 899 4268 an.
915 4234 950 4279 x.,
966 4236 987 4280 p.
1004 4227 1038 4278 50,
1053 4235 1101 4281 pro
1119 4226 1231 4272 historia
1253 4230 1323 4272 tran-

579 4285 694 4332 scribere
708 4289 867 4334 curavimus.

582 4423 741 4466 carissimae
754 4427 783 4467 in
800 4425 903 4468 Christo
917 4427 988 4476 filiae
1002 4430 1110 4469 iioatrae
1121 4428 1223 4470 Marica
1236 4431 1324 4472 711010-

618 4492 673 4531 siae
685 4492 841 4542 Hcinaariae
851 4493 967 4543 aenince
975 4495 1143 4544 apostaticae.
1154 4506 1201 4539 nec
1212 4506 1267 4539 tlon
1278 4499 1324 4540 Bo·

620 4557 721 4599 bentiae
734 4559 850 4609 aspinae
868 4563 970 4604 illustri
989 4562 1017 4603 in
1037 4562 1225 4606 Buritanorum
1241 4567 1324 4616 1111110-

620 4627 745 4668 ratricem
759 4628 852 4669 enatae
866 4630 970 4675 amitae.

792 4761 935 4804 CLEMENS
953 4763 1031 4805 Para
1046 4763 1110 4808 XIII.

618 4909 635 4938 0·
706 4899 851 4940 Cat-issima
866 4899 894 4939 in
912 4897 1015 4940 aniam
1029 4901 1084 4950 ntia
1100 4903 1200 4946 nostra,

668 4966 782 5008 saltitem
795 4968 819 5007 et
833 4968 1005 5018 apostaticam
1024 4965 1235 5012 benedictionem.

621 5103 654 5144 De
665 5100 790 5157 Episcopo
800 5099 888 5156 graeci
899 5101 968 5146 ritus
979 5101 1005 5146 in
1016 5101 1137 5157 agriensi
1146 5101 1259 5148 dioecesi
1268 5113 1326 5148 coa-

582 5168 724 5222 statuendo,
738 5171 765 5212 et
779 5168 828 5212 sub
842 5168 922 5213 titulo
937 5168 1145 5214 blunkacsiensis
1157 5169 1276 5230 Episcopi
1285 5169 1326 5214 de·

582 5235 669 5292 inceps
683 5235 710 5280 in
725 5240 882 5292 perpetuum
901 5235 1085 5291 consecrando,
1100 5235 1142 5280 cui
1156 5236 1274 5292 postulat
1289 5247 1326 5281 re·

582 5302 625 5358 gia
640 5302 765 5348 maiestas
786 5305 832 5348 tua
847 5305 876 5347 ni
895 5303 995 5348 clerum
1015 5306 1041 5348 et
1056 5302 1181 5359 populum
1200 5304 1242 5348 sui
1256 5303 1325 5348 ritus

582 5369 609 5413 in
624 5369 768 5414 territoriis
783 5369 976 5414 nunkacsiensi
990 5374 1016 5414 et
1032 5368 1327 5416 itteramarossienside·

582 5439 673 5492 gentes
688 5436 746 5481 iure
766 5436 920 5482 dioecesano
941 5437 1067 5492 regendos
1089 5436 1226 5482 tradamus
1241 5439 1267 5482 et
1281 5447 1326 5492 gu·

582 5503 738 5558 bernandos,
756 5514 852 5548 novum
874 5503 958 5560 pietas
974 5507 1020 5549 tua
1034 5504 1109 5550 nobie
1130 5503 1236 5549 exhibet
1252 5504 1327 5548 docu-

583 5573 702 5614 mentum
717 5569 748 5615 de
762 5569 869 5626 egregio
888 5571 1067 5626 amplificandi
1081 5570 1156 5626 regni
1170 5571 1215 5615 Dei
1230 5570 1326 5622 studio,

583 5639 610 5680 et
629 5635 774 5681 catholicae
797 5635 935 5692 religionis
956 5647 1034 5692 quam
1056 5637 1186 5683 latissime
1206 5635 1328 5693 longissi-

584 5713 677 5758 meque
697 5703 867 5759 proferendae
884 5703 1055 5759 cupidissima
1069 5705 1116 5749 tna
1131 5703 1274 5749 voluntate.
1291 5705 1326 5748 lta

583 5770 652 5814 enim
668 5769 808 5826 episcopali
822 5771 948 5816 cathedra
967 5771 1121 5825 constituta,
1135 5771 1255 5816 tutorum
1271 5781 1327 5815 con-

584 5837 642 5881 tidit
657 5837 730 5892 regia
745 5836 869 5883 maiestas
884 5841 939 5890 tria,
949 5849 1001 5882 non
1012 5838 1087 5884 modo
1097 5842 1126 5882 ut
1136 5838 1327 5884 catholicorum

584 5904 671 5960 graeci
685 5904 754 5949 ritus
768 5903 851 5948 animi
865 5903 891 5948 in
905 5915 967 5950 vera
978 5905 1027 5949 tide
1038 5908 1063 5950 et
1075 5905 1154 5949 linitis
1165 5903 1327 5960 apostoticae

584 5971 657 6015 sedis
671 5971 854 6017 communione
872 5972 1072 6027 conilrmerrtnr,
1087 5971 1131 6016 sed
1150 5971 1231 6016 etiam
1248 5971 1327 6017 mulii

1097 577 1161 624 ton.
1186 579 1276 623 vona.
1301 577 1341 623 on
1363 579 1391 623 r.
1414 569 1443 625 i.
1467 579 1550 625 rans
1570 580 1592 624 1.

1684 699 1791 764 LXXI.

1373 885 1473 948 lunia
1505 885 1710 964 disciplinam
1741 885 1942 948 Ecclesiaea
1972 885 2114 948 Concilio

1412 977 1624 1040 lateranensi
1651 979 1698 1041 lv.
1727 979 1949 1057 confirmatam
1979 981 2010 1038 ct
2031 993 2114 1038 men·

1414 1077 1475 1132 tam
1490 1071 1603 1134 Baned.
1619 1071 1697 1134 1111.
1713 1071 1931 1150 episcopatum
1947 1071 2054 1158 groeci
2071 1071 2115 1132 ri-

1414 1171 1467 1226 tus
1483 1163 1518 1226 in
1532 1164 1721 1244 Ilattqariao
1736 1179 1831 1244 regno
1847 1163 1928 1244 erigi
1944 1163 2032 1227 band
2046 1178 2116 1240 per-

1414 1257 1520 1320 mittit
1540 1254 1597 1338 (l).

1372 1440 1556 1510 carissimae
1583 1442 1611 1508 111
1638 1441 1759 1508 cbristo
1790 1441 1874 1509 tiliae
1906 1438 2115 1509 1011110111-

1413 1536 1476 1603 riae
1500 1533 1665 1602 Iberesiae
1695 1533 1867 1617 ilungariae
1897 1535 2022 1617 reginae
2043 1551 2113 1617 apo-

1413 1629 1540 1697 stolicae
1563 1642 1619 1695 nec
1643 1644 1700 1694 non
1723 1627 1884 1695 Bobeniae
1907 1629 2031 1711 reginae
2054 1627 2116 1695 illo-

1413 1722 1468 1790 stri
1490 1724 1517 1788 in
1541 1719 1737 1788 Romanorum
1760 1718 1977 1803 inperatricem
1993 1721 2114 1788 electae

1413 1816 1534 1894 viduae,

1509 1993 1522 2020 ⁸
1567 1998 1752 2070 ollulas
1776 2000 1834 2068 ΡΡ.
1856 1999 1924 2068 ΧΙΙΙ.

1453 2190 1617 2260 carissima
1640 2194 1668 2259 in
1689 2191 1810 2261 cbristo
1835 2191 1899 2261 lilia
1923 2197 2037 2272 ababa,

1408 2286 1534 2354 salutern
1558 2290 1590 2352 et
1610 2285 1806 2369 apostolicam
1828 2287 2076 2354 benedictionem.

1414 2477 1433 2552 ᾗ
1456 2477 1482 2537 1.
1506 2477 1616 2554 Magno
1636 2493 1706 2540 cum
1723 2477 1817 2540 animi
1833 2478 1931 2540 nostri
1946 2477 2056 2555 gaudio
2070 2493 2117 2538 ac·
2138 2481 2345 2582 hetgpgqilggdiii

1375 2570 1512 2648 cepimus
1534 2571 1651 2648 regiam
1666 2572 1857 2635 maiestatem
1873 2581 1957 2634 tuam
1974 2571 2117 2648 Agriensr
2138 2592 2197 2634 tum
2212 2589 2301 2639 ruisse,
2315 2601 2345 2634 a·

1377 2664 1526 2742 Episcopo
1552 2665 1587 2725 ad
1611 2673 1641 2727 te
1672 2667 1894 2728 humanissime
1917 2667 2065 2738 admisso,
2088 2670 2117 2725 el
2137 2645 2345 2750 fflffimflffffl

1376 2761 1413 2821 de
1437 2757 1608 2820 retinendis
1636 2759 1758 2822 Graecis
1786 2759 2044 2822 Idunlcacensibus
2069 2775 2119 2819 eo·
2138 2748 2346 2858 gg‘gg‘gisgelfilgiffi

1377 2866 1508 2930 rumque
1531 2853 1651 2914 vicario
1666 2854 1723 2916 sub
1737 2854 1877 2933 Episcopi
1894 2856 2053 2932 agnensis
2068 2871 2119 2933 po·
2138 2854 2346 2965 ggggcoffifsissgfflff

1378 2951 1485 3008 testate
1496 2947 1575 3024 apud
1588 2955 1618 3008 te
1632 2947 1794 3010 disserenti
1810 2946 1914 3010 iaciles
1929 2965 2018 3012 aures
2034 2966 2119 3028 prae·
2139 2961 2207 3008 terat
2226 2973 2301 3024 super
2315 2963 2346 3007 n-

1377 3041 1489 3104 baisse.
1502 3042 1565 3116 Qua
1579 3042 1610 3101 in
1622 3058 1667 3116 re,
1680 3057 1758 3120 quae
1768 3041 1935 3104 catholicae
1950 3041 2119 3120 Religionis
2138 3015 2346 3116 ξὲᾞὲἒᾷὲῇζᾞῗζ

1377 3143 1407 3195 01
1429 3141 1480 3196 tua
1508 3135 1646 3196 maxime
1674 3135 1819 3208 interest,
1849 3144 1968 3198 nostras
1997 3153 2120 3216 quoque
2139 3127 2226 3170 tuum.

1377 3227 1456 3306 apud
1478 3233 1521 3302 te,
1544 3227 1699 3288 carissima
1721 3227 1753 3288 in
1776 3227 1898 3292 Christo
1920 3229 1981 3290 iilia
2003 3239 2119 3304 nostra,

1377 3321 1556 3382 coniunctas
1577 3320 1722 3383 volumus
1748 3335 1870 3398 preces,
1894 3329 1929 3384 ui
1949 3321 2031 3383 sinas
2052 3329 2083 3386 te
2104 3339 2119 3382 a

1378 3413 1531 3493 praeclaro
1553 3414 1699 3477 antistite
1721 3415 1852 3476 exorari.
1880 3414 1966 3490 Quod
1987 3416 2119 3478 etiamn

1377 3625 1390 3658 e
1405 3613 1547 3659 schismate
1567 3614 1600 3658 ad
1616 3617 1639 3658 s.
1655 3615 1789 3658 Romanae
1810 3613 1938 3659 Ecclesiae
1960 3613 2047 3660 sinum
2062 3616 2121 3661 sub·

1376 3681 1437 3726 inde
1451 3685 1617 3726 concurrant.
1634 3683 1683 3725 llos
1698 3679 1845 3726 anaiestatis
1861 3683 1922 3726 tuae
1941 3681 2031 3737 regiae
2044 3683 2075 3728 eii
2089 3683 2120 3728 de

1375 3757 1404 3792 re
1418 3747 1511 3793 literas
1525 3747 1605 3793 simul
1619 3747 1775 3803 accepimus,
1790 3746 1947 3803 collaudato,
1962 3751 1993 3792 ut
2006 3759 2119 3805 aequum

1375 3816 1423 3868 est,
1438 3815 1492 3859 zelo
1505 3815 1559 3868 Dei,
1574 3825 1626 3870 quo
1640 3816 1675 3866 te.
1690 3813 1828 3858 carissima
1842 3814 1868 3858 in
1884 3815 1990 3860 christo
2009 3815 2064 3862 illia
2079 3827 2121 3861 no·

1375 3885 1440 3937 stra,
1455 3882 1542 3938 palam
1558 3881 1621 3927 iacis
1637 3882 1794 3937 flagrantem
1808 3881 1928 3927 animum
1938 3893 2040 3940 gerere,
2051 3881 2121 3929 illico

1374 3950 1408 3996 ad
1427 3949 1557 3994 eiusmodi
1578 3949 1784 4006 postulationem
1806 3951 1881 3994 tuam
1902 3949 2047 3994 adiecimus
2066 3951 2121 3996 ani-

1376 4027 1463 4070 mum,
1484 4022 1564 4072 atque
1584 4027 1615 4062 ea
1637 4016 1821 4062 incunctanter
1842 4016 1962 4072 conquiri
1984 4015 2120 4072 iussimus,

1375 4094 1442 4141 qnae
1457 4083 1531 4139 prins
1545 4083 1619 4128 nobis
1634 4081 1803 4139 praecognita
1817 4085 1930 4139 oportet,
1945 4093 2023 4139 quam
2035 4084 2061 4130 in
2073 4085 2122 4130 bac

1376 4163 1404 4195 re
1419 4150 1562 4207 quidquam
1577 4153 1734 4195 statuamus.
1752 4152 1839 4206 Neque
1849 4149 1920 4194 enim
1930 4150 2070 4196 mediocris
2081 4152 2121 4196 de·

1375 4215 1540 4262 liberationis
1554 4218 1594 4262 est
1608 4217 1788 4274 episcopatum
1809 4217 1897 4273 graeci
1919 4217 1989 4262 ritus
2010 4217 2120 4274 erigere,

1376 4297 1458 4342 eaque
1468 4295 1511 4330 res
1519 4289 1568 4340 est,
1576 4295 1642 4340 quae
1654 4293 1776 4340 magnam
1785 4285 1934 4330 cautionem
1943 4285 2032 4338 habeb
2041 4295 2120 4342 quam

1376 4363 1435 4398 cum
1451 4352 1530 4409 probe
1544 4351 1809 4404 consideraverimus,
1824 4361 1856 4396 ne
1871 4351 1986 4406 dubites,
2000 4351 2064 4408 quin
2079 4355 2122 4398 Ee

1376 4418 1471 4465 clesiae
1485 4418 1583 4463 bonum
1598 4417 1797 4472 utilitatemque
1812 4421 2030 4475 spectantesque
2044 4420 2122 4476 potis-

1377 4487 1475 4532 simum
1485 4486 1560 4542 regia
1570 4488 1617 4530 tua
1627 4483 1751 4530 maiestas
1762 4483 1853 4528 itidem
1863 4487 1972 4540 spectat,
1982 4486 2008 4530 id
2018 4485 2123 4542 capturi

1377 4554 1488 4610 denique
1503 4553 1587 4598 simus
1601 4551 1751 4605 consilium,
1761 4551 1830 4607 quod
1844 4551 1989 4598 catholicae
2000 4552 2123 4610 religioni

1377 4621 1495 4666 omnium
1510 4619 1625 4666 maxime
1637 4619 1806 4676 prolaturum
1820 4631 1877 4665 esse
1892 4620 2081 4668 iudicabimus:
2096 4624 2123 4667 et

1378 4689 1466 4745 regiae
1488 4687 1623 4734 maiestati
1644 4690 1715 4742 tuae,
1733 4687 1776 4732 cui
1795 4687 1940 4743 gaudemus
1962 4691 2053 4735 tantae
2066 4701 2123 4734 esse

1378 4765 1457 4801 curae
1471 4754 1654 4811 integritatem
1669 4753 1814 4800 catholicae
1829 4755 1889 4799 iidei
1904 4757 2067 4810 etomnium,
2077 4755 2123 4812 qui

1378 4822 1518 4868 christiani
1528 4822 1583 4867 sint
1592 4821 1783 4875 nominis,cum
1792 4823 1910 4868 Romane
1918 4823 2049 4868 cathedra
2057 4833 2124 4869 com·

1380 4889 1541 4943 munionem,
1555 4888 1627 4934 omni
1641 4888 1722 4933 animi
1738 4887 1822 4933 nostri
1840 4889 1935 4934 affectu
1952 4889 2123 4946 apostolicam

1380 4956 1588 5002 benedictionem
1602 4954 1785 5001 amantissime
1799 4955 1977 5012 impertimur.

1419 5027 1513 5070 Datum
1535 5027 1641 5078 Itomae,
1663 5022 1732 5078 apud
1751 5025 1774 5066 S.
1795 5023 1905 5068 Mariam
1927 5025 2061 5081 Maiorem,
2076 5027 2125 5072 sub

1379 5091 1478 5139 anntrlo
1497 5091 1646 5144 Piscator-ts,
1660 5089 1701 5134 die
1721 5101 1756 5134 xi.
1772 5089 1838 5134 iunii
1854 5102 2005 5149 nnccnxvr,
2024 5094 2125 5150 pontifl-

1380 5164 1455 5208 catus
1470 5159 1554 5204 nostri
1569 5169 1638 5204 anno
1652 5168 1707 5202 vm.

1439 5367 1583 5410 Venerabili
1597 5364 1679 5412 fratri
1695 5365 1789 5406 Cardia
1804 5363 1931 5416 Epncopo
1943 5366 2070 5416 bariensi,

1593 5498 1737 5543 elimitans
1756 5499 1835 5540 ΡΑΡΑ
1850 5499 1914 5540 XIII.

1621 5635 1780 5678 Venerabilis
1794 5636 1891 5682 frater.

1469 5705 1582 5745 saltitem
1596 5706 1620 5744 et
1634 5704 1807 5754 apostolicam
1826 5702 2037 5744 britaniciioncin.

1422 5843 1434 5885 ii
1450 5838 1468 5880 1.
1484 5836 1586 5880 Dudum
1601 5835 1794 5880 alraternitate
1807 5834 1853 5879 tua
1863 5833 2042 5890 quaesivimus
2051 5843 2128 5889 quae·

1383 5915 1443 5949 nam
1458 5908 1528 5948 esset
1543 5902 1674 5948 sententia
1690 5907 1736 5948 tua
1751 5902 1781 5946 de
1796 5901 1947 5958 episcopatu
1960 5901 2048 5957 graeci
2059 5901 2127 5946 ritus

1383 5970 1528 6016 Manlacsii
1542 5969 1675 6026 erigendo,
1690 5979 1769 6026 quam
1784 5969 1923 6016 carissima
1934 5965 1989 6014 illia
1999 5970 2090 6014 nostra
2100 5969 2127 6014 in
