4776 6974
945 548 1017 596 Plus
1037 548 1089 594 ΡΡ.
1112 547 1156 594 vt.

274 680 452 736 nostrorum
471 671 600 736 Sanctae
615 670 771 733 Romanae
787 667 939 730 Ecclesiae
954 665 1025 730 Gar·

273 765 422 828 dinalium
435 765 527 826 sacris
541 764 653 826 ritibus
665 762 911 842 praepositorum
925 775 1026 822 secre-

273 858 367 936 tario;
389 859 547 922 modernis
569 864 598 918 et
625 872 681 934 pro
703 861 844 932 tempore
866 853 1026 916 existenti-

273 954 327 1015 bus
342 951 490 1016 lratribus
510 950 628 1012 ordinis
643 949 803 1012 minorum
818 947 914 1010 sancti
930 948 1027 1009 Fran-

272 1045 340 1108 cisci
363 1045 402 1108 dc
422 1042 617 1106 observantia
632 1041 884 1104 Reformatorum
903 1055 1026 1101 nuncu-

256 1133 413 1218 'palorum
429 1135 560 1199 civitatis
576 1133 758 1213 praedictae,
775 1141 809 1194 ut
821 1133 1022 1212 inposterum

273 1248 325 1312 per
346 1231 412 1294 dies
432 1228 610 1308 quindecim
624 1228 789 1290 continuos
811 1226 986 1305 incipiendo
1008 1241 1023 1284 a

273 1325 368 1406 prima
380 1323 534 1386 dominica
549 1321 692 1395 octobris,
708 1319 741 1381 in
753 1336 811 1398 qua
827 1318 941 1380 testum
955 1333 1024 1379 sau·

273 1418 399 1482 ctissimi
416 1415 525 1478 roserii
548 1414 651 1477 beatae
666 1412 777 1476 Mariae
792 1412 930 1488 Virginis
952 1427 1022 1473 cum

272 1519 361 1576 cantu
390 1508 469 1591 (non
491 1509 601 1570 omissa
627 1513 731 1570 tamen
760 1503 961 1568 conventuali
986 1504 1024 1566 de

272 1612 375 1668 sanem
390 1607 585 1674 occurrente,
602 1609 756 1679 quatenus
769 1615 808 1660 ex
824 1598 1024 1677 dispositione

272 1698 466 1761 rubricarum
487 1697 526 1756 sit
541 1691 693 1773 dicenda),
710 1693 867 1756 celebrare
882 1691 979 1754 libere
993 1699 1023 1754 et

272 1791 353 1853 licite
382 1788 500 1868 possint
525 1803 558 1848 ac
579 1785 719 1857 valeant,
750 1784 932 1847 auctoritate
953 1799 1023 1862 apo·

272 1883 375 1946 stolica
398 1888 507 1944 tenore
527 1878 739 1958 praesentium
760 1877 969 1951 concedimus,
993 1885 1023 1939 et

272 1976 480 2052 indulgemus.

56 2061 57 2120 ἒ
102 2082 257 2140 nunuocou-
309 2073 328 2146 ᾗ
349 2069 378 2131 3.
402 2065 472 2130 Νοιι
487 2068 678 2129 obstantibus
693 2063 970 2127 constitutionibus
991 2071 1023 2126 et

97 2139 198 2187 mdorum

272 2161 518 2226 ordinationibus
538 2160 722 2239 apostolicis,
747 2157 884 2236 dictique
906 2156 1022 2219 ordinis

272 2256 361 2318 etiam
384 2255 572 2327 iuramento,
594 2252 832 2314 confirmatione
846 2249 1021 2329 apostolica,

272 2350 319 2412 uel
340 2348 448 2427 quavis
470 2347 617 2409 firmitate
638 2346 696 2407 alia
717 2343 867 2407 roboratis
885 2343 1021 2417 statutis,

271 2447 300 2503 et
314 2437 609 2514 consuetudinibus3
633 2437 805 2516 privilegiis
823 2451 959 2515 quoque,
976 2435 1023 2497 in-

272 2534 363 2598 dultis
384 2538 415 2594 et
437 2533 536 2594 literis
558 2530 730 2610 apostolicis
758 2528 969 2608 superioribus
992 2534 1024 2590 et

257 2627 408 2706 personis
435 2626 494 2688 sub
521 2625 770 2705 quibuscumque
801 2622 962 2686 tenoribus
990 2630 1021 2684 et

271 2721 394 2795 formis,
417 2736 451 2782 ac
472 2735 543 2782 cum
565 2719 726 2797 quibusvis
747 2717 840 2780 etiam
862 2716 1023 2793 derogato-

272 2814 388 2877 riarum
405 2812 620 2889 derogatoriis,
642 2810 772 2889 aliisque
787 2809 1020 2885 efficacioribus,

271 2906 484 2970 efficacissimis
505 2921 539 2966 ac
559 2903 692 2966 insolitis
713 2903 875 2978 clausulis,
899 2903 1022 2964 irritan-

272 3001 414 3079 tibusquc
435 3006 467 3061 et
484 2997 551 3060 aliis
572 2998 703 3059 decretis
725 2998 757 3058 in
781 3012 896 3073 genere
916 2995 967 3056 vel
988 2996 1020 3058 in

271 3094 382 3174 specie,
397 3109 432 3154 ac
446 3091 513 3153 aliis
528 3091 560 3152 in
572 3089 763 3151 contrarium
780 3089 1022 3167 praemissorum

271 3184 501 3268 quomodolibet
515 3184 677 3257 concessis,
700 3181 873 3260 approbatis
888 3188 919 3243 et
933 3182 1023 3244 inno·

271 3278 357 3340 vatis.
382 3275 497 3351 Quibus
519 3273 664 3336 omnibus
686 3280 717 3334 et
739 3272 873 3352 singulis
895 3273 1022 3337 illorum

272 3379 393 3434 tenores
414 3367 626 3448 praesentibus
647 3379 703 3444 pro
718 3364 809 3444 plene
824 3373 855 3428 et
869 3367 1023 3429 sufficien-

182 3505 184 3511 ,
272 3475 317 3528 ter
338 3461 509 3544 expressis,
535 3477 569 3522 ac
589 3458 627 3521 de
648 3459 742 3522 verbo
764 3461 799 3521 ad
822 3459 955 3522 uerbum
977 3459 1024 3522 iu·

272 3559 360 3623 sertis
383 3558 548 3631 babentes,
581 3554 643 3616 illis
670 3545 742 3615 alias
769 3553 802 3616 in
827 3569 884 3615 suo
911 3555 1022 3617 robore

272 3652 492 3734 permansuris,
504 3649 541 3713 ad
555 3649 796 3728 praemissorum
811 3647 957 3710 ellectum
967 3649 1022 3710 bac

273 3749 336 3812 vice
357 3749 516 3811 dumtaxat
537 3742 709 3824 specialiter
727 3753 758 3803 et
772 3755 914 3819 expresse
935 3743 1023 3805 dero-

274 3859 397 3920 gamus,
429 3839 617 3916 caeterisque
640 3835 803 3898 contrariis
823 3836 1023 3914 quibuscum·

210 3953 222 3976 ι
274 3953 339 4017 que.

311 4033 424 4094 Datum
445 4027 572 4102 Romae,
588 4025 668 4103 apud
687 4025 717 4086 S.
732 4023 871 4099 Petrum,
887 4024 946 4086 sub
967 4041 1022 4086 an-

275 4123 347 4186 nulo
363 4120 536 4194 Piscatoris,
559 4117 608 4180 die
623 4133 670 4180 ιιι.
689 4115 767 4177 iebr.
785 4131 1020 4194 dccccxxxix,

276 4219 469 4300 pontificatus
490 4213 590 4276 nostri
611 4228 693 4274 anno
714 4227 780 4273 xiv.

529 4465 769 4478 nna-*-

584 4777 707 4840 LXXX.

279 4967 447 5046 Respondet
461 4966 615 5044 Episcopo
628 4963 788 5043 Apricusi,
802 4959 968 5024 mulierem
980 4963 1021 5026 cd

314 5060 487 5124 Ecclesiam
510 5057 702 5120 catholicam
725 5071 918 5124 conversum,
943 5072 1022 5134 quoe

313 5153 460 5233 stupescit
492 5149 591 5213 citeri
624 5149 694 5210 ciro
729 5146 908 5210 ocotbolicc
935 5155 1020 5225 post-

313 5263 406 5328 qcom
435 5245 528 5324 prior·
558 5243 612 5305 cir
639 5243 767 5319 puriter
798 5240 1018 5311 acottottcus,

313 5354 447 5421 quocum
462 5337 520 5400 illu
536 5337 572 5398 iu
587 5335 709 5396 boeresi
726 5339 951 5403 contruserat,
972 5333 1021 5397 ob·

313 5435 460 5496 timuerat
482 5429 608 5492 ciuilem
632 5423 803 5490 'solutionis
824 5426 1021 5489 scatentium

313 5545 349 5592 aa
371 5525 477 5604 capito
502 5522 680 5592 adulterii,
714 5537 777 5582 cccc
804 5535 892 5598 posse
920 5521 956 5582 iu
976 5537 1023 5582 sc·

314 5620 413 5682 caude
428 5615 637 5680 matrimonio
658 5628 857 5690 permonere,
881 5629 935 5674 uec
957 5610 1019 5674 olii

313 5710 545 5792 dispensationi
567 5707 670 5770 locum
686 5723 749 5767 esse
763 5722 849 5784 posse
870 5704 925 5785 (l).

313 5930 339 5989 tlt
356 5931 393 5974 Ex
407 5927 566 5984 Roskovauy
581 5925 642 5970 coll.
658 5933 718 5970 cum
733 5925 795 5982 leeg.
813 5921 893 5968 vatic.

1081 641 1251 731 Venerabili
1270 661 1357 728 tratri
1380 659 1488 730 carolo
1511 658 1660 745 Episcopo
1677 655 1827 742 dqrienoi,

1335 845 1423 915 PlUS
1446 847 1505 915 ΡΡ.
1528 845 1572 916 tlt.

1294 1035 1483 1104 Venerabilis
1506 1034 1614 1115 trater,
1727 1093 1731 1104 .

1113 1130 1243 1200 salutem
1267 1137 1299 1198 et
1320 1130 1517 1214 apostolicam
1542 1130 1792 1199 benedictionem.

1075 1338 1079 1345 ’
1119 1321 1230 1385 literis
1252 1323 1313 1384 tuis
1335 1323 1383 1385 die
1405 1339 1427 1384 r.
1450 1321 1522 1383 maii
1544 1323 1579 1384 ad
1602 1337 1659 1382 nos
1680 1321 1756 1384 datis
1783 1319 1828 1382 di·

1079 1431 1178 1494 gnum
1191 1415 1282 1494 plane
1300 1425 1330 1476 te
1344 1415 1535 1494 praestitisti,
1551 1430 1623 1475 ven.
1642 1413 1748 1487 trater,
1763 1413 1827 1474 eui-

1078 1511 1139 1572 mia
1160 1510 1195 1571 et
1210 1509 1310 1584 laude,
1333 1524 1426 1587 quam
1447 1508 1485 1569 ab
1499 1506 1681 1569 innocentio
1697 1509 1719 1570 l.
1742 1511 1828 1569 retu-

1078 1603 1143 1665 lere
1157 1602 1352 1665 celeberrimi
1368 1600 1618 1678 carthaginensis
1630 1599 1759 1661 concilii
1775 1599 1830 1661 Pa-

1079 1704 1153 1771 tres,
1164 1697 1217 1775 qui
1234 1695 1384 1757 nimirum
1401 1693 1553 1755 maiorum
1565 1691 1705 1770 exempla
1717 1694 1826 1768 secuti,

1078 1789 1226 1868 quidquid
1245 1789 1277 1850 in
1293 1787 1472 1866 longinquis
1487 1785 1686 1848 disiunctisve
1701 1787 1826 1862 provin·

1077 1883 1131 1945 ciis
1143 1892 1298 1959 ageretur,
1308 1897 1370 1944 non
1383 1882 1469 1960 prius
1479 1881 1629 1944 ducerent
1641 1895 1705 1942 esse
1717 1881 1828 1942 tinien-

1079 1979 1165 2051 dum,
1189 1992 1282 2056 quam
1304 1977 1340 2038 ad
1363 1974 1555 2053 Apostolicae
1576 1973 1662 2038 Sedis
1683 1974 1827 2036 notitiam

1077 2070 1274 2148 perveniret,
1305 2069 1395 2132 cuius
1420 2069 1602 2130 auctoritate
1627 2068 1725 2141 iusta,
1748 2083 1828 2144 quae

1077 2162 1185 2238 luerit,
1208 2163 1424 2241 pronunciatio
1446 2163 1635 2226 tirmaretur.
1658 2161 1702 2222 Eo
1723 2160 1827 2222 animo

1076 2257 1241 2334 studioque
1254 2255 1408 2330 inductus,
1422 2254 1560 2332 exposito
1572 2271 1642 2316 casu
1657 2253 1709 2331 qui
1726 2269 1827 2331 nuper

1078 2351 1110 2412 in
1131 2349 1264 2412 dioecesi
1278 2357 1329 2410 tua
1351 2349 1493 2425 contigit,
1517 2347 1677 2426 postulasti
1693 2363 1708 2407 a
1725 2347 1825 2422 nobis,

1078 2451 1112 2505 ut
1126 2441 1198 2520 quid
1214 2444 1246 2504 in
1261 2442 1395 2505 cicensi
1410 2441 1516 2503 aliisve
1527 2440 1691 2516 similibus,
1707 2441 1827 2519 siquae

1076 2534 1241 2615 aliquando
1255 2542 1466 2611 emergerent,
1483 2535 1639 2611 agendum
1652 2534 1703 2610 sit,
1720 2540 1827 2596 nostro

1076 2628 1189 2690 iudicio
1203 2628 1441 2690 decerneremus
1456 2626 1492 2688 ad
1505 2635 1598 2706 teque
1608 2627 1824 2698 scriberemus.

1115 2723 1135 2798 9
1158 2720 1184 2783 l.
1208 2722 1290 2786 Facti
1304 2723 1379 2784 baec
1393 2723 1511 2800 species
1522 2728 1568 2784 est
1581 2739 1614 2784 ac
1628 2723 1731 2784 series.
1757 2721 1828 2783 Post

1078 2817 1192 2878 initum
1203 2817 1385 2893 coniugium
1401 2817 1484 2879 inter
1494 2816 1711 2878 contrahentes
1726 2815 1827 2878 lutbe-

1076 2926 1168 2972 ranae
1185 2917 1285 2973 sectae
1306 2910 1451 2984 addictos,
1468 2909 1582 2972 mulier
1596 2910 1775 2973 catholicam
1793 2911 1825 2972 ti·

1077 3005 1148 3068 dem
1159 3004 1310 3083 amplexa,
1326 3003 1510 3084 publiceque
1525 3005 1658 3083 prolessa
1673 3013 1729 3067 est:
1747 3013 1828 3084 post-

1078 3097 1218 3171 modum,
1229 3096 1381 3158 intentata
1392 3112 1448 3176 per
1459 3098 1564 3172 virum
1576 3099 1694 3162 actione
1707 3101 1739 3162 in
1752 3116 1829 3162 uuo·

1077 3210 1156 3272 rem,
1173 3195 1260 3258 velut
1278 3194 1421 3258 adulterii
1437 3211 1522 3257 ream
1542 3196 1705 3258 saecularis
1722 3195 1826 3272 iudex,

1077 3291 1108 3350 vi
1126 3296 1217 3351 notae
1233 3288 1319 3366 legis,
1342 3288 1480 3352 solutum
1502 3289 1696 3351 matrimonii
1718 3290 1827 3353 vinou-

1077 3382 1143 3446 lum
1158 3381 1338 3458 declaravit,
1362 3387 1429 3443 tum
1444 3381 1560 3444 mulier
1574 3380 1655 3444 aliud
1672 3398 1744 3444 cum
1759 3383 1827 3445 viro

1076 3474 1226 3537 catholico
1244 3475 1481 3537 matrimonium
1498 3475 1579 3537 inire
1593 3475 1734 3553 cupiens,
1758 3494 1827 3556 pro·

1077 3567 1180 3646 prium
1208 3567 1282 3628 adiit
1309 3568 1478 3646 pnrocbum
1507 3567 1706 3643 catholicum,
1727 3587 1743 3630 a
1765 3587 1827 3649 quo

1076 3676 1148 3723 cum
1170 3660 1282 3722 reiecta
1298 3667 1376 3722 esset
1397 3659 1505 3738 iniqua
1520 3660 1639 3737 petitio,
1662 3665 1827 3726 accersitus

1075 3761 1123 3815 est
1151 3753 1327 3815 Helveticae
1351 3753 1553 3816 confessionis
1583 3755 1743 3831 minister,
1773 3760 1826 3837 qui

1075 3847 1251 3925 concupitas
1266 3847 1388 3924 nuptias
1402 3847 1567 3909 conciliare
1582 3864 1644 3910 non
1661 3851 1825 3926 dubitavit3

1076 3938 1188 4001 exinde
1204 3939 1297 4001 viret
1312 3941 1425 4002 mulier
1446 3941 1536 4003 uelut
1550 3941 1698 4018 coniuges
1718 3943 1826 4005 etiam-

1077 4049 1154 4096 num
1176 4032 1207 4093 in
1230 4034 1401 4111 praesentia
1429 4035 1566 4110 degunt,
1599 4036 1736 4113 duasque
1765 4037 1826 4098 iam

1076 4125 1176 4202 proles
1203 4141 1242 4186 err
1262 4132 1412 4188 attentato
1438 4127 1492 4188 illo
1513 4128 1658 4206 coniugio
1686 4147 1826 4210 suscepe-

1076 4227 1161 4279 runt.
1179 4218 1259 4279 Cum
1276 4219 1413 4296 primum
1426 4221 1537 4296 patrati
1554 4222 1697 4284 lacinoris
1712 4225 1826 4287 certior

1075 4311 1173 4374 lactus
1194 4327 1238 4386 es,
1263 4312 1326 4388 ipse
1348 4314 1517 4389 pnrocbum
1539 4331 1593 4392 pro
1610 4323 1660 4376 tua
1682 4319 1827 4392 pastorali

1075 4404 1271 4466 solicitudine
1289 4420 1418 4467 monere
1441 4406 1633 4486 incitareque
1654 4424 1718 4471 non
1733 4411 1826 4473 desti-

1076 4498 1139 4560 tisti
1161 4499 1197 4560 ad
1211 4515 1280 4558 suas
1295 4505 1396 4574 partes
1412 4498 1598 4578 explendas3
1622 4516 1679 4564 nec
1693 4502 1826 4582 ipsemet

1075 4593 1241 4668 parochus,
1263 4599 1299 4652 ut
1322 4591 1460 4666 testaris,
1483 4593 1610 4654 muneri
1630 4610 1686 4655 suo
1709 4595 1825 4671 deluit,

1076 4693 1111 4746 ut
1124 4686 1246 4747 eosdem
1263 4686 1300 4747 ab
1315 4685 1450 4748 invicem
1464 4695 1632 4765 separaret,
1654 4689 1824 4765 arguendo,

1076 4779 1273 4854 increpando,
1296 4777 1483 4842 obsecrando
1505 4780 1536 4842 in
1559 4783 1706 4859 patientia
1728 4790 1759 4845 et
1774 4785 1828 4846 do·

1075 4870 1191 4947 ctriud3
1216 4871 1294 4932 nibil
1318 4879 1423 4933 tamen
1445 4872 1536 4934 abiis
1557 4873 1724 4952 impetrare
1745 4874 1825 4938 ultra

1076 4964 1188 5041 potuit,
1204 4979 1297 5042 quam
1312 4971 1358 5040 ut,
1374 4964 1478 5040 agnita
1493 4965 1582 5043 culpi
1598 4965 1824 5045 illegitimisque

1074 5057 1121 5118 sui
1137 5055 1343 5135 copulatione,
1361 5058 1491 5134 gratiam
1504 5056 1740 5136 dispensationis
1754 5074 1828 5137 apo-

1074 5148 1199 5210 stolicae
1221 5165 1276 5227 pro
1299 5151 1422 5211 noviter
1437 5150 1648 5213 contrahendo
1665 5152 1826 5214 matrimo-

1076 5243 1127 5302 nio
1150 5241 1364 5320 implorarent.

1114 5335 1133 5410 ἓ
1154 5335 1182 5398 2.
1206 5335 1257 5396 ilis
1270 5334 1413 5409 narratis,
1428 5335 1532 5413 pergis
1543 5352 1645 5399 causas
1656 5351 1825 5414 exponere,

1075 5443 1152 5506 quae
1174 5429 1250 5489 certi
1266 5427 1405 5506 capiendi
1420 5429 1540 5490 consilii
1556 5444 1674 5490 moram
1691 5429 1745 5506 ipsi
1768 5429 1826 5492 dii-

1076 5521 1308 5598 licultatemque
1323 5519 1468 5594 atterunt,
1492 5537 1569 5599 quae
1584 5537 1690 5583 causae
1710 5521 1827 5600 duplici

1075 5631 1113 5676 es
1134 5616 1232 5692 capite
1259 5623 1426 5692 petuntur:
1462 5615 1600 5693 primum
1627 5631 1664 5676 eu
1694 5614 1825 5678 indicata

1076 5707 1154 5784 lege,
1172 5723 1264 5786 quam
1288 5709 1319 5768 in
1337 5706 1463 5768 terenda
1484 5706 1641 5768 sententii
1662 5707 1825 5770 saecularis

1750 519 1809 585 335
1860 521 1913 577 an.
1928 523 1959 575 c.
1981 521 2049 574 taso
