4722 6976
362 480 550 542 an.o.1ste
598 477 658 547 tttd

578 617 642 682 dira
663 618 696 681 in
717 619 814 700 ipsam
834 627 865 684 et
885 618 983 684 adhuc
995 621 1135 720 saev'gus
1155 625 1319 710 tempestas

577 713 727 776 concitata
744 712 849 788 fuerit,
869 715 986 792 egregii
1008 714 1146 777 veritatis
1164 710 1319 788 evangeli·

576 823 628 870 cae
658 822 833 884 praecones,
863 807 1030 887 pluresque
1050 807 1085 868 ad
1107 823 1173 869 eam
1205 804 1318 884 ample·

576 899 719 963 utendam
747 916 856 964 eorum
880 915 971 980 opera
999 901 1149 978 perducti,
1178 899 1317 973 exilium,

576 1009 741 1069 carcerem,
762 995 925 1066 cruciatus,
947 1001 1084 1056 extrema
1105 993 1240 1072 denique
1253 1008 1319 1054 om·

576 1088 626 1150 nia
647 1087 796 1166 perferre,
812 1103 904 1165 quam
925 1103 941 1148 a
961 1088 1151 1150 sanctissima
1166 1086 1319 1164 religione

575 1182 743 1244 desciscere
760 1179 948 1242 maluerunt.
975 1181 1060 1242 luter
1081 1197 1132 1242 eos
1153 1180 1317 1242 nominau-

575 1275 632 1338 dus
660 1275 691 1335 iu
722 1273 828 1352 primis
855 1272 1086 1352 laudandusque
1112 1289 1128 1333 a
1156 1272 1243 1335 uobis
1271 1281 1317 1334 est

575 1367 759 1432 venerabilis
773 1367 867 1429 frater
877 1366 999 1430 Gabriel
1009 1366 1164 1428 laurinus
1175 1364 1317 1428 Dufrcsse

575 1462 701 1524 natione
728 1460 831 1524 Gallus
862 1459 1027 1539 Episcopus
1058 1459 1255 1522 Tabracensis
1286 1467 1316 1521 et

575 1553 765 1620 Sutchfeusis
786 1554 962 1634 provinciae
976 1554 1108 1616 vicarius
1122 1552 1315 1631 apostolicus,

575 1651 629 1728 qui
650 1665 761 1712 xxxix.
778 1663 932 1710 annorum
945 1647 1043 1725 spatio
1056 1645 1227 1722 evangelici
1237 1645 1315 1723 apud

574 1743 662 1807 Sinas
683 1741 813 1820 operarii
828 1757 942 1804 munus
963 1739 1153 1801 sanctissime
1167 1737 1274 1800 obivit.
1290 1737 1317 1798 fs

574 1838 681 1914 igitur,
704 1837 785 1914 quod
805 1834 1000 1898 salutiferum
1024 1832 1112 1894 verbi
1133 1832 1186 1894 liei
1204 1846 1315 1898 ,semen

575 1931 633 1992 late
655 1929 873 2006 fructuoseque
891 1933 1059 2006 spargeret,
1076 1943 1091 1988 a
1106 1923 1243 1988 Sinensis
1259 1924 1315 1986 im·

574 2023 652 2102 perii
673 2023 787 2085 fmibus
808 2021 933 2084 exulare
953 2021 1052 2084 iussus
1074 2027 1130 2082 est.
1152 2020 1211 2084 Sed
1233 2019 1315 2082 uude

574 2116 664 2178 illum
686 2116 807 2177 ethnica
825 2113 1002 2192 superstitio
1017 2113 1189 2192 expulerat,
1206 2115 1313 2176 eodem

573 2209 736 2274 christiana
746 2208 876 2270 charitas
885 2207 1051 2269 revocavit.
1062 2207 1125 2282 Qua
1136 2224 1170 2268 re
1180 2207 1312 2283 cognita,

573 2303 741 2386 quaesitus,
764 2301 920 2374 iuventus,
936 2299 1108 2378 ferreisque
1118 2301 1250 2364 vinculis
1265 2301 1316 2364 ob

570 2401 707 2473 strictus,
729 2395 763 2458 iu
785 2394 973 2473 praetorium
994 2392 1103 2456 ductus
1118 2401 1173 2456 est.
1195 2395 1314 2457 blanda-

573 2495 634 2557 rini
656 2508 729 2556 eum
751 2505 814 2552 non
836 2495 992 2568 expectata
1014 2488 1207 2564 benignitate
1234 2490 1314 2552 exci-

572 2591 674 2670 piunt,
691 2593 720 2648 et
735 2584 869 2648 vinculis
883 2601 901 2646 e
915 2583 1046 2658 vestigio
1062 2581 1211 2657 solutum,
1227 2585 1313 2644 omui

573 2682 742 2744 ciliciorum
771 2685 803 2738 et
828 2676 1048 2739 blanditiarum
1076 2691 1191 2753 genere
1212 2695 1313 2756 prose·

572 2784 723 2857 quuntur.
747 2769 895 2834 Simulata
916 2785 991 2830 vero
1015 2782 1046 2831 et
1067 2770 1169 2832 dolosa
1189 2772 1262 2834 haec
1284 2791 1314 2836 e·

572 2878 618 2936 rat
639 2867 824 2931 humanitas.
856 2864 888 2925 ld
909 2863 995 2924 euim
1017 2863 1108 2926 unice
1138 2866 1313 2928 mandarini

571 2966 757 3048 spectabant,
780 2967 815 3021 ut
835 2953 1048 3018 venerandum
1075 2958 1244 3022 autistitem
1266 2962 1313 3023 his

570 3062 687 3126 artibus
717 3054 893 3122 delinitum,
927 3051 962 3112 ad
993 3050 1172 3114 eiurandam
1197 3055 1313 3117 Christi

572 3159 664 3220 fidem
686 3151 820 3227 denique
834 3143 1031 3206 adducerent.
1049 3145 1127 3208 Cum
1142 3161 1217 3223 ergo
1232 3158 1312 3227 post·

571 3250 672 3313 habita
701 3243 885 3308 iudiciorum
915 3237 1010 3300 forma
1038 3239 1167 3302 comiter
1188 3258 1260 3303 eum
1283 3251 1312 3305 et

570 3343 667 3406 amice
678 3339 921 3416 alloquerentur,
930 3333 1090 3412 multaque
1100 3333 1137 3395 ab
1147 3333 1211 3411 ipso
1221 3351 1313 3414 quae-

570 3443 687 3510 renent,
709 3433 867 3512 episcopus
887 3427 987 3490 oblata
1001 3427 1160 3491 occasione
1174 3446 1257 3502 usus,
1274 3430 1310 3492 dc

569 3529 748 3596 sinensium
769 3525 889 3587 rituum
909 3521 1059 3596 vanitate,
1078 3523 1115 3586 de
1132 3525 1311 3587 christiano-

570 3641 641 3688 rum
667 3618 854 3694 innocentia,
884 3617 922 3678 de
949 3617 1131 3678 christianae
1152 3618 1311 3696 religionis

571 3719 700 3781 veritate
720 3728 806 3790 saepe
826 3711 982 3774 disseruit.
999 3710 1180 3786 blandarini,
1200 3713 1311 3792 quibus

569 3811 724 3876 mellitum
745 3824 788 3882 os,
812 3806 950 3867 imbutus
978 3811 1081 3866 autem
1109 3805 1230 3868 laethali
1260 3822 1311 3868 ve-

570 3921 652 3970 neno
671 3903 794 3966 animus
815 3899 925 3974 inerat,
955 3899 1096 3976 proximo
1117 3899 1150 3959 in
1171 3899 1310 3963 cubiculo

569 4003 645 4065 duos
660 3997 899 4066 occultaverant,
922 3991 975 4070 qui
993 3991 1071 4053 dicta
1085 3992 1216 4070 episcopi
1233 3993 1311 4055 nihil

568 4095 629 4157 tale
649 4089 810 4168 cogitantis
831 4085 1057 4162 exscriberent;
1080 4086 1191 4164 scripta
1206 4087 1311 4150 huius-

569 4187 652 4250 modi
674 4184 725 4247 vel
745 4189 808 4245 acta
828 4179 1006 4243 clanculum
1026 4179 1183 4258 iulideqne
1205 4181 1309 4255 etiam,

570 4289 604 4344 ut
625 4279 735 4352 fertur,
765 4275 892 4352 digesta,
921 4289 982 4336 una
1010 4289 1081 4335 cum
1104 4273 1253 4353 Episcopo
1274 4277 1309 4337 ad

569 4369 759 4436 Sutchiensis
785 4366 962 4446 provinciae
990 4383 1151 4443 proregem
1181 4369 1311 4430 mittun·

568 4475 632 4540 tur,
654 4464 719 4543 qui,
742 4469 776 4524 ut
797 4468 862 4522 erat
883 4458 1048 4521 christiano
1070 4461 1189 4522 nomini
1211 4461 1309 4523 infeu-

566 4559 717 4633 sissimus,
738 4554 922 4633 Episcopum
942 4553 1009 4614 sine
1031 4552 1092 4614 ulla
1113 4555 1310 4617 cunctatione

567 4653 664 4730 capite
679 4652 813 4713 (lambat.
830 4644 1033 4709 venerandus
1046 4661 1141 4707 senex
1156 4649 1309 4710 exteriore

567 4753 653 4808 veste
679 4743 760 4806 illico
791 4742 966 4804 denudatur
992 4747 1024 4801 et
1050 4739 1081 4800 in
1111 4739 1211 4802 locum
1237 4758 1309 4820 sup-

566 4837 662 4918 plicii,
693 4837 724 4897 in
752 4850 846 4914 quem
877 4833 988 4908 iugens
1015 4831 1120 4909 populi
1141 4833 1307 4895 multitudo

566 4932 769 5002 confluxerat,
794 4927 920 5004 rapitur.
938 4925 1013 4986 Tres
1034 4932 1065 4986 et
1087 4925 1214 5000 triginta
1229 4926 1308 4987 chri-

565 5023 669 5099 stiani,
691 5037 766 5100 quos
788 5018 874 5081 nulla
895 5018 1089 5080 cruciatuum
1104 5018 1180 5079 visa
1196 5018 1308 5081 Christi

561 5116 626 5179 fide
645 5130 809 5178 removere
830 5117 982 5191 potuerat,
1004 5127 1021 5172 e
1042 5126 1173 5186 carcere,
1191 5113 1243 5174 ubi
1258 5113 1308 5174 de-

567 5209 758 5284 tinebantur,
770 5207 883 5282 educti,
895 5205 1062 5268 tortoribus
1076 5207 1178 5284 stipati
1191 5213 1221 5267 et
1236 5206 1307 5267 hor-

565 5303 652 5365 rihco
674 5308 904 5363 tormentorum
925 5305 1069 5377 apparatu
1085 5299 1309 5362 eodem'dedu-

565 5405 691 5469 cuntur,
713 5409 774 5472 quo
794 5392 935 5455 simulac
950 5399 1163 5469 pervenerunt
1184 5393 1307 5457 Christo

565 5488 715 5550 nuntium
735 5487 896 5548 remittere
917 5501 933 5544 a
956 5483 1136 5547 mandariuo
1148 5484 1305 5561 iubentur,

564 5567 652 5642 secus
674 5579 770 5641 vitam
784 5578 841 5640 sihi
856 5578 964 5654 laqueo
985 5577 1177 5656 eripiendam
1197 5579 1304 5639 sciant.

566 5673 722 5747 Cristiani,
744 5670 928 5749 contemptis
944 5671 1127 5754 ¹huiusmodi
1146 5671 1251 5747 minis,
1273 5688 1305 5732 se

566 5782 621 5844 pro
650 5767 769 5829 Christo
797 5765 875 5826 mori
901 5772 1019 5844 paratos
1047 5763 1145 5838 aiunt,
1168 5771 1199 5826 et
1220 5765 1305 5828 flexis

566 5859 698 5944 genibus
718 5861 889 5922 adstantem
904 5857 1088 5938 Episcopum
1109 5867 1208 5932 orant,
1226 5867 1261 5922 ut
1274 5875 1306 5922 se

1094 497 1157 550 tuh.
1182 498 1273 547 PONT-
1297 493 1337 544 DE
1358 496 1387 544 P.
1411 493 1440 544 E·
1464 498 1546 548 PARS
1567 499 1588 548 1.

1375 617 1454 698 ipsos
1479 620 1606 698 peccatis
1634 620 1801 697 absolvere,
1830 629 1860 686 et
1886 633 2040 704 postrema
2064 623 2117 688 bo-

1374 711 1548 777 nedictione
1578 716 1705 778 reficere
1733 733 1766 779 ac
1792 717 1884 780 solari
1909 719 1996 780 velit.
2026 719 2115 784 Obse-

1374 806 1480 883 quitur
1491 823 1601 869 eorum
1616 809 1756 886 precibus
1768 811 1945 890 Episcopus,
1957 813 2116 877 brevibus·

1374 915 1434 978 que
1455 915 1507 962 eos
1529 901 1642 977 verbis,
1655 910 1690 964 ut
1711 905 1891 983 exemplum
1904 922 1999 969 suum
2013 915 2115 970 erecto

1373 992 1481 1082 animo
1497 1003 1678 1073 sequantur,
1700 996 1850 1072 hortatus,
1874 1006 1965 1077 caput
1979 1001 2115 1063 carnifici

1373 1085 1463 1148 offert
1484 1087 1537 1164 qui
1560 1103 1623 1150 uno
1650 1088 1727 1150 illud
1748 1090 1811 1152 ictu
1832 1090 2005 1155 detruncat.
2037 1093 2115 1157 llaec

1373 1178 1432 1242 fuit
1461 1181 1510 1242 die
1543 1197 1606 1242 xxv.
1631 1182 1813 1260 septembris
1842 1187 2011 1263 superioris
2041 1189 2115 1249 anni

1373 1289 1447 1336 vere
1468 1275 1599 1352 pretiosa
1621 1275 1652 1337 in
1673 1285 1839 1356 conspectu
1861 1280 1985 1342 Domini
2006 1281 2114 1344 'labra-

1371 1368 1470 1430 censis
1478 1368 1615 1446 Episcopi
1626 1383 1720 1445 mors,
1729 1371 1816 1432 cuius
1827 1374 2034 1435 narrationem
2043 1391 2114 1437 cum

1371 1459 1557 1537 legeremus,
1580 1468 1610 1524 et
1632 1464 1768 1540 graviter
1788 1465 1891 1526 animo
1905 1469 2053 1530 commoti
2065 1485 2114 1532 su·

1373 1569 1453 1628 mus,
1476 1563 1507 1616 et
1529 1562 1671 1618 veterum
1695 1557 1845 1620 Ecclesiae
1867 1565 2043 1637 temporum
2064 1579 2115 1626 an·

1373 1648 1457 1709 hales
1487 1648 1592 1724 legere
1621 1649 1812 1712 videbamur.
1847 1651 2014 1714 Christiani
2039 1670 2114 1733 quos

1372 1755 1472 1820 nuper
1496 1741 1738 1804 memoravimus
1763 1745 1949 1808 denunciato
1977 1747 2048 1826 ipsis
2073 1750 2113 1812 la·

1372 1850 1451 1912 queo
1481 1835 1619 1914 suspensi
1650 1851 1713 1898 nou
1743 1844 1828 1913 sunt,
1859 1840 1912 1902 sed
1942 1841 2057 1904 iterum
2080 1845 2111 1906 in

1354 1941 1524 1990 ‘carcerem
1539 1929 1667 2003 detrusi,
1684 1928 1719 1990 ad
1731 1939 1911 1994 extremum
1931 1934 1961 1996 in
1984 1935 2113 1998 exilium

1371 2020 1540 2100 pelluntur.
1565 2019 1660 2084 Erant
1685 2022 1840 2087 intereos
1862 2026 2011 2092 mulieres
2037 2029 2113 2092 duae

1371 2114 1483 2192 quibus
1503 2123 1539 2177 ut
1560 2115 1665 2178 domos
1678 2133 1748 2178 suas
1762 2125 1941 2196 repeterent
1959 2122 2113 2200 insperato

1370 2208 1557 2286 permissum
1587 2215 1649 2270 est:
1683 2227 1742 2288 qua
1773 2212 1966 2290 indulgentia
1992 2223 2112 2281 tantum

1366 2305 1454 2372 abest
1476 2309 1510 2364 ut
1532 2300 1658 2365 laetatae
1677 2304 1751 2378 sint,
1774 2313 1808 2366 ut
1829 2317 2001 2387 promptam
2029 2327 2112 2389 prae·

1370 2407 1553 2476 sentemque
1573 2406 1716 2459 aeternae
1744 2397 1859 2472 gloriae
1879 2391 2113 2482 consequendae

1371 2492 1561 2556 occasionem
1582 2490 1639 2552 sibi
1661 2500 1851 2570 praereptam
1867 2511 1932 2558 esse
1947 2496 2046 2574 palam
2062 2498 2112 2560 do-

1371 2588 1498 2655 luerint.
1513 2585 1552 2647 Ut
1566 2591 1670 2646 autem
1682 2585 1878 2650 lebracensis
1893 2589 2033 2670 Episcopi
2048 2609 2112 2656 cae·

1370 2682 1422 2744 des
1443 2687 1593 2758 perpetuo
1614 2678 1788 2742 christianis
1810 2683 1919 2744 terrori
1939 2692 2030 2759 esset,
2046 2687 2111 2748 eius

1369 2783 1459 2852 caput
1488 2773 1651 2835 columnae
1682 2772 1863 2850 impositum
1893 2774 1962 2850 fuit,
1991 2777 2024 2840 in
2053 2794 2111 2856 qua

1369 2866 1519 2945 scriptum
1541 2865 1702 2942 legebatur
1723 2885 1740 2926 v
1757 2865 1943 2943 Europaeos
1958 2869 2111 2936 christio-

1370 2977 1430 3023 cue
1452 2957 1618 3037 religionis
1632 2972 1743 3035 praeco
1758 2965 1788 3019 et
1802 2960 1940 3022 antistes
1951 2979 1979 3021 s.
1998 2962 2111 3028 Eadem

1368 3067 1491 3132 quoque
1513 3051 1604 3114 verba
1626 3050 1848 3129 praeseferebat
1868 3055 1982 3129 arcula,
1999 3057 2051 3119 ubi
2066 3074 2110 3120 ca·

1368 3154 1424 3222 put
1445 3145 1577 3224 episcopi
1599 3144 1773 3221 fungebatur
1796 3145 1962 3223 inclusum,
1985 3157 2016 3210 et
2032 3167 2109 3230 quae

1368 3255 1422 3318 per
1443 3255 1476 3300 ea
1497 3239 1628 3300 subinde
1643 3237 1705 3300 loca
1720 3239 1895 3302 circumlata
1910 3251 1967 3318 est,
1991 3244 2021 3307 iu
2044 3248 2110 3324 qui-

1369 3333 1425 3399 bus
1446 3331 1604 3394 christiani
1619 3332 1655 3393 ab
1671 3331 1818 3412 Episcopo
1840 3334 1974 3398 instituti
1997 3339 2111 3402 habita-

1369 3427 1452 3488 bant.
1476 3425 1607 3502 Sanguis
1627 3423 1767 3505 Episcopi
1788 3444 1803 3488 a
1826 3429 1999 3493 christianis
2019 3433 2110 3498 colle-

1367 3529 1433 3582 ctus
1460 3519 1634 3582 vicinarum
1662 3535 1786 3598 quoque
1814 3521 1940 3584 urbium
1967 3533 1998 3585 et
2029 3528 2109 3590 vico-

1367 3630 1438 3676 rum
1462 3612 1601 3676 fxdelibus
1623 3611 1805 3676 distributus
1833 3622 1890 3690 est,
1913 3618 1966 3695 qui
1987 3636 2109 3684 summa

1367 3708 1455 3770 illum
1488 3724 1559 3770 cura
1588 3715 1618 3770 et
1645 3706 1796 3783 religione
1820 3710 2007 3774 custodiunt.
2036 3715 2110 3778 Cor·

1367 3819 1434 3881 pus,
1450 3801 1530 3879 quod
1547 3800 1648 3864 triduo
1662 3801 1862 3864 inhumatum
1876 3803 1908 3865 in
1923 3804 1990 3868 foro
2005 3807 2108 3883 iacuit,

1367 3895 1539 3958 christianis
1558 3893 1611 3957 diu
1630 3900 1787 3974 noctuque
1809 3897 1988 3963 excubitum
2008 3904 2109 3979 genti·

1367 3991 1434 4065 bus,
1458 4005 1520 4052 uon
1542 3988 1648 4067 procul
1669 3989 1706 4050 ab
1723 4006 1759 4051 eo
1774 3988 1839 4052 loco
1853 3993 1920 4068 piae
1933 3996 2109 4074 sepulturae

1367 4085 1547 4146 mandatum
1568 4091 1624 4144 est.
1644 4081 1727 4156 Quae
1741 4098 1813 4148 cum
1829 4085 1870 4145 ita
1883 4103 1917 4148 se
1930 4087 2108 4166 habuerint,

1368 4192 1431 4237 nou
1446 4174 1633 4249 dubitamus,
1644 4175 1720 4254 quin
1733 4192 1786 4238 vos
1801 4178 1906 4254 etiam,
1919 4183 2110 4247 venerabiles

1366 4269 1486 4340 fratres,
1519 4275 1636 4330 tautam
1667 4270 1862 4335 Tabraceusis
1892 4276 2045 4340 hutistitis
2076 4280 2109 4341 iu

1367 4361 1546 4442 perferenda
1569 4377 1624 4438 pro
1646 4363 1768 4425 Cirristo
1790 4375 1890 4429 morte
1905 4373 2107 4434 constantiam

1365 4457 1518 4530 admirati,
1540 4455 1579 4518 de
1609 4457 1725 4517 recenti
1753 4459 1808 4520 hoc
1828 4461 2017 4524 orthodoxae
2037 4464 2107 4526 fidei

1365 4551 1524 4629 triumpho
1555 4565 1753 4628 summopere
1783 4553 1920 4628 gavisuri
1947 4557 2106 4620 nobiscum

1363 4645 1439 4706 sitis.
1466 4643 1618 4721 amphora
1642 4651 1743 4706 tamen
1765 4654 1795 4706 et
1819 4649 1916 4724 magis
1930 4651 2105 4713 authentica

1364 4737 1597 4816 praeclarissimi
1627 4738 1717 4800 huius
1745 4737 1814 4800 facti
1842 4741 2027 4805 documenta
2055 4761 2105 4805 ex-

1362 4839 1484 4911 pectore
1513 4845 1568 4891 nos
1597 4831 1694 4905 decet,
1724 4839 1758 4892 ut
1783 4833 1820 4894 de
1843 4833 2026 4912 pientissimi
2048 4837 2106 4898 for·

1364 4925 1534 5002 tissimique
1556 4924 1616 4984 viri
1638 4924 1785 5002 martyrio
1808 4925 1892 4987 iuxta
1908 4929 2106 5008 praescriptas

1360 5017 1476 5081 aSede
1506 5018 1677 5095 Apostolice
1707 5018 1789 5094 loges
1821 5020 2003 5084 iudicemus.
2029 5024 2104 5086 llaec

1361 5115 1468 5176 eadem
1483 5112 1560 5173 ratio
1573 5116 1632 5186 est,
1647 5128 1703 5174 cur
1717 5113 1851 5175 silendae
1866 5115 1997 5178 aliorum
2017 5117 2105 5180 Chri·

1360 5207 1400 5267 sti
1433 5205 1571 5267 militum
1602 5221 1702 5283 nuper
1732 5209 1811 5285 apud
1843 5209 1930 5272 Sinas
1958 5211 2104 5274 iuterem-

1361 5308 1487 5379 ptorum
1514 5298 1659 5360 historiae
1685 5299 1848 5361 consilium
1876 5301 1909 5362 in
1938 5305 2104 5378 praeseutia

1361 5391 1597 5472 susceperimus.
1622 5390 1691 5453 Non
1713 5407 1875 5470 possumus
1897 5402 2013 5470 tamen,
2029 5399 2103 5476 quin

1361 5487 1470 5548 saltem
1482 5487 1519 5548 de
1533 5485 1713 5562 presbytero
1724 5487 1901 5562 Augustino
1910 5489 2008 5550 Echao
2019 5506 2103 5554 men·

1362 5580 1479 5641 tionem
1507 5577 1664 5654 faciamus,
1694 5579 1781 5640 cuius
1807 5579 1954 5644 fortitudo
1981 5583 2013 5645 in
2035 5601 2103 5648 cru·

1361 5673 1489 5735 ciatibus
1510 5671 1701 5750 perferendis
1722 5672 1911 5750 singularem
1926 5676 1958 5738 in
1975 5677 2102 5740 modum

1361 5764 1468 5828 eluxit.
1493 5767 1574 5828 Eum
1595 5765 1731 5828 nefarius
1758 5767 1850 5830 iudex
1876 5770 2011 5848 primum
2033 5772 2102 5834 hor·

1362 5866 1441 5922 tatus
1473 5869 1531 5935 est,
1564 5866 1598 5921 ut
1629 5861 1717 5922 aetati
1749 5877 1823 5923 suae
1853 5871 2007 5942 parceret3
2039 5873 2103 5928 erat
