4750 6980
351 552 404 610 Aa.
418 555 448 610 0.
470 552 539 610 1794

352 2387 552 2441 nerogattoeon-

339 2441 485 2486 tractorum.

587 550 647 620 aad

569 705 629 771 tes,
654 703 686 758 et
714 711 823 759 eorum
845 693 1017 772 singulares
1042 708 1186 774 personas
1207 707 1222 750 a
1244 687 1310 768 qui-

569 793 673 855 busvis
703 792 1031 854 excommunicationis
1069 800 1101 854 et
1128 791 1309 864 interdicti,

569 886 699 964 aliisque
729 887 938 950 ecclesiasticis
969 888 1122 962 censuris,
1148 886 1311 949 sententiis

569 988 601 1041 et
622 979 729 1057 poenis
758 981 865 1057 quovis
895 981 986 1042 modo
1007 989 1038 1041 et
1058 996 1253 1058 quantamque
1273 979 1311 1040 de

569 1091 656 1135 causa
674 1073 752 1147 latis,
768 1073 793 1134 si
820 1089 892 1152 quas
908 1071 987 1134 iorle
1003 1073 1203 1146 incurrerint,
1219 1073 1311 1134 buius

570 1173 689 1228 tantum
712 1168 755 1227 rei
772 1167 866 1242 gratia
895 1165 1089 1230 absolventes
1111 1174 1144 1228 et
1158 1165 1311 1228 absolutos

569 1261 634 1323 lore
654 1269 826 1344 censentes,
843 1260 1115 1338 supplicationibus
1136 1275 1311 1321 eorumne-

569 1355 654 1416 mine
680 1354 767 1415 nobis
794 1353 953 1415 lnrrniliter
979 1355 1127 1432 porrectis
1155 1354 1309 1430 inclinati;

569 1449 672 1510 audite
682 1448 775 1509 etiam
787 1445 898 1509 dilecto
914 1449 978 1509 filio
991 1449 1138 1524 magistro
1150 1447 1311 1509 dominico

570 1542 702 1620 (loppola
728 1541 981 1618 congregationis
1001 1556 1157 1604 sacrorum
1181 1542 1310 1606 Rituum

569 1633 1025 1712 secretario,utquotannisdie
1037 1635 1228 1696 xvr.mensis
1241 1635 1313 1696 maii

569 1747 584 1788 a
606 1728 690 1790 clero
710 1727 855 1792 saeculari
878 1728 944 1790 eius
965 1727 1096 1792 civitatis
1111 1736 1142 1790 et
1153 1728 1311 1803 dioecesis,

570 1813 629 1886 nec'
648 1839 712 1884 non
734 1839 749 1882 a
772 1821 921 1898 religiosis
943 1829 973 1881 et
994 1821 1190 1896 monialibus,
1212 1821 1313 1884 calen-

570 1916 655 1978 dario
665 1915 846 1976 dioecesano
859 1915 1029 1988 utentibus,
1042 1916 1165 1976 recitari
1176 1915 1311 1978 olllcium

570 2010 663 2087 possit
685 2025 755 2071 oum
777 2009 868 2070 missa
892 2008 950 2068 iam
966 2009 1126 2085 adprobata
1142 2009 1172 2072 S.
1192 2009 1313 2071 loannis

570 2101 782 2181 Nepomuceni
804 2101 868 2164 ritu
889 2101 973 2178 dupl.
998 2101 1075 2163 min.
1098 2103 1226 2165 serratis
1246 2103 1314 2181 qui·

569 2199 641 2261 dem
662 2196 828 2272 diligenter
843 2195 985 2269 rubricis,
1001 2197 1181 2258 auctoritate
1196 2205 1313 2276 aposto-

569 2290 625 2352 lica
648 2299 756 2352 tenore
777 2289 988 2367 praesentium
1010 2289 1218 2365 indulgemus.

609 2385 627 2459 ἓ
648 2384 676 2445 3.
700 2381 769 2444 Non
791 2382 982 2444 obstantibus
996 2384 1267 2446 constitutionibus
1282 2395 1312 2446 et

570 2475 814 2541 ordinationibus
836 2475 1019 2554 apostolicis,
1035 2477 1194 2556 dictaeque
1209 2477 1312 2540 civita-

571 2574 609 2636 tis
630 2581 660 2635 et
675 2570 820 2634 dioecesis
834 2571 1126 2647 consuetudinibus;
1142 2571 1313 2649 privilegiis

570 2681 703 2744 quoque,
720 2663 848 2726 indultis
869 2671 900 2725 et
922 2663 1020 2724 literis
1035 2665 1207 2742 apostolicis
1224 2681 1312 2742 supe·

570 2760 715 2831 rioribus,
730 2764 761 2819 et
776 2756 915 2836 personis
934 2756 993 2818 sub
1007 2758 1254 2835 quibuscumque
1268 2765 1312 2819 te·

570 2852 698 2914 neribus
719 2859 749 2913 et
763 2849 883 2924 lormis,
898 2867 931 2913 ac
946 2866 1017 2913 cum
1039 2851 1198 2928 quibusvis
1219 2852 1312 2912 etiam

570 2944 833 3022 derogatoriarum
847 2943 1059 3021 derogatoriis,
1072 2945 1201 3022 aliisque
1214 2946 1312 3007 eldea·

571 3041 715 3113 cioribus,
729 3039 955 3114 efficacissimis,
966 3054 999 3100 ac
1011 3037 1141 3101 insolitis
1155 3039 1311 3114 clausulis,

570 3133 826 3210 irritantibusque
850 3139 881 3193 et
902 3131 968 3192 aliis
989 3130 1119 3194 decretis
1144 3135 1176 3194 in
1198 3147 1312 3208 genere

570 3228 621 3289 vel
642 3229 674 3289 in
695 3227 807 3305 specie,
830 3243 862 3288 ac
883 3225 948 3286 aliis
969 3225 1002 3286 in
1024 3227 1213 3290 contrarium
1238 3246 1312 3306 quo-

571 3321 738 3384 modolibet
758 3319 920 3394 concessis,
941 3320 1113 3399 approbatis
1134 3330 1164 3382 et
1186 3321 1312 3384 innova-

573 3417 620 3477 tis.
650 3414 766 3489 Quibus
794 3411 938 3474 omnibus
968 3421 999 3474 et
1026 3413 1158 3490 singulis
1187 3414 1311 3478 illorum

572 3517 695 3572 tenores
721 3504 932 3584 praesentibus
961 3520 1016 3584 pro
1048 3506 1140 3582 plene
1167 3515 1197 3569 et
1229 3509 1313 3570 suffi-

572 3604 688 3666 cienter
709 3599 871 3677 expressis,
894 3614 926 3659 ac
948 3599 985 3660 de
1005 3599 1100 3662 verbo
1122 3603 1157 3663 ad
1179 3603 1312 3666 verbum

570 3695 694 3758 insertis
715 3694 873 3767 babentes,
896 3691 955 3757 illis
976 3692 1048 3754 alias
1071 3693 1102 3756 in
1125 3711 1181 3757 suo
1204 3698 1313 3760 robore

570 3788 802 3870 permansoria,
831 3786 866 3848 ad
894 3787 1135 3864 praemissorum
1167 3789 1312 3854 ellectum

571 3887 626 3946 bac
646 3881 713 3944 rice
734 3879 894 3942 dumtaxat
920 3880 1092 3958 specialiter
1113 3890 1144 3943 et
1170 3899 1313 3961 expresse

571 3979 765 4052 derogamus,
788 3972 978 4052 caeterisque
999 3975 1160 4037 contrariis
1186 3977 1313 4054 quibus·

570 4085 714 4149 cumque.

610 4167 721 4226 Datum
742 4163 856 4226 Romae
876 4162 955 4240 apud
979 4163 1009 4224 S.
1034 4163 1172 4239 Petrum,
1189 4166 1246 4227 sub
1260 4183 1313 4228 an-

572 4263 647 4327 nulo
668 4259 838 4334 Piscatoris,
863 4259 912 4320 die
934 4259 1311 4338 xxv1.iuliiunccxc1r.‚

571 4357 765 4437 pontilicatus
786 4353 883 4416 nostri
905 4369 988 4414 anno
1009 4368 1062 4414 xx.

902 4639 978 4702 cxl.

573 4825 743 4891 Domnetie
778 4825 1020 4905 quamplurium
1059 4825 1313 4916 propositionum

611 4927 833 5000 cacerptorern
855 4937 894 4981 ea
916 4917 997 4981 libre
1024 4919 1135 4980 italico
1161 4919 1314 4981 idiomate

613 5017 763 5093 impresse
793 5012 851 5076 aab
881 5013 979 5074 titulo
1008 5013 1126 5084 «Atti,
1153 5031 1167 5074 c
1196 5013 1312 5074 decreti

613 5110 661 5172 dcl
683 5108 817 5171 concilio
846 5107 1011 5168 diocesano
1039 5107 1072 5170 di
1093 5105 1218 5169 Pistoio
1249 5106 1313 5168 aci-

612 5202 723 5265 l'onno
756 5203 893 5264 1736.»
923 5199 975 5281 (Ia
1003 5200 1128 5262 Pistoia
1154 5215 1210 5277 per
1237 5201 1313 5263 Atto

613 5295 743 5359 Brncoii
771 5301 967 5372 stampatore
988 5293 1149 5356 oescoeilc.
1174 5294 1238 5356 Con
1259 5309 1313 5370 ap·

611 5388 827 5468 proveniens),
850 5405 922 5450 cara
938 5386 1154 5466 prohibitione
1175 5389 1312 5450 eiusdem

613 5645 643 5700 (tl
658 5644 726 5690 Utile
740 5649 767 5690 et
778 5647 956 5702 opportunum
966 5645 1051 5690 uisum
1062 5647 1102 5690 est
1112 5645 1313 5691 celeberrimam

572 5711 788 5757 constitutionem
803 5717 943 5758 diemorcm
956 5717 1018 5766 fidet
1032 5712 1074 5758 bic
1092 5713 1196 5768 addere,
1210 5723 1263 5770 qna
1277 5713 1315 5757 Pi·

573 5779 730 5824 stoaieneem
745 5779 878 5834 synodum
892 5783 919 5824 P.
933 5780 1077 5834 damnavit,
1087 5783 1114 5824 et
1126 5779 1153 5824 in
1167 5791 1220 5836 qua
1234 5779 1315 5836 pluri·

573 5857 618 5892 ma
630 5847 663 5892 ad
678 5846 755 5892 iidem
775 5845 931 5892 catholicam
950 5851 978 5892 et
997 5847 1163 5905 disciplinam
1184 5847 1314 5892 Ecclesiae

574 5914 720 5971 spectantia
733 5913 855 5960 omnibus
869 5917 896 5960 et
910 5914 1008 5972 ubique
1022 5915 1090 5960 scitu
1100 5911 1249 5960 necessaria
1258 5925 1317 5960 con·

573 5981 694 6036 tinentnr
707 5991 838 6042 quamque
852 5983 896 6026 ΡΡ.
911 5980 980 6028 inti-a
993 5981 1022 6027 in
1036 5981 1151 6028 madium
1165 5981 1287 6028 afferunt.

1088 567 1152 618 roa.
1176 565 1266 616 ronr.
1290 564 1330 614 aa
1352 563 1380 613 ι».
1405 567 1432 614 r.
1458 564 1539 616 naas
1561 563 1583 616 r.

1358 703 1361 710 ·
1406 685 1482 749 libri
1501 694 1532 750 et
1550 687 1690 750 oliorum
1706 703 1974 766 quoramcunque
1990 687 2024 748 in
2038 687 2109 748 aies

1405 783 1614 860 defensionem
1626 789 1691 844 torn
1704 783 1816 862 forsan
1828 781 2000 848 editorem,
2013 795 2109 858 qnam

1405 881 1566 954 posternat
1587 876 1779 938 edendorum
1802 873 1857 954 (l).

1574 1058 1661 1127 etus
1684 1057 1903 1128 [elaturus

1549 1225 1659 1277 seruus
1681 1225 1835 1276 serrorum
1858 1207 1921 1287 liei,

1516 1345 1670 1414 uniuersis
1692 1344 1958 1422 christifidelibus,

1399 1441 1526 1510 salutern
1549 1448 1581 1509 et
1601 1443 1797 1526 apostolicam
1824 1439 2073 1508 benedictionem.

1405 1633 1423 1708 5
1448 1632 1474 1693 l.
1498 1631 1664 1696 Auctorem
1685 1635 1754 1697 fidei
1776 1641 1807 1696 et
1827 1639 2109 1697 consummatorem

1367 1725 1465 1787 lesum
1488 1728 1663 1804 aspiciente,
1687 1744 1742 1790 nos
1763 1729 1848 1792 iubet
1869 1727 2032 1807 Apostolus
2051 1725 2110 1807 (2),

1367 1818 1473 1882 sedulo
1494 1822 1665 1898 recogitare
1682 1823 1802 1900 qualem
1827 1831 2036 1900 quantamque
2057 1820 2110 1882 ille

1367 1913 1536 1976 substinuit
1557 1931 1572 1974 a
1594 1916 1802 1993 peccatoribus
1821 1918 1983 1978 adversum
1999 1923 2111 1978 semet·

1368 2005 1465 2083 ipsum
1498 2008 1790 2083 contradictionem,
1824 2017 1858 2070 ut
1886 2025 1926 2070 ne
1958 2008 2111 2071 laboribus

1367 2107 1397 2160 at
1418 2099 1563 2178 periculis
1578 2101 1733 2179 defatigati
1749 2101 1927 2164 deficiamus
1948 2102 2111 2181 aliquando

1367 2193 1624 2269 animisnostris,
1648 2211 1789 2274 peneque
1816 2196 2021 2260 concidamus.
2051 2197 2111 2258 llac

1367 2286 1568 2350 saluberrima
1589 2290 1774 2364 cogitatione
1794 2290 1911 2353 muniri
1934 2305 1989 2352 nos
2009 2307 2042 2352 ac
2063 2305 2112 2351 re-

1369 2379 1417 2441 lici
1440 2385 1506 2442 tum
1528 2382 1662 2444 maxime
1693 2397 1853 2446 namnum
1881 2392 1939 2458 est,
1968 2399 2039 2447 cum
2060 2384 2110 2444 ad·

1368 2489 1476 2536 versus
1498 2491 1607 2552 corpus
1630 2476 1798 2553 ipsummet
1820 2479 1947 2552 Cbristi,
1963 2479 2044 2555 quod
2065 2485 2110 2541 est

1369 2566 1502 2630 Ecclesia
1523 2565 1580 2648 (3),
1602 2569 1686 2630 dirae
1706 2569 1794 2632 istius
1819 2587 1876 2634 nec
1896 2587 2046 2650 umquam
2060 2573 2110 2634 de-

1367 2663 1481 2726 siturae
1503 2663 1724 2726 coniurationis
1745 2674 1847 2727 aestus
1868 2667 1966 2728 aerius
1986 2668 2111 2730 exarde-

1367 2757 1438 2819 scit:
1463 2765 1497 2818 ut
1512 2775 1527 2818 a
1542 2757 1673 2820 Domino
1689 2759 1863 2834 confortati,
1880 2767 1912 2822 et
1927 2761 1958 2822 in
1974 2761 2109 2839 potentia

1369 2851 1494 2913 virtutis
1515 2851 1594 2924 eius,
1615 2860 1700 2914 scuto
1722 2853 1791 2915 lidei
1817 2855 1948 2932 protecti
1969 2856 2111 2918 resistere

1368 2945 1519 3022 possimus
1542 2945 1574 3005 in
1597 2945 1646 3006 die
1672 2946 1765 3021 malo,
1788 2955 1819 3008 et
1840 2949 1944 3009 omnia
1972 2950 2030 3012 tela
2052 2951 2110 3012 ini-

1368 3039 1506 3116 quissimi
1529 3038 1617 3115 ignea
1633 3039 1817 3115 extinguere
1837 3040 1894 3121 (d).
1917 3043 1952 3104 ln
1967 3043 2024 3106 boc
2038 3060 2111 3106 sane

1369 3141 1456 3196 motu
1478 3141 1666 3213 temporum,
1690 3135 1721 3196 in
1743 3133 1798 3196 bac
1823 3151 1930 3198 rerum
1952 3141 2111 3216 perturba·

1370 3230 1483 3292 tissima
1505 3230 1708 3293 conversione
1730 3232 1831 3307 gravis
1853 3242 1899 3295 est
1919 3234 2044 3313 quidem
2058 3236 2110 3297 bo·

1369 3324 1416 3385 nis
1428 3324 1571 3386 omnibus
1582 3333 1687 3386 contra
1702 3340 1810 3387 ornnes
1825 3327 1974 3406 cuiusque
1988 3330 2111 3406 generis

1367 3417 1525 3480 christiani
1554 3417 1688 3479 nominis
1715 3419 1817 3482 hostes
1844 3421 2019 3484 colluctatio
2040 3423 2110 3486 sub-

1369 3511 1480 3572 eunda:
1514 3499 1637 3585 gravior
1659 3511 1756 3586 nobis,
1783 3513 1900 3598 ouibus
1921 3529 1976 3591 pro
1997 3515 2110 3578 credita

1367 3603 1508 3683 pastorali
1531 3612 1652 3666 nostrae
1672 3605 1873 3669 sollicitudini
1894 3609 1997 3686 gregis
2018 3610 2110 3674 totius

1368 3715 1438 3761 cura
1461 3705 1492 3760 et
1513 3698 1735 3771 moderatione,
1756 3698 1859 3762 maior
1879 3703 2006 3762 canetis
2025 3703 2109 3765 edri-

1366 3793 1494 3854 stionac
1515 3789 1680 3870 religionis
1695 3793 1783 3854 zelas
1798 3794 1957 3858 incumbit
1971 3795 2026 3875 (5).
2051 3798 2110 3861 Ve-

1368 3901 1438 3948 rum
1453 3887 1484 3948 in
1501 3887 1555 3948 bac
1578 3885 1639 3964 ipsa
1660 3887 1763 3948 oneris
1783 3889 1944 3965 gravitate,
1960 3907 2038 3970 quae
2052 3894 2109 3954 bu·

1368 3980 1462 4042 meris
1484 3979 1596 4041 nostris
1618 3980 1758 4058 imposita
1771 3989 1829 4057 est,
1843 3985 1998 4062 pertendi
2012 4001 2108 4048 caeru

1369 4077 1521 4146 cateiam,
1544 4075 1598 4152 qni
1619 4082 1814 4154 precanter,
1837 4094 1899 4156 quo
1919 4081 2016 4158 magis
2037 4097 2109 4143 con-

1368 4171 1422 4234 scii
1452 4170 1540 4232 nobis
1569 4185 1676 4230 sumus
1704 4170 1893 4234 infirmitatis
1916 4181 2049 4250 nostrae,
2072 4193 2109 4238 eo

1370 4265 1540 4328 firmiorem
1562 4266 1594 4326 in
1615 4280 1700 4342 spem
1722 4264 1815 4342 erigit
1835 4281 1903 4342 nos,
1918 4277 1949 4330 et
1969 4269 2109 4332 sublevat

1368 4358 1524 4439 apostolici
1539 4357 1667 4420 huiusce
1678 4357 1817 4420 muneris
1827 4358 1860 4421 in
1871 4375 2001 4439 persona
2013 4363 2045 4423 B.
2055 4363 2110 4425 Pe-

1370 4455 1408 4516 tri
1430 4451 1579 4514 divinitus
1601 4450 1742 4511 instituta
1764 4451 1921 4528 ratio,.ut‚
1941 4455 1993 4532 qui
2014 4456 2110 4517 mmel

1370 4547 1479 4608 tradita
1499 4543 1557 4605 sibi
1572 4559 1587 4603 a
1604 4543 1727 4606 Christo
1741 4545 1884 4608 ecclesiae
1905 4547 2110 4623 gubernacula

1370 4653 1530 4717 nunquam
1545 4635 1747 4698 derelicturus
1761 4643 1838 4712 erat,
1855 4639 1918 4716 ipse
1932 4640 2111 4719 apostolicae

1370 4729 1601 4810 gubernationis
1629 4745 1721 4790 onera
1754 4730 1785 4791 in
1815 4730 1874 4792 illis
1900 4742 2022 4812 portare
2047 4749 2110 4795 non

1369 4825 1540 4898 desineret,
1563 4838 1640 4900 quos
1662 4823 1689 4884 ei
1711 4823 1791 4885 lleus
1818 4825 2023 4903 protegendos
2044 4841 2112 4904 per-

1369 4927 1459 4998 petua
1479 4916 1682 4989 successione,
1697 4933 1730 4978 ac
1752 4918 1881 4980 tuendos
1902 4918 2047 4982 haeredes
2061 4919 2111 4982 de-

1369 5014 1471 5075 disset.

2166 1638 2350 1686 Prooemium.

1408 5107 1476 5181 §2
1502 5105 1540 5168 Et
1562 5106 1592 5166 in
1614 5105 1697 5167 bisce
1717 5107 1840 5183 quidem
1861 5109 2019 5170 aerumnis
2033 5125 2110 5188 quae
2195 5125 2346 5177 amporam

2128 5185 2278 5222 aerumnae
2292 5175 2347 5220 roie-

1370 5199 1509 5278 undiqne
1533 5199 1745 5274 circumstant,
1770 5199 1805 5260 ad
1833 5209 2024 5264 caeterarum
2046 5219 2110 5264 mo·
2129 5234 2239 5276 rancus.

1369 5291 1528 5355 lostiarum
1551 5290 1638 5353 velut
1652 5293 1813 5354 cumulum
1828 5295 1962 5370 accessit,
1980 5303 2013 5356 ut
2029 5295 2111 5358 xinde

1369 5392 1547 5464 oportuerat
1568 5400 1624 5447 nos
1639 5385 1783 5461 gaudere,
1798 5386 1948 5450 maiorem
1970 5387 2043 5450 inde
2058 5390 2111 5451 tri·

1408 5643 1438 5698 (2)
1453 5643 1490 5687 ad
1504 5643 1579 5688 Heba.
1597 5642 1628 5687 lt.

1408 5711 1438 5766 (3)
1453 5710 1490 5754 Ad
1504 5710 1598 5755 coloss.
1616 5711 1634 5752 l.

1408 5779 1438 5834 tt)
1453 5778 1490 5822 Ad
1506 5778 1599 5834 Ephes.
1614 5778 1635 5820 d.

1408 5847 1438 5902 (5)
1455 5847 1479 5890 8.
1495 5843 1606 5890 siricius
1619 5844 1652 5890 ad
1667 5842 1814 5890 Himerium
1829 5847 1933 5890 Terrae.
1949 5848 2030 5899 Epist.
2042 5850 2054 5890 t
2066 5857 2110 5900 ap.

1370 5915 1455 5959 Coust.
2093 5917 2099 5930 ·
