4754 6966
332 587 522 658 dn.c.,1teu
572 587 629 652 lla
2130 576 2184 628 xl.
2203 573 2243 624 c.
2270 551 2370 622 tres*

552 724 704 799 inclinati,
727 723 764 786 de
787 723 1013 786 venerabilium
1036 719 1214 783 eurumdem
1239 716 1296 778 ira·
1353 712 1523 782 ueneratur
1546 713 1632 780 tratri
1657 709 1839 780 Emmanueli
1863 709 2098 793 archiepiscope

553 827 635 880 trum
659 826 837 879 nostrarum
854 815 884 878 S.
897 818 931 879 u.
944 817 979 878 E.
1001 813 1225 886 cardinalium,
1243 827 1296 872 ne·
1394 807 1561 886 uesicam,
1577 824 1632 874 seu
1658 807 1776 874 vicarie
1799 805 1967 890 capitulari,
1990 803 2101 870 ustro-

553 911 643 986 gotiis
665 919 696 972 et
718 910 994 973 consultationibus
1016 909 1237 985 Episcoporum
1266 912 1297 964 et
1393 903 1525 986 politana
1558 901 1701 968 Ecclesia
1733 905 1876 979 vacante,
1909 897 1984 982 quod
2017 896 2100 963 [leus

552 1003 754 1080 Regula-ium
771 1003 1027 1082 praepositorum,
1044 1001 1096 1078 qni
1112 999 1294 1060 relationem
1394 1002 1521 1076 avertat,
1545 997 1675 1080 legitime
1698 996 1849 1080 deputato,

553 1097 655 1158 dilecti
678 1097 732 1157 filii
755 1097 852 1158 nostri
874 1095 990 1172 dlcysii
1012 1094 1122 1157 llariae
1146 1092 1176 1154 S.
1200 1091 1236 1151 tt.
1262 1091 1296 1150 u.

553 1190 677 1252 lliaeoni
707 1189 876 1253 Cardinalis
906 1187 1086 1264 Torregiani
1116 1183 1297 1261 nuncupati,
1549 1169 1734 1238 CLEMENS
1759 1171 1817 1237 ΡΡ.
1838 1169 1907 1236 ΧΙΙΙ.

552 1285 631 1361 apud
654 1300 710 1345 nos
731 1291 762 1344 et
783 1282 896 1344 Sedem
919 1280 1124 1360 apostolicam
1152 1278 1224 1340 dicti
1246 1276 1299 1339 Or-

553 1377 632 1438 dinis
651 1376 843 1455 protectoris,
857 1376 1069 1447 attenderunt,
1084 1370 1224 1444 consilio,
1238 1368 1300 1447 pri-

554 1486 602 1531 ma
625 1469 785 1532 dumtaxat
799 1477 931 1547 quatuor
945 1484 1036 1546 supra
1051 1464 1239 1544 praeinserta
1253 1478 1300 1522 ca-

553 1564 616 1641 pita
638 1563 819 1625 enuntiatae
834 1561 1006 1624 sententiae
1023 1565 1181 1621 ernunatae
1196 1557 1233 1617 de
1248 1570 1300 1615 an·

555 1673 596 1718 ne
618 1671 835 1732 unccxxxtx.,
858 1657 1041 1718 auctoritaie
1064 1649 1238 1730 apostolica,
1259 1656 1302 1708 te·

555 1764 631 1810 nore
650 1749 862 1827 praesentium
876 1749 1094 1809 confirmamus
1109 1749 1140 1806 et
1155 1741 1300 1821 approba·

555 1859 636 1915 mus,
665 1842 788 1920 illisque
819 1839 1008 1903 inviolabilis
1039 1836 1220 1917 apostolicae
1253 1835 1303 1895 lu·-

1075 599 1138 647 tua.
1164 597 1254 645 ΡΟΝΤ.
1279 595 1318 642 ntt
1341 597 1369 642 P.
1393 595 1422 642 1³¹·
1446 595 1528 643 exus
1550 595 1571 642 l.

1567 1346 1759 1414 Venerabilis
1779 1347 1888 1426 trater,

1389 1469 1572 1537 salutemet
1596 1469 1792 1553 apostolicam
1816 1467 2066 1535 benedictionem.

1395 1661 1414 1734 ἓ
1438 1660 1463 1720 l·
1487 1659 1607 1736 Eunoni
1623 1659 1710 1722 nobis
1725 1675 1827 1737 nuper
1843 1658 1985 1720 lecerunt
2000 1655 2102 1718 dilecti
2180 1665 2361 1711 accensetur

1358 1753 1411 1814 dlii
1427 1753 1606 1815 Franciscus
1620 1771 1636 1812 a
1648 1753 1899 1826 Resurrectione,
1916 1758 1947 1812 et
1961 1749 2104 1812 Nicotaus
2122 1719 2360 1818 {mmm

2138 1773 2260 1820 titutio
2285 1770 2360 1815 edita

1356 1847 1505 1909 aSaueto
1536 1847 1698 1909 Francisce
1729 1846 1767 1906 de
1799 1846 1889 1907 Paula
1923 1843 2032 1905 iratres
2053 1859 2104 1904 ex·
2123 1827 2370 1884 ll⁰¹¹¹²¹¹¹³⁰⁰¹l¹

2123 1879 2370 1932 vocationecapi·r

346 2229 467 2277 Clausala
481 2230 538 2275 sub·

326 2287 386 2340 lata,
406 2289 431 2330 et
452 2284 537 2329 decre-

327 2344 382 2385 tum
400 2341 510 2383 irritans.

340 3729 545 3785 Darogatioeon·

332 3785 478 3830 trariorum.

555 1936 672 1998 mitatis
702 1936 797 1997 robur
828 1935 1000 2007 adimimus,
1029 1933 1111 1993 salva
1140 1937 1243 1991 tamen
1270 1928 1300 1988 in

556 2029 729 2107 praemissis
762 2028 944 2089 auctoritate
972 2026 1144 2104 praedictae
1167 2023 1302 2097 Congre-

556 2122 687 2198 gationis
709 2120 915 2197 praelatorum
938 2118 1157 2183 Cardinalium.

596 2215 665 2290 §8-
689 2217 897 2278 lleceruentes
919 2215 1042 2274 easdem
1068 2217 1245 2289 praesentes
1268 2207 1302 2268 li·

558 2318 637 2372 leras
658 2317 689 2370 et
703 2309 805 2370 omnia
822 2315 852 2369 et
867 2305 988 2384 singula
1005 2305 1037 2367 iu
1053 2306 1097 2367 eis
1111 2309 1256 2364 eurttenta
1272 2307 1303 2362 et

557 2419 697 2480 expressa
719 2418 842 2480 semper
864 2403 970 2476 llruta,
998 2399 1095 2460 valida
1117 2405 1148 2457 et
1170 2393 1300 2456 efficacia

557 2497 690 2559 existere
711 2503 742 2558 et
764 2496 839 2569 iure,
856 2510 989 2572 suosque
1011 2493 1164 2570 plenarios
1179 2497 1209 2549 et
1226 2488 1305 2548 inte-

557 2605 627 2666 gros
650 2589 777 2650 ellectus
798 2588 902 2649 sortiri
924 2594 955 2648 et
970 2587 1123 2658 obtinere,
1138 2601 1172 2645 aa
1187 2581 1247 2642 illis
1268 2579 1304 2639 ad

558 2701 633 2761 quos
644 2689 771 2761 spectat,
783 2688 814 2742 et
825 2697 881 2760 pre
895 2690 1033 2759 tempere
1048 2678 1305 2757 quandocumque

559 2772 1128 2854 spectabit‚plenissimesuliragari,et
1140 2771 1177 2830 ab
1189 2767 1306 2828 illisre·

559 2869 696 2947 spectile
718 2867 941 2929 inviolabiliter
963 2864 1133 2938 observari,
1154 2862 1258 2939 sicque
1274 2858 1305 2918 in

561 2962 737 3041 praemissis
762 2977 817 3040 per
844 2976 1057 3038 quoscumque
1085 2957 1199 3018 iudices
1227 2951 1307 3012 ordi·

562 3057 665 3118 narius
687 3056 737 3117 vel
757 3056 925 3132 delegatae,
940 3056 1033 3115 etiarn
1051 3065 1212 3115 causarum
1228 3046 1306 3126 pala-

564 3149 598 3211 tii
619 3149 718 3211 nostri
740 3149 895 3210 auditores
917 3147 1043 3210 iudicari
1065 3153 1096 3207 et
1117 3142 1240 3206 desmiri
1256 3142 1309 3203 de-

564 3243 653 3318 bere,
676 3243 793 3305 sublata
821 3243 865 3304 eis
894 3248 1056 3302 eteorum
1083 3238 1209 3302 cuilibet
1235 3253 1307 3313 qua-

562 3353 698 3415 cumque
709 3336 797 3397 aliter
813 3335 965 3398 iudicandi
981 3342 1011 3394 et
1026 3329 1252 3410 interpetrandi
1266 3329 1309 3388 la·

563 3431 689 3506 cultata
702 3431 782 3508 quad
793 3429 819 3489 si
829 3445 915 3490 secus
931 3426 1047 3488 lactum
1058 3425 1163 3498 luerit,
1175 3424 1204 3485 id
1216 3437 1308 3483 omne

565 3524 690 3585 irritum
712 3530 743 3584 et
763 3523 856 3583 inane
877 3522 913 3582 ad
936 3519 1104 3599 pristinum
1126 3524 1239 3579 statum
1261 3533 1308 3576 rc·

564 3619 677 3680 ducere
699 3615 886 3677 curabimus.

603 3715 622 3788 ἓ
643 3713 671 3776 9.
689 3709 757 3771 Non
779 3707 970 3769 obstantibus
991 3713 1264 3776 constitutionibus
1279 3711 1309 3766 el

564 3804 1310 3885 ordinationibusapostolicis,et,quateuusepus

564 3903 615 3976 sit,
632 3899 705 3962 dicti
720 3897 854 3972 Ordinis,
870 3898 964 3959 etiam
988 3899 1173 3972 iuramento,
1200 3901 1309 3962 cendr-

565 3993 885 4070 mationeapostolica,
901 3993 950 4054 vel
966 3993 1073 4071 quavis
1091 3994 1239 4054 firmitate
1252 3993 1310 4054 alia

566 4085 1311 4164 roboratis,statutisetccnsnetudinibus,privi-

565 4181 654 4258 legiis
669 4195 805 4258 quoque,
822 4178 950 4242 indultis
965 4187 996 4240 et
1011 4179 1122 4240 litteris
1139 4179 1311 4256 apostolicis

566 4277 599 4338 in
628 4274 791 4337 contrariis
812 4273 1053 4351 praemissorum
1079 4273 1311 4351 quomodolibet

566 4368 728 4440 concessis
751 4366 941 4427 confirmatis
962 4373 993 4426 et
1009 4365 1172 4426 innovatis.
1196 4365 1312 4439 Quibus

567 4461 713 4522 amnibus
744 4468 774 4522 et
804 4459 934 4534 singulis
967 4473 1075 4520 eorum
1101 4466 1226 4520 tenores
1257 4475 1312 4537 pro

567 4553 693 4616 insertis
714 4553 873 4625 babentes,
896 4555 951 4612 ltac
979 4553 1046 4613 vice
1067 4551 1226 4613 dumtaxat
1246 4569 1314 4630 spe-

568 4647 686 4710 cialiter
714 4654 745 4707 et
772 4660 916 4722 expresse
946 4646 1141 4721 derogamus,
1172 4646 1313 4707 caeteris·

567 4759 628 4821 que
648 4740 810 4803 contrariis
832 4737 1091 4817 quibuscumque.

608 4839 717 4899 Datum
734 4836 860 4908 Romae,
877 4833 956 4910 apud
974 4834 1004 4896 S.
1018 4833 1143 4895 llariam
1156 4834 1312 4909 blaiorem,

567 4932 625 4993 sub
644 4929 761 4991 annulo
781 4927 953 5000 Piscatoris,
980 4927 1029 4988 die
1054 4941 1107 4987 xx.
1137 4929 1315 4990 novembris

569 5039 756 5098 unuouxtu,
780 5021 890 5101 pontii.
916 5021 1015 5082 nostri
1032 5036 1113 5081 anne
1135 5037 1191 5083 ιιιι.

825 5225 1064 5235 ..—....—---——-

891 5401 996 5464 xbtx.

572 5596 738 5662 Mentioned
758 5589 1011 5668 archiepiscope,
1030 5588 1088 5660 ccl,
1103 5605 1137 5649 eo
1153 5588 1315 5669 defuncto,

614 5687 741 5750 Virasia
761 5685 952 5762 capitulari,
971 5685 1145 5762 facultates
1166 5680 1317 5760 speciales

612 5782 802 5860 dispartitur
816 5795 873 5856 pro
888 5781 1033 5856 prasiana
1053 5777 1252 5838 cartoocuttdo
1268 5791 1318 5835 ctr-

611 5873 717 5952 pitulo
738 5871 880 5952 peuerell
905 5870 1036 5934 Ordinis
1058 5872 1206 5951 [rutrum
1224 5867 1317 5930 Bella-

611 5967 808 6030 institarum.

1357 1957 1459 2017 presse
1481 1939 1608 2017 prolessi
1631 1939 1754 2002 Ordinis
1783 1938 1914 2001 iratrum
1935 1936 2103 1998 Bethlemi-
2124 1934 2174 1981 tun
2188 1931 2343 1988 generatis.

1358 2043 1459 2095 tarum
1475 2040 1740 2112 nuncupatorum,
1754 2031 1954 2107 eiustlemque
1970 2029 2103 2103 Ordinis,

1358 2135 1391 2188 ut
1408 2127 1464 2205 ipsi
1486 2134 1638 2200 asserunt,
1655 2125 1873 2187 Procuratores
1887 2124 2053 2188 Generales
2068 2125 2103 2186 ad

1358 2221 1436 2282 banc
1459 2219 1663 2297 apostolicam
1694 2217 1806 2280 Sedem
1838 2219 1988 2295 deputati,
2021 2234 2106 2279 nunc

1358 2323 1463 2374 autern
1485 2313 1517 2374 in
1537 2313 1690 2390 Hispaniis
1705 2320 1943 2386 commorantes,
1959 2311 2041 2389 quad
2056 2331 2106 2373 su·

1359 2406 1471 2484 periori
1493 2422 1575 2468 anno
1596 2413 1781 2468 emanarunt
1803 2423 1818 2466 a
1841 2406 1928 2466 nobis
1950 2406 2058 2467 literae
2072 2407 2104 2468 in

1358 2499 1452 2560 simili
1468 2499 1567 2560 lorma
1582 2499 1696 2573 brevis,
1708 2499 1819 2576 quibus
1834 2499 2019 2562 fraternitati
2036 2507 2106 2561 tuae

1359 2607 1413 2652 seu
1444 2590 1564 2654 vicario
1592 2590 1765 2670 capitulari,
1795 2591 2030 2669 metropolitana
2058 2607 2106 2652 ec-

1359 2683 1449 2744 clesia
1471 2692 1610 2757 vacante,
1627 2685 1708 2762 qued
1724 2683 1805 2746 lleus
1819 2690 1948 2757 avertat,
1966 2683 2107 2759 legitime

1361 2777 1518 2853 deputata,
1541 2786 1576 2838 ut
1598 2776 1765 2854 capitulum
1788 2775 1934 2853 generale
1958 2775 2030 2838 dicti
2053 2774 2108 2838 Or·

1361 2869 1441 2930 dinis
1463 2870 1603 2947 proxime
1625 2869 1801 2931 babendum
1824 2870 1855 2931 in
1872 2870 1998 2931 civitate
2013 2868 2109 2930 illexi-

1361 2978 1435 3023 cana
1467 2978 1647 3036 convocare,
1668 2963 1760 3041 eique
1791 2963 1973 3024 auctoritate
2004 2968 2107 3022 nostra

1363 3056 1547 3133 praesidere,
1560 3064 1652 3132 atque
1667 3056 1699 3117 in
1716 3072 1752 3116 eo
1768 3072 1822 3133 pro
1839 3063 1888 3117 tua
1899 3056 2024 3134 pietate,
2035 3072 2109 3134 pru·

1362 3149 1465 3210 ‹lentia
1488 3157 1519 3209 et
1540 3149 1607 3209 zelo
1629 3149 1793 3211 consulere
1809 3149 1844 3210 iis
1859 3149 2015 3223 omnibus,
2031 3165 2109 3227 quae

1363 3256 1426 3302 non
1443 3241 1544 3303 solum
1561 3242 1731 3320 respiciunt
1746 3248 1884 3304 exactam
1901 3242 2109 3320 inposterum

1363 3335 1589 3396 observantiam
1608 3335 1866 3398 constitutionum
1885 3335 1958 3397 dicti
1973 3335 2108 3409 Ordinis,

1362 3427 1414 3487 sed
1436 3427 1529 3488 etiarn
1551 3429 1778 3491 eecttttemicam
1806 3429 2109 3490 administrationem

1363 3521 1553 3595 reddituum,
1570 3521 1841 3599 eleemosynarum
1855 3538 1888 3582 ac
1902 3521 2111 3584 redditionem

1363 3613 2110 3692 rationisiuxtaindictisconstitutionibusprae·

1363 3711 1485 3788 scripta,
1514 3717 1696 3786 caeteraque
1723 3709 1839 3783 omnia,
1863 3725 1901 3769 ex
1929 3709 2041 3786 quibus
2062 3724 2110 3770 ea·

1366 3803 1508 3868 rumdem
1537 3803 1797 3865 constitutionum
1824 3803 2052 3864 observantiam
2077 3801 2111 3862 in

1365 3897 1535 3976 pristinum
1556 3896 1678 3958 restitui
1701 3896 1793 3958 dacus
1814 3912 1848 3957 ac
1869 3897 2009 3974 quietem
2029 3895 2111 3957 dieto

1365 3991 1471 4054 Ordini
1493 3989 1578 4051 reddi
1600 4005 1688 4068 posse
1705 3990 1873 4068 expediens
1887 4004 1953 4050 esse
1969 3986 2112 4051 iudicabi-

1367 4093 1430 4158 tur,
1453 4101 1562 4146 ourare
1583 4099 1616 4145 ae
1636 4083 1813 4160 providere,
1836 4093 1868 4144 et
1889 4083 2017 4160 insuper
2039 4090 2111 4142 ante

1365 4177 1621 4239 convocationem
1643 4175 1781 4237 eiusdem
1802 4174 1926 4252 capituli
1949 4189 2113 4251 cognosce-

1366 4292 1410 4350 re,
1433 4275 1622 4346 examinare,
1646 4271 1852 4351 pronunciare
1873 4287 1906 4333 ac
1925 4271 2056 4352 (definire
2075 4275 2113 4336 de

1367 4370 1435 4431 iure
1456 4386 1489 4430 ac
1511 4367 1649 4443 legitima
1670 4366 1819 4445 qualitate
1840 4374 1871 4427 et
1892 4373 2043 4444 potestate
2063 4383 2114 4428 su·

1367 4463 1525 4540 periurum
1546 4461 1740 4538 aliarumque
1761 4459 1971 4521 obtinentium
1990 4474 2025 4520 ea
2040 4459 2115 4522 dicti

1367 4555 1489 4619 Ordinis
1504 4569 1646 4627 munera,
1663 4553 1847 4630 quibuscum
1864 4551 1896 4612 in
1912 4550 2046 4629 capitulo
2062 4567 2114 4628 ge

1369 4648 1465 4710 nerali
1488 4648 1535 4708 ius
1556 4645 1694 4722 suliragii
1716 4646 1918 4708 coniunctum
1941 4661 2007 4707 esse
2023 4645 2112 4720 solet,

1369 4760 1402 4805 ac
1423 4742 1550 4820 insuper
1579 4740 1723 4817 supplere
1749 4748 1779 4801 et
1807 4754 1916 4801 sanare
1946 4754 2055 4801 omnes
2083 4745 2114 4801 et

1369 4851 1581 4916 quoscumque
1601 4833 1739 4897 delectus
1759 4834 1837 4896 iuris
1857 4831 2005 4909 autiaeti,
2022 4831 2114 4910 siqui

1370 4934 1501 5007 desuper
1522 4928 1762 5002 intervenerint,
1783 4927 1881 5006 quoad
1903 4927 2036 5005 eosqui
2057 4925 2114 4987 hu·

1370 5022 1501 5087 iusmodi
1524 5022 1592 5084 iure
1615 5020 1723 5096 dignos
1745 5020 1776 5081 in
1792 5021 1949 5082 servandis
1964 5019 2115 5081 constitu-

1372 5115 1507 5178 tionibus
1520 5114 1643 5178 Ordinis
1658 5114 1848 5192 caeterisque
1862 5113 2038 5176 christianis
2053 5113 2115 5173 vir·
2133 5187 2135 5194 y

1373 5209 1489 5271 tutibus
1504 5208 1684 5269 exercendis
1697 5223 1731 5268 se
1744 5207 1947 5285 probaverint
1960 5215 2053 5285 atque
2064 5221 2116 5267 ex-

1372 5302 1543 5376 hibuerint,
1562 5318 1580 5362 e
1600 5301 1723 5362 diverso
1744 5308 1941 5363 contumaees
1963 5310 2055 5378 atque
2069 5301 2117 5361 in·
2137 5303 2139 5306 ’

1371 5397 1551 5457 obedientes
1582 5394 1718 5472 aliosque
1748 5394 1891 5471 indignos
1913 5393 2064 5472 repellere
2084 5409 2117 5454 ac

1373 5503 1547 5563 removere,
1559 5487 1696 5564 aliosque
1711 5487 1743 5548 in
1758 5502 1869 5548 eorum
1884 5487 1986 5548 laeum
2001 5503 2035 5548 ae
2049 5501 2117 5547 rnu-

1374 5597 1446 5643 nera
1466 5579 1655 5642 substituere
1686 5579 1780 5657 possis
1800 5587 1831 5641 et
1852 5579 1963 5653 valeas,
1986 5579 2137 5646 aucturis

1374 5679 1433 5735 tate
1455 5681 1558 5735 nostra
1580 5672 1741 5750 apostolica
1764 5669 1802 5732 de
1823 5672 2018 5750 plenitudine
2033 5681 2117 5750 pote·

1372 5767 1458 5828 statis
1479 5765 1686 5826 concessimus
1708 5773 1738 5826 et
1752 5763 1875 5840 elargiti
1890 5779 2009 5839 summ,
2025 5774 2118 5843 prout

1375 5860 1463 5922 latius
1481 5861 1511 5920 tn
1527 5858 1616 5920 dictis
1631 5858 1744 5920 nestris
1759 5858 1857 5919 litoris
1872 5858 1922 5920 die
1935 5874 2050 5920 xxvxxt.
2066 5875 2118 5920 au·

1374 5955 1456 6032 gusti
1479 5952 1642 6034 expeditis,
1659 5967 1792 6029 quarum
1814 5958 1936 6014 tenores
1951 5951 2119 6034 praesenti-
