4750 6980
348 555 401 611 Art.
416 559 446 612 0.
468 558 536 612 tras

334 1180 410 1278 cirrotg
429 1178 545 1330 igrumpiln

335 1284 462 1342 scopatam
473 1295 500 1332 er
510 1285 546 1342 gi-

335 1343 384 1386 tur.

347 2021 457 2066 Ecclesia
471 2020 546 2067 colle·

334 2074 545 2176 tartareae·

351 3141 481 3186 concessio
496 3142 544 3197 pri·

334 3193 491 3250 vilegierum.

343 5663 495 5712 Distributio
506 5666 542 5712 di·

329 5717 542 5772 gnttstamtnea-

331 5771 419 5826 pitulo.

584 553 643 622 tte

565 697 716 760 lectorum
738 697 873 761 liliorum
890 701 1110 760 modernorum
1135 695 1259 776 capitali
1274 704 1305 757 et

564 791 784 852 canonicorum
798 793 895 854 dictae
906 792 1094 868 collegiatae,
1108 807 1185 870 quae
1200 790 1304 862 etiam,

567 892 599 946 ut
621 883 804 960 praefertur,
821 885 999 963 parochialis
1015 885 1132 958 existit,
1149 883 1303 957 ecclesiae,

565 975 725 1054 apostolica
752 978 933 1041 auctoritate
961 985 1069 1040 tenere
1096 976 1305 1055 praesentium

564 1077 714 1147 perpetue
734 1071 955 1148 supprimimus
977 1077 1007 1132 et
1029 1070 1250 1147 extinguimus.

604 1164 622 1238 ἓ
651 1164 679 1226 9.
711 1163 826 1242 illaque
851 1165 894 1226 sic
921 1180 1082 1241 suppressa
1111 1172 1141 1224 et
1171 1163 1305 1224 extincta

565 1257 754 1335 praedictum
769 1257 914 1336 oppidum
931 1257 964 1319 in
978 1257 1134 1318 civitatem
1155 1257 1306 1334 episcopa·

565 1349 626 1412 iem
643 1349 891 1426 Varsaviensem,
909 1359 943 1412 ιιι
958 1351 1042 1429 prius
1057 1351 1304 1428 nuncupandam,

565 1459 635 1506 cum
657 1445 800 1506 omnibus
822 1445 956 1518 iuribus,
980 1443 1148 1504 treberibus
1169 1448 1201 1502 et
1223 1457 1305 1518 prae-

565 1538 723 1614 rogativis,
746 1538 858 1618 quibus
879 1538 953 1598 aliae
979 1537 1118 1598 civitates
1140 1535 1304 1614 pontificali

563 1631 634 1692 sede
655 1632 837 1709 insignatam,
856 1639 886 1693 et
907 1647 1014 1694 earum
1037 1630 1210 1708 respective
1223 1629 1305 1690 cives

565 1732 710 1799 utantur,
733 1725 893 1799 fruuntur,
917 1725 1081 1802 potiuntur
1103 1733 1133 1784 et
1155 1721 1303 1798 gaudent,

564 1825 657 1896 atque
678 1818 736 1894 uti,
760 1818 832 1894 irai,
856 1818 947 1896 potiri
971 1825 1000 1878 et
1023 1817 1156 1892 gaudere
1178 1823 1305 1892 possunt

564 1921 595 1972 et
616 1919 763 1989 poterunt
785 1910 1013 1990 quomodolibet
1035 1909 1067 1970 in
1089 1909 1242 1970 laturum.

604 2006 690 2080 §tu
725 2007 842 2069 [liciam
875 2021 948 2066 vere
980 2005 1194 2080 collegiatam,
1227 2019 1304 2081 quae

564 2101 668 2173 etiam,
685 2110 718 2161 ut
734 2100 916 2179 praefertur,
933 2099 1110 2179 parochialis
1125 2098 1241 2170 existit,
1257 2113 1303 2158 ec·

564 2195 652 2257 clesia
674 2210 729 2272 per
750 2211 804 2257 nos
825 2194 878 2266 sic,
902 2201 934 2254 ut
956 2192 1139 2270 praefertur,
1162 2206 1303 2269 suppres-

562 2304 627 2350 sam
642 2297 672 2350 et
687 2290 866 2364 extinctam,
883 2287 914 2349 in
930 2287 1136 2349 cathedralem
1152 2285 1303 2364 parochia-

564 2381 637 2456 lem,
647 2390 682 2444 ιιι
693 2389 792 2457 antea,
805 2385 970 2445 extiturum
982 2380 1139 2444 ecclesiam
1150 2381 1207 2442 sub
1219 2397 1304 2458 prae·

564 2479 621 2541 iata
642 2481 781 2542 eiusdem
804 2477 907 2540 Sancti
935 2475 1057 2538 ioannis
1085 2477 1236 2555 Baptistae
1259 2478 1304 2538 in-

564 2574 738 2646 vocatione,
761 2581 791 2634 et
820 2572 851 2632 in
875 2587 907 2632 ea
937 2571 1120 2647 dignitatem
1141 2579 1171 2631 et
1198 2570 1302 2634 sedem

563 2667 764 2746 episcopalem
795 2681 850 2743 pro
886 2683 948 2728 uno
979 2665 1124 2744 deinceps
1155 2666 1302 2745 Episcopo

564 2759 757 2823 Varsaviensi
780 2759 997 2839 nuncupando,
1014 2762 1066 2838 qui
1086 2761 1187 2822 eidem
1209 2761 1303 2822 eccle·

563 2855 636 2930 siae,
653 2855 798 2933 illiusque
813 2855 930 2917 civitati
947 2855 1152 2929 Varsaviensi,
1169 2863 1303 2931 etprae-

564 2949 675 3022 lertar,
692 2949 914 3028 nuncupandae
930 2957 960 3010 et
975 2949 1105 3010 dioecesi
1122 2949 1214 3009 etiam
1231 2947 1302 3008 Var-

563 3043 706 3117 saviensi,
731 3051 765 3103 ιιι
788 3042 865 3103 inira
887 3043 1098 3118 assignandae,
1121 3043 1243 3121 praesit.

603 3134 860 3211 ἓ11.ιι1ι1ιιιιει,
889 3135 1050 3197 interiores
1081 3137 1244 3213 praelatos,
1273 3143 1303 3195 et

563 3231 636 3291 aiios
656 3229 692 3289 ad
722 3229 873 3306 synodum
903 3237 1064 3302 convocet,
1087 3245 1119 3290 ac
1149 3229 1251 3290 emnia
1273 3237 1303 3290 et

562 3323 682 3400 singula
704 3323 770 3383 iura
785 3330 815 3382 et
830 3321 927 3383 ellicia
948 3331 979 3382 et
998 3322 1102 3383 munia
1125 3320 1303 3400 episcopalia

563 3421 683 3493 habeat,
706 3427 736 3480 ct
758 3426 897 3481 exerceat
920 3433 991 3478 cum
1013 3417 1076 3478 suis
1097 3417 1241 3495 capitulo,
1265 3419 1303 3479 si-

564 3513 649 3590 gillo,
672 3529 750 3587 arca,
778 3528 883 3574 mensa
912 3511 1084 3589 episcopali,
1115 3513 1304 3590 caeterisque

562 3605 786 3668 cathedralibus
798 3613 829 3666 et
845 3604 1069 3682 pontificalibus
1082 3604 1236 3680 insigniis,
1248 3619 1303 3666 nec

564 3715 625 3760 non
648 3699 777 3771 iuribus,
802 3697 1073 3770 iurisdictionibus,
1097 3696 1302 3770 inanitatibus,

563 3791 827 3872 praeeminentiis,
856 3790 1092 3868 praerogativis,
1121 3789 1302 3866 privilegiis,

563 3886 746 3958 honeribus,
780 3885 904 3960 gratiis,
931 3883 1086 3944 laveribus
1114 3891 1144 3944 et
1176 3884 1303 3946 indultis

562 3979 706 4052 realium,
739 3977 949 4054 personalibus
981 3984 1010 4036 et
1043 3976 1158 4049 mixtis,
1192 3977 1304 4053 quibus

562 4072 636 4132 aliae
668 4073 698 4132 in
731 4069 949 4132 ceratermediis
979 4069 1146 4146 provinciis
1179 4069 1303 4132 illarum

563 4165 698 4242 partium
721 4163 908 4224 cathedrales
934 4163 1090 4236 ecclesiae,
1116 4163 1302 4240 illarumque

562 4256 717 4337 praesules
738 4255 977 4334 quomodolibet,
1002 4271 1063 4316 ιιοιι
1086 4263 1190 4316 tamen
1214 4256 1304 4318 titulo

562 4367 708 4426 oneroso,
731 4358 783 4412 aut
804 4365 842 4408 ex
866 4348 1031 4428 privilegio
1054 4348 1242 4426 particulari,
1264 4352 1304 4411 si-

564 4445 680 4508 militer
711 4451 855 4516 utuntur,
889 4442 1049 4516 fruuntur,
1083 4443 1246 4520 potiuntur
1273 4451 1303 4505 et

563 4539 709 4614 gaudent,
726 4544 817 4615 atque
840 4537 897 4608 uli,
915 4535 987 4609 irui,
1005 4536 1107 4614 potiri,
1124 4542 1154 4596 ει
1169 4535 1303 4612 gaudere

562 4642 690 4714 pessunt
712 4641 742 4694 et
770 4639 917 4710 poterunt
946 4630 1177 4706 quomodolibet
1203 4631 1234 4691 in
1257 4630 1303 4692 iu·

562 4737 668 4790 turum
690 4728 726 4788 ad
747 4724 970 4803 omnipotentis
987 4723 1039 4784 Dei
1057 4723 1177 4784 laudem
1192 4733 1223 4785 et
1239 4723 1302 4800 gie-

562 4821 651 4896 riam,
668 4819 877 4899 praedictique
893 4817 993 4879 Sancti
1017 4816 1137 4877 loannis
1152 4817 1302 4895 Baptistae

563 4917 725 4987 honorem,
744 4913 875 4991 fideique
897 4910 1061 4972 catholicae
1082 4910 1302 4974 exaltationem

562 5009 640 5072 dicta
662 5005 823 5086 apostolica
837 5006 1019 5066 auctoritate
1038 5005 1171 5080 ipsarum
1195 5014 1302 5068 terrere

563 5103 771 5180 praesentium
800 5101 892 5161 etiarn
922 5107 1071 5176 perpetuo
1098 5099 1247 5174 erigimus
1273 5109 1303 5160 et

563 5197 764 5271 instituimus,
788 5196 958 5271 dictamque
980 5192 1187 5254 cathedralem
1208 5192 1301 5254 eccle-

561 5291 637 5350 siam
666 5307 719 5369 per
745 5305 800 5350 nos
825 5289 878 5362 sir,
903 5295 936 5348 ιιι
962 5285 1145 5363 ριιιειειιιιι,
1168 5297 1301 5350 erectam

561 5387 591 5444 ει
615 5383 789 5444 institutam
818 5379 887 5442 Sedi
910 5379 1097 5457 apostelicae
1127 5380 1303 5442 immediate

560 5477 726 5539 subiectam
747 5491 869 5552 semper
884 5485 913 5536 et
930 5481 1077 5552 perpetuo
1101 5471 1164 5533 iere
1185 5482 1216 5534 et
1237 5490 1302 5535 esse

560 5570 667 5634 eadem
689 5569 850 5648 apostolica
872 5569 1052 5630 auctoritate
1074 5567 1273 5628 declaramus.

601 5664 688 5738 §lh
714 5664 828 5724 Deinde
851 5679 924 5724 vero
952 5662 1160 5738 supradictum
1186 5662 1321 5738 capitu.

562 5759 626 5820 lum
649 5759 786 5820 eiusdem
815 5759 1002 5834 collegiatae,
1033 5771 1110 5835 cquae
1138 5757 1242 5830 eliam,
1266 5765 1298 5817 ιιι

561 5853 743 5929 praefertur,
764 5851 941 5929 parochialis
955 5850 1071 5924 existit,
1088 5850 1230 5912 ecclesiae
1246 5866 1300 5928 per

561 5961 626 6018 nos,
651 5956 684 6007 ιιι
703 5945 885 6022 praelector,
907 5959 1086 6022 suppressae
1101 5950 1131 6004 et
1146 5943 1300 6007 extinctae

1085 577 1148 624 ltttt.
1173 578 1262 622 roda.
1287 579 1326 622 DE
1348 578 1376 622 P·
1401 579 1429 624 F·
1454 579 1536 625 PARS
1558 581 1578 625 t.

1361 705 1392 758 et
1414 699 1445 758 in
1462 699 1666 762 cathedralem
1681 700 1851 775 ecclesiam,
1870 709 1903 763 ιιι
1918 699 2102 778 praefertur,

1361 796 1478 852 erectae
1491 791 1522 852 in
1537 793 1706 870 capitulum
1721 791 1923 855 cathedralem
1942 792 2104 855 Ecclesiam

1363 882 1596 948 Varsaviensem
1628 888 1885 967 nuncupandam,
1917 904 1950 950 ac
1978 887 2104 949 decana·

1362 983 1442 1050 tum,
1455 978 1506 1054 qui
1520 978 1695 1059 principalis
1707 980 1739 1042 in
1755 981 1832 1042 dicta
1844 979 2015 1057 collegiata,
2026 996 2104 1057 quae

1362 1069 1467 1144 etiam,
1485 1077 1519 1130 ιιι
1534 1071 1717 1150 praeiertur,
1733 1073 1914 1151 parochialis
1935 1073 2040 1134 existit
2056 1089 2105 1134 ec·

1362 1159 1452 1222 clesia
1474 1176 1528 1238 per
1549 1177 1614 1237 nos,
1639 1173 1673 1226 ιιι
1694 1164 1877 1242 praeiertur,
1898 1179 2058 1242 suppressa
2072 1172 2104 1225 et

1363 1253 1509 1328 extincta,
1532 1255 1664 1331 dignitas
1685 1257 1832 1319 hactenus
1853 1259 1969 1332 existit,
1986 1259 2017 1319 ia
2041 1273 2104 1320 ma·

1364 1346 1460 1408 ierem
1483 1355 1549 1424 post
1580 1350 1800 1426 pontificalem,
1823 1351 2102 1413 archidiaconatum

1364 1455 1437 1500 vere
1458 1441 1623 1504 secundam
1646 1449 1676 1504 et
1697 1444 1939 1521 praeposituram
1968 1443 2102 1518 tertiam,

1362 1548 1394 1592 ac
1405 1533 1573 1594 custodiam
1585 1545 1736 1613 quartam,
1749 1546 1779 1599 et
1789 1536 1998 1600 scholastriam
2013 1538 2104 1616 quin·

1363 1631 1436 1700 tam,
1466 1633 1497 1687 et
1522 1629 1773 1692 cancellariatum
1801 1639 1930 1704 sextam,
1956 1645 2013 1692 nec
2039 1646 2102 1692 nen

1362 1717 1604 1794 primiceriatum
1626 1723 1787 1799 septimam
1814 1724 1982 1800 respective
2003 1723 2102 1799 digni-

1362 1817 1437 1872 tates
1459 1811 1636 1876 huiusmodi
1651 1816 1682 1876 in
1700 1816 1828 1878 totidem
1849 1817 1906 1878 sub
1919 1816 2028 1878 eedem
2042 1835 2102 1896 que

1361 1916 1586 1968 enumerantur
1597 1910 1859 1973 ordinesimiliter
1870 1911 2046 1987 dignitates.
2061 1914 2102 1973 Ac

1361 2000 1482 2062 eosdem
1506 2001 1665 2064 tluodecim
1688 2005 1894 2078 canonicatus,
1913 2005 2102 2084 totidemque

1361 2093 1546 2168 praebendas
1568 2096 1664 2173 ipsias
1686 2097 1873 2173 collegiatae,
1896 2115 1975 2176 quae
1997 2099 2100 2174 etiarn,

1361 2191 1394 2247 ιιι
1418 2187 1600 2264 praefertur,
1617 2189 1807 2266 parochialis,
1823 2191 1938 2265 existit,
1959 2192 2102 2256 ecclesiae

1361 2295 1415 2356 ρει
1431 2295 1498 2354 nos,
1517 2289 1550 2342 ιιι
1564 2283 1748 2360 praefertur,
1763 2300 1941 2362 suppressae
1956 2295 1987 2348 et
2001 2288 2102 2349 extin-

1361 2381 1436 2448 ctae,
1464 2389 1645 2453 eerumque,
1669 2394 1702 2439 ac
1734 2379 1956 2455 praedictarum
1983 2389 2103 2458 septem

1360 2469 1545 2546 dignitatum
1563 2477 1595 2532 ut
1610 2469 1689 2532 inira
1711 2472 1977 2548 subrogandarum
2001 2489 2101 2554 respe-

1360 2563 1441 2624 ctive
1463 2562 1624 2626 modernos
1645 2573 1675 2626 et
1698 2581 1753 2642 pre
1775 2571 1916 2643 tempere
1936 2567 2102 2631 existentes

1361 2671 1547 2734 possessores
1563 2657 1595 2719 in
1613 2661 1741 2720 totidem
1757 2660 1956 2722 canonicatus
1971 2668 2002 2723 et
2017 2678 2102 2741 prae·

1361 2749 1483 2824 bundas,
1506 2767 1539 2811 ac
1560 2753 1730 2827 respective
1756 2753 1940 2828 diguitarios
1960 2763 1992 2816 et
2012 2773 2102 2818 cano-

1360 2843 1455 2917 nicos,
1478 2845 1604 2921 parique
1627 2845 1716 2906 medo
1737 2845 1860 2908 easdem
1887 2863 2002 2910 novem
2024 2848 2103 2911 vica-

1361 2937 1418 2998 rias
1446 2945 1476 2997 et
1508 2952 1620 2998 novem
1653 2939 1888 3014 mansionariae,
1921 2949 2102 3021 septemque

1359 3030 1568 3106 cappellanias,
1592 3046 1760 3110 earumque
1789 3035 1958 3110 respective
1979 3053 2103 3115 quoque

1360 3139 1544 3201 possessores
1566 3124 1597 3185 in
1614 3125 1742 3187 tetidem
1764 3125 1905 3202 vicarios,
1921 3144 1954 3190 ac
1970 3130 2102 3192 mansio-

1361 3218 1459 3279 narias
1481 3226 1512 3278 et
1533 3217 1745 3294 cappellanias,
1758 3227 1790 3280 et
1812 3222 1982 3298 respective
2002 3223 2035 3286 in
2059 3232 2101 3286 to·

1360 3312 1455 3374 tidem
1477 3311 1602 3373 vicarios
1624 3320 1655 3374 et
1677 3307 1964 3389 mansionarios,'ac
1984 3318 2102 3396 cappel-

1360 3406 1445 3468 lanus
1466 3403 1563 3467 dictae
1577 3406 1757 3468 cathedralis
1768 3407 1911 3470 ecclesiae
1925 3409 2100 3473 Varsavien-

1360 3500 1399 3562 sis
1422 3514 1474 3576 per
1496 3515 1562 3573 nos,
1581 3507 1614 3562 ut
1630 3501 1813 3578 praefertur,
1830 3513 1949 3566 erectae
1969 3511 2001 3565 et
2015 3505 2103 3569 insti·

1361 3599 1456 3668 tutae,
1472 3594 1578 3654 eadem
1593 3594 1755 3670 apostolica
1769 3599 1952 3659 auctoritate
1968 3599 2101 3677 ipsarum

1360 3703 1483 3765 quoque
1499 3693 1606 3749 tenore
1620 3689 1827 3764 praesentium
1838 3690 1981 3754 similiter
1995 3709 2102 3772 perpe·

1362 3787 1414 3842 tue
1430 3783 1598 3858 respective
1611 3783 1827 3846 substituimus
1841 3792 1871 3846 et
1885 3786 2100 3864 subrogamus,

1360 3891 1391 3934 ac
1413 3875 1593 3936 substitutas
1614 3884 1645 3937 et
1667 3877 1855 3954 subrogatae,
1873 3895 1930 3942 nec
1952 3896 2015 3942 ιιοιι
2030 3881 2100 3944 sub

1360 3967 1483 4028 stitatos
1504 3978 1535 4029 ει
1555 3969 1734 4046 subrogatos
1749 3986 1814 4033 esse
1836 3979 1866 4032 et
1888 3971 1964 4049 lore,
1981 3989 2101 4036 omnes-

1360 4079 1419 4140 que
1440 4072 1471 4126 et
1492 4063 1631 4140 singulos
1653 4075 1714 4126 tam
1737 4065 1902 4142 dignitates
1924 4084 1957 4129 ac
1977 4069 2101 4131 canoni·

1359 4167 1444 4221 catus
1460 4167 1491 4220 ει
1506 4158 1701 4237 praebendas,
1718 4177 1808 4237 quam
1825 4161 1953 4223 vicarias
1968 4171 1998 4224 et
2014 4179 2099 4227 maa-

1359 4253 1515 4328 sienarias,
1535 4269 1593 4314 nec
1616 4269 1678 4314 nou
1701 4255 1900 4331 cappellanias
1923 4257 2099 4320 huiusmodi

1360 4348 1528 4422 respective
1555 4362 1640 4408 nunc
1670 4348 1846 4411 obtinentes
1878 4365 1932 4428 per
1963 4367 2013 4412 eos
2041 4352 2101 4415 hac

1360 4456 1456 4516 usque
1484 4440 1584 4502 hahita
1613 4442 1802 4518 possessione
1830 4442 1943 4522 absque
1972 4445 2028 4508 alia
2055 4447 2099 4508 eis

1360 4533 1491 4611 desuper
1505 4533 1542 4594 de
1559 4549 1640 4596 novo
1661 4535 1795 4597 iacienda
1818 4538 2005 4614 provisione,
2019 4547 2051 4602 et
2066 4541 2096 4600 in

1360 4629 1540 4688 eorumdem
1571 4627 1748 4704 fructuum,
1775 4631 1955 4694 reddituum
1976 4643 2008 4695 ει
2031 4648 2099 4710 pro·

1359 4728 1526 4795 ventuum,
1541 4739 1618 4799 ques
1631 4723 1668 4784 de
1684 4727 1836 4802 praesenti
1852 4728 2022 4804 respective
2033 4745 2099 4806 ρει·-

1359 4815 1487 4891 cipiunt,
1518 4814 1706 4894 illorumque
1735 4819 1848 4894 pariter
1870 4821 1960 4883 etiam
1988 4823 2045 4882 sibi
2067 4823 2097 4884 in

1360 4907 1500 4971 iuturum
1528 4910 1797 4974 attribuendorum
1825 4913 1975 4977 fruitione
2004 4915 2099 4977 libere

1360 5012 1389 5064 et
1418 5005 1501 5067 licite
1530 5021 1695 5067 remanere
1722 5022 1807 5084 pesse
1828 5016 1859 5070 et
1890 5009 2013 5084 debere,
2042 5009 2099 5069 sal·

1360 5099 1417 5172 vis,
1437 5099 1533 5160 tirmis
1555 5107 1585 5160 et
1607 5099 1718 5161 illaesis
1742 5102 1974 5165 remanentibus
1995 5103 2099 5168 lavore

1360 5193 1540 5254 eorumdem
1568 5196 1791 5257 modernorum
1818 5203 1849 5256 et
1877 5211 1932 5274 pro
1961 5205 2099 5276 tempore

1359 5287 1558 5348 existentium
1581 5288 1705 5364 capituli
1720 5297 1752 5350 et
1765 5291 1984 5353 canonicorum
2003 5293 2099 5356 dictae

1359 5378 1537 5441 cathedralis
1559 5382 1701 5443 ecclesiae
1726 5383 1934 5446 Varsavieusis
1955 5401 2010 5462 per·
2031 5401 2097 5463 nos,

1360 5482 1393 5535 ιιι
1409 5473 1591 5552 praefertur,
1608 5484 1726 5538 erectae
1741 5485 1772 5538 et
1787 5478 1947 5540 institutae
1962 5495 2016 5556 per
2031 5496 2096 5555 nos,

1359 5568 1437 5629 sicut
1459 5568 1644 5644 praeiertur,
1660 5571 1898 5647 subrogatorum
1921 5573 2098 5636 huiusmodi

1360 5661 1540 5739 privilegiis,
1565 5663 1705 5738 indultis,
1729 5667 1989 5744 exemptionibus,
2009 5667 2098 5729 liber·

1359 5757 1481 5830 tathaee,
1496 5757 1755 5831 immunitatibus,
1773 5759 2034 5836 praeeminentia,
2052 5763 2097 5823 in-

1355 5851 1472 5926 signiis,
1490 5851 1719 5928 praerogativis,
1735 5851 1917 5926 honeribus,
1934 5852 2097 5930 indulgen-

1358 5944 1417 6018 tiis,
1433 5943 1561 6020 aliisqae
1583 5944 1688 6019 gratiis
1703 5945 1949 6023 quibuscumque
1963 5952 2024 6008 tam
2038 5948 2098 6024 spi-

2099 613 2117 648 ,
2134 561 2190 615 Aa.
2204 559 2234 616 (1.
2254 565 2313 622 iles
