4776 6974
342 512 396 568 tn.
411 517 441 569 e.
463 516 530 572 ιιιι
583 519 644 585 apg

1084 534 1148 584 tun.
1173 539 1263 584 rom.
1288 537 1329 582 ou
1351 538 1380 581 ι.
1404 537 1433 582 a.
1458 538 1538 582 rans
1561 536 1581 579 ι.
2143 509 2243 566 ιιι.
2267 510 2336 564 1791
2371 597 2372 610 ¹

564 657 666 721 ctione
688 658 761 721 novi
784 657 991 737 provincialis,
1013 659 1127 738 quippe
1149 674 1208 736 qua
1229 655 1307 718 alter

563 750 613 811 rel
635 751 800 814 deiunctus
830 755 882 830 sit,
905 753 955 814 vel
974 753 1011 816 ab
1032 753 1130 815 olitcio
1152 752 1307 832 depositus

563 843 734 921 habendus,
757 862 865 910 omnes
886 847 1013 909 omnino
1035 847 1153 925 priores
1174 859 1309 907 conven-

565 946 654 999 tuum
676 938 773 1001 dictae
794 942 971 1018 provinciae
987 957 1050 1030 nqn
1065 958 1152 1003 secus
1167 957 1199 1003 ae
1213 939 1246 1000 in
1261 955 1310 1000 ca·
1346 1015 1347 1019 Ἰ

563 1030 670 1108 pilulis
695 1033 935 1109 provincialibus
964 1034 1127 1097 ordinariis
1153 1034 1216 1095 sint
1237 1047 1310 1094 con-

563 1125 703 1200 vocandi,
726 1135 824 1206 utque
846 1144 900 1205 pro
920 1129 1118 1192 admittendis
1136 1127 1309 1190 officiorum

561 1217 804 1281 abdicationibus
824 1236 879 1282 sen
900 1221 1186 1284 renunciationibus
1207 1219 1243 1282 ad
1266 1218 1310 1279 in·

1573 701 1660 772 etos
1683 671 1906 770 triscoeos‘
2372 681 2373 728 t

1553 908 1661 960 sertus
1683 908 1837 959 sertorum
1860 889 1923 969 liei,

1484 1026 1521 1094 ad
1543 1032 1717 1112 perpetuen
1741 1028 1784 1094 rei
1812 1004 1991 1095 memorien.

1405 1223 1423 1297 ἓ
1447 1221 1472 1282 ι.
1491 1221 1575 1284 ιιιιιι
1595 1217 1817 1299 prudentisque
1832 1215 1952 1279 consilii
1972 1214 2048 1276 ratio
2061 1229 2114 1293 po·
2160 1233 2336 1279 Prooemium.

354 1961 475 2009 Clausala
490 1963 548 2008 sub·

562 1319 625 1372 star
645 1311 775 1374 aliarum
798 1313 1028 1391 provinciaram
1051 1314 1166 1377 ordinis
1188 1319 1218 1374 ιι
1239 1328 1311 1374 eon·

563 1405 749 1480 gregationis
764 1406 942 1470 huiusmodi
957 1407 1182 1480 delinitorium,
1196 1416 1226 1468 ιι
1241 1419 1310 1482 pro·

563 1506 597 1559 ut
619 1501 697 1576 apud
716 1502 855 1562 eamdem
871 1502 1064 1578 provinciam
1081 1499 1262 1576 iampridem
1278 1497 1311 1559 in

565 1606 651 1652 more
675 1593 807 1670 positum
829 1602 906 1669 erat,
924 1595 981 1655 tria
997 1593 1152 1656 sulliciant
1168 1609 1204 1653 ex
1220 1591 1310 1669 quin-

564 1699 625 1762 que
638 1685 793 1760 sutfragia,
810 1689 992 1749 auctoritate
1016 1685 1178 1766 apostolica
1201 1685 1310 1746 harum

565 1779 645 1840 serie
658 1780 813 1840 sancimus
827 1788 919 1859 atque
934 1782 1130 1856 mandamus,
1146 1778 1312 1842 statuimus

565 1880 595 1933 ιι
616 1871 817 1935 declaramus

1364 1315 1469 1389 stalat,
1486 1321 1532 1389 ut,
1549 1331 1627 1393 quae
1649 1331 1664 1376 a
1687 1312 1775 1375 nobis
1797 1309 1981 1390 iampridem
1997 1327 2051 1389 pro
2066 1328 2112 1372 as·

1365 1409 1522 1485 sequendo
1545 1407 1673 1468 faciliori
1694 1405 1805 1472 alicubi
1826 1405 2005 1483 episcopalis
2019 1403 2112 1466 ollicii

1366 1501 1513 1564 exercitio
1527 1501 1656 1579 provide
1670 1500 1836 1564 constituta
1851 1505 1881 1560 et
1897 1497 2036 1562 ordinata
2049 1497 2112 1560 lue·

1366 1601 1452 1668 runt,
1474 1594 1501 1654 si
1524 1593 1650 1656 mutatis
1671 1609 1780 1656 rerum
1803 1601 2042 1671 temporumque
2056 1593 2114 1655 cir-

1366 1689 1560 1750 cumstantiis
1571 1688 1749 1750 executioni
1766 1689 1841 1749 tradi
1855 1703 1918 1749 non
1931 1702 2019 1766 posse
2030 1703 2114 1748 com-

1367 1787 1489 1857 pertum
1511 1783 1561 1856 sit,
1579 1782 1610 1843 in
1628 1782 1795 1859 pristinum
1811 1787 1841 1842 ιι
1857 1781 2111 1858 opportuniorem

1366 1881 1481 1936 statum
1502 1874 1719 1950 restituantur,
1743 1883 1835 1953 prout
1856 1891 1912 1937 nos
1934 1875 1992 1952 ipsi
2006 1875 2038 1936 in
2058 1875 2114 1935 llo-

1369 1968 1454 2029 mino
1474 1967 1639 2030 salubriter
1661 1970 1806 2047 expedire
1826 1968 2043 2046 conspicimus

334 2015 387 2062 M,
410 2021 435 2061 οι
460 2017 547 2063 asora·
605 1967 674 2042 §it
695 1968 900 2031 decernentes
931 1971 984 2032 has
1007 1976 1182 2049 praesentes
1209 1969 1313 2030 literas

334 2074 391 2115 ‘¹¹⁸¹
408 2069 532 2118 trrttans„
566 2061 682 2134 ssl‘ltlflsst
705 2061 819 2124 validas
836 2069 867 2124 et
882 2064 1016 2126 ell‘icaces
1038 2066 1172 2126 existere
1186 2081 1219 2126 ac
1234 2061 1310 2135 lore,

565 2171 699 2233 suosque
721 2157 874 2236 plenarios
898 2168 928 2220 ιι
950 2152 1087 2236 integros'
1107 2159 1234 2220 edoctus
1249 2172 1313 2218 sor-

568 2250 618 2312 tiri
640 2261 671 2311 et
692 2252 895 2329 obtinerent
916 2255 989 2330 iltis,
1005 2257 1040 2317 ad
1062 2269 1139 2331 quos
1153 2259 1267 2330 spectat
1282 2257 1313 2310 ιι

1407 2062 1425 2136 5
1446 2062 1474 2124 Ξ.
1493 2061 1598 2138 Nuper
1612 2062 1737 2140 quidem
1751 2063 1840 2124 nobis
1856 2065 1986 2125 nomine
2001 2063 2114 2126 charis·
2147 2067 2287 2124 expostus
2304 2081 2349 2124 ιιι

1366 2155 1433 2216 simi
1454 2157 1486 2218 in
1503 2156 1625 2220 Christo
1641 2156 1696 2218 lilii
1712 2159 1808 2218 nostri
1825 2157 1972 2236 Leopoldi
1986 2158 2115 2220 secundi
2134 2133 2197 2222 Ἥ
2216 2129 2346 2234 ἕὲῃῗιῗῗιῖἶ

1368 2251 1399 2312 in
1421 2250 1639 2330 imperatorem
1654 2250 1754 2328 electi,
1770 2271 1803 2315 ac
1819 2255 2041 2328 Romanorum,
2059 2254 2116 2314 Bn·
2134 2233 2244 2330 ffiss,
2263 2231 2345 2276 ⁸⁰⁰³*

349 3663 483 3719 beregetlo
493 3674 552 3710 con·

340 3718 485 3764 tractorum.

567 2359 622 2419 pro
647 2353 783 2424 tempore
811 2347 1070 2428 quandocumque
1098 2348 1256 2427 spectabit,
1279 2347 1313 2408 in

567 2439 711 2502 omnibus
733 2448 763 2501 et
785 2457 841 2518 per
867 2443 969 2503 omnia
1001 2442 1176 2520 plenissime
1207 2440 1313 2503 sutlra-

567 2534 644 2610 gari,
667 2543 698 2595 et
718 2534 755 2595 ab
775 2535 819 2596 eis
841 2535 1011 2614 respective
1026 2536 1247 2598 inviolabiliter
1262 2535 1313 2596 ob·

566 2628 701 2703 servari;
724 2627 828 2706 sicque
844 2628 875 2690 in
892 2631 1064 2707 praemissis
1079 2645 1134 2708 per
1149 2646 1313 2708 quoscum·

567 2737 628 2799 que
651 2722 764 2784 indices
785 2722 956 2786 ordinarios
977 2734 1008 2787 et
1029 2725 1194 2802 delegatos,
1219 2726 1312 2787 etiam

566 2830 727 2878 causarum
745 2817 845 2894 palatii
863 2820 958 2882 nostri
974 2819 1131 2898 apostolici
1146 2821 1313 2894 auditores,

566 2927 600 2971 ac
616 2909 647 2973 S.
662 2910 697 2972 tt.
713 2911 747 2972 E.
772 2912 958 2986 cardinales,
980 2913 1074 2975 etiam
1097 2913 1133 2974 de
1148 2912 1243 2974 latere
1258 2911 1316 2974 Le-

568 3013 665 3081 gatos,
682 3013 711 3067 et
727 3006 855 3070 Sanctae
875 3005 960 3069 Sedis
975 3005 1122 3080 Nuntios,
1138 3006 1254 3068 sublata
1270 3008 1314 3068 eis

567 3108 598 3161 et
620 3115 728 3161 eorum
749 3099 876 3161 cuilibet
890 3099 997 3176 quavis
1010 3101 1100 3163 aliter
1116 3099 1267 3163 iudicandi
1283 3105 1314 3162 et

567 3191 791 3270 interpretandi
813 3191 956 3254 facultate
976 3201 1007 3254 et
1026 3193 1219 3269 auctoritate,
1237 3193 1314 3257 iudi-

569 3285 628 3347 cari
647 3292 678 3346 et
696 3285 820 3348 deliniri
835 3285 958 3362 debere,
975 3303 1007 3349 ac
1023 3288 1148 3350 irritum
1162 3297 1193 3349 et
1208 3289 1312 3361 inane,

568 3378 594 3440 si
615 3395 702 3440 secus
723 3395 816 3458 super
842 3380 889 3442 his
913 3397 929 3441 ι
950 3397 1118 3460 quoquam,
1141 3382 1248 3460 quavis
1262 3401 1315 3446 au·

569 3473 721 3546 ctoritate,
741 3472 875 3535 scienter
889 3473 939 3535 vel
955 3475 1134 3551 ignoranter
1149 3478 1315 3556 contigerit

570 3568 727 3629 attentari.

609 3661 678 3735 §tt
702 3661 771 3724 Non
793 3661 984 3725 obstantibus
1006 3667 1184 3728 memoratis
1204 3669 1316 3732 nostris

570 3769 634 3814 xiv.
659 3755 763 3816 martii
792 3771 1008 3818 nocctxxxvr.
1034 3758 1066 3820 in
1095 3761 1191 3824 simili
1220 3761 1316 3825 torma

571 3848 673 3910 brevis
704 3849 855 3928 expeditis
884 3851 981 3912 literis
1003 3869 1146 3916 notarim
1168 3857 1317 3919 constitu·

572 3943 692 4004 tionum
721 3942 837 4006 ordinis
865 3955 896 4007 ot
917 3949 1168 4024 congregationis
1199 3951 1318 4029 praedi·

571 4044 691 4100 ctorum
715 4039 962 4114 confirmatoriis,
979 4041 1107 4119 aliisque
1123 4044 1318 4106 constitutio·

572 4133 662 4194 nibus
683 4138 714 4194 et
742 4131 987 4196 ordinationibus
1014 4136 1197 4213 apostolicis,
1221 4146 1318 4200 caete·

571 4228 675 4305 risque
696 4226 857 4288 contrariis
877 4228 1135 4307 quibuscumque.

614 4322 724 4382 batum
751 4321 865 4384 Romae
896 4323 975 4398 apud
1005 4322 1035 4385 S.
1067 4323 1193 4386 Mariam
1229 4327 1319 4388 ltaio·

574 4432 639 4476 rem
657 4415 714 4477 sub
735 4415 852 4477 annulo
871 4415 1029 4478 Piscatoris
1051 4419 1099 4479 die
1121 4433 1178 4480 xtt.
1196 4421 1319 4497 augusti

574 4523 741 4583 nonaxon,
764 4509 960 4587 pontitlcatns
986 4511 1084 4572 nostri
1106 4528 1187 4574 annu
1211 4530 1289 4576 xrtt.

1369 2345 1487 2406 herniae
1509 2354 1539 2407 ιι
1560 2345 1733 2422 Hungariae
1755 2350 1837 2423 regis
1864 2346 2019 2426 apostolici
2041 2348 2115 2410 dile·

1366 2448 1435 2502 ctos
1457 2440 1538 2502 tilius
1559 2449 1665 2503 noster
1687 2442 1865 2504 Franciscus
1887 2442 1970 2504 tituli
1987 2442 2115 2505 Sanctae

1368 2533 1475 2596 Crucis
1498 2534 1528 2594 in
1551 2534 1716 2596 lerusalem
1737 2533 1864 2597 Sanctae
1885 2535 2040 2598 Romanae
2062 2536 2118 2598 lic·

1368 2627 1474 2690 clasiae
1494 2629 1655 2707 presbyter
1671 2629 1839 2694 Cardinalis
1855 2630 1974 2692 llerzan
1990 2631 2027 2693 de
2043 2631 2115 2692 ilar-

1368 2739 1414 2783 ras
1437 2731 1642 2801 nuncupatus,
1666 2723 1743 2800 apud
1773 2740 1828 2786 nos
1851 2734 1881 2786 et
1903 2725 2017 2788 Sedem
2039 2727 2115 2804 lpo-

1367 2815 1505 2876 stolicam
1530 2817 1671 2879 minister
1693 2817 1996 2895 plenipotentiarius,
2024 2835 2115 2898 expo-

1369 2909 1464 2970 nendi
1485 2910 1517 2971 in
1548 2911 1697 2973 mandatis
1727 2911 1845 2987 habuit,
1870 2914 1959 2991 ,quod
1981 2921 2012 2976 et
2033 2914 2058 2974 si
2078 2917 2114 2978 ad

1369 3003 1554 3080 populorum
1575 3005 1776 3082 amplissimas
1790 3006 1848 3069 sibi
1862 3007 2013 3070 subiectas
2028 3008 2116 3070 ditio-

1369 3111 1424 3157 nes
1445 3096 1650 3159 incolentium
1672 3099 1833 3177 spirituale
1854 3101 1995 3178 regimen
2018 3102 2116 3182 aptius

1368 3191 1610 3267 procurandum,
1626 3191 1863 3270 gravioremque
1878 3193 2051 3256 animarum
2068 3211 2117 3272 pa·

1368 3283 1503 3346 storibus
1524 3301 1630 3347 curam
1648 3285 1749 3364 aliqua
1763 3285 1795 3346 in
1811 3295 1896 3363 parte
1910 3286 2116 3365 atterendam,

1370 3379 1502 3456 nosipsi
1532 3379 1616 3441 iuxta
1639 3389 1714 3443 tunc
1743 3381 1855 3442 oblatas
1884 3381 1971 3444 nobis
1999 3399 2117 3459 preces,

1370 3473 1491 3551 praevia
1523 3475 1653 3535 aliarum
1689 3473 1863 3536 dioecesum
1898 3475 2118 3553 episcopalium

1370 3567 1654 3641 dismembratione,
1678 3567 1825 3646 oppidum
1846 3567 2004 3630 Gradiscae
2027 3571 2058 3631 in
2078 3571 2120 3632 ci·

1370 3661 1509 3734 ritatem,
1533 3676 1714 3738 novumque
1736 3659 1798 3722 illic
1811 3677 1850 3720 ex
1866 3661 1989 3738 integro
2003 3664 2119 3741 episco-

1372 3761 1488 3834 patum,
1516 3753 1680 3816 Labacensi
1709 3755 1943 3832 hrchiepiscopo
1973 3757 2119 3835 suifraga-

1372 3864 1479 3924 neum,
1503 3849 1648 3928 illiusque
1675 3847 1878 3926 parochialem
1901 3848 2059 3912 ecclesiam
2081 3854 2116 3916 ad

1372 3942 1522 4003 bonorem
1543 3950 1720 4004 sanctorum
1744 3941 1826 4002 Patri
1846 3949 1876 4002 ιι
1898 3940 1981 4004 Pauli
2002 3944 2118 4006 iamdu-

1373 4037 1446 4095 dum
1462 4035 1603 4110 dicatam,
1617 4035 1647 4096 in
1659 4033 1866 4096 cathedralem
1878 4037 2045 4114 sedemque
2056 4039 2120 4114 epi·

1371 4125 1523 4204 scopalem
1545 4145 1577 4189 ac
1600 4129 1713 4205 pariter
1735 4128 1899 4205 dignitates
1914 4135 1946 4190 et
1962 4131 2121 4192 canonica-

1373 4227 1434 4295 tus,
1456 4222 1624 4298 capitulum
1647 4221 1768 4282 loturae
1783 4221 1963 4284 cathedralis
1977 4224 2121 4286 ecclesiae

1374 4320 1605 4393 componentes,
1619 4316 1776 4377 ereximus
1788 4323 1819 4377 et
1833 4317 2038 4393 instituimus,
2050 4317 2122 4379 alia-

1373 4425 1433 4486 que
1455 4407 1541 4486 plura
1563 4410 1598 4470 ad
1620 4409 1694 4470 novi
1716 4409 1905 4486 episcopatus
1926 4411 2121 4473 constitutio-

1375 4519 1447 4566 nem
1470 4503 1615 4580 illiusque
1630 4505 1771 4566 decorem
1786 4504 1947 4582 disponere
1963 4522 2024 4568 non
2043 4507 2123 4568 otni-

1374 4600 1482 4672 simus,
1503 4598 1666 4676 specialem
1687 4598 1733 4658 illi
1746 4598 1929 4676 assignando
1943 4601 2119 4677 dioecesim,

1375 4708 1467 4771 quam
1490 4693 1655 4770 Episcopus
1682 4690 1799 4754 facilius
1820 4703 1852 4755 ιι
1871 4695 1992 4772 saepius
2018 4696 2122 4772 perlu-

1374 4794 1471 4848 strare
1492 4787 1626 4858 valeret3
1650 4800 1728 4863 quae
1749 4786 1874 4863 quidem
1896 4787 1998 4848 omnia
2021 4789 2052 4848 in
2069 4806 2124 4850 no·

1375 4886 1448 4946 stris
1477 4881 1647 4960 apostolicis
1677 4880 1775 4942 literis
1802 4880 1860 4942 sub
1881 4880 1987 4942 datum
2009 4881 2123 4945 homae

1275 5043 1278 5052 ,
1375 4979 1453 5059 apud
1476 4979 1617 5043 Sanctam
1647 4975 1773 5037 Mariam
1802 4975 1949 5036 Maiorem
1976 4992 2056 5039 anno
2078 4977 2123 5040 in·

888 5171 1006 5236 XCVll.

581 5459 763 5522 l'trtrtslotio
785 5459 867 5520 sedis
893 5455 1080 5535 episcopatis
1104 5454 1321 5518 Grotiiscaooe

616 5569 683 5616 stoc
698 5569 769 5615 crint
784 5552 878 5613 ittttts
893 5550 1036 5627 capitulo
1053 5549 1089 5610 de
1103 5549 1234 5612 certatio
1248 5565 1323 5610 soo-

617 5656 741 5710 ctcrom
772 5646 913 5708 Potrici
936 5645 1034 5707 Poolt'
1065 5645 1212 5706 ciuitatis
1243 5645 1322 5706 Gru·

616 5741 721 5803 discoe
741 5740 783 5803 ud
813 5738 976 5803 ecclesium
999 5738 1111 5800 Sancti
1134 5736 1256 5800 Hilarii
1279 5736 1323 5796 ci-

616 5834 732 5896 ot'totis
755 5833 901 5896 Goritioc
921 5833 957 5894 t'rt
978 5839 1140 5910 posterum
1163 5829 1322 5893 Goritico-

617 5943 680 5990 sent
701 5945 757 5990 soc
780 5927 1014 5990 Grodisoonum
1035 5923 1300 6002 nuncupandam.

1377 5073 1562 5138 carnationis
1591 5071 1766 5134 bortrinieae
1794 5084 2036 5132 uncctxxxvm.
2064 5077 2123 5132 ter-

1379 5170 1540 5232 tiodecimo
1556 5168 1700 5230 kalendas
1714 5164 1912 5244 septembris,
1930 5165 2124 5242 pontificatus

1378 5263 1475 5328 nostri
1488 5278 1571 5330 anno
1586 5259 1828 5340 quartodecimo,
1841 5257 1998 5321 cumulate
2012 5265 2124 5321 statuta

1376 5367 1407 5420 ιι
1429 5359 1567 5420 ordinata
1590 5363 1773 5418 noscuntur.

1417 5451 1628 5515 Nihilominus
1659 5450 1791 5511 subinde
1821 5449 1960 5510 innotuit
1990 5448 2022 5508 in
2046 5464 2125 5509 nora

1377 5547 1556 5610 Gradiscana
1577 5544 1702 5606 civitate
1725 5542 1809 5604 illam
1829 5541 1887 5604 sub
1902 5541 1994 5604 titulo
2008 5549 2127 5602 sancto-

1378 5656 1449 5701 rum
1470 5640 1553 5702 Petri
1576 5648 1607 5700 et
1622 5637 1705 5700 Pauli
1722 5638 1754 5698 in
1769 5636 1976 5700 cathedralem
1991 5641 2125 5696 erectam

1378 5733 1547 5809 ecclesiam,
1570 5749 1649 5811 quae
1671 5733 1703 5794 in
1726 5746 1818 5794 usum
1839 5729 1927 5792 Sedis
1943 5726 2126 5808 Episcopalis

1377 5843 1447 5888 cum
1470 5828 1564 5889 choro
1587 5841 1641 5904 pro
1655 5825 1788 5903 capitulo
1804 5824 1931 5902 aptanda
1950 5822 2040 5895 toret,
2055 5821 2126 5882 satis

1377 5920 1510 5997 amplam
1531 5935 1594 5982 non
1616 5935 1692 5993 esse,
1715 5933 1818 5996 neque
1837 5917 1868 5978 in
1882 5916 1989 5978 eadem
2004 5914 2127 5977 civitate
