<?xml version="1.0" encoding="UTF-8"?>
<!DOCTYPE html PUBLIC "-//W3C//DTD XHTML 1.0 Transitional//EN"
    "http://www.w3.org/TR/xhtml1/DTD/xhtml1-transitional.dtd">
<html xmlns="http://www.w3.org/1999/xhtml" xml:lang="en" lang="en">
 <head>
  <title>
</title>
<meta http-equiv="Content-Type" content="text/html;charset=utf-8" />
  <meta name='ocr-system' content='tesseract 3.04.00' />
  <meta name='ocr-capabilities' content='ocr_page ocr_carea ocr_par ocr_line ocrx_word'/>
</head>
<body>
  <div class='ocr_page' id='page_1' title='image "./iurispontificii00martgoog_0447.png"; bbox 0 0 4750 6980; ppageno 0'>
   <div class='ocr_carea' id='block_1_1' title="bbox 2149 519 2373 602">
    <p class='ocr_par' dir='ltr' id='par_1_1' title="bbox 2149 519 2373 602">
     <span class='ocr_line' id='line_1_1' title="bbox 2149 519 2373 602; baseline 0.027 -6"><span class='ocrx_word' id='word_1_1' title='bbox 2149 543 2247 600; x_wconf 62' lang='lat' dir='ltr'>suc.</span> <span class='ocrx_word' id='word_1_2' title='bbox 2266 549 2322 602; x_wconf 86' lang='lat' dir='ltr'>uss</span> <span class='ocrx_word' id='word_1_3' title='bbox 2372 519 2373 527; x_wconf 57' lang='lat'>‘</span> 
     </span>
    </p>
   </div>
   <div class='ocr_carea' id='block_1_2' title="bbox 354 545 1593 622">
    <p class='ocr_par' dir='ltr' id='par_1_2' title="bbox 354 545 1593 622">
     <span class='ocr_line' id='line_1_2' title="bbox 354 545 1593 622; baseline -0.002 -12"><span class='ocrx_word' id='word_1_4' title='bbox 354 549 407 612; x_wconf 78' lang='lat' dir='ltr'>ln.</span> <span class='ocrx_word' id='word_1_5' title='bbox 422 557 452 612; x_wconf 84' lang='lat' dir='ltr'>a.</span> <span class='ocrx_word' id='word_1_6' title='bbox 473 553 542 610; x_wconf 77' lang='lat' dir='ltr'>taes</span> <span class='ocrx_word' id='word_1_7' title='bbox 592 553 651 622; x_wconf 70' lang='lat' dir='ltr'>iad</span> <span class='ocrx_word' id='word_1_8' title='bbox 1096 566 1159 614; x_wconf 86' lang='lat' dir='ltr'>rua.</span> <span class='ocrx_word' id='word_1_9' title='bbox 1183 561 1274 610; x_wconf 81' lang='lat' dir='ltr'>nour.</span> <span class='ocrx_word' id='word_1_10' title='bbox 1297 545 1337 607; x_wconf 84' lang='lat' dir='ltr'>us</span> <span class='ocrx_word' id='word_1_11' title='bbox 1359 561 1388 608; x_wconf 85' lang='lat' dir='ltr'>a.</span> <span class='ocrx_word' id='word_1_12' title='bbox 1413 558 1442 608; x_wconf 84' lang='lat' dir='ltr'>r.</span> <span class='ocrx_word' id='word_1_13' title='bbox 1467 559 1550 610; x_wconf 78' lang='lat' dir='ltr'>exus</span> <span class='ocrx_word' id='word_1_14' title='bbox 1572 563 1593 609; x_wconf 88' lang='lat' dir='ltr'>r.</span> 
     </span>
    </p>
   </div>
   <div class='ocr_carea' id='block_1_3' title="bbox 571 679 2119 2086">
    <p class='ocr_par' dir='ltr' id='par_1_3' title="bbox 571 679 2119 2086">
     <span class='ocr_line' id='line_1_3' title="bbox 572 679 2118 768; baseline -0.009 -12"><span class='ocrx_word' id='word_1_15' title='bbox 572 700 668 768; x_wconf 90' lang='lat' dir='ltr'>ctum,</span> <span class='ocrx_word' id='word_1_16' title='bbox 685 695 739 755; x_wconf 85' lang='lat' dir='ltr'>liae</span> <span class='ocrx_word' id='word_1_17' title='bbox 761 692 831 754; x_wconf 77' lang='lat' dir='ltr'>vice·</span> <span class='ocrx_word' id='word_1_18' title='bbox 849 693 1006 754; x_wconf 75' lang='lat' dir='ltr'>dumtaxat</span> <span class='ocrx_word' id='word_1_19' title='bbox 1028 687 1200 767; x_wconf 77' lang='lat' dir='ltr'>specialiter</span> <span class='ocrx_word' id='word_1_20' title='bbox 1222 691 1252 744; x_wconf 91' lang='lat' dir='ltr'>et</span> <span class='ocrx_word' id='word_1_21' title='bbox 1267 698 1318 744; x_wconf 87' lang='lat' dir='ltr'>ex·</span> <span class='ocrx_word' id='word_1_22' title='bbox 1372 683 1493 744; x_wconf 90' lang='lat' dir='ltr'>statutis</span> <span class='ocrx_word' id='word_1_23' title='bbox 1508 691 1538 744; x_wconf 90' lang='lat' dir='ltr'>et</span> <span class='ocrx_word' id='word_1_24' title='bbox 1554 681 1846 756; x_wconf 90' lang='lat' dir='ltr'>consuetudinibus;</span> <span class='ocrx_word' id='word_1_25' title='bbox 1863 679 2032 760; x_wconf 87' lang='lat' dir='ltr'>privilegiis</span> <span class='ocrx_word' id='word_1_26' title='bbox 2044 697 2118 760; x_wconf 87' lang='lat' dir='ltr'>quo·</span> 
     </span>
     <span class='ocr_line' id='line_1_4' title="bbox 573 776 2117 866; baseline -0.009 -17"><span class='ocrx_word' id='word_1_27' title='bbox 573 804 676 866; x_wconf 82' lang='lat' dir='ltr'>presse</span> <span class='ocrx_word' id='word_1_28' title='bbox 705 789 906 862; x_wconf 61' lang='lat' dir='ltr'>derogamus</span> <span class='ocrx_word' id='word_1_29' title='bbox 937 783 1126 860; x_wconf 85' lang='lat' dir='ltr'>caeterisque</span> <span class='ocrx_word' id='word_1_30' title='bbox 1157 776 1317 841; x_wconf 77' lang='lat' dir='ltr'><strong>contrariis</strong></span> <span class='ocrx_word' id='word_1_31' title='bbox 1372 792 1444 855; x_wconf 89' lang='lat' dir='ltr'>que,</span> <span class='ocrx_word' id='word_1_32' title='bbox 1468 777 1596 840; x_wconf 90' lang='lat' dir='ltr'>indultis</span> <span class='ocrx_word' id='word_1_33' title='bbox 1618 785 1648 840; x_wconf 92' lang='lat' dir='ltr'>et</span> <span class='ocrx_word' id='word_1_34' title='bbox 1671 777 1768 838; x_wconf 90' lang='lat' dir='ltr'>literis</span> <span class='ocrx_word' id='word_1_35' title='bbox 1789 776 1960 853; x_wconf 88' lang='lat' dir='ltr'>apostolicis</span> <span class='ocrx_word' id='word_1_36' title='bbox 1982 777 2117 855; x_wconf 89' lang='lat' dir='ltr'>superio-</span> 
     </span>
     <span class='ocr_line' id='line_1_5' title="bbox 572 870 2119 959; baseline -0.008 -16"><span class='ocrx_word' id='word_1_37' title='bbox 572 882 828 959; x_wconf 85' lang='lat' dir='ltr'>quibuscumque.</span> <span class='ocrx_word' id='word_1_38' title='bbox 1373 870 1457 932; x_wconf 92' lang='lat' dir='ltr'>ribus</span> <span class='ocrx_word' id='word_1_39' title='bbox 1478 878 1509 931; x_wconf 91' lang='lat' dir='ltr'>et</span> <span class='ocrx_word' id='word_1_40' title='bbox 1530 872 1668 947; x_wconf 87' lang='lat' dir='ltr'>personis</span> <span class='ocrx_word' id='word_1_41' title='bbox 1690 871 1747 932; x_wconf 92' lang='lat' dir='ltr'>sub</span> <span class='ocrx_word' id='word_1_42' title='bbox 1768 871 2018 949; x_wconf 84' lang='lat' dir='ltr'>quibuscumque</span> <span class='ocrx_word' id='word_1_43' title='bbox 2032 877 2119 931; x_wconf 90' lang='lat' dir='ltr'>tenc-</span> 
     </span>
     <span class='ocr_line' id='line_1_6' title="bbox 612 963 2118 1041; baseline -0.006 -7"><span class='ocrx_word' id='word_1_44' title='bbox 612 975 723 1037; x_wconf 86' lang='lat' dir='ltr'>Datum</span> <span class='ocrx_word' id='word_1_45' title='bbox 745 971 834 1034; x_wconf 91' lang='lat' dir='ltr'>Senis</span> <span class='ocrx_word' id='word_1_46' title='bbox 864 970 921 1031; x_wconf 95' lang='lat' dir='ltr'>sub</span> <span class='ocrx_word' id='word_1_47' title='bbox 943 967 1057 1032; x_wconf 93' lang='lat' dir='ltr'>annulo</span> <span class='ocrx_word' id='word_1_48' title='bbox 1088 965 1248 1029; x_wconf 89' lang='lat' dir='ltr'>Piscatoris</span> <span class='ocrx_word' id='word_1_49' title='bbox 1269 963 1318 1026; x_wconf 93' lang='lat' dir='ltr'>die</span> <span class='ocrx_word' id='word_1_50' title='bbox 1373 964 1457 1025; x_wconf 90' lang='lat' dir='ltr'>ribus</span> <span class='ocrx_word' id='word_1_51' title='bbox 1486 972 1516 1025; x_wconf 89' lang='lat' dir='ltr'>et</span> <span class='ocrx_word' id='word_1_52' title='bbox 1541 965 1659 1038; x_wconf 89' lang='lat' dir='ltr'>lormis,</span> <span class='ocrx_word' id='word_1_53' title='bbox 1681 981 1714 1026; x_wconf 92' lang='lat' dir='ltr'>ac</span> <span class='ocrx_word' id='word_1_54' title='bbox 1736 979 1807 1027; x_wconf 90' lang='lat' dir='ltr'>cum</span> <span class='ocrx_word' id='word_1_55' title='bbox 1840 963 2000 1041; x_wconf 85' lang='lat' dir='ltr'>quibusvis</span> <span class='ocrx_word' id='word_1_56' title='bbox 2025 963 2118 1025; x_wconf 91' lang='lat' dir='ltr'>etiam</span> 
     </span>
     <span class='ocr_line' id='line_1_7' title="bbox 572 1055 2118 1136; baseline -0.006 -9"><span class='ocrx_word' id='word_1_57' title='bbox 572 1082 627 1128; x_wconf 88' lang='lat' dir='ltr'>xx.</span> <span class='ocrx_word' id='word_1_58' title='bbox 651 1067 754 1128; x_wconf 90' lang='lat' dir='ltr'>martii</span> <span class='ocrx_word' id='word_1_59' title='bbox 778 1077 1015 1136; x_wconf 66' lang='lat' dir='ltr'>ccccxcxviii„</span> <span class='ocrx_word' id='word_1_60' title='bbox 1044 1059 1242 1124; x_wconf 87' lang='lat' dir='ltr'>Pontificatus</span> <span class='ocrx_word' id='word_1_61' title='bbox 1265 1071 1317 1116; x_wconf 92' lang='lat' dir='ltr'>no·</span> <span class='ocrx_word' id='word_1_62' title='bbox 1372 1057 1636 1132; x_wconf 88' lang='lat' dir='ltr'>derogatoriarum</span> <span class='ocrx_word' id='word_1_63' title='bbox 1662 1055 1874 1132; x_wconf 80' lang='lat' dir='ltr'>clerogatoriis,</span> <span class='ocrx_word' id='word_1_64' title='bbox 1905 1056 2034 1136; x_wconf 88' lang='lat' dir='ltr'>aliisque</span> <span class='ocrx_word' id='word_1_65' title='bbox 2055 1056 2118 1118; x_wconf 87' lang='lat' dir='ltr'>effi·</span> 
     </span>
     <span class='ocr_line' id='line_1_8' title="bbox 571 1149 2119 1228; baseline -0.006 -7"><span class='ocrx_word' id='word_1_66' title='bbox 571 1161 627 1221; x_wconf 90' lang='lat' dir='ltr'>stri</span> <span class='ocrx_word' id='word_1_67' title='bbox 648 1175 730 1222; x_wconf 89' lang='lat' dir='ltr'>anno</span> <span class='ocrx_word' id='word_1_68' title='bbox 747 1175 834 1222; x_wconf 86' lang='lat' dir='ltr'>xxxv.</span> <span class='ocrx_word' id='word_1_69' title='bbox 1373 1151 1550 1228; x_wconf 89' lang='lat' dir='ltr'>cacioribns,</span> <span class='ocrx_word' id='word_1_70' title='bbox 1574 1149 1800 1224; x_wconf 86' lang='lat' dir='ltr'>efficacissimis,</span> <span class='ocrx_word' id='word_1_71' title='bbox 1825 1167 1857 1211; x_wconf 86' lang='lat' dir='ltr'>ac</span> <span class='ocrx_word' id='word_1_72' title='bbox 1885 1150 2016 1211; x_wconf 91' lang='lat' dir='ltr'>insolitis</span> <span class='ocrx_word' id='word_1_73' title='bbox 2038 1149 2119 1212; x_wconf 91' lang='lat' dir='ltr'>clau-</span> 
     </span>
     <span class='ocr_line' id='line_1_9' title="bbox 1371 1244 2117 1324; baseline 0 -18"><span class='ocrx_word' id='word_1_74' title='bbox 1371 1244 1457 1320; x_wconf 87' lang='lat' dir='ltr'>sulis,</span> <span class='ocrx_word' id='word_1_75' title='bbox 1490 1245 1746 1324; x_wconf 86' lang='lat' dir='ltr'>irritantibusque</span> <span class='ocrx_word' id='word_1_76' title='bbox 1770 1252 1801 1306; x_wconf 90' lang='lat' dir='ltr'>et</span> <span class='ocrx_word' id='word_1_77' title='bbox 1832 1244 1899 1306; x_wconf 92' lang='lat' dir='ltr'>aliis</span> <span class='ocrx_word' id='word_1_78' title='bbox 1928 1245 2057 1306; x_wconf 77' lang='lat' dir='ltr'>decretis</span> <span class='ocrx_word' id='word_1_79' title='bbox 2085 1247 2117 1306; x_wconf 93' lang='lat' dir='ltr'>in</span> 
     </span>
     <span class='ocr_line' id='line_1_10' title="bbox 1374 1337 2114 1417; baseline -0.001 -15"><span class='ocrx_word' id='word_1_80' title='bbox 1374 1355 1486 1416; x_wconf 79' lang='lat' dir='ltr'>genere</span> <span class='ocrx_word' id='word_1_81' title='bbox 1510 1341 1560 1402; x_wconf 87' lang='lat' dir='ltr'>vel</span> <span class='ocrx_word' id='word_1_82' title='bbox 1577 1340 1608 1402; x_wconf 91' lang='lat' dir='ltr'>in</span> <span class='ocrx_word' id='word_1_83' title='bbox 1624 1341 1734 1417; x_wconf 88' lang='lat' dir='ltr'>specie,</span> <span class='ocrx_word' id='word_1_84' title='bbox 1751 1356 1783 1402; x_wconf 89' lang='lat' dir='ltr'>ac</span> <span class='ocrx_word' id='word_1_85' title='bbox 1799 1337 1864 1400; x_wconf 91' lang='lat' dir='ltr'>aliis</span> <span class='ocrx_word' id='word_1_86' title='bbox 1880 1339 1912 1400; x_wconf 93' lang='lat' dir='ltr'>in</span> <span class='ocrx_word' id='word_1_87' title='bbox 1927 1340 2114 1401; x_wconf 90' lang='lat' dir='ltr'>contrarium</span> 
     </span>
     <span class='ocr_line' id='line_1_11' title="bbox 1372 1431 2119 1512; baseline 0.001 -17"><span class='ocrx_word' id='word_1_88' title='bbox 1372 1431 1602 1510; x_wconf 78' lang='lat' dir='ltr'>quomodolibet</span> <span class='ocrx_word' id='word_1_89' title='bbox 1616 1434 1777 1508; x_wconf 79' lang='lat' dir='ltr'>coracessis,</span> <span class='ocrx_word' id='word_1_90' title='bbox 1793 1432 1963 1512; x_wconf 88' lang='lat' dir='ltr'>approbatis</span> <span class='ocrx_word' id='word_1_91' title='bbox 1978 1440 2008 1495; x_wconf 89' lang='lat' dir='ltr'>et</span> <span class='ocrx_word' id='word_1_92' title='bbox 2030 1435 2119 1496; x_wconf 93' lang='lat' dir='ltr'>innc-</span> 
     </span>
     <span class='ocr_line' id='line_1_12' title="bbox 1374 1526 2117 1603; baseline 0.005 -18"><span class='ocrx_word' id='word_1_93' title='bbox 1374 1527 1460 1588; x_wconf 85' lang='lat' dir='ltr'>vatis.</span> <span class='ocrx_word' id='word_1_94' title='bbox 1491 1527 1607 1602; x_wconf 79' lang='lat' dir='ltr'>Quibus</span> <span class='ocrx_word' id='word_1_95' title='bbox 1626 1526 1771 1588; x_wconf 91' lang='lat' dir='ltr'>omnibus</span> <span class='ocrx_word' id='word_1_96' title='bbox 1793 1535 1824 1588; x_wconf 92' lang='lat' dir='ltr'>et</span> <span class='ocrx_word' id='word_1_97' title='bbox 1838 1527 1970 1603; x_wconf 83' lang='lat' dir='ltr'>singulis</span> <span class='ocrx_word' id='word_1_98' title='bbox 1992 1526 2117 1589; x_wconf 91' lang='lat' dir='ltr'>illorum</span> 
     </span>
     <span class='ocr_line' id='line_1_13' title="bbox 572 1617 2119 1712; baseline -0.008 -17"><span class='ocrx_word' id='word_1_99' title='bbox 572 1633 766 1712; x_wconf 82' lang='lat' dir='ltr'>ludulpctnr</span> <span class='ocrx_word' id='word_1_100' title='bbox 781 1629 997 1692; x_wconf 87' lang='lat' dir='ltr'>missionariis</span> <span class='ocrx_word' id='word_1_101' title='bbox 1010 1625 1134 1703; x_wconf 78' lang='lat' dir='ltr'>cellapii</span> <span class='ocrx_word' id='word_1_102' title='bbox 1150 1621 1318 1700; x_wconf 88' lang='lat' dir='ltr'>apostolici</span> <span class='ocrx_word' id='word_1_103' title='bbox 1339 1623 1341 1626; x_wconf 82' lang='grc'><strong>’</strong></span> <span class='ocrx_word' id='word_1_104' title='bbox 1373 1625 1495 1682; x_wconf 89' lang='lat' dir='ltr'>tenores</span> <span class='ocrx_word' id='word_1_105' title='bbox 1514 1617 1727 1697; x_wconf 90' lang='lat' dir='ltr'>praesentibus</span> <span class='ocrx_word' id='word_1_106' title='bbox 1742 1635 1797 1697; x_wconf 93' lang='lat' dir='ltr'>pro</span> <span class='ocrx_word' id='word_1_107' title='bbox 1819 1619 1909 1698; x_wconf 91' lang='lat' dir='ltr'>plene</span> <span class='ocrx_word' id='word_1_108' title='bbox 1924 1627 1954 1682; x_wconf 90' lang='lat' dir='ltr'>et</span> <span class='ocrx_word' id='word_1_109' title='bbox 1966 1620 2119 1682; x_wconf 83' lang='lat' dir='ltr'>sufficien-</span> 
     </span>
     <span class='ocr_line' id='line_1_14' title="bbox 613 1712 2117 1802; baseline -0.011 -12"><span class='ocrx_word' id='word_1_110' title='bbox 613 1729 648 1790; x_wconf 91' lang='lat' dir='ltr'>de</span> <span class='ocrx_word' id='word_1_111' title='bbox 672 1720 860 1802; x_wconf 82' lang='lat' dir='ltr'>Guadalupe</span> <span class='ocrx_word' id='word_1_112' title='bbox 891 1719 1204 1784; x_wconf 78' lang='lat' dir='ltr'>Gnadesiauuriensis</span> <span class='ocrx_word' id='word_1_113' title='bbox 1236 1717 1319 1777; x_wconf 84' lang='lat' dir='ltr'>dioe—</span> <span class='ocrx_word' id='word_1_114' title='bbox 1375 1721 1422 1774; x_wconf 88' lang='lat' dir='ltr'>ter</span> <span class='ocrx_word' id='word_1_115' title='bbox 1442 1712 1604 1790; x_wconf 82' lang='lat' dir='ltr'>expressis,</span> <span class='ocrx_word' id='word_1_116' title='bbox 1629 1729 1662 1772; x_wconf 91' lang='lat' dir='ltr'>ac</span> <span class='ocrx_word' id='word_1_117' title='bbox 1684 1714 1720 1774; x_wconf 91' lang='lat' dir='ltr'>de</span> <span class='ocrx_word' id='word_1_118' title='bbox 1744 1713 1839 1774; x_wconf 89' lang='lat' dir='ltr'>verbo</span> <span class='ocrx_word' id='word_1_119' title='bbox 1861 1712 1895 1774; x_wconf 91' lang='lat' dir='ltr'>ad</span> <span class='ocrx_word' id='word_1_120' title='bbox 1919 1713 2049 1775; x_wconf 90' lang='lat' dir='ltr'>verbum</span> <span class='ocrx_word' id='word_1_121' title='bbox 2072 1715 2117 1775; x_wconf 93' lang='lat' dir='ltr'>in·</span> 
     </span>
     <span class='ocr_line' id='line_1_15' title="bbox 612 1807 2119 1892; baseline -0.005 -10"><span class='ocrx_word' id='word_1_122' title='bbox 612 1823 698 1892; x_wconf 85' lang='lat' dir='ltr'>cesis,</span> <span class='ocrx_word' id='word_1_123' title='bbox 716 1827 752 1882; x_wconf 87' lang='lat' dir='ltr'>at</span> <span class='ocrx_word' id='word_1_124' title='bbox 770 1819 804 1880; x_wconf 92' lang='lat' dir='ltr'>in</span> <span class='ocrx_word' id='word_1_125' title='bbox 821 1833 928 1879; x_wconf 88' lang='lat' dir='ltr'>eorum</span> <span class='ocrx_word' id='word_1_126' title='bbox 950 1814 1081 1875; x_wconf 87' lang='lat' dir='ltr'>ecclesia</span> <span class='ocrx_word' id='word_1_127' title='bbox 1097 1812 1194 1872; x_wconf 89' lang='lat' dir='ltr'>missa</span> <span class='ocrx_word' id='word_1_128' title='bbox 1210 1812 1317 1872; x_wconf 86' lang='lat' dir='ltr'>uotiua</span> <span class='ocrx_word' id='word_1_129' title='bbox 1372 1809 1464 1870; x_wconf 91' lang='lat' dir='ltr'>sertis</span> <span class='ocrx_word' id='word_1_130' title='bbox 1496 1807 1658 1881; x_wconf 89' lang='lat' dir='ltr'>babentes,</span> <span class='ocrx_word' id='word_1_131' title='bbox 1687 1807 1747 1869; x_wconf 92' lang='lat' dir='ltr'>illis</span> <span class='ocrx_word' id='word_1_132' title='bbox 1778 1808 1849 1869; x_wconf 91' lang='lat' dir='ltr'>alias</span> <span class='ocrx_word' id='word_1_133' title='bbox 1872 1809 1904 1869; x_wconf 92' lang='lat' dir='ltr'>in</span> <span class='ocrx_word' id='word_1_134' title='bbox 1931 1827 1988 1872; x_wconf 91' lang='lat' dir='ltr'>suc</span> <span class='ocrx_word' id='word_1_135' title='bbox 2010 1811 2119 1875; x_wconf 90' lang='lat' dir='ltr'>robore</span> 
     </span>
     <span class='ocr_line' id='line_1_16' title="bbox 613 1901 2117 1986; baseline -0.006 -11"><span class='ocrx_word' id='word_1_136' title='bbox 613 1916 648 1976; x_wconf 88' lang='lat' dir='ltr'>dc</span> <span class='ocrx_word' id='word_1_137' title='bbox 670 1917 771 1976; x_wconf 86' lang='lat' dir='ltr'>Beata</span> <span class='ocrx_word' id='word_1_138' title='bbox 795 1911 901 1976; x_wconf 86' lang='lat' dir='ltr'>Maria</span> <span class='ocrx_word' id='word_1_139' title='bbox 927 1908 1053 1986; x_wconf 67' lang='lat' dir='ltr'>Virgine</span> <span class='ocrx_word' id='word_1_140' title='bbox 1075 1903 1230 1966; x_wconf 86' lang='lat' dir='ltr'>celebrari</span> <span class='ocrx_word' id='word_1_141' title='bbox 1251 1921 1317 1982; x_wconf 90' lang='lat' dir='ltr'>pos·</span> <span class='ocrx_word' id='word_1_142' title='bbox 1373 1901 1596 1978; x_wconf 70' lang='lat' dir='ltr'>permansuris</span> <span class='ocrx_word' id='word_1_143' title='bbox 1608 1901 1643 1962; x_wconf 88' lang='lat' dir='ltr'>ad</span> <span class='ocrx_word' id='word_1_144' title='bbox 1658 1903 1894 1980; x_wconf 91' lang='lat' dir='ltr'>praemissorum</span> <span class='ocrx_word' id='word_1_145' title='bbox 1910 1903 2053 1966; x_wconf 87' lang='lat' dir='ltr'>ellectum</span> <span class='ocrx_word' id='word_1_146' title='bbox 2065 1905 2117 1968; x_wconf 90' lang='lat' dir='ltr'>bac</span> 
     </span>
     <span class='ocr_line' id='line_1_17' title="bbox 611 1994 2117 2086; baseline -0.006 -17"><span class='ocrx_word' id='word_1_147' title='bbox 611 2008 655 2068; x_wconf 86' lang='lat' dir='ltr'>sit</span> <span class='ocrx_word' id='word_1_148' title='bbox 678 2005 860 2086; x_wconf 83' lang='lat' dir='ltr'>pusotauuis.</span> <span class='ocrx_word' id='word_1_149' title='bbox 1374 1996 1440 2058; x_wconf 88' lang='lat' dir='ltr'>vice</span> <span class='ocrx_word' id='word_1_150' title='bbox 1471 1996 1631 2058; x_wconf 78' lang='lat' dir='ltr'>dumtaxat</span> <span class='ocrx_word' id='word_1_151' title='bbox 1657 1994 1827 2073; x_wconf 90' lang='lat' dir='ltr'>specialiter</span> <span class='ocrx_word' id='word_1_152' title='bbox 1850 2003 1880 2058; x_wconf 90' lang='lat' dir='ltr'>et</span> <span class='ocrx_word' id='word_1_153' title='bbox 1903 2012 2046 2075; x_wconf 86' lang='lat' dir='ltr'>expresse</span> <span class='ocrx_word' id='word_1_154' title='bbox 2067 1999 2117 2060; x_wconf 91' lang='lat' dir='ltr'>de-</span> 
     </span>
    </p>
   </div>
   <div class='ocr_carea' id='block_1_4' title="bbox 828 1317 1065 1329">
    <p class='ocr_par' dir='ltr' id='par_1_4' title="bbox 828 1317 1065 1329">
     <span class='ocr_line' id='line_1_18' title="bbox 828 1317 1065 1329; baseline 0 0"><span class='ocrx_word' id='word_1_155' title='bbox 828 1317 1065 1329; x_wconf 50' lang='grc' dir='ltr'>*Μ*</span> 
     </span>
    </p>
   </div>
   <div class='ocr_carea' id='block_1_5' title="bbox 876 1442 1010 1508">
    <p class='ocr_par' dir='ltr' id='par_1_5' title="bbox 876 1442 1010 1508">
     <span class='ocr_line' id='line_1_19' title="bbox 876 1442 1010 1508; baseline -0.052 0"><span class='ocrx_word' id='word_1_156' title='bbox 876 1442 1010 1508; x_wconf 81' lang='lat' dir='ltr'>cxxtv.</span> 
     </span>
    </p>
   </div>
   <div class='ocr_carea' id='block_1_6' title="bbox 0 0 1 2410">
    <p class='ocr_par' dir='ltr' id='par_1_6' title="bbox 0 0 1 2410">
     <span class='ocr_line' id='line_1_20' title="bbox 0 0 1 2410; baseline 0 0"><span class='ocrx_word' id='word_1_157' title='bbox 0 0 1 2410; x_wconf 95' lang='lat' dir='ltr'> </span> 
     </span>
    </p>
   </div>
   <div class='ocr_carea' id='block_1_7' title="bbox 341 3593 553 3690">
    <p class='ocr_par' dir='ltr' id='par_1_7' title="bbox 341 3593 553 3690">
     <span class='ocr_line' id='line_1_21' title="bbox 355 3593 553 3654; baseline 0.01 -18"><span class='ocrx_word' id='word_1_158' title='bbox 355 3593 441 3654; x_wconf 70' lang='lat' dir='ltr'>¹&#39;lepor</span> <span class='ocrx_word' id='word_1_159' title='bbox 456 3601 553 3638; x_wconf 83' lang='lat' dir='ltr'>conces·</span> 
     </span>
     <span class='ocr_line' id='line_1_22' title="bbox 341 3655 427 3690; baseline 0 0"><span class='ocrx_word' id='word_1_160' title='bbox 341 3655 427 3690; x_wconf 83' lang='lat' dir='ltr'>sionis.</span> 
     </span>
    </p>
   </div>
   <div class='ocr_carea' id='block_1_8' title="bbox 340 5455 554 5557">
    <p class='ocr_par' dir='ltr' id='par_1_8' title="bbox 340 5455 554 5557">
     <span class='ocr_line' id='line_1_23' title="bbox 354 5455 554 5514; baseline -0.01 -11"><span class='ocrx_word' id='word_1_161' title='bbox 354 5455 554 5514; x_wconf 82' lang='lat' dir='ltr'>berngaticson·</span> 
     </span>
     <span class='ocr_line' id='line_1_24' title="bbox 340 5511 485 5557; baseline -0.014 0"><span class='ocrx_word' id='word_1_162' title='bbox 340 5511 485 5557; x_wconf 79' lang='lat' dir='ltr'>tractorum.</span> 
     </span>
    </p>
   </div>
   <div class='ocr_carea' id='block_1_9' title="bbox 823 2087 2119 2240">
    <p class='ocr_par' dir='ltr' id='par_1_9' title="bbox 823 2087 2119 2240">
     <span class='ocr_line' id='line_1_25' title="bbox 1119 2087 2119 2169; baseline 0.004 -20"><span class='ocrx_word' id='word_1_163' title='bbox 1119 2159 1122 2163; x_wconf 46' lang='grc'>,</span> <span class='ocrx_word' id='word_1_164' title='bbox 1374 2105 1540 2166; x_wconf 89' lang='lat' dir='ltr'>rogamus,</span> <span class='ocrx_word' id='word_1_165' title='bbox 1568 2087 1758 2166; x_wconf 82' lang='lat' dir='ltr'>caeterisque</span> <span class='ocrx_word' id='word_1_166' title='bbox 1796 2091 1958 2152; x_wconf 88' lang='lat' dir='ltr'>contrariis</span> <span class='ocrx_word' id='word_1_167' title='bbox 1993 2091 2119 2169; x_wconf 82' lang='lat' dir='ltr'>quibus-</span> 
     </span>
     <span class='ocr_line' id='line_1_26' title="bbox 823 2169 1065 2240; baseline -0.037 0"><span class='ocrx_word' id='word_1_168' title='bbox 823 2172 910 2240; x_wconf 74' lang='lat' dir='ltr'>etus</span> <span class='ocrx_word' id='word_1_169' title='bbox 933 2170 993 2237; x_wconf 79' lang='lat' dir='ltr'>PP&#39;.</span> <span class='ocrx_word' id='word_1_170' title='bbox 1020 2169 1065 2235; x_wconf 89' lang='lat' dir='ltr'>lll.</span> 
     </span>
    </p>
   </div>
   <div class='ocr_carea' id='block_1_10' title="bbox 712 2293 1174 2365">
    <p class='ocr_par' dir='ltr' id='par_1_10' title="bbox 712 2293 1174 2365">
     <span class='ocr_line' id='line_1_27' title="bbox 712 2293 1174 2365; baseline -0.03 0"><span class='ocrx_word' id='word_1_171' title='bbox 712 2299 748 2365; x_wconf 88' lang='lat' dir='ltr'>ad</span> <span class='ocrx_word' id='word_1_172' title='bbox 769 2299 900 2364; x_wconf 84' lang='lat' dir='ltr'>lulursrn</span> <span class='ocrx_word' id='word_1_173' title='bbox 923 2295 966 2360; x_wconf 88' lang='lat' dir='ltr'>rai</span> <span class='ocrx_word' id='word_1_174' title='bbox 995 2293 1174 2359; x_wconf 84' lang='lat' dir='ltr'>memorien.</span> 
     </span>
    </p>
   </div>
   <div class='ocr_carea' id='block_1_11' title="bbox 342 2469 1316 2581">
    <p class='ocr_par' dir='ltr' id='par_1_11' title="bbox 342 2469 1316 2581">
     <span class='ocr_line' id='line_1_28' title="bbox 342 2469 1316 2581; baseline 0.002 -54"><span class='ocrx_word' id='word_1_175' title='bbox 342 2481 554 2581; x_wconf 42' lang='lat' dir='ltr'>affirmemus</span> <span class='ocrx_word' id='word_1_176' title='bbox 611 2479 678 2554; x_wconf 75' lang='lat' dir='ltr'>§l</span> <span class='ocrx_word' id='word_1_177' title='bbox 704 2479 799 2551; x_wconf 84' lang='lat' dir='ltr'>Cum,</span> <span class='ocrx_word' id='word_1_178' title='bbox 825 2476 903 2536; x_wconf 90' lang='lat' dir='ltr'>sicut</span> <span class='ocrx_word' id='word_1_179' title='bbox 929 2470 1032 2532; x_wconf 88' lang='lat' dir='ltr'>dilecti</span> <span class='ocrx_word' id='word_1_180' title='bbox 1054 2470 1109 2531; x_wconf 87' lang='lat' dir='ltr'>dlii</span> <span class='ocrx_word' id='word_1_181' title='bbox 1132 2469 1316 2530; x_wconf 90' lang='lat' dir='ltr'>missionarii</span> 
     </span>
    </p>
   </div>
   <div class='ocr_carea' id='block_1_12' title="bbox 571 2560 1317 2649">
    <p class='ocr_par' dir='ltr' id='par_1_12' title="bbox 571 2560 1317 2649">
     <span class='ocr_line' id='line_1_29' title="bbox 571 2560 1317 2649; baseline -0.017 -14"><span class='ocrx_word' id='word_1_182' title='bbox 571 2571 694 2649; x_wconf 89' lang='lat' dir='ltr'>collegii</span> <span class='ocrx_word' id='word_1_183' title='bbox 720 2567 874 2648; x_wconf 90' lang='lat' dir='ltr'>apostolici</span> <span class='ocrx_word' id='word_1_184' title='bbox 900 2565 1015 2627; x_wconf 90' lang='lat' dir='ltr'>ordinis</span> <span class='ocrx_word' id='word_1_185' title='bbox 1042 2562 1197 2641; x_wconf 86' lang='lat' dir='ltr'>Serapbici</span> <span class='ocrx_word' id='word_1_186' title='bbox 1227 2560 1317 2624; x_wconf 92' lang='lat' dir='ltr'>titulo</span> 
     </span>
    </p>
   </div>
   <div class='ocr_carea' id='block_1_13' title="bbox 1371 2167 2119 2527">
    <p class='ocr_par' dir='ltr' id='par_1_13' title="bbox 1373 2167 1518 2260">
     <span class='ocr_line' id='line_1_30' title="bbox 1373 2167 1518 2260; baseline -0.021 -16"><span class='ocrx_word' id='word_1_187' title='bbox 1373 2167 1518 2260; x_wconf 67' lang='lat' dir='ltr'>cumque.</span> 
     </span>
    </p>

    <p class='ocr_par' dir='ltr' id='par_1_14' title="bbox 1371 2275 2119 2527">
     <span class='ocr_line' id='line_1_31' title="bbox 1413 2275 2117 2354; baseline 0.007 -19"><span class='ocrx_word' id='word_1_188' title='bbox 1413 2275 1523 2337; x_wconf 89' lang='lat' dir='ltr'>Datum</span> <span class='ocrx_word' id='word_1_189' title='bbox 1547 2277 1647 2350; x_wconf 89' lang='lat' dir='ltr'>Senis,</span> <span class='ocrx_word' id='word_1_190' title='bbox 1663 2275 1721 2337; x_wconf 93' lang='lat' dir='ltr'>sub</span> <span class='ocrx_word' id='word_1_191' title='bbox 1738 2276 1854 2338; x_wconf 89' lang='lat' dir='ltr'>annulo</span> <span class='ocrx_word' id='word_1_192' title='bbox 1876 2277 2046 2354; x_wconf 88' lang='lat' dir='ltr'>Piscatoris,</span> <span class='ocrx_word' id='word_1_193' title='bbox 2069 2281 2117 2342; x_wconf 92' lang='lat' dir='ltr'>die</span> 
     </span>
     <span class='ocr_line' id='line_1_32' title="bbox 1374 2369 2119 2449; baseline 0.007 -19"><span class='ocrx_word' id='word_1_194' title='bbox 1374 2385 1403 2430; x_wconf 91' lang='lat' dir='ltr'>x.</span> <span class='ocrx_word' id='word_1_195' title='bbox 1428 2369 1533 2449; x_wconf 88' lang='lat' dir='ltr'>aprilis</span> <span class='ocrx_word' id='word_1_196' title='bbox 1555 2383 1770 2442; x_wconf 68' lang='lat' dir='ltr'>succretam,</span> <span class='ocrx_word' id='word_1_197' title='bbox 1796 2371 1991 2447; x_wconf 84' lang='lat' dir='ltr'>pontificatus</span> <span class='ocrx_word' id='word_1_198' title='bbox 2020 2375 2119 2435; x_wconf 90' lang='lat' dir='ltr'>nostri</span> 
     </span>
     <span class='ocr_line' id='line_1_33' title="bbox 1371 2479 1560 2527; baseline -0.016 -2"><span class='ocrx_word' id='word_1_199' title='bbox 1371 2481 1453 2526; x_wconf 92' lang='lat' dir='ltr'>auno</span> <span class='ocrx_word' id='word_1_200' title='bbox 1474 2479 1560 2527; x_wconf 84' lang='lat' dir='ltr'>xxxv.</span> 
     </span>
    </p>
   </div>
   <div class='ocr_carea' id='block_1_14' title="bbox 1618 2611 1879 2635">
    <p class='ocr_par' dir='ltr' id='par_1_15' title="bbox 1618 2611 1879 2635">
     <span class='ocr_line' id='line_1_34' title="bbox 1618 2611 1879 2635; baseline 0 -4"><span class='ocrx_word' id='word_1_201' title='bbox 1618 2611 1879 2635; x_wconf 69' lang='grc' dir='ltr'>...---.....,.ί-.-</span> 
     </span>
    </p>
   </div>
   <div class='ocr_carea' id='block_1_15' title="bbox 571 2655 1413 2736">
    <p class='ocr_par' dir='ltr' id='par_1_16' title="bbox 571 2655 1413 2736">
     <span class='ocr_line' id='line_1_35' title="bbox 571 2655 1413 2736; baseline -0.013 -10"><span class='ocrx_word' id='word_1_202' title='bbox 571 2655 1316 2736; x_wconf 84' lang='lat' dir='ltr'>beataellariaellirginisdcGuadalupenuncu·</span> <span class='ocrx_word' id='word_1_203' title='bbox 1412 2728 1413 2731; x_wconf 8' lang='grc' dir='ltr'><strong>Ἴ</strong></span> 
     </span>
    </p>
   </div>
   <div class='ocr_carea' id='block_1_16' title="bbox 570 2749 1319 5158">
    <p class='ocr_par' dir='ltr' id='par_1_17' title="bbox 572 2749 1318 3578">
     <span class='ocr_line' id='line_1_36' title="bbox 572 2749 1317 2836; baseline -0.011 -18"><span class='ocrx_word' id='word_1_204' title='bbox 572 2764 655 2836; x_wconf 90' lang='lat' dir='ltr'>patae</span> <span class='ocrx_word' id='word_1_205' title='bbox 670 2758 708 2819; x_wconf 91' lang='lat' dir='ltr'>de</span> <span class='ocrx_word' id='word_1_206' title='bbox 721 2751 991 2818; x_wconf 87' lang='lat' dir='ltr'>Guadalaxeriensi</span> <span class='ocrx_word' id='word_1_207' title='bbox 1013 2749 1141 2811; x_wconf 89' lang='lat' dir='ltr'>dioecesi</span> <span class='ocrx_word' id='word_1_208' title='bbox 1164 2749 1251 2811; x_wconf 92' lang='lat' dir='ltr'>nobis</span> <span class='ocrx_word' id='word_1_209' title='bbox 1266 2767 1317 2810; x_wconf 89' lang='lat' dir='ltr'>ex-</span> 
     </span>
     <span class='ocr_line' id='line_1_37' title="bbox 572 2843 1316 2928; baseline -0.008 -16"><span class='ocrx_word' id='word_1_210' title='bbox 572 2850 646 2928; x_wconf 89' lang='lat' dir='ltr'>poni</span> <span class='ocrx_word' id='word_1_211' title='bbox 661 2849 814 2921; x_wconf 81' lang='lat' dir='ltr'>lecerunt,</span> <span class='ocrx_word' id='word_1_212' title='bbox 828 2845 883 2924; x_wconf 94' lang='lat' dir='ltr'>ipsi</span> <span class='ocrx_word' id='word_1_213' title='bbox 895 2861 950 2924; x_wconf 92' lang='lat' dir='ltr'>pro</span> <span class='ocrx_word' id='word_1_214' title='bbox 965 2860 1013 2918; x_wconf 90' lang='lat' dir='ltr'>eo,</span> <span class='ocrx_word' id='word_1_215' title='bbox 1026 2858 1120 2921; x_wconf 83' lang='lat' dir='ltr'>ouem</span> <span class='ocrx_word' id='word_1_216' title='bbox 1132 2843 1162 2904; x_wconf 94' lang='lat' dir='ltr'>in</span> <span class='ocrx_word' id='word_1_217' title='bbox 1176 2844 1316 2906; x_wconf 89' lang='lat' dir='ltr'>eamdem</span> 
     </span>
     <span class='ocr_line' id='line_1_38' title="bbox 572 2936 1317 3016; baseline -0.015 -11"><span class='ocrx_word' id='word_1_218' title='bbox 572 2941 779 3006; x_wconf 87' lang='lat' dir='ltr'>beatissimam</span> <span class='ocrx_word' id='word_1_219' title='bbox 792 2937 947 3016; x_wconf 86' lang='lat' dir='ltr'>virginem</span> <span class='ocrx_word' id='word_1_220' title='bbox 959 2936 1183 3015; x_wconf 84' lang='lat' dir='ltr'>praescierunt,</span> <span class='ocrx_word' id='word_1_221' title='bbox 1195 2936 1317 3011; x_wconf 81' lang='lat' dir='ltr'>adectu,</span> 
     </span>
     <span class='ocr_line' id='line_1_39' title="bbox 573 3028 1318 3098; baseline -0.009 -1"><span class='ocrx_word' id='word_1_222' title='bbox 573 3035 713 3098; x_wconf 92' lang='lat' dir='ltr'>eiusdem</span> <span class='ocrx_word' id='word_1_223' title='bbox 742 3033 862 3096; x_wconf 93' lang='lat' dir='ltr'>cultum</span> <span class='ocrx_word' id='word_1_224' title='bbox 885 3038 914 3092; x_wconf 91' lang='lat' dir='ltr'>et</span> <span class='ocrx_word' id='word_1_225' title='bbox 938 3029 1173 3092; x_wconf 89' lang='lat' dir='ltr'>venerationem</span> <span class='ocrx_word' id='word_1_226' title='bbox 1200 3031 1232 3090; x_wconf 93' lang='lat' dir='ltr'>in</span> <span class='ocrx_word' id='word_1_227' title='bbox 1255 3028 1318 3090; x_wconf 89' lang='lat' dir='ltr'>dies</span> 
     </span>
     <span class='ocr_line' id='line_1_40' title="bbox 573 3121 1317 3206; baseline -0.012 -14"><span class='ocrx_word' id='word_1_228' title='bbox 573 3130 679 3206; x_wconf 86' lang='lat' dir='ltr'>augeri</span> <span class='ocrx_word' id='word_1_229' title='bbox 701 3140 899 3204; x_wconf 86' lang='lat' dir='ltr'>summopere</span> <span class='ocrx_word' id='word_1_230' title='bbox 919 3123 1112 3186; x_wconf 87' lang='lat' dir='ltr'>desiderent:</span> <span class='ocrx_word' id='word_1_231' title='bbox 1138 3121 1231 3184; x_wconf 91' lang='lat' dir='ltr'>Nobis</span> <span class='ocrx_word' id='word_1_232' title='bbox 1249 3138 1317 3200; x_wconf 89' lang='lat' dir='ltr'>pro·</span> 
     </span>
     <span class='ocr_line' id='line_1_41' title="bbox 574 3216 1316 3302; baseline -0.009 -18"><span class='ocrx_word' id='word_1_233' title='bbox 574 3231 677 3302; x_wconf 87' lang='lat' dir='ltr'>pterea</span> <span class='ocrx_word' id='word_1_234' title='bbox 692 3219 855 3284; x_wconf 82' lang='lat' dir='ltr'>humiliter</span> <span class='ocrx_word' id='word_1_235' title='bbox 869 3216 1034 3296; x_wconf 89' lang='lat' dir='ltr'>supplicari</span> <span class='ocrx_word' id='word_1_236' title='bbox 1049 3217 1201 3290; x_wconf 89' lang='lat' dir='ltr'>iecerunt,</span> <span class='ocrx_word' id='word_1_237' title='bbox 1216 3225 1250 3279; x_wconf 91' lang='lat' dir='ltr'>ut</span> <span class='ocrx_word' id='word_1_238' title='bbox 1261 3216 1316 3278; x_wconf 91' lang='lat' dir='ltr'>sibi</span> 
     </span>
     <span class='ocr_line' id='line_1_42' title="bbox 573 3308 1318 3392; baseline -0.005 -15"><span class='ocrx_word' id='word_1_239' title='bbox 573 3317 606 3377; x_wconf 93' lang='lat' dir='ltr'>in</span> <span class='ocrx_word' id='word_1_240' title='bbox 628 3313 802 3392; x_wconf 89' lang='lat' dir='ltr'>praemissis</span> <span class='ocrx_word' id='word_1_241' title='bbox 831 3318 1005 3390; x_wconf 90' lang='lat' dir='ltr'>opportune</span> <span class='ocrx_word' id='word_1_242' title='bbox 1030 3308 1205 3388; x_wconf 85' lang='lat' dir='ltr'>providere,</span> <span class='ocrx_word' id='word_1_243' title='bbox 1232 3318 1262 3372; x_wconf 93' lang='lat' dir='ltr'>et</span> <span class='ocrx_word' id='word_1_244' title='bbox 1284 3319 1318 3374; x_wconf 89' lang='lat' dir='ltr'>ut</span> 
     </span>
     <span class='ocr_line' id='line_1_43' title="bbox 572 3402 1317 3482; baseline -0.005 -14"><span class='ocrx_word' id='word_1_245' title='bbox 572 3408 652 3470; x_wconf 84' lang='lat' dir='ltr'>inira</span> <span class='ocrx_word' id='word_1_246' title='bbox 678 3405 842 3482; x_wconf 88' lang='lat' dir='ltr'>indulgere</span> <span class='ocrx_word' id='word_1_247' title='bbox 875 3405 912 3465; x_wconf 90' lang='lat' dir='ltr'>de</span> <span class='ocrx_word' id='word_1_248' title='bbox 940 3402 1132 3480; x_wconf 79' lang='lat' dir='ltr'>benignitate</span> <span class='ocrx_word' id='word_1_249' title='bbox 1157 3404 1317 3480; x_wconf 89' lang='lat' dir='ltr'>apostolica</span> 
     </span>
     <span class='ocr_line' id='line_1_44' title="bbox 572 3501 784 3578; baseline -0.033 -15"><span class='ocrx_word' id='word_1_250' title='bbox 572 3501 784 3578; x_wconf 88' lang='lat' dir='ltr'>dignaremur.</span> 
     </span>
    </p>

    <p class='ocr_par' dir='ltr' id='par_1_18' title="bbox 570 3589 1319 5158">
     <span class='ocr_line' id='line_1_45' title="bbox 611 3589 1318 3668; baseline -0.001 -14"><span class='ocrx_word' id='word_1_251' title='bbox 611 3593 681 3668; x_wconf 70' lang='lat'>§2</span> <span class='ocrx_word' id='word_1_252' title='bbox 706 3589 766 3653; x_wconf 92' lang='lat' dir='ltr'>Nos</span> <span class='ocrx_word' id='word_1_253' title='bbox 794 3589 891 3667; x_wconf 89' lang='lat' dir='ltr'>igitur</span> <span class='ocrx_word' id='word_1_254' title='bbox 917 3590 1013 3652; x_wconf 91' lang='lat' dir='ltr'>dictos</span> <span class='ocrx_word' id='word_1_255' title='bbox 1039 3600 1231 3668; x_wconf 81' lang='lat' dir='ltr'>exponentes</span> <span class='ocrx_word' id='word_1_256' title='bbox 1252 3607 1318 3668; x_wconf 90' lang='lat' dir='ltr'>spe·</span> 
     </span>
     <span class='ocr_line' id='line_1_46' title="bbox 572 3682 1318 3762; baseline -0.007 -12"><span class='ocrx_word' id='word_1_257' title='bbox 572 3687 700 3751; x_wconf 90' lang='lat' dir='ltr'>cialibus</span> <span class='ocrx_word' id='word_1_258' title='bbox 728 3683 833 3761; x_wconf 85' lang='lat' dir='ltr'>gratiis</span> <span class='ocrx_word' id='word_1_259' title='bbox 854 3692 885 3744; x_wconf 91' lang='lat' dir='ltr'>et</span> <span class='ocrx_word' id='word_1_260' title='bbox 906 3682 1062 3745; x_wconf 79' lang='lat' dir='ltr'>favoribus</span> <span class='ocrx_word' id='word_1_261' title='bbox 1094 3683 1238 3762; x_wconf 86' lang='lat' dir='ltr'>prosequi</span> <span class='ocrx_word' id='word_1_262' title='bbox 1266 3700 1318 3746; x_wconf 85' lang='lat' dir='ltr'>ro·</span> 
     </span>
     <span class='ocr_line' id='line_1_47' title="bbox 572 3775 1319 3857; baseline -0.005 -14"><span class='ocrx_word' id='word_1_263' title='bbox 572 3782 683 3853; x_wconf 88' lang='lat' dir='ltr'>lentes,</span> <span class='ocrx_word' id='word_1_264' title='bbox 699 3785 729 3839; x_wconf 91' lang='lat' dir='ltr'>et</span> <span class='ocrx_word' id='word_1_265' title='bbox 744 3792 854 3838; x_wconf 91' lang='lat' dir='ltr'>eorum</span> <span class='ocrx_word' id='word_1_266' title='bbox 867 3775 1041 3852; x_wconf 80' lang='lat' dir='ltr'>singulares</span> <span class='ocrx_word' id='word_1_267' title='bbox 1063 3790 1207 3854; x_wconf 88' lang='lat' dir='ltr'>personas</span> <span class='ocrx_word' id='word_1_268' title='bbox 1222 3794 1237 3836; x_wconf 92' lang='lat' dir='ltr'>a</span> <span class='ocrx_word' id='word_1_269' title='bbox 1252 3779 1319 3857; x_wconf 89' lang='lat' dir='ltr'>qui-</span> 
     </span>
     <span class='ocr_line' id='line_1_48' title="bbox 571 3867 1317 3946; baseline -0.004 -11"><span class='ocrx_word' id='word_1_270' title='bbox 571 3872 677 3936; x_wconf 85' lang='lat' dir='ltr'>busris</span> <span class='ocrx_word' id='word_1_271' title='bbox 711 3867 1042 3932; x_wconf 89' lang='lat' dir='ltr'>excommunicationis</span> <span class='ocrx_word' id='word_1_272' title='bbox 1076 3876 1106 3930; x_wconf 92' lang='lat' dir='ltr'>et</span> <span class='ocrx_word' id='word_1_273' title='bbox 1140 3869 1317 3946; x_wconf 82' lang='lat' dir='ltr'>interdicti,</span> 
     </span>
     <span class='ocr_line' id='line_1_49' title="bbox 573 3959 1319 4044; baseline -0.003 -18"><span class='ocrx_word' id='word_1_274' title='bbox 573 3964 703 4044; x_wconf 86' lang='lat' dir='ltr'>aliisque</span> <span class='ocrx_word' id='word_1_275' title='bbox 732 3959 943 4025; x_wconf 83' lang='lat' dir='ltr'>ecclesiasticis</span> <span class='ocrx_word' id='word_1_276' title='bbox 971 3962 1125 4036; x_wconf 90' lang='lat' dir='ltr'>censuris,</span> <span class='ocrx_word' id='word_1_277' title='bbox 1154 3963 1319 4026; x_wconf 88' lang='lat' dir='ltr'>sententiis</span> 
     </span>
     <span class='ocr_line' id='line_1_50' title="bbox 570 4052 1319 4137; baseline 0.001 -19"><span class='ocrx_word' id='word_1_278' title='bbox 570 4067 601 4121; x_wconf 89' lang='lat' dir='ltr'>et</span> <span class='ocrx_word' id='word_1_279' title='bbox 627 4057 745 4137; x_wconf 90' lang='lat' dir='ltr'>poenis,</span> <span class='ocrx_word' id='word_1_280' title='bbox 769 4053 878 4132; x_wconf 83' lang='lat' dir='ltr'>quouis</span> <span class='ocrx_word' id='word_1_281' title='bbox 899 4052 991 4116; x_wconf 86' lang='lat' dir='ltr'>modo</span> <span class='ocrx_word' id='word_1_282' title='bbox 1013 4061 1043 4116; x_wconf 92' lang='lat' dir='ltr'>et</span> <span class='ocrx_word' id='word_1_283' title='bbox 1065 4069 1260 4134; x_wconf 85' lang='lat' dir='ltr'>quacumque</span> <span class='ocrx_word' id='word_1_284' title='bbox 1281 4058 1319 4120; x_wconf 90' lang='lat' dir='ltr'>de</span> 
     </span>
     <span class='ocr_line' id='line_1_51' title="bbox 570 4145 1318 4226; baseline -0.003 -13"><span class='ocrx_word' id='word_1_285' title='bbox 570 4167 658 4213; x_wconf 92' lang='lat' dir='ltr'>causa</span> <span class='ocrx_word' id='word_1_286' title='bbox 673 4148 753 4222; x_wconf 90' lang='lat' dir='ltr'>latis,</span> <span class='ocrx_word' id='word_1_287' title='bbox 775 4148 800 4209; x_wconf 91' lang='lat' dir='ltr'>si</span> <span class='ocrx_word' id='word_1_288' title='bbox 822 4163 896 4226; x_wconf 85' lang='lat' dir='ltr'>quas</span> <span class='ocrx_word' id='word_1_289' title='bbox 911 4145 991 4208; x_wconf 91' lang='lat' dir='ltr'>iorte</span> <span class='ocrx_word' id='word_1_290' title='bbox 1007 4147 1210 4222; x_wconf 89' lang='lat' dir='ltr'>incurrerint,</span> <span class='ocrx_word' id='word_1_291' title='bbox 1224 4150 1318 4212; x_wconf 89' lang='lat' dir='ltr'>buius</span> 
     </span>
     <span class='ocr_line' id='line_1_52' title="bbox 572 4239 1318 4316; baseline -0.001 -10"><span class='ocrx_word' id='word_1_292' title='bbox 572 4249 692 4307; x_wconf 91' lang='lat' dir='ltr'>tantum</span> <span class='ocrx_word' id='word_1_293' title='bbox 714 4241 759 4302; x_wconf 92' lang='lat' dir='ltr'>rei</span> <span class='ocrx_word' id='word_1_294' title='bbox 782 4240 878 4316; x_wconf 88' lang='lat' dir='ltr'>gratia</span> <span class='ocrx_word' id='word_1_295' title='bbox 899 4239 1091 4302; x_wconf 85' lang='lat' dir='ltr'>absolventes</span> <span class='ocrx_word' id='word_1_296' title='bbox 1113 4246 1143 4300; x_wconf 91' lang='lat' dir='ltr'>et</span> <span class='ocrx_word' id='word_1_297' title='bbox 1165 4241 1318 4304; x_wconf 91' lang='lat' dir='ltr'>absolutos</span> 
     </span>
     <span class='ocr_line' id='line_1_53' title="bbox 570 4331 1318 4411; baseline 0 -14"><span class='ocrx_word' id='word_1_298' title='bbox 570 4337 637 4397; x_wconf 89' lang='lat' dir='ltr'>lore</span> <span class='ocrx_word' id='word_1_299' title='bbox 651 4342 824 4408; x_wconf 86' lang='lat' dir='ltr'>censentes,</span> <span class='ocrx_word' id='word_1_300' title='bbox 843 4331 1117 4411; x_wconf 88' lang='lat' dir='ltr'>supplicationibus</span> <span class='ocrx_word' id='word_1_301' title='bbox 1133 4349 1241 4397; x_wconf 92' lang='lat' dir='ltr'>eorum</span> <span class='ocrx_word' id='word_1_302' title='bbox 1265 4352 1318 4397; x_wconf 93' lang='lat' dir='ltr'>nc-</span> 
     </span>
     <span class='ocr_line' id='line_1_54' title="bbox 572 4424 1316 4502; baseline -0.003 -12"><span class='ocrx_word' id='word_1_303' title='bbox 572 4429 658 4490; x_wconf 90' lang='lat' dir='ltr'>mine</span> <span class='ocrx_word' id='word_1_304' title='bbox 679 4427 768 4490; x_wconf 92' lang='lat' dir='ltr'>nobis</span> <span class='ocrx_word' id='word_1_305' title='bbox 795 4424 957 4488; x_wconf 84' lang='lat' dir='ltr'>humiliter</span> <span class='ocrx_word' id='word_1_306' title='bbox 985 4426 1133 4501; x_wconf 88' lang='lat' dir='ltr'>porrectis</span> <span class='ocrx_word' id='word_1_307' title='bbox 1155 4426 1316 4502; x_wconf 91' lang='lat' dir='ltr'>inclinati,</span> 
     </span>
     <span class='ocr_line' id='line_1_55' title="bbox 571 4513 1317 4585; baseline 0.001 -3"><span class='ocrx_word' id='word_1_308' title='bbox 571 4521 674 4584; x_wconf 92' lang='lat' dir='ltr'>audito</span> <span class='ocrx_word' id='word_1_309' title='bbox 689 4521 783 4582; x_wconf 87' lang='lat' dir='ltr'>etiam</span> <span class='ocrx_word' id='word_1_310' title='bbox 798 4513 908 4583; x_wconf 78' lang='lat' dir='ltr'>dilecto</span> <span class='ocrx_word' id='word_1_311' title='bbox 924 4517 988 4580; x_wconf 91' lang='lat' dir='ltr'>lllio</span> <span class='ocrx_word' id='word_1_312' title='bbox 1006 4517 1170 4582; x_wconf 80' lang='lat' dir='ltr'>Vincentio</span> <span class='ocrx_word' id='word_1_313' title='bbox 1185 4521 1317 4585; x_wconf 87' lang='lat' dir='ltr'>Benucci</span> 
     </span>
     <span class='ocr_line' id='line_1_56' title="bbox 570 4611 1318 4691; baseline 0.001 -15"><span class='ocrx_word' id='word_1_314' title='bbox 570 4628 729 4676; x_wconf 89' lang='lat' dir='ltr'>sacrorum</span> <span class='ocrx_word' id='word_1_315' title='bbox 743 4612 872 4674; x_wconf 86' lang='lat' dir='ltr'>Rituum</span> <span class='ocrx_word' id='word_1_316' title='bbox 887 4611 1136 4688; x_wconf 84' lang='lat' dir='ltr'>congregationis</span> <span class='ocrx_word' id='word_1_317' title='bbox 1151 4629 1206 4691; x_wconf 93' lang='lat' dir='ltr'>pro</span> <span class='ocrx_word' id='word_1_318' title='bbox 1221 4630 1318 4677; x_wconf 88' lang='lat' dir='ltr'>secre-</span> 
     </span>
     <span class='ocr_line' id='line_1_57' title="bbox 572 4705 1318 4783; baseline 0.004 -13"><span class='ocrx_word' id='word_1_319' title='bbox 572 4708 660 4783; x_wconf 91' lang='lat' dir='ltr'>tario,</span> <span class='ocrx_word' id='word_1_320' title='bbox 677 4715 711 4769; x_wconf 91' lang='lat' dir='ltr'>ut</span> <span class='ocrx_word' id='word_1_321' title='bbox 734 4707 764 4768; x_wconf 93' lang='lat' dir='ltr'>in</span> <span class='ocrx_word' id='word_1_322' title='bbox 786 4713 945 4783; x_wconf 90' lang='lat' dir='ltr'>posterum</span> <span class='ocrx_word' id='word_1_323' title='bbox 961 4705 993 4766; x_wconf 91' lang='lat' dir='ltr'>iu</span> <span class='ocrx_word' id='word_1_324' title='bbox 1009 4705 1058 4768; x_wconf 91' lang='lat' dir='ltr'>die</span> <span class='ocrx_word' id='word_1_325' title='bbox 1072 4705 1251 4770; x_wconf 90' lang='lat' dir='ltr'>duodecima</span> <span class='ocrx_word' id='word_1_326' title='bbox 1266 4725 1318 4773; x_wconf 93' lang='lat' dir='ltr'>cu·</span> 
     </span>
     <span class='ocr_line' id='line_1_58' title="bbox 571 4798 1317 4864; baseline 0.003 -2"><span class='ocrx_word' id='word_1_327' title='bbox 571 4801 696 4863; x_wconf 91' lang='lat' dir='ltr'>iuslibet</span> <span class='ocrx_word' id='word_1_328' title='bbox 706 4799 822 4862; x_wconf 91' lang='lat' dir='ltr'>mensis</span> <span class='ocrx_word' id='word_1_329' title='bbox 837 4799 869 4860; x_wconf 91' lang='lat' dir='ltr'>in</span> <span class='ocrx_word' id='word_1_330' title='bbox 885 4813 993 4861; x_wconf 92' lang='lat' dir='ltr'>eorum</span> <span class='ocrx_word' id='word_1_331' title='bbox 1009 4798 1136 4862; x_wconf 90' lang='lat' dir='ltr'>ecclesia</span> <span class='ocrx_word' id='word_1_332' title='bbox 1150 4815 1211 4862; x_wconf 90' lang='lat' dir='ltr'>una</span> <span class='ocrx_word' id='word_1_333' title='bbox 1226 4802 1317 4864; x_wconf 90' lang='lat' dir='ltr'>missa</span> 
     </span>
     <span class='ocr_line' id='line_1_59' title="bbox 572 4891 1317 4972; baseline 0.005 -20"><span class='ocrx_word' id='word_1_334' title='bbox 572 4895 676 4956; x_wconf 87' lang='lat' dir='ltr'>votiva</span> <span class='ocrx_word' id='word_1_335' title='bbox 707 4891 855 4954; x_wconf 91' lang='lat' dir='ltr'>solemnis</span> <span class='ocrx_word' id='word_1_336' title='bbox 881 4892 1002 4972; x_wconf 90' lang='lat' dir='ltr'>propria</span> <span class='ocrx_word' id='word_1_337' title='bbox 1032 4892 1070 4954; x_wconf 91' lang='lat' dir='ltr'>de</span> <span class='ocrx_word' id='word_1_338' title='bbox 1094 4893 1200 4956; x_wconf 90' lang='lat' dir='ltr'>eadem</span> <span class='ocrx_word' id='word_1_339' title='bbox 1227 4894 1317 4957; x_wconf 90' lang='lat' dir='ltr'>Beata</span> 
     </span>
     <span class='ocr_line' id='line_1_60' title="bbox 571 4983 1318 5062; baseline -0.003 -10"><span class='ocrx_word' id='word_1_340' title='bbox 571 4987 664 5052; x_wconf 88' lang='lat' dir='ltr'>blaria</span> <span class='ocrx_word' id='word_1_341' title='bbox 679 4985 820 5062; x_wconf 82' lang='lat' dir='ltr'>Virgine,</span> <span class='ocrx_word' id='word_1_342' title='bbox 836 4983 1004 5046; x_wconf 91' lang='lat' dir='ltr'>dummodo</span> <span class='ocrx_word' id='word_1_343' title='bbox 1020 4999 1084 5046; x_wconf 92' lang='lat' dir='ltr'>non</span> <span class='ocrx_word' id='word_1_344' title='bbox 1099 4996 1261 5050; x_wconf 88' lang='lat' dir='ltr'>occurrant</span> <span class='ocrx_word' id='word_1_345' title='bbox 1276 4988 1318 5050; x_wconf 89' lang='lat' dir='ltr'>ie·</span> 
     </span>
     <span class='ocr_line' id='line_1_61' title="bbox 570 5077 1319 5158; baseline 0 -13"><span class='ocrx_word' id='word_1_346' title='bbox 570 5090 615 5145; x_wconf 91' lang='lat' dir='ltr'>sta</span> <span class='ocrx_word' id='word_1_347' title='bbox 637 5079 721 5158; x_wconf 89' lang='lat' dir='ltr'>dupl.</span> <span class='ocrx_word' id='word_1_348' title='bbox 745 5079 858 5158; x_wconf 90' lang='lat' dir='ltr'>primae</span> <span class='ocrx_word' id='word_1_349' title='bbox 881 5077 931 5139; x_wconf 83' lang='lat' dir='ltr'>vel</span> <span class='ocrx_word' id='word_1_350' title='bbox 952 5078 1104 5140; x_wconf 89' lang='lat' dir='ltr'>secundae</span> <span class='ocrx_word' id='word_1_351' title='bbox 1125 5079 1239 5156; x_wconf 90' lang='lat' dir='ltr'>classis,</span> <span class='ocrx_word' id='word_1_352' title='bbox 1262 5099 1319 5145; x_wconf 88' lang='lat' dir='ltr'>nec</span> 
     </span>
    </p>
   </div>
   <div class='ocr_carea' id='block_1_17' title="bbox 572 5169 1384 5253">
    <p class='ocr_par' dir='ltr' id='par_1_19' title="bbox 572 5169 1384 5253">
     <span class='ocr_line' id='line_1_62' title="bbox 572 5169 1384 5253; baseline -0.007 -12"><span class='ocrx_word' id='word_1_353' title='bbox 572 5194 637 5240; x_wconf 92' lang='lat' dir='ltr'>non</span> <span class='ocrx_word' id='word_1_354' title='bbox 667 5174 762 5235; x_wconf 86' lang='lat' dir='ltr'>leriae</span> <span class='ocrx_word' id='word_1_355' title='bbox 783 5169 1004 5249; x_wconf 83' lang='lat' dir='ltr'>privilegiatae,</span> <span class='ocrx_word' id='word_1_356' title='bbox 1036 5170 1183 5234; x_wconf 90' lang='lat' dir='ltr'>celebrari</span> <span class='ocrx_word' id='word_1_357' title='bbox 1211 5176 1317 5253; x_wconf 90' lang='lat' dir='ltr'>possit,</span> <span class='ocrx_word' id='word_1_358' title='bbox 1379 5217 1384 5224; x_wconf 80' lang='lat'><em>-</em></span> 
     </span>
    </p>
   </div>
   <div class='ocr_carea' id='block_1_18' title="bbox 571 5266 1319 5812">
    <p class='ocr_par' dir='ltr' id='par_1_20' title="bbox 571 5266 1317 5439">
     <span class='ocr_line' id='line_1_63' title="bbox 571 5266 1317 5345; baseline -0.001 -13"><span class='ocrx_word' id='word_1_359' title='bbox 571 5268 753 5334; x_wconf 89' lang='lat' dir='ltr'>auctoritate</span> <span class='ocrx_word' id='word_1_360' title='bbox 782 5266 944 5345; x_wconf 91' lang='lat' dir='ltr'>apostolica</span> <span class='ocrx_word' id='word_1_361' title='bbox 970 5271 1079 5327; x_wconf 91' lang='lat' dir='ltr'>tenore</span> <span class='ocrx_word' id='word_1_362' title='bbox 1106 5268 1317 5342; x_wconf 90' lang='lat' dir='ltr'>praesentium</span> 
     </span>
     <span class='ocr_line' id='line_1_64' title="bbox 572 5362 782 5439; baseline -0.019 -17"><span class='ocrx_word' id='word_1_363' title='bbox 572 5362 782 5439; x_wconf 82' lang='lat' dir='ltr'>indulgemus.</span> 
     </span>
    </p>

    <p class='ocr_par' dir='ltr' id='par_1_21' title="bbox 571 5451 1319 5812">
     <span class='ocr_line' id='line_1_65' title="bbox 611 5451 1318 5529; baseline 0.003 -14"><span class='ocrx_word' id='word_1_364' title='bbox 611 5456 631 5529; x_wconf 66' lang='grc' dir='ltr'><strong>ἓ</strong></span> <span class='ocrx_word' id='word_1_365' title='bbox 651 5455 680 5515; x_wconf 82' lang='lat'>3.</span> <span class='ocrx_word' id='word_1_366' title='bbox 704 5451 773 5514; x_wconf 89' lang='lat' dir='ltr'>Non</span> <span class='ocrx_word' id='word_1_367' title='bbox 789 5453 981 5516; x_wconf 90' lang='lat' dir='ltr'>obstantibus</span> <span class='ocrx_word' id='word_1_368' title='bbox 996 5453 1272 5516; x_wconf 89' lang='lat' dir='ltr'>constitutionibus</span> <span class='ocrx_word' id='word_1_369' title='bbox 1287 5464 1318 5517; x_wconf 89' lang='lat' dir='ltr'>et</span> 
     </span>
     <span class='ocr_line' id='line_1_66' title="bbox 572 5545 1319 5625; baseline 0 -15"><span class='ocrx_word' id='word_1_370' title='bbox 572 5545 817 5610; x_wconf 90' lang='lat' dir='ltr'>ordinationibus</span> <span class='ocrx_word' id='word_1_371' title='bbox 832 5545 1015 5625; x_wconf 72' lang='lat' dir='ltr'>apostolicis</span> <span class='ocrx_word' id='word_1_372' title='bbox 1032 5562 1166 5609; x_wconf 90' lang='lat' dir='ltr'>necnon</span> <span class='ocrx_word' id='word_1_373' title='bbox 1182 5547 1253 5609; x_wconf 89' lang='lat' dir='ltr'>dicti</span> <span class='ocrx_word' id='word_1_374' title='bbox 1269 5565 1319 5611; x_wconf 90' lang='lat' dir='ltr'>or·</span> 
     </span>
     <span class='ocr_line' id='line_1_67' title="bbox 572 5639 1316 5720; baseline 0 -16"><span class='ocrx_word' id='word_1_375' title='bbox 572 5641 654 5704; x_wconf 90' lang='lat' dir='ltr'>dinis</span> <span class='ocrx_word' id='word_1_376' title='bbox 674 5639 767 5702; x_wconf 89' lang='lat' dir='ltr'>etiam</span> <span class='ocrx_word' id='word_1_377' title='bbox 790 5639 976 5717; x_wconf 90' lang='lat' dir='ltr'>iuramento,</span> <span class='ocrx_word' id='word_1_378' title='bbox 990 5640 1225 5704; x_wconf 83' lang='lat' dir='ltr'>confirmatione</span> <span class='ocrx_word' id='word_1_379' title='bbox 1248 5658 1316 5720; x_wconf 87' lang='lat' dir='ltr'>apo-</span> 
     </span>
     <span class='ocr_line' id='line_1_68' title="bbox 571 5721 1319 5812; baseline 0.001 -16"><span class='ocrx_word' id='word_1_380' title='bbox 571 5735 687 5809; x_wconf 88' lang='lat' dir='ltr'>stolica,</span> <span class='ocrx_word' id='word_1_381' title='bbox 710 5733 761 5796; x_wconf 87' lang='lat' dir='ltr'>rel</span> <span class='ocrx_word' id='word_1_382' title='bbox 781 5734 889 5812; x_wconf 83' lang='lat' dir='ltr'>quavis</span> <span class='ocrx_word' id='word_1_383' title='bbox 911 5735 1057 5798; x_wconf 82' lang='lat' dir='ltr'>firmitate</span> <span class='ocrx_word' id='word_1_384' title='bbox 1078 5734 1149 5798; x_wconf 88' lang='lat' dir='ltr'>alias</span> <span class='ocrx_word' id='word_1_385' title='bbox 1166 5721 1319 5798; x_wconf 68' lang='lat' dir='ltr'>&#39;remeans</span> 
     </span>
    </p>
   </div>
   <div class='ocr_carea' id='block_1_19' title="bbox 612 5946 1131 6012">
    <p class='ocr_par' dir='ltr' id='par_1_22' title="bbox 612 5946 1131 6012">
     <span class='ocr_line' id='line_1_69' title="bbox 612 5946 1131 6012; baseline 0.008 -21"><span class='ocrx_word' id='word_1_386' title='bbox 612 5949 642 6012; x_wconf 75' lang='lat'>(1)</span> <span class='ocrx_word' id='word_1_387' title='bbox 657 5951 694 5994; x_wconf 81' lang='lat' dir='ltr'>Ex</span> <span class='ocrx_word' id='word_1_388' title='bbox 709 5949 774 5995; x_wconf 83' lang='lat' dir='ltr'>Bull.</span> <span class='ocrx_word' id='word_1_389' title='bbox 792 5951 864 5996; x_wconf 84' lang='lat' dir='ltr'>Pont.</span> <span class='ocrx_word' id='word_1_390' title='bbox 880 5947 911 5994; x_wconf 86' lang='lat' dir='ltr'>de</span> <span class='ocrx_word' id='word_1_391' title='bbox 925 5953 951 5995; x_wconf 82' lang='lat' dir='ltr'>P.</span> <span class='ocrx_word' id='word_1_392' title='bbox 967 5951 993 5994; x_wconf 71' lang='lat' dir='ltr'>ll.</span> <span class='ocrx_word' id='word_1_393' title='bbox 1009 5946 1066 5998; x_wconf 87' lang='lat' dir='ltr'>coll.</span> <span class='ocrx_word' id='word_1_394' title='bbox 1082 5951 1131 5996; x_wconf 86' lang='lat' dir='ltr'>etc.</span> 
     </span>
    </p>
   </div>
   <div class='ocr_carea' id='block_1_20' title="bbox 1684 2746 1805 2810">
    <p class='ocr_par' dir='ltr' id='par_1_23' title="bbox 1684 2746 1805 2810">
     <span class='ocr_line' id='line_1_70' title="bbox 1684 2746 1805 2810; baseline -0.041 0"><span class='ocrx_word' id='word_1_395' title='bbox 1684 2746 1805 2810; x_wconf 79' lang='lat' dir='ltr'><strong>CXXV.</strong></span> 
     </span>
    </p>
   </div>
   <div class='ocr_carea' id='block_1_21' title="bbox 1377 2931 2120 4131">
    <p class='ocr_par' dir='ltr' id='par_1_24' title="bbox 1377 2931 2120 4131">
     <span class='ocr_line' id='line_1_71' title="bbox 1377 2931 2118 3008; baseline 0.005 -16"><span class='ocrx_word' id='word_1_396' title='bbox 1377 2931 1500 2992; x_wconf 80' lang='lat' dir='ltr'>Vinaria</span> <span class='ocrx_word' id='word_1_397' title='bbox 1522 2931 1701 3008; x_wconf 87' lang='lat' dir='ltr'>Apostolice</span> <span class='ocrx_word' id='word_1_398' title='bbox 1733 2933 1873 2994; x_wconf 84' lang='lat' dir='ltr'>Tunlsini</span> <span class='ocrx_word' id='word_1_399' title='bbox 1905 2934 2118 2996; x_wconf 82' lang='lat' dir='ltr'>Occidentalis</span> 
     </span>
     <span class='ocr_line' id='line_1_72' title="bbox 1413 3024 2117 3104; baseline 0.006 -20"><span class='ocrx_word' id='word_1_400' title='bbox 1413 3026 1541 3104; x_wconf 78' lang='lat' dir='ltr'>eiusque</span> <span class='ocrx_word' id='word_1_401' title='bbox 1566 3024 1767 3096; x_wconf 85' lang='lat' dir='ltr'>Caudiutori,</span> <span class='ocrx_word' id='word_1_402' title='bbox 1786 3032 1815 3086; x_wconf 91' lang='lat' dir='ltr'>ct</span> <span class='ocrx_word' id='word_1_403' title='bbox 1842 3026 1967 3089; x_wconf 74' lang='lat' dir='ltr'>lisania</span> <span class='ocrx_word' id='word_1_404' title='bbox 1989 3033 2117 3104; x_wconf 86' lang='lat' dir='ltr'>Aposto-</span> 
     </span>
     <span class='ocr_line' id='line_1_73' title="bbox 1414 3119 2119 3182; baseline 0.001 -3"><span class='ocrx_word' id='word_1_405' title='bbox 1414 3119 1474 3179; x_wconf 90' lang='lat' dir='ltr'>lico</span> <span class='ocrx_word' id='word_1_406' title='bbox 1500 3119 1691 3181; x_wconf 82' lang='lat' dir='ltr'>Cocincinae</span> <span class='ocrx_word' id='word_1_407' title='bbox 1706 3135 1742 3180; x_wconf 88' lang='lat' dir='ltr'>ac</span> <span class='ocrx_word' id='word_1_408' title='bbox 1757 3120 1826 3180; x_wconf 90' lang='lat' dir='ltr'>eins</span> <span class='ocrx_word' id='word_1_409' title='bbox 1849 3119 2031 3182; x_wconf 87' lang='lat' dir='ltr'>caudiuteri</span> <span class='ocrx_word' id='word_1_410' title='bbox 2047 3137 2119 3180; x_wconf 91' lang='lat' dir='ltr'>con-</span> 
     </span>
     <span class='ocr_line' id='line_1_74' title="bbox 1414 3209 2119 3290; baseline 0.006 -19"><span class='ocrx_word' id='word_1_411' title='bbox 1414 3212 1507 3282; x_wconf 87' lang='lat' dir='ltr'>cedit,</span> <span class='ocrx_word' id='word_1_412' title='bbox 1531 3219 1569 3272; x_wconf 91' lang='lat' dir='ltr'>ut</span> <span class='ocrx_word' id='word_1_413' title='bbox 1592 3209 1725 3290; x_wconf 79' lang='lat' dir='ltr'>quilibet</span> <span class='ocrx_word' id='word_1_414' title='bbox 1747 3227 1856 3273; x_wconf 82' lang='lat' dir='ltr'>coriam</span> <span class='ocrx_word' id='word_1_415' title='bbox 1879 3213 1913 3272; x_wconf 90' lang='lat' dir='ltr'>in</span> <span class='ocrx_word' id='word_1_416' title='bbox 1928 3213 2058 3290; x_wconf 84' lang='lat' dir='ltr'>proprio</span> <span class='ocrx_word' id='word_1_417' title='bbox 2072 3215 2119 3276; x_wconf 88' lang='lat' dir='ltr'>ci·</span> 
     </span>
     <span class='ocr_line' id='line_1_75' title="bbox 1414 3305 2119 3383; baseline 0.004 -19"><span class='ocrx_word' id='word_1_418' title='bbox 1414 3305 1546 3366; x_wconf 87' lang='lat' dir='ltr'>cariatu</span> <span class='ocrx_word' id='word_1_419' title='bbox 1577 3310 1736 3383; x_wconf 87' lang='lat' dir='ltr'>superstes</span> <span class='ocrx_word' id='word_1_420' title='bbox 1764 3305 1808 3366; x_wconf 87' lang='lat' dir='ltr'>sit</span> <span class='ocrx_word' id='word_1_421' title='bbox 1830 3305 1932 3367; x_wconf 88' lang='lat' dir='ltr'>altero</span> <span class='ocrx_word' id='word_1_422' title='bbox 1955 3305 2119 3368; x_wconf 86' lang='lat' dir='ltr'>decedente</span> 
     </span>
     <span class='ocr_line' id='line_1_76' title="bbox 1413 3396 2119 3476; baseline 0.006 -18"><span class='ocrx_word' id='word_1_423' title='bbox 1413 3398 1459 3458; x_wconf 87' lang='lat' dir='ltr'>uel</span> <span class='ocrx_word' id='word_1_424' title='bbox 1482 3397 1578 3460; x_wconf 88' lang='lat' dir='ltr'>ctiam</span> <span class='ocrx_word' id='word_1_425' title='bbox 1601 3396 1836 3468; x_wconf 67' lang='lat' dir='ltr'>cessassemus·</span> <span class='ocrx_word' id='word_1_426' title='bbox 1859 3397 1958 3476; x_wconf 73' lang='lat' dir='ltr'>eligat</span> <span class='ocrx_word' id='word_1_427' title='bbox 1982 3399 2119 3462; x_wconf 84' lang='lat' dir='ltr'>Caudin-</span> 
     </span>
     <span class='ocr_line' id='line_1_77' title="bbox 1415 3491 2118 3568; baseline 0.004 -18"><span class='ocrx_word' id='word_1_428' title='bbox 1415 3498 1512 3550; x_wconf 90' lang='lat' dir='ltr'>torem</span> <span class='ocrx_word' id='word_1_429' title='bbox 1529 3505 1599 3552; x_wconf 88' lang='lat' dir='ltr'>cum</span> <span class='ocrx_word' id='word_1_430' title='bbox 1616 3493 1735 3568; x_wconf 75' lang='lat' dir='ltr'>[utura</span> <span class='ocrx_word' id='word_1_431' title='bbox 1751 3491 1947 3552; x_wconf 83' lang='lat' dir='ltr'>successione</span> <span class='ocrx_word' id='word_1_432' title='bbox 1962 3508 2064 3553; x_wconf 89' lang='lat' dir='ltr'>unum</span> <span class='ocrx_word' id='word_1_433' title='bbox 2079 3508 2118 3554; x_wconf 82' lang='lat' dir='ltr'>en</span> 
     </span>
     <span class='ocr_line' id='line_1_78' title="bbox 1413 3581 2119 3662; baseline 0.004 -20"><span class='ocrx_word' id='word_1_434' title='bbox 1413 3581 1607 3661; x_wconf 77' lang='lat' dir='ltr'>presbyteris</span> <span class='ocrx_word' id='word_1_435' title='bbox 1629 3585 1752 3661; x_wconf 85' lang='lat' dir='ltr'>proprii</span> <span class='ocrx_word' id='word_1_436' title='bbox 1772 3584 1968 3656; x_wconf 81' lang='lat' dir='ltr'>vicariatus,</span> <span class='ocrx_word' id='word_1_437' title='bbox 1989 3601 2119 3662; x_wconf 80' lang='lat' dir='ltr'>eumque</span> 
     </span>
     <span class='ocr_line' id='line_1_79' title="bbox 1412 3675 2119 3756; baseline 0.001 -21"><span class='ocrx_word' id='word_1_438' title='bbox 1412 3684 1576 3738; x_wconf 82' lang='lat' dir='ltr'>consueret</span> <span class='ocrx_word' id='word_1_439' title='bbox 1599 3676 1789 3754; x_wconf 82' lang='lat' dir='ltr'>Episcopum</span> <span class='ocrx_word' id='word_1_440' title='bbox 1810 3676 1928 3756; x_wconf 80' lang='lat' dir='ltr'>(titulo</span> <span class='ocrx_word' id='word_1_441' title='bbox 1942 3675 2119 3738; x_wconf 86' lang='lat' dir='ltr'>decedentis</span> 
     </span>
     <span class='ocr_line' id='line_1_80' title="bbox 1412 3765 2119 3848; baseline 0.004 -20"><span class='ocrx_word' id='word_1_442' title='bbox 1412 3766 1594 3848; x_wconf 82' lang='lat' dir='ltr'>assipnatc)</span> <span class='ocrx_word' id='word_1_443' title='bbox 1611 3767 1841 3832; x_wconf 83' lang='lat' dir='ltr'>assistentibus</span> <span class='ocrx_word' id='word_1_444' title='bbox 1857 3768 1980 3832; x_wconf 90' lang='lat' dir='ltr'>duobus</span> <span class='ocrx_word' id='word_1_445' title='bbox 1994 3765 2119 3846; x_wconf 78' lang='lat' dir='ltr'>presep-</span> 
     </span>
     <span class='ocr_line' id='line_1_81' title="bbox 1415 3860 2119 3938; baseline 0 -17"><span class='ocrx_word' id='word_1_446' title='bbox 1415 3860 1491 3921; x_wconf 87' lang='lat' dir='ltr'>teris</span> <span class='ocrx_word' id='word_1_447' title='bbox 1514 3862 1560 3922; x_wconf 89' lang='lat' dir='ltr'>cel</span> <span class='ocrx_word' id='word_1_448' title='bbox 1583 3862 1681 3925; x_wconf 88' lang='lat' dir='ltr'>etium</span> <span class='ocrx_word' id='word_1_449' title='bbox 1703 3863 1772 3922; x_wconf 88' lang='lat' dir='ltr'>siue</span> <span class='ocrx_word' id='word_1_450' title='bbox 1793 3861 1872 3938; x_wconf 89' lang='lat' dir='ltr'>ipsis</span> <span class='ocrx_word' id='word_1_451' title='bbox 1892 3863 1921 3922; x_wconf 89' lang='lat' dir='ltr'>si</span> <span class='ocrx_word' id='word_1_452' title='bbox 1945 3861 2060 3933; x_wconf 86' lang='lat' dir='ltr'>desint,</span> <span class='ocrx_word' id='word_1_453' title='bbox 2084 3877 2119 3922; x_wconf 86' lang='lat' dir='ltr'>re</span> 
     </span>
     <span class='ocr_line' id='line_1_82' title="bbox 1414 3953 2120 4035; baseline 0.001 -20"><span class='ocrx_word' id='word_1_454' title='bbox 1414 3962 1519 4017; x_wconf 88' lang='lat' dir='ltr'>tamen</span> <span class='ocrx_word' id='word_1_455' title='bbox 1552 3955 1787 4035; x_wconf 77' lang='lat' dir='ltr'>quamprimum</span> <span class='ocrx_word' id='word_1_456' title='bbox 1823 3955 1854 4018; x_wconf 89' lang='lat' dir='ltr'>S.</span> <span class='ocrx_word' id='word_1_457' title='bbox 1891 3953 1964 4018; x_wconf 82' lang='lat' dir='ltr'>sedi</span> <span class='ocrx_word' id='word_1_458' title='bbox 1997 3955 2120 4016; x_wconf 88' lang='lat' dir='ltr'>denun-</span> 
     </span>
     <span class='ocr_line' id='line_1_83' title="bbox 1417 4046 1611 4131; baseline -0.005 -20"><span class='ocrx_word' id='word_1_459' title='bbox 1417 4051 1534 4114; x_wconf 89' lang='lat' dir='ltr'>cianda</span> <span class='ocrx_word' id='word_1_460' title='bbox 1554 4046 1611 4131; x_wconf 89' lang='lat' dir='ltr'>(l).</span> 
     </span>
    </p>
   </div>
   <div class='ocr_carea' id='block_1_22' title="bbox 1373 4231 2119 5065">
    <p class='ocr_par' dir='ltr' id='par_1_25' title="bbox 1373 4231 2119 5065">
     <span class='ocr_line' id='line_1_84' title="bbox 1373 4231 2116 4310; baseline -0.012 -3"><span class='ocrx_word' id='word_1_461' title='bbox 1373 4239 1599 4310; x_wconf 80' lang='lat' dir='ltr'>venerantibus</span> <span class='ocrx_word' id='word_1_462' title='bbox 1627 4237 1774 4303; x_wconf 83' lang='lat' dir='ltr'>tratribus</span> <span class='ocrx_word' id='word_1_463' title='bbox 1808 4233 1915 4301; x_wconf 87' lang='lat' dir='ltr'>lsccbo</span> <span class='ocrx_word' id='word_1_464' title='bbox 1942 4231 2116 4300; x_wconf 84' lang='lat' dir='ltr'>Beniaminc</span> 
     </span>
     <span class='ocr_line' id='line_1_85' title="bbox 1414 4325 2118 4417; baseline -0.01 -17"><span class='ocrx_word' id='word_1_465' title='bbox 1414 4335 1535 4417; x_wconf 80' lang='lat' dir='ltr'>tccpcr</span> <span class='ocrx_word' id='word_1_466' title='bbox 1558 4332 1709 4414; x_wconf 89' lang='lat' dir='ltr'>Eplscopo</span> <span class='ocrx_word' id='word_1_467' title='bbox 1732 4328 1886 4396; x_wconf 76' lang='lat' dir='ltr'>(ludicen.</span> <span class='ocrx_word' id='word_1_468' title='bbox 1907 4325 2026 4394; x_wconf 78' lang='lat' dir='ltr'>licerio</span> <span class='ocrx_word' id='word_1_469' title='bbox 2041 4328 2118 4410; x_wconf 76' lang='lat' dir='ltr'>dpa-</span> 
     </span>
     <span class='ocr_line' id='line_1_86' title="bbox 1413 4418 2117 4495; baseline -0.013 0"><span class='ocrx_word' id='word_1_470' title='bbox 1413 4427 1523 4495; x_wconf 85' lang='lat' dir='ltr'>stollcc</span> <span class='ocrx_word' id='word_1_471' title='bbox 1545 4427 1573 4493; x_wconf 86' lang='lat' dir='ltr'>iu</span> <span class='ocrx_word' id='word_1_472' title='bbox 1596 4420 1731 4491; x_wconf 76' lang='lat' dir='ltr'>lantino</span> <span class='ocrx_word' id='word_1_473' title='bbox 1753 4420 1939 4488; x_wconf 83' lang='lat' dir='ltr'>occtdentett</span> <span class='ocrx_word' id='word_1_474' title='bbox 1955 4425 1987 4487; x_wconf 87' lang='lat' dir='ltr'>et</span> <span class='ocrx_word' id='word_1_475' title='bbox 2009 4418 2117 4487; x_wconf 81' lang='lat' dir='ltr'>carolo</span> 
     </span>
     <span class='ocr_line' id='line_1_87' title="bbox 1413 4511 2119 4600; baseline -0.008 -14"><span class='ocrx_word' id='word_1_476' title='bbox 1413 4521 1559 4588; x_wconf 79' lang='lat' dir='ltr'>tenetls</span> <span class='ocrx_word' id='word_1_477' title='bbox 1583 4517 1735 4600; x_wconf 79' lang='lat' dir='ltr'>Episcopo</span> <span class='ocrx_word' id='word_1_478' title='bbox 1757 4514 1928 4582; x_wconf 79' lang='lat' dir='ltr'>castorien-</span> <span class='ocrx_word' id='word_1_479' title='bbox 1947 4530 2004 4581; x_wconf 88' lang='lat' dir='ltr'>suc</span> <span class='ocrx_word' id='word_1_480' title='bbox 2027 4516 2054 4580; x_wconf 90' lang='lat' dir='ltr'>in</span> <span class='ocrx_word' id='word_1_481' title='bbox 2070 4511 2119 4580; x_wconf 88' lang='lat' dir='ltr'>lli·</span> 
     </span>
     <span class='ocr_line' id='line_1_88' title="bbox 1413 4605 2117 4695; baseline -0.014 -14"><span class='ocrx_word' id='word_1_482' title='bbox 1413 4615 1529 4682; x_wconf 83' lang='lat' dir='ltr'>ceristu</span> <span class='ocrx_word' id='word_1_483' title='bbox 1553 4611 1727 4695; x_wconf 75' lang='lat' dir='ltr'>apostolico</span> <span class='ocrx_word' id='word_1_484' title='bbox 1750 4608 1914 4676; x_wconf 79' lang='lat' dir='ltr'>huiusmodi</span> <span class='ocrx_word' id='word_1_485' title='bbox 1936 4605 2117 4685; x_wconf 75' lang='lat' dir='ltr'>condicioni,</span> 
     </span>
     <span class='ocr_line' id='line_1_89' title="bbox 1413 4697 2118 4788; baseline -0.014 -14"><span class='ocrx_word' id='word_1_486' title='bbox 1413 4723 1531 4774; x_wconf 89' lang='lat' dir='ltr'>necnon</span> <span class='ocrx_word' id='word_1_487' title='bbox 1545 4697 1637 4771; x_wconf 73' lang='lat' dir='ltr'>Petro</span> <span class='ocrx_word' id='word_1_488' title='bbox 1654 4702 1782 4788; x_wconf 85' lang='lat' dir='ltr'>lossplto</span> <span class='ocrx_word' id='word_1_489' title='bbox 1797 4699 1950 4785; x_wconf 83' lang='lat' dir='ltr'>Plpnsaux</span> <span class='ocrx_word' id='word_1_490' title='bbox 1967 4698 2118 4783; x_wconf 79' lang='lat' dir='ltr'>Episcopo</span> 
     </span>
     <span class='ocr_line' id='line_1_90' title="bbox 1413 4791 2116 4878; baseline -0.013 -11"><span class='ocrx_word' id='word_1_491' title='bbox 1413 4800 1561 4868; x_wconf 76' lang='lat' dir='ltr'>ddransn.</span> <span class='ocrx_word' id='word_1_492' title='bbox 1586 4796 1706 4866; x_wconf 78' lang='lat' dir='ltr'>licerio</span> <span class='ocrx_word' id='word_1_493' title='bbox 1728 4793 1902 4878; x_wconf 81' lang='lat' dir='ltr'>spostolus</span> <span class='ocrx_word' id='word_1_494' title='bbox 1924 4791 2116 4870; x_wconf 82' lang='lat' dir='ltr'>cestrense,</span> 
     </span>
     <span class='ocr_line' id='line_1_91' title="bbox 1412 4885 2116 4971; baseline -0.013 -11"><span class='ocrx_word' id='word_1_495' title='bbox 1412 4899 1444 4960; x_wconf 85' lang='lat' dir='ltr'>et</span> <span class='ocrx_word' id='word_1_496' title='bbox 1463 4893 1563 4961; x_wconf 85' lang='lat' dir='ltr'>locuni</span> <span class='ocrx_word' id='word_1_497' title='bbox 1583 4891 1757 4959; x_wconf 78' lang='lat' dir='ltr'>iubenette</span> <span class='ocrx_word' id='word_1_498' title='bbox 1775 4887 1923 4971; x_wconf 80' lang='lat' dir='ltr'>Episcopo</span> <span class='ocrx_word' id='word_1_499' title='bbox 1939 4885 2048 4953; x_wconf 76' lang='lat' dir='ltr'>lesen.</span> <span class='ocrx_word' id='word_1_500' title='bbox 2060 4902 2116 4952; x_wconf 91' lang='lat' dir='ltr'>suo</span> 
     </span>
     <span class='ocr_line' id='line_1_92' title="bbox 1413 4976 2118 5065; baseline -0.011 -13"><span class='ocrx_word' id='word_1_501' title='bbox 1413 4987 1440 5052; x_wconf 89' lang='lat' dir='ltr'>in</span> <span class='ocrx_word' id='word_1_502' title='bbox 1463 4985 1617 5053; x_wconf 84' lang='lat' dir='ltr'>llicsristu</span> <span class='ocrx_word' id='word_1_503' title='bbox 1640 4980 1819 5065; x_wconf 73' lang='lat' dir='ltr'>apostolico</span> <span class='ocrx_word' id='word_1_504' title='bbox 1842 4979 2005 5047; x_wconf 79' lang='lat' dir='ltr'>huiusmodi</span> <span class='ocrx_word' id='word_1_505' title='bbox 2023 4976 2118 5045; x_wconf 80' lang='lat' dir='ltr'>Gnad-</span> 
     </span>
    </p>
   </div>
   <div class='ocr_carea' id='block_1_23' title="bbox 1413 5081 1865 5276">
    <p class='ocr_par' dir='ltr' id='par_1_26' title="bbox 1413 5081 1865 5276">
     <span class='ocr_line' id='line_1_93' title="bbox 1413 5081 1646 5188; baseline 0 -43"><span class='ocrx_word' id='word_1_506' title='bbox 1413 5081 1508 5158; x_wconf 87' lang='lat' dir='ltr'>iutcri,</span> <span class='ocrx_word' id='word_1_507' title='bbox 1643 5181 1646 5188; x_wconf 89' lang='lat'>.</span> 
     </span>
     <span class='ocr_line' id='line_1_94' title="bbox 1625 5206 1865 5276; baseline -0.029 0"><span class='ocrx_word' id='word_1_508' title='bbox 1625 5208 1712 5276; x_wconf 74' lang='lat' dir='ltr'>stus</span> <span class='ocrx_word' id='word_1_509' title='bbox 1735 5206 1794 5276; x_wconf 87' lang='grc' dir='ltr'>ΡΡ.</span> <span class='ocrx_word' id='word_1_510' title='bbox 1819 5206 1865 5272; x_wconf 87' lang='lat' dir='ltr'>lll.</span> 
     </span>
    </p>
   </div>
   <div class='ocr_carea' id='block_1_24' title="bbox 1405 5357 2081 5536">
    <p class='ocr_par' dir='ltr' id='par_1_27' title="bbox 1405 5357 2081 5536">
     <span class='ocr_line' id='line_1_95' title="bbox 1571 5357 1917 5436; baseline 0.006 -13"><span class='ocrx_word' id='word_1_511' title='bbox 1571 5357 1769 5426; x_wconf 79' lang='lat' dir='ltr'>reserantes</span> <span class='ocrx_word' id='word_1_512' title='bbox 1791 5358 1917 5436; x_wconf 80' lang='lat' dir='ltr'>tratres,</span> 
     </span>
     <span class='ocr_line' id='line_1_96' title="bbox 1405 5450 2081 5536; baseline -0.013 -15"><span class='ocrx_word' id='word_1_513' title='bbox 1405 5455 1534 5523; x_wconf 85' lang='lat' dir='ltr'>salutern</span> <span class='ocrx_word' id='word_1_514' title='bbox 1557 5459 1589 5520; x_wconf 88' lang='lat' dir='ltr'>et</span> <span class='ocrx_word' id='word_1_515' title='bbox 1610 5452 1806 5536; x_wconf 83' lang='lat' dir='ltr'>apostolicsn</span> <span class='ocrx_word' id='word_1_516' title='bbox 1833 5450 2081 5518; x_wconf 86' lang='lat' dir='ltr'>benedictionem.</span> 
     </span>
    </p>
   </div>
   <div class='ocr_carea' id='block_1_25' title="bbox 1372 5620 2119 5813">
    <p class='ocr_par' dir='ltr' id='par_1_28' title="bbox 1372 5620 2119 5813">
     <span class='ocr_line' id='line_1_97' title="bbox 1413 5620 2119 5722; baseline -0.008 -16"><span class='ocrx_word' id='word_1_517' title='bbox 1413 5647 1433 5720; x_wconf 68' lang='grc' dir='ltr'><strong>ἓ</strong></span> <span class='ocrx_word' id='word_1_518' title='bbox 1456 5620 1487 5706; x_wconf 60' lang='lat' dir='ltr'>l}</span> <span class='ocrx_word' id='word_1_519' title='bbox 1507 5644 1610 5720; x_wconf 86' lang='lat' dir='ltr'>Exigit</span> <span class='ocrx_word' id='word_1_520' title='bbox 1640 5642 1799 5722; x_wconf 89' lang='lat' dir='ltr'>pastoralis</span> <span class='ocrx_word' id='word_1_521' title='bbox 1831 5639 2011 5715; x_wconf 90' lang='lat' dir='ltr'>solicitudo,</span> <span class='ocrx_word' id='word_1_522' title='bbox 2031 5655 2119 5719; x_wconf 77' lang='lat' dir='ltr'>onae</span> 
     </span>
     <span class='ocr_line' id='line_1_98' title="bbox 1372 5730 2118 5813; baseline -0.008 -14"><span class='ocrx_word' id='word_1_523' title='bbox 1372 5737 1470 5800; x_wconf 89' lang='lat' dir='ltr'>nullis</span> <span class='ocrx_word' id='word_1_524' title='bbox 1483 5737 1595 5799; x_wconf 90' lang='lat' dir='ltr'>nostris</span> <span class='ocrx_word' id='word_1_525' title='bbox 1610 5736 1850 5813; x_wconf 88' lang='lat' dir='ltr'>suilragantibus</span> <span class='ocrx_word' id='word_1_526' title='bbox 1864 5733 1996 5810; x_wconf 89' lang='lat' dir='ltr'>meritis,</span> <span class='ocrx_word' id='word_1_527' title='bbox 2014 5730 2065 5794; x_wconf 89' lang='lat' dir='ltr'>sed</span> <span class='ocrx_word' id='word_1_528' title='bbox 2079 5748 2118 5793; x_wconf 93' lang='lat' dir='ltr'>ex</span> 
     </span>
    </p>
   </div>
   <div class='ocr_carea' id='block_1_26' title="bbox 0 0 2380 6980">
    <p class='ocr_par' dir='ltr' id='par_1_29' title="bbox 0 0 2380 6980">
     <span class='ocr_line' id='line_1_99' title="bbox 0 0 2380 6980; baseline 0 0"><span class='ocrx_word' id='word_1_529' title='bbox 0 0 2380 6980; x_wconf 95' lang='lat' dir='ltr'> </span> 
     </span>
    </p>
   </div>
  </div>
 </body>
</html>
