4808 6988
58 1479 170 1526 tractio
190 1481 268 1539 patri-

36 1532 180 1580 archatus.

65 3342 171 3388 11166116
188 3342 270 3389 Patri·

42 3397 155 3442 archae.

951 591 1008 648 1116
1030 595 1079 648 ab.
1105 595 1164 652 ttrl.

285 722 359 784 vino
379 719 509 786 consilio
532 739 566 786 se
586 731 761 806 opportune
791 721 882 784 ollert
902 721 1028 794 occasio,

284 817 482 880 statuendum
505 835 571 882 esse
589 819 770 881 auctoritate
791 825 897 878 nostra
912 823 1032 894 aposto-

286 908 352 984 lica,
368 912 433 972 sive
449 913 679 974 restituendum
701 911 817 973 iustum
840 909 1030 986 legitimum·

286 1020 346 1084 que
368 1005 502 1082 coptum
524 1005 777 1082 patriarchatum,
794 1003 844 1066 cui
860 1018 967 1064 omncs
982 1017 1031 1080 pa-

286 1114 355 1160 rcre
384 1099 528 1174 debeant,
554 1099 607 1176 qui
638 1104 691 1160 aut
722 1097 837 1157 vicario
867 1093 1031 1172 apostolico

286 1192 468 1270 Goplorum,
491 1197 544 1253 aut
565 1191 627 1252 illis
647 1189 902 1264 subiiciebantur,
925 1187 977 1265 qui
999 1201 1032 1248 se

286 1284 426 1362 quamvis
457 1299 620 1362 perperam
642 1284 813 1362 Coptorum
844 1281 1032 1343 patriarchas

287 1376 511 1439 alexandrinos
532 1377 682 1439 dicebant.

327 1471 345 1544 5
366 1469 394 1530 5.
418 1470 502 1533 llanc
524 1469 751 1532 venerabilium
766 1468 897 1532 lratrum
912 1476 1033 1530 nostro-

286 1578 358 1626 rum
374 1570 560 1624 memoratae
574 1562 831 1640 congregationis
844 1561 1032 1624 sententiam

286 1672 342 1718 nos
353 1656 559 1718 vehementer
569 1656 777 1734 probavimus.
794 1657 901 1733 ltaque
915 1671 952 1716 cx
968 1670 1033 1716 cer-

285 1757 316 1812 ta
336 1749 464 1812 scientia
486 1765 518 1811 ac
541 1758 660 1813 matura
681 1748 906 1812 deliberatione
920 1747 1033 1810 nostris

286 1851 317 1905 et
332 1845 369 1904 de
384 1841 579 1921 plenitudine
590 1842 771 1920 apostolicae
782 1842 953 1919 potcstatis,
964 1839 1033 1903 sub·

286 1937 359 2010 lato,
381 1945 535 2014 qnatenus
557 1951 633 2014 opus
654 1937 705 2010 sit,
729 1935 827 2014 Copto
845 1932 1033 2014 patriachatu

286 2027 496 2091 Alexandrino
518 2029 570 2106 qui
594 2027 632 2090 ι16
652 2027 731 2092 lacto
758 2034 878 2090 tantum
900 2026 1033 2099 extabat,

286 2121 526 2200 patriarchatum
556 2121 690 2199 Coptum
720 2120 966 2184 Alexandrinum
987 2135 1035 2179 ca·

286 2215 435 2278 tholicum
448 2216 614 2277 statuimus
626 2216 675 2276 vel
687 2215 892 2287 restituimus,
904 2212 954 2275 cui
970 2226 1033 2272 om·

287 2323 342 2370 nes
363 2308 416 2386 qui
439 2307 471 2368 in
491 2309 632 2386 Aegypto
652 2315 728 2369 sunt
741 2307 830 2385 Copti
851 2304 959 2368 subiici
981 2302 1033 2364 de-

287 2402 389 2477 beant,
413 2415 585 2480 omnesque
599 2409 755 2478 practerea
767 2416 874 2463 earum
890 2396 1032 2475 gentium

287 2493 431 2556 homines
459 2493 588 2572 inques
614 2493 802 2572 patriarchae
830 2492 976 2554 haeretici
998 2490 1033 2552 ad

287 2603 361 2649 eum
373 2588 537 2666 usquequi
549 2601 648 2665 nuper
659 2594 835 2649 extremum
850 2587 930 2648 diem
944 2581 1032 2656 obiit,

288 2681 505 2743 auctoritatem
526 2695 673 2742 exercere
694 2679 930 2742 contendebant.
957 2675 1034 2737 Huic

287 2781 392 2837 autern
407 2773 626 2852 patriarchatui
641 2773 738 2850 Copto
752 2770 913 2845 catholico,
928 2769 1032 2848 elque,

288 2869 342 2947 qni
364 2869 453 2930 illum
475 2867 639 2942 obtinebit,
656 2881 764 2928 omnes
779 2866 923 2938 honores,
940 2861 1034 2941 privi-

288 2962 381 3038 legia,
411 2961 649 3039 praerogativas,
677 2957 817 3034 nomina,
848 2971 1035 3034 omnemque

289 3060 473 3132 potestatem
502 3053 681 3128 tribuimus,
704 3068 782 3131 quae
803 3051 852 3112 rel
874 3048 966 3112 sacris
988 3065 1035 3110 ca·

289 3145 422 3209 nonibus
432 3145 593 3221 innititur,
605 3144 655 3206 rel
666 3143 896 3218 consuetudini,
910 3141 959 3204 cui
970 3157 1033 3203 non

288 3240 504 3304 irrationabilia
526 3247 685 3322 momenta
706 3237 929 3314 sullragentur.

328 3340 347 3413 §
368 3335 397 3397 d.
423 3334 539 3397 Verum
560 3332 632 3394 satis
644 3349 706 3395 nou
728 3341 774 3394 est
789 3334 824 3394 ad
846 3331 875 3392 id
892 3331 1034 3394 obtinen-

288 3432 479 3509 dum,quod,
489 3431 694 3508 patriarchatu
705 3431 762 3492 hoc
773 3430 952 3503 constitute,
961 3442 1034 3486 con·

288 3525 413 3586 fidimus
434 3523 654 3602 impetraturos
677 3523 912 3602 patriarchalem
933 3521 1033 3596 digni·

290 3630 384 3685 tatem
405 3629 554 3698 statuere,
570 3623 629 3686 nisi
652 3624 704 3686 ille
719 3623 810 3686 etiam
828 3625 961 3702 eligatur
980 3626 1034 3703 qui

288 3717 429 3779 eamdem
440 3732 548 3794 gerere
559 3716 676 3778 debeat.
692 3718 839 3795 Quamvis
850 3725 954 3781 autem
967 3733 1034 3780 mos

289 3812 460 3889 Goplorum
481 3812 532 3886 sit,
556 3820 591 3873 ut
606 3813 785 3890 praecipuae
798 3813 1031 3891 Episcoporum,

288 3905 341 3983 qui
354 3903 543 3967 Patriarchae
557 3905 778 3981 subiiciuntur,
792 3907 824 3969 ln
838 3921 876 3969 eo
888 3907 1033 3984 eligendo

289 4006 389 4076 partes
409 3999 484 4076 sint,
500 3998 619 4074 nullam
634 4008 740 4062 tamen
754 4015 865 4061 eorum
880 4001 1033 4061 rationem

280 4093 394 4155 haberi
414 4092 473 4154 hoc
495 4100 634 4172 tempore
649 4108 737 4172 posse
752 4094 925 4156 iudicarunt
940 4109 1033 4155 vene·

289 4185 399 4248 nabiles
419 4185 530 4248 iratres
552 4186 582 4250 S.
608 4188 643 4248 ll.
667 4187 702 4249 E.
721 4187 899 4250 cardinales
913 4188 1032 4250 dePro-

288 4275 425 4358 paganda
445 4277 532 4354 Fide,
548 4295 623 4357 quos
645 4281 738 4341 etiam
755 4282 809 4342 hac
822 4279 861 4342 de
876 4298 910 4341 re
924 4298 1032 4343 consu-

288 4371 417 4433 luimus.
429 4371 506 4433 Nam
528 4371 553 4434 si
576 4389 647 4435 cum
670 4374 842 4452 excipimus
857 4374 910 4452 qui
933 4391 1034 4455 nuper

289 4481 304 4524 a
325 4465 414 4526 nobis
436 4464 551 4527 electus
573 4473 604 4527 61
624 4476 821 4529 consecratus
842 4476 888 4529 est
909 4469 1034 4530 Archio-

288 4558 429 4636 piscopus
442 4555 692 4635 Memphetensis,
707 4560 817 4622 caeteri
840 4575 948 4624 omnes
964 4561 1034 4641 Epi-

288 4652 371 4730 scopi
394 4651 481 4730 (lopti
504 4660 570 4713 tum
593 4653 710 4714 haeresi
737 4661 803 4714 tum
819 4655 983 4718 schismate
997 4657 1035 4718 ab

288 4760 323 4806 ea
344 4745 416 4808 sede
429 4744 636 4820 divelluntur,
652 4744 736 4806 unde
751 4747 852 4808 omnis
866 4748 967 4810 oritur
982 4764 1034 4827 po·

289 4844 381 4900 testas
394 4837 598 4900 sacerdotalis.
615 4837 721 4916 ltaque
736 4839 822 4902 nullo
834 4840 968 4917 eligendi
985 4858 1034 4920 pa·

289 4931 440 4993 triarchas
461 4931 528 4993 iure
543 4932 716 5009 potiuntur.
733 4931 827 4994 Nobis
843 4933 983 5012 proinde,
1000 4946 1035 4998 ut

288 5024 380 5102 plena
401 5040 459 5103 qua
482 5040 538 5086 nos
560 5025 700 5087 Christus
721 5025 846 5088 donavit
871 5027 1035 5107 Episcopos

288 5119 405 5198 ubique
427 5117 565 5182 locorum
581 5120 791 5181 constituendi
806 5129 956 5197 potestate
968 5129 1034 5184 ute·

289 5227 408 5287 remur,
430 5212 670 5288 consuluerunt,
686 5219 789 5291 atquc,
806 5222 899 5293 prout
913 5216 950 5278 ab
965 5217 1034 5293 ipsis

289 5305 382 5367 ctiam
394 5304 672 5384 postulaveramus,
684 5311 854 5384 spectatum
867 5309 972 5370 virum
988 5309 1034 5370 in·

289 5399 442 5470 dicarunt,
458 5415 553 5477 quem
568 5399 685 5476 eligere
702 5399 734 5460 in
750 5401 953 5479 patriarcham
968 5417 1035 5479 pos-

288 5491 797 5570 semusdilsctumnenpefilion
809 5493 978 5557 Maximum
988 5495 1036 5558 Gl-

288 5585 357 5646 vald
380 5586 571 5646 sacerdotem
591 5586 725 5664 Goptum
740 5601 867 5664 genere,
884 5588 1034 5651 vicarium

288 5677 458 5756 Coptorum
480 5676 695 5756 apostolicum,
711 5680 766 5759 qui
785 5696 888 5760 nuper
909 5698 924 5742 a
947 5680 1035 5743 nobis

289 5769 449 5832 Utinensis
471 5770 638 5851 Episcopus
652 5771 686 5833 in
701 5773 838 5854 partibus
860 5773 1034 5837 infidelium

289 5863 490 5927 renunciatus
519 5871 577 5940 est,
604 5871 635 5928 et
665 5873 768 5929 tamen
796 5866 1035 5931 consecrationis

290 5973 406 6022 munus
427 5960 567 6023 nondum
586 5961 729 6040 suscepit.

1754 579 1810 654 bltl
1863 588 1917 647 Αιι.
1932 594 1962 650 0.
1984 585 2053 649 teat

1127 723 1194 798 §7-
1219 725 1266 786 Ex
1287 739 1395 788 eorum
1418 725 1515 804 igitur
1536 707 1676 804 consilio,
1699 729 1831 792 auctori·
1878 742 2011 791 concessio
2027 743 2064 790 to·

1088 823 1151 879 tate
1170 819 1393 897 omnipotentis
1415 820 1468 882 1161
1491 830 1521 883 61
1544 821 1729 884 Sanctorum
1751 824 1831 902 hpo·
1849 795 2064 910 alffifflw

1086 909 1238 974 stolorum
1260 912 1341 973 Petri
1363 921 1393 974 61
1408 913 1493 976 Pauli
1514 930 1547 976 ac
1569 921 1672 976 nostra
1686 914 1831 990 eligimus

1088 1009 1118 1063 61
1139 1018 1281 1066 creamus
1303 1004 1505 1067 Patriarcham
1521 1006 1705 1069 catholicum
1722 1009 1832 1086 Copto-

1088 1111 1159 1157 rum
1190 1103 1397 1184 memoratum
1425 1098 1592 1160 Maximum
1624 1100 1731 1163 Givald
1760 1119 1831 1164 cum

1088 1189 1232 1250 omnibus
1253 1189 1433 1264 honoribus,
1452 1190 1582 1268 iuribus,
1600 1196 1830 1270 praerogativis

1089 1281 1234 1343 oneribus
1254 1283 1471 1361 patriarchatui
1499 1285 1556 1363 ipsi
1583 1287 1831 1364 inhaerentibus

1089 1389 1160 1434 eum
1173 1373 1368 1438 absolventes
1379 1378 1414 1439 ad
1427 1377 1573 1441 ellectum
1591 1387 1711 1442 tantum
1723 1382 1760 1442 de
1772 1397 1833 1460 quo

1089 1466 1192 1542 agitur
1204 1469 1457 1546 consequendum
1473 1471 1509 1532 ab
1524 1473 1608 1533 omni
1627 1490 1756 1537 censura
1771 1483 1833 1536 tarn

1088 1574 1104 1618 a
1126 1559 1194 1620 iure
1221 1575 1314 1637 quaxn
1340 1562 1378 1624 ab
1406 1563 1532 1626 homine
1554 1564 1656 1628 lorsan
1687 1567 1779 1643 illata,
1802 1575 1833 1628 et

1089 1652 1126 1713 ab
1147 1653 1232 1714 omni
1253 1653 1481 1730 irregularitate
1501 1656 1724 1737 dispensantes,
1746 1675 1835 1723 eum·

1089 1760 1151 1818 que
1171 1746 1339 1823 solventes,
1363 1761 1516 1827 qnatenus
1537 1767 1614 1830 opus
1628 1754 1679 1828 sit,
1695 1755 1732 1817 ab
1746 1755 1833 1817 omni

1090 1838 1217 1900 vinculo
1238 1843 1318 1919 quod
1344 1858 1417 1904 cunt
1442 1843 1568 1906 ecclesia
1598 1847 1741 1909 Utinensi
1762 1865 1833 1911 con·

1091 1938 1235 2010 traxerat,
1251 1935 1286 1996 ad
1302 1951 1394 2014 quam
1415 1936 1532 2000 clectus
1553 1939 1665 2016 luerat,
1681 1949 1712 2003 61
1727 1941 1761 2002 ad
1784 1957 1835 2020 pa-

1090 2025 1583 2107 triarchatumpraememoratum
1600 2033 1832 2097 transiet-entes.

1130 2122 1149 2196 ἓ
1170 2118 1200 2180 8.
1222 2119 1371 2184 Volumus
1393 2124 1520 2204 insuper
1543 2138 1577 2188 ut
1598 2127 1672 2206 ipse,
1685 2129 1832 2207 quoniam
1866 2146 1919 2206 ,na
1936 2153 2066 2208 consacra-

1091 2214 1239 2276 hacteuus
1259 2224 1454 2278 consecratus
1469 2234 1530 2280 non
1547 2218 1615 2295 luit,
1635 2223 1835 2284 consecratio·
1852 2200 1924 2266 ‘¹9⁰⁰
1938 2196 2021 2244 Μ’

1091 2305 1138 2367 nis
1160 2321 1275 2369 munus
1295 2309 1439 2387 suscipiat
1454 2310 1491 2372 ab
1506 2311 1653 2391 Episcopo
1667 2315 1770 2392 aliquo
1784 2317 1834 2379 vel

1091 2399 1338 2479 Archiepiscopo,
1362 2403 1415 2480 qui
1442 2409 1664 2469 communione
1686 2415 1717 2469 et
1738 2410 1834 2484 gratia

1091 2493 1218 2556 Sanctae
1239 2495 1332 2556 huius
1354 2495 1438 2558 Sedis
1453 2498 1643 2575 Apostollcae
1657 2500 1791 2577 truatur,
1804 2512 1835 2564 61

1090 2587 1217 2665 quidem
1238 2588 1301 2649 ritu
1324 2591 1431 2666 Copto,
1454 2592 1507 2668 qui
1530 2595 1632 2654 omnis
1661 2600 1763 2658 hmen
1784 2613 1834 2660 su·

1089 2680 1280 2759 perstitionis
1295 2697 1406 2760 expers
1420 2685 1471 2758 sit,
1487 2685 1695 2764 dispensantes
1709 2704 1784 2751 enm
1799 2690 1836 2751 ab

1090 2773 1147 2835 hoc
1169 2780 1275 2834 nostro
1290 2776 1367 2838 ritus
1380 2777 1467 2854 Copti
1489 2777 1654 2842 adhibendi
1675 2792 1835 2861 praecepto

1090 2881 1126 2926 eo
1148 2872 1270 2928 tantum
1292 2884 1448 2947 casuque
1469 2872 1576 2948 perfici
1597 2873 1627 2936 id
1643 2890 1706 2936 non
1728 2879 1834 2954 possit,

1091 2958 1254 3038 eidemque
1278 2972 1350 3023 tunc
1372 2964 1587 3038 permittentes
1610 2974 1644 3029 ut
1666 2968 1727 3029 ritu
1741 2969 1835 3031 latino

1090 3059 1297 3114 consecretur.
1323 3053 1475 3118 Volumus
1496 3058 1612 3136 paritor
1628 3067 1663 3120 ut
1677 3061 1756 3122 iutra
1774 3069 1835 3124 tres

1091 3161 1213 3208 menses
1227 3147 1265 3209 ab
1279 3163 1314 3208 eo
1331 3155 1469 3228 tempore
1483 3150 1682 3230 inchoandos,
1699 3171 1760 3232 quo
1776 3156 1836 3235 pri·

1091 3257 1179 3304 mum
1194 3240 1409 3304 authenticum
1426 3246 1580 3307 nuncium
1595 3244 1632 3307 de
1647 3264 1700 3309 sna
1712 3247 1836 3310 electio-

1091 3351 1131 3397 ne
1145 3335 1307 3412 acceperit,
1320 3338 1582 3400 consecrationem
1599 3341 1737 3420 recipiat,
1753 3346 1836 3421 quod

1090 3429 1173 3491 sico
1205 3429 1352 3507 temporis
1383 3432 1480 3508 spatio
1511 3433 1617 3511 perlici
1647 3437 1836 3499 consecratio

1090 3538 1165 3584 vere
1186 3538 1250 3583 non
1265 3530 1377 3600 posset,
1393 3525 1428 3586 ad
1444 3524 1518 3586 alios
1542 3533 1602 3588 tres
1617 3543 1739 3591 menses
1753 3529 1837 3592 idem

1092 3625 1213 3695 tempos
1237 3631 1452 3695 prorogamus,
1474 3617 1629 3696 iubentes,
1653 3629 1687 3683 ut
1718 3623 1836 3686 diutius

1089 3711 1278 3773 consecratio
1290 3725 1352 3772 nou
1365 3710 1534 3773 dilleratur.
1544 3712 1757 3778 Permittimus
1771 3727 1836 3779 tan·

1090 3803 1160 3866 dem
1172 3809 1202 3866 et
1214 3809 1387 3883 opportune
1398 3803 1622 3882 dispensamus,
1637 3817 1670 3870 ut
1682 3809 1748 3871 eius
1762 3827 1834 3872 cou-

1089 3897 1252 3959 secrationi
1267 3895 1385 3973 possint
1399 3898 1555 3975 cooperari
1570 3898 1631 3962 duo
1645 3893 1835 3980 praesbyteri

1089 3990 1155 4053 loco
1176 3990 1312 4053 duorum
1339 3990 1573 4070 Episcoporom,
1597 3994 1709 4072 quiex
1735 4000 1834 4060 veteri

1090 4095 1121 4147 et
1142 4084 1302 4148 communi
1328 4085 1555 4148 consuetudine
1582 4088 1723 4151 assistere
1744 4090 1837 4155 debe-

1089 4187 1171 4242 rent.

1129 4273 1199 4349 59.
1224 4274 1389 4354 Speremus
1409 4275 1487 4352 lore,
1504 4284 1539 4338 ut
1560 4292 1615 4355 per
1635 4278 1745 4340 merita
1768 4279 1836 4342 lesu
1867 4290 2025 4346 nopracauo.

1092 4369 1206 4432 Christi
1228 4367 1284 4429 filii
1305 4368 1353 4430 sui
1374 4369 1455 4431 Deus
1482 4369 1766 4434 misericordiarum
1787 4389 1836 4452 pa·

1092 4470 1138 4524 ter
1159 4460 1207 4524 his
1231 4477 1308 4540 quae
1330 4478 1345 4520 a
1368 4461 1456 4523 nobis
1478 4462 1561 4524 hisce
1581 4462 1614 4524 ln
1645 4463 1742 4526 literis
1764 4483 1835 4529 con·

1090 4556 1197 4617 6111616
1219 4563 1291 4617 sunt
1312 4555 1537 4632 omnipotentia
1558 4565 1590 4618 et
1605 4559 1700 4632 gratia
1721 4575 1774 4621 sua
1795 4559 1835 4622 la-

1092 4655 1172 4723 vcat,
1195 4655 1286 4726 atque
1306 4648 1377 4712 inde
1399 4647 1548 4710 uberrimi
1571 4649 1615 4711 illi
1637 4649 1757 4713 lructus
1772 4656 1836 4715 exi-

1090 4750 1173 4804 stant
1194 4759 1270 4820 quos
1296 4741 1329 4803 iu
1352 4741 1445 4804 huius
1470 4744 1691 4820 patriarchatus
1712 4746 1837 4809 institu-

1093 4839 1176 4899 tione
1190 4853 1244 4898 seu
1260 4837 1457 4899 restitutione
1479 4838 1567 4900 nobis
1586 4843 1812 4920 proposuimus.

1131 4931 1150 5006 ἓ
1175 4929 1219 4992 ld.
1244 4928 1423 4991 Praesentes
1437 4937 1540 4992 autem
1559 4931 1673 5009 literas,
1695 4940 1788 5013 atque
1803 4937 1835 4999 in
1876 4944 2012 4992 clausurae
2030 4955 2068 4991 sa-

1091 5023 1136 5085 eis
1156 5027 1302 5085 contenta
1322 5029 1353 5083 et
1374 5029 1487 5084 statuta
1509 5040 1736 5104 quaecumque,
1752 5036 1783 5090 61
1797 5045 1835 5090 ex
1854 5000 1952 5100 ἶὲἧῗὲξῗ
1974 5003 2000 5047 ⁰²
2014 4997 2068 5044 Μ’

1091 5133 1128 5178 eo
1159 5117 1240 5195 qnod
1270 5116 1400 5194 quilibet
1423 5117 1454 5178 in
1479 5119 1655 5194 praemissis
1685 5120 1836 5184 iuteresse

1091 5210 1249 5285 habentes,
1280 5209 1329 5271 val
1357 5212 1588 5289 quomodolibet
1610 5213 1721 5275 habere
1751 5231 1838 5292 prae·

1092 5305 1265 5378 tcndentes,
1282 5304 1418 5365 cuiusvis
1432 5311 1540 5381 status,
1551 5305 1679 5382 ordinis,
1689 5309 1837 5370 conditio·

1092 5397 1140 5458 nis
1161 5405 1191 5459 et
1213 5395 1487 5473 praeeminentiae,
1507 5398 1566 5459 illis
1589 5414 1653 5461 non
1674 5416 1837 5462 consense-

1090 5492 1157 5553 riut
1176 5499 1208 5553 61
1229 5493 1327 5554 auditi
1348 5507 1412 5555 non
1434 5492 1564 5568 luerint,
1580 5493 1630 5555 vel
1648 5510 1687 5555 ex
1701 5494 1838 5573 qualibet

1091 5583 1149 5645 alia
1170 5585 1297 5647 iuridica
1326 5593 1357 5647 et
1378 5584 1574 5664 privilegiata
1600 5603 1706 5662 causa,
1735 5587 1838 5650 colore

1091 5694 1125 5742 ac
1152 5686 1315 5756 praetextu
1341 5677 1427 5740 nullo
1458 5694 1607 5759 umquam
1633 5687 1772 5759 tempore
1800 5683 1838 5744 de

1090 5772 1298 5849 subreptionis
1319 5771 1370 5834 vel
1391 5771 1581 5850 obreptionis
1605 5779 1658 5835 aut
1686 5775 1838 5838 nullitatis

1092 5865 1166 5926 vitio
1194 5881 1248 5928 seu
1271 5865 1452 5927 intentionis
1480 5872 1615 5942 nostrae,
1642 5865 1742 5930 aliove
1763 5885 1838 5946 quo-

1092 5958 1179 6038 libet,
1196 5959 1270 6022 licet
1291 5958 1494 6038 substantiali,
1511 5958 1632 6023 delectu
1654 5961 1767 6047 notari,
1781 5962 1839 6028 im·
