4776 6974
920 568 991 614 PIUS
1013 567 1061 613 PP.
1086 565 1129 616 Π.

253 687 432 764 tendamus,
465 703 520 766 per
550 703 628 767 quae
658 686 915 752 christifidelium
942 685 999 749 sub

252 781 337 844 suari
364 781 523 858 religionis
544 782 618 858 iugo
644 781 902 860 mancipatorum,
925 779 998 842 ube·

253 889 360 952 resque
374 875 529 938 bonorum
544 890 673 954 operum
688 875 819 950 fructus,
832 875 885 937 Dei
900 874 996 950 gratia

252 967 425 1044 adiurante,
446 968 585 1048 prolerre
604 970 823 1046 satagentium,
847 967 943 1046 quieti
966 974 997 1029 et

254 1062 466 1140 tranquillitati
496 1063 680 1138 consulitur,
710 1070 803 1140 atque
834 1077 867 1124 ea
897 1075 996 1122 remo-

251 1162 364 1218 rentur
384 1173 463 1235 quae
493 1156 711 1234 religiosorum
742 1155 864 1218 illorum
888 1169 996 1234 propo-

249 1250 340 1312 situm
370 1250 497 1313 turbare
523 1257 666 1330 possunt;
691 1257 725 1312 ut
752 1249 825 1312 binc
846 1247 931 1311 nulla
960 1263 994 1310 re

250 1343 428 1422 praepediti,
455 1343 645 1424 sublatisque
664 1344 842 1405 animorum
864 1341 995 1404 dissidiis

251 1447 280 1500 et
299 1437 569 1513 aemulationibus,
586 1439 669 1502 iuxta
691 1436 843 1516 regularia
865 1452 994 1499 suorum

250 1531 394 1594 ordinum
416 1532 569 1608 instituta,
584 1551 618 1594 ac
639 1530 930 1612 apostolicaesedis
945 1532 996 1591 de·

223 1706 225 1710 .
249 1627 368 1701 sideria,
391 1626 423 1688 in
445 1628 525 1705 pacis
545 1627 733 1690 amoenitate
754 1633 878 1702 gratum
903 1624 994 1688 Altis-

250 1721 326 1783 simo
347 1722 527 1798 impendant
548 1721 742 1784 famulatum.

1053 686 1220 764 collegium
1241 688 1279 752 de
1297 687 1432 751 Pacbuca
1447 687 1623 751 huiusmodi
1639 685 1723 751 iuxta
1736 686 1799 749 ior·

1054 795 1136 840 mam
1165 791 1406 844 memoratarum
1427 782 1591 844 literarum
1612 781 1685 843 dicti
1707 781 1798 842 inno·

1052 871 1146 934 centii
1161 875 1399 950 praedecessoris
1410 874 1690 938 administrandum
1701 883 1732 936 et
1744 887 1798 950 gu·

1053 965 1248 1029 bernardum
1263 975 1352 1044 esset,
1368 969 1552 1047 quibusdam
1573 967 1732 1031 dumtaxat
1748 984 1798 1030 ex·

1052 1060 1158 1137 ceptis,
1173 1069 1266 1138 prout
1281 1063 1314 1124 in
1329 1061 1466 1126 eiusdem
1483 1062 1653 1126 Clementis
1674 1063 1798 1140 praede-

1051 1153 1177 1214 cessoris
1204 1153 1317 1231 literis,
1346 1173 1479 1234 quarum
1507 1164 1631 1218 tenores
1656 1171 1798 1234 praesen-

1053 1243 1134 1306 tibus
1154 1260 1209 1323 pro
1231 1247 1322 1326 plene
1343 1257 1374 1311 et
1394 1250 1585 1313 sufficienter
1601 1251 1751 1329 expressis
1766 1267 1799 1312 ac

1051 1335 1089 1398 de
1109 1337 1204 1400 verbo
1225 1341 1259 1402 ad
1283 1341 1414 1404 verbum
1436 1343 1559 1407 insertis
1581 1344 1688 1407 baberi
1711 1343 1798 1407 volu·

1052 1445 1132 1504 mus,
1148 1429 1245 1494 insius
1260 1434 1449 1496 continetur.
1474 1437 1611 1498 Tandem
1633 1437 1729 1498 felicis
1750 1453 1797 1498 re·

1051 1524 1236 1586 cordationis
1257 1525 1400 1589 Clemens
1422 1527 1476 1590 PP.
1494 1529 1798 1608 xtvpraeuecessor

1050 1613 1159 1677 itidem
1184 1625 1300 1694 noster,
1323 1637 1385 1698 quo
1412 1623 1554 1700 precibus
1574 1641 1590 1685 a
1614 1624 1712 1687 bonae
1734 1639 1798 1686 me·

1051 1709 1167 1772 moriae
1184 1711 1387 1776 Emmanuele
1407 1715 1445 1776 de
1466 1715 1493 1777 la
1515 1716 1610 1794 Vega,
1629 1719 1703 1780 duro
1719 1717 1798 1780 vixit

1050 1804 1260 1866 commissario
1289 1807 1428 1882 generali
1462 1809 1596 1872 familiae
1627 1812 1796 1874 ultramon-

1719 547 1778 612 375
1829 545 2018 598 1111111

79 1827 234 1936 ffiffiouffi
288 1818 357 1893 52.
382 1820 503 1898 Exponi
523 1817 676 1896 siquidem
698 1818 786 1880 nobis
808 1832 909 1895 nuper
922 1814 994 1922 iecit

80 1918 234 1986 ambariana·
250 1911 376 1975 dilectus
405 1913 488 1976 111111
520 1913 706 1976 Emmanuel
737 1913 827 1976 blaria
855 1911 994 1988 Trugrllo

80 1983 233 2091 iiu³s⁹⁰a⁵i⁰¹⁵m⁰ss
249 2005 340 2068 irater
359 2021 504 2084 expresse
525 2006 678 2085 professus
699 2008 817 2070 ordinis
838 2007 992 2070 Minorum

51 2111 53 2144 ι
80 2093 164 2154 trabib·
248 2100 342 2164 sancti
360 2099 511 2162 Francisci
533 2101 571 2162 de
591 2101 784 2164 observantia
800 2109 992 2179 nuncupato-

1052 1902 1139 1956 tanae
1160 1898 1233 1960 dicti
1254 1901 1382 1976 ordinis,
1405 1919 1438 1965 ac
1460 1903 1598 1966 eiusdem
1612 1906 1797 1985 exponentis

1049 1987 1280 2064 praedecessore
1299 1993 1356 2054 sibi
1381 1995 1543 2058 humiliter
1569 2000 1718 2076 porrectis
1745 2015 1796 2061 an·

51 2147 53 2176 ,
1050 2091 1173 2155 nueret,
1195 2085 1317 2165 piisque
1331 2088 1429 2150 clarae
1444 2092 1611 2154 memoriae
1626 2094 1729 2156 Karoli
1744 2094 1794 2156 111.

248 2211 317 2258 rum
348 2203 380 2256 et
409 2195 637 2257 commissarius
670 2195 822 2272 generalis
850 2195 992 2258 omnium

247 2288 473 2368 provinciarum
503 2305 536 2350 ac
562 2288 765 2365 collegiorum
792 2288 922 2350 fratrum
945 2305 993 2351 or-

247 2384 326 2446 dinis
341 2381 517 2445 buiusmodi
532 2382 563 2444 in
579 2383 673 2445 indiis
688 2382 844 2444 carissimo
860 2383 892 2444 in
906 2383 993 2445 Cirri-

245 2485 291 2538 111
306 2477 371 2539 lilio
386 2483 493 2538 nostro
508 2475 619 2538 Karolo
634 2475 849 2553 Hispaniarum
866 2477 932 2552 regi
947 2493 992 2538 ca-

246 2570 357 2634 11111111
377 2568 524 2632 subiectis
547 2568 795 2644 consistentium,
818 2571 898 2648 quod
920 2570 992 2632 alias

246 2680 305 2728 rec.
321 2678 417 2724 mem.
431 2661 631 2724 innocentius
646 2661 701 2725 PP.
715 2664 766 2726 Χ1.
780 2665 993 2740 praedecessor

245 2765 349 2820 noster
372 2771 513 2836 persnas
534 2756 566 2818 in
589 2756 683 2818 simili
704 2756 801 2819 forma
817 2757 923 2819 Brevis
943 2757 992 2820 die

246 2869 309 2916 111.
327 2851 460 2914 octobris
475 2865 699 2914 uuouxxxrur.
717 2851 873 2930 expeditas
888 2851 992 2913 literas

246 2945 395 3009 nonnulla
424 2945 544 3007 decreta
565 2952 596 3006 et
617 2951 730 3007 statuta
752 2962 766 3006 a
789 2945 879 3008 Petro
899 2945 993 3010 biario

246 3041 393 3106 Sormane
409 3047 483 3102 tunc
495 3039 642 3117 temporis
652 3041 789 3104 eiusdem
806 3041 923 3103 ordinis
935 3041 991 3102 mi-

245 3135 341 3198 nistro
356 3131 494 3210 generali
507 3147 563 3209 pro
579 3132 698 3194 meliori
721 3133 873 3210 regimine
894 3151 928 3196 ac
948 3135 991 3198 di·

244 3227 378 3290 rectione
400 3225 602 3301 collegiorum
622 3240 677 3287 seu
697 3227 935 3290 seminariorum
957 3228 990 3290 in

243 3321 409 3399 prouinciis
436 3317 575 3382 eiusdem
601 3319 718 3382 ordinis
740 3320 771 3382 in
799 3321 892 3384 indiis
913 3322 991 3384 occi-

244 3413 413 3478 dentalibus
434 3412 635 3475 existentium
650 3415 685 3476 ad
701 3416 929 3492 propagandam
944 3433 989 3478 ca-

244 3511 387 3575 cholicam
418 3509 513 3571 iidem
543 3514 717 3570 erectarum
746 3509 992 3585 111111111111-Ι

243 3605 382 3668 ctoritate
397 3601 593 3666 confirmarit
608 3599 842 3678 111111111111,
860 3609 890 3663 et
904 3601 988 3678 alias,

244 3704 333 3778 prout
359 3697 392 3758 in
420 3695 516 3774 ipsius
547 3693 718 3757 innocentii
750 3696 990 3772 praedecessoris

242 3792 353 3867 literis,
383 3803 515 3868 quarum
542 3793 667 3849 tenores
694 3787 906 3864 praesentibus
933 3804 989 3867 pro

242 3886 332 3964 plene
352 3893 384 3946 et
405 3881 594 3945 sufficienter
615 3870 765 3958 expressis
786 3897 818 3944 ac
840 3883 877 3944 de
894 3881 989 3944 verbo

240 3981 277 4040 ad
297 3977 430 4040 uerbum
450 3974 576 4036 insertis
590 3971 695 4036 baberi
710 3973 868 4050 volumus,
891 3973 989 4038 111111

240 4071 429 4135 continetur.
452 4068 652 4132 Postmodum
668 4083 742 4129 vero
763 4082 833 4130 cum
854 4085 870 4129 a
891 4068 989 4132 1111111

1050 2179 1125 2241 dum
1152 2181 1269 2258 pariter
1297 2184 1375 2248 vixit
1400 2186 1616 2264 Hispaniarum
1644 2191 1725 2266 regis
1752 2209 1798 2254 ca·

1049 2274 1513 2358 1111111111111111111111111,
1545 2284 1710 2362 collegium
1741 2301 1797 2347 seu

1049 2369 1253 2432 seminarium
1275 2373 1313 2434 de
1333 2373 1467 2436 Pacbuca
1489 2377 1659 2454 praelatum
1681 2397 1695 2440 a
1718 2381 1796 2443 dicta

1049 2462 1207 2538 provincia
1227 2468 1324 2528 sancti
1352 2467 1465 2545 Didaci,
1488 2470 1633 2549 illiusque
1659 2475 1798 2551 superio-

1050 2570 1121 2616 rum
1137 2555 1359 2634 iurisdietione,
1382 2564 1562 2625 auctoritate
1576 2568 1736 2644 apostolica
1750 2585 1797 2631 se·

1049 2650 1167 2726 paravit
1186 2667 1220 2712 ac
1241 2652 1356 2729 divisit,
1379 2655 1539 2734 voluitque
1566 2670 1734 2737 praeterea,
1762 2669 1797 2725 ut

1049 2747 1192 2824 deinceps
1216 2753 1246 2808 et
1272 2749 1429 2827 perpetuis
1459 2750 1574 2814 iuturis
1606 2757 1797 2832 temporibus

1049 2840 1131 2902 idem
1152 2841 1320 2918 collegium
1340 2860 1393 2905 seu
1416 2845 1617 2910 seminarium
1640 2849 1673 2912 in
1696 2851 1796 2913 omni·

1048 2935 1105 2996 bus
1126 2943 1157 2997 et
1179 2951 1233 3014 per
1254 2938 1357 2999 omnia
1379 2941 1415 3002 ad
1436 2940 1533 3004 instar
1550 2942 1683 3006 aliorum
1705 2944 1797 3008 colle-

1049 3029 1171 3104 giorum
1189 3047 1244 3092 seu
1264 3035 1502 3097 seminariorum
1518 3037 1591 3099 dicti
1606 3039 1722 3102 ordinis
1737 3039 1797 3101 ira·

1049 3131 1134 3184 trum
1156 3125 1317 3188 minorum
1340 3128 1437 3190 sancti
1462 3129 1615 3194 Francisci
1636 3134 1673 3195 de
1694 3134 1797 3196 obser·

1048 3217 1150 3280 vantia
1170 3227 1202 3281 et
1222 3219 1308 3282 iuxta
1329 3217 1460 3284 iormam
1479 3225 1642 3303 privilegia
1656 3233 1687 3288 et
1703 3243 1796 3288 onera

1048 3315 1080 3375 in
1102 3314 1282 3375 memoratis
1303 3315 1476 3376 innocentii
1499 3317 1739 3396 praedecessoris
1761 3321 1795 3382 11-

1047 3408 1123 3470 teris
1145 3413 1290 3470 contenta
1311 3415 1343 3470 et
1363 3424 1505 3488 expressa
1527 3415 1701 3488 regendum
1715 3423 1796 3478 esset

1046 3508 1138 3580 atque
1160 3500 1410 3577 gubernandum,
1433 3511 1464 3564 11
1479 3503 1551 3566 alias
1565 3517 1669 3583 prout,
1685 3507 1717 3569 iu
1733 3510 1796 3571 suis

1046 3593 1129 3656 111111
1150 3595 1282 3674 desuper
1308 3595 1340 3656 in
1368 3595 1462 3658 simili
1491 3596 1589 3660 iorma
1618 3600 1723 3664 Brevis
1745 3603 1796 3665 die
1867 3647 1869 3652 ,

1047 3703 1090 3749 rx.
1114 3688 1185 3750 iulii
1206 3704 1383 3752 unccnxxr.
1408 3691 1558 3770 expeditis
1581 3692 1690 3770 literis,
1719 3713 1795 3775 quo·

1046 3798 1117 3844 rum
1139 3791 1263 3845 tenores
1283 3785 1495 3862 praesentibus
1511 3802 1567 3864 pro
1582 3788 1673 3865 plene
1687 3797 1718 3852 et
1732 3791 1795 3854 sui-

1047 3877 1187 3940 ficienter
1218 3879 1370 3957 expressis
1402 3895 1435 3940 ao
1466 3880 1503 3942 de
1534 3881 1631 3944 verbo
1661 3884 1697 3945 ad
1726 3901 1796 3946 ver-

1047 3970 1121 4032 bum
1142 3971 1265 4034 insertis
1288 3973 1394 4036 baberi
1410 3973 1566 4050 voluimus,
1583 3977 1709 4041 uberius
1723 3994 1794 4042 con·

1048 4064 1200 4128 tinentur.

1085 4159 1104 4234 ἓ
1124 4159 1153 4220 3.
1177 4161 1279 4238 Atque
1306 4161 1378 4224 binc
1400 4161 1503 4241 plures
1524 4175 1709 4228 emanarunt
1734 4167 1793 4228 dis·
1810 4173 2025 4272 cisffifflssi

1045 4251 1164 4314 cordiae
1185 4260 1215 4313 et
1236 4253 1439 4317 dissentiones
1459 4256 1541 4319 inter
1556 4257 1722 4334 collegium
1737 4275 1792 4322 seu
1811 4277 2024 4380 grrffigrffiatseerscuop:

240 4164 460 4229 recordationis
486 4163 652 4224 Benedicto
680 4163 734 4224 PP.
763 4163 841 4226 11111.
866 4167 988 4242 111111-

239 4275 358 4323 cessore
371 4257 478 4320 itidem
499 4265 606 4318 nostro
627 4271 681 4334 per
695 4273 764 4318 1111
779 4258 812 4319 in
827 4257 922 4320 simili
938 4275 988 4337 pa-

1045 4445 1075 4501 et
1096 4439 1153 4501 alia
1181 4440 1309 4517 collegia
1329 4457 1384 4504 seu
1412 4444 1579 4505 seminaria
1608 4445 1791 4508 missionum
1810 4440 2023 4542 gssffffipffi‘ffl

1045 4533 1218 4596 huiusmodi
1242 4535 1279 4596 de
1300 4534 1503 4611 Querentaro,
1526 4538 1691 4614 Zacateras,
1713 4539 1980 4605 (111-1111111111.

240 4447 395 4526 expeditas
406 4445 510 4506 literas
521 4444 637 4506 tributa
648 4443 742 4506 inerit
754 4443 900 4508 iratribus
915 4448 988 4510 dicti

241 4543 354 4606 ordinis
381 4539 541 4602 minorum
566 4537 596 4601 S.
621 4539 774 4602 Francisci
795 4540 986 4604 discalceato

243 4651 310 4696 rum
331 4641 362 4696 et
384 4631 621 4694 recollecturum
636 4633 799 4694 strictioris
820 4633 987 4697 observan-

242 4727 297 4790 tiae
307 4735 557 4805 nuncupatorum
571 4725 696 4788 lacultas
711 4725 852 4803 erigendi
867 4743 986 4796 novum

241 4822 402 4899 collegium
429 4837 484 4882 seu
512 4819 715 4883 seminarium
739 4819 924 4884 missionum
949 4823 987 4894 de

240 4915 431 4994 propaganda
449 4913 526 4992 ,11111
547 4913 725 4976 huiusmodi
748 4914 779 4975 in
801 4929 986 4994 unaquaque

241 5025 276 5071 ex
289 5025 394 5072 earum
414 5007 593 5086 provinciis,
609 5008 701 5070 buius
715 5008 862 5071 facultatis
878 5009 987 5089 vigore

240 5111 408 5165 conventus
422 5103 453 5166 S.
470 5101 622 5164 Francisci
644 5104 681 5164 de
704 5103 840 5166 Pacbuca
855 5104 887 5165 in
903 5120 985 5166 novo

241 5210 332 5272 reguo
352 5195 514 5258 biexicano
533 5197 568 5258 ad
589 5195 782 5273 provinciam
808 5197 906 5262 sancti
935 5199 985 5260 Di·

240 5288 299 5352 daci
318 5297 528 5368 nuncupatam
549 5296 579 5350 et
600 5289 636 5350 ad
658 5293 782 5352 eosdem
803 5291 913 5365 iratres
929 5293 984 5354 mi·

241 5397 326 5444 nores
346 5383 531 5445 excalceatos
552 5390 742 5460 spectantem
764 5384 795 5445 iu
817 5386 984 5463 collegium

240 5491 289 5538 seu
301 5477 504 5539 seminarium
519 5475 703 5539 missionum
725 5487 845 5541 erectus
866 5479 937 5556 init,
952 5490 984 5543 et

240 5571 422 5634 erectionem
442 5571 620 5634 huiusmodi
642 5572 738 5635 felicis
762 5574 983 5637 recordationis

241 5663 377 5727 Clemens
391 5663 446 5726 PP.
464 5664 529 5728 Xll.
554 5668 767 5743 praedecessor
787 5668 904 5746 pariter
926 5685 983 5731 no-

239 5765 296 5819 ster
320 5774 377 5836 per
403 5774 472 5820 suas
500 5759 532 5819 in
557 5758 653 5820 simili
678 5759 777 5821 forma
805 5761 913 5824 Brevis
933 5761 982 5824 die

241 5865 280 5911 m.
303 5851 372 5914 iulii
400 5867 482 5914 anuo
511 5868 716 5916 uocoxxmu.
743 5855 922 5932 approbavit
951 5864 982 5918 et

239 5945 439 6020 confirmavit,
459 5945 502 6007 ita
525 5953 639 6024 tamen,
668 5957 703 6011 ut
731 5957 905 6012 conventus
926 5967 981 6014 seu

1044 4625 1149 4688 timala
1180 4631 1211 4688 et
1241 4626 1350 4691 blexici
1381 4630 1453 4692 dicti
1483 4633 1599 4694 ordinis
1631 4649 1668 4694 ex
1697 4634 1791 4698 altera

1043 4728 1141 4797 parte,
1157 4720 1188 4782 in
1207 4721 1318 4800 quibus
1338 4722 1478 4788 sedandis
1500 4729 1792 4807 compescendisque

1043 4825 1232 4878 memoratus
1246 4832 1404 4896 exponens
1418 4833 1511 4881 omne
1527 4836 1612 4884 nnnc
1627 4823 1792 4901 11111111-

1043 4909 1140 4971 dium.
1159 4909 1331 4989 Siquidem,
1349 4911 1401 4973 vix
1421 4916 1614 4991 separatione
1635 4916 1709 4979 dicti
1730 4917 1792 4978 col·

1043 5001 1115 5079 legii
1137 5019 1192 5067 seu
1212 5005 1371 5067 seminarii
1393 5006 1431 5068 de
1452 5008 1586 5071 Paebuca
1603 5011 1791 5087 aprovineia

1043 5095 1074 5159 S.
1098 5097 1200 5161 Didaci
1220 5099 1367 5174 coniecta,
1384 5100 1467 5162 idem
1483 5101 1650 5180 collegium
1670 5119 1725 5166 seu
1745 5121 1792 5166 se-

1043 5193 1222 5268 minarium,
1246 5195 1328 5274 quod
1354 5195 1387 5256 in
1413 5198 1592 5258 memoratis
1617 5197 1791 5261 innocentii

1042 5287 1282 5365 praedecessoris
1298 5289 1409 5365 literis,
1422 5291 1544 5369 quibus,
1560 5293 1670 5369 bonor,
1684 5296 1737 5372 qui
1751 5309 1792 5356 ex

1041 5381 1141 5444 officio
1166 5383 1425 5447 commissariatus
1450 5383 1666 5463 proficiscitur,
1693 5403 1792 5467 aeque

1040 5479 1186 5540 omnibus
1212 5479 1349 5556 collegiis
1371 5497 1426 5543 sen
1447 5482 1621 5544 seminariis
1649 5485 1721 5547 dicti
1743 5501 1792 5546 or·

1040 5573 1121 5634 dinis
1149 5573 1307 5650 existeret,
1330 5575 1489 5650 statuitur,
1513 5583 1546 5638 ut
1567 5577 1688 5655 primus
1710 5595 1791 5640 com·

1042 5667 1197 5729 missorius
1228 5667 1265 5729 ab
1292 5684 1329 5730 eo
1360 5668 1489 5745 collegio
1518 5686 1574 5732 seu
1604 5671 1789 5747 seminario,

1039 5761 1119 5839 quod
1147 5762 1248 5840 primo
1275 5761 1333 5824 init
1353 5770 1502 5838 erectum,
1531 5766 1686 5826 secundus
1709 5782 1725 5825 a
1745 5782 1791 5826 se-

1039 5853 1140 5918 cundo
1167 5855 1210 5916 sic
1236 5855 1380 5933 deinceps
1408 5856 1446 5918 de
1472 5858 1600 5920 caeteris
1630 5874 1727 5936 usque
1755 5861 1790 5922 ad

1039 5949 1188 6012 ultimum
1210 5949 1412 6028 deligeretur,
1436 5951 1508 6013 irinc
1529 5952 1626 6014 cilicia
1649 5955 1792 6016 commis-

239 4356 315 4417 riter
336 4353 434 4414 iorma
449 4351 555 4413 Brevis
570 4350 618 4413 die
634 4366 682 4412 nr.
700 4366 764 4428 apr.
782 4366 984 4415 unccxxvnr.
1045 4347 1247 4409 seminarium
1269 4349 1306 4410 de
1327 4348 1460 4411 Pacbuca
1482 4351 1636 4428 praedicto
1657 4367 1696 4414 ex
1716 4369 1790 4428 nna,
1811 4385 1877 4442 tagra
1891 4397 1935 4433 seu
1951 4387 2024 4433 „ma
