1421 1946
128 260 129 264 ,
144 251 162 264 n.
167 250 179 262 e.
189 245 221 262 im

128 844 129 848 ¹
154 846 227 861 mitantur

143 860 201 870 nummum
207 861 227 870 vo-

144 874 163 884 ΝΜ
170 875 176 884 Ι
183 872 227 884 oomn-

143 888 178 897 ιιιωιη
186 886 227 900 cnm

144 902 169 912 mai,
175 902 195 913 pro

144 915 171 938 aas
179 913 199 924 ant

200 899 228 924 53¹:

572 249 608 263 etus
618 251 643 263 rr.
655 248 677 263 vt.

236 282 272 301 niis,
283 282 317 298 sive
328 282 360 298 nati
371 281 440 302 Hispani,
447 284 463 298 et
470 283 584 298 commorantes
593 281 609 296 in

235 305 288 324 indiis,
299 306 381 322 deficiente
392 306 448 325 Legato
458 308 485 321 aut
498 305 559 321 Nuntio
569 305 609 324 Apo-

235 329 295 347 stolico,
307 331 333 345 aut
344 329 374 345 alio
384 329 437 348 Legati
449 329 530 348 Apostolici
541 329 609 347 vicesge-

235 354 281 368 rente
296 353 312 368 in
328 353 381 372 regnis
396 352 504 373 Hispaniarum
520 352 608 372 praedictis,

235 380 272 391 cum
284 376 305 391 ob
315 376 414 392 ecclesiarum
425 375 580 396 metropolitanarum
594 376 609 390 et

234 399 347 415 cathedralium
357 399 372 415 in
381 400 399 415 iis
406 399 463 415 dissitis
471 399 560 418 regionibus
567 402 610 414 sum·

236 426 280 438 mum
291 423 334 438 inter
344 427 361 439 se
371 423 478 441 intervallum,
490 425 523 438 tum
535 422 583 438 etiarn
590 421 610 437 ob

235 446 307 465 dubium,
319 450 358 462 num
369 446 388 462 ab
397 446 478 462 ordinario
488 446 516 461 loci
527 448 553 461 aut
560 445 610 460 domi-

234 469 267 485 cilii
277 469 298 485 sit
305 470 417 485 assumendum
425 469 536 489 praescriptum
543 472 609 484 examen

235 493 339 512 Gregorianae
346 493 463 509 constitutionis
470 493 553 508 methodus
559 492 610 511 aliqua

234 521 289 532 secum
299 517 338 532 ierat
352 517 455 535 incommoda,
466 518 484 532 ut
495 520 552 536 nempe
562 515 610 531 eccle-

235 540 267 556 siae
275 540 364 556 huiusmodi
372 544 417 560 saepe
423 540 489 559 saepius,
496 543 528 555 non
535 539 569 554 sine
576 542 610 558 gra-

236 563 253 579 vi
264 563 353 579 animarum
368 563 496 579 Christissdelium
509 562 609 581 detrimento,

235 587 263 603 diu
273 587 305 602 suis
316 587 402 606 pastoribus
411 587 443 603 sint
454 586 530 605 viduatae,
540 586 610 605 aliaeque

235 610 328 626 exoriantur
338 610 455 630 disputationes,
466 610 523 629 quibus
534 613 611 625 memora-

236 636 261 649 tus
275 634 341 650 Karolus
351 638 379 649 rex
388 633 472 649 catholicus
483 637 511 653 pro
526 637 543 648 ea
554 633 610 653 pietate

235 661 253 673 ac
263 657 344 677 religionis
355 657 394 676 zelo,
405 662 436 677 quo
447 657 463 673 in
474 657 493 672 iis
501 657 574 672 omnibus
582 656 610 671 im-

236 684 283 700 pense
294 681 357 699 nititur,
368 684 408 700 quae
419 681 477 696 nedum
486 679 576 700 temporale,
583 679 610 695 sed

235 704 282 720 etiam
290 704 371 724 spirituale
375 707 441 720 suorum
447 704 546 720 subditorum
551 703 610 719 bonum

236 727 327 747 mincium,
338 727 399 743 obviam
410 727 434 743 ire
443 730 543 747 summopere
552 726 611 741 deside-

235 755 280 770 rans·,
291 750 335 766 uobis
341 750 423 766 humiliter
429 750 512 770 supplicari
519 750 560 769 iecit,
569 751 586 765 ut
594 750 610 765 in

236 775 324 794 praemissis
334 776 421 794 opportune
433 774 520 794 providere,
532 776 547 789 et
558 775 576 789 ut
587 773 611 788 in-

235 798 258 813 fra
269 798 351 817 indulgere
361 798 381 814 de
391 798 489 817 benignitate
499 797 581 817 apostolica
588 797 611 812 di·

236 825 327 841 gnaremur.
410 830 413 834 i

256 845 266 864 S
276 845 291 861 3.
303 845 334 861 Nos
345 845 399 864 igitur,
406 845 433 865 qui
443 849 492 865 aeque
500 849 517 860 ac
524 844 611 864 praedeces-

236 873 279 884 sores
289 869 338 884 nostri
348 869 396 889 probe
408 868 486 887 novimus,
498 868 551 888 quanti
563 867 611 883 inter-

236 892 262 911 sit,
278 892 341 908 idoneos
357 894 424 912 pastores
439 892 506 907 ecelesiis
521 891 610 911 praeficere,

237 920 273 932 cum
284 916 364 935 integritas
372 916 493 936 praesidentium
500 915 541 931 salus
548 915 568 930 sit
575 914 610 930 sub-

237 941 312 959 ditorum,
319 943 335 956 et
342 940 396 960 quanti
404 939 531 956 Cbristifidelium
540 939 580 955 bono
588 939 611 954 iu-

237 965 277 981 ierat
286 964 359 980 ecclesiae
370 964 441 980 viduatae
452 964 517 981 luctum,
525 963 571 979 eitius
578 962 611 978 abs·

238 991 299 1008 tergere
313 992 341 1008 per
354 992 411 1003 novam
425 988 449 1004 sui
465 987 536 1007 Episcopi
549 987 611 1003 electio-

237 1016 280 1031 nem,
290 1012 365 1032 quoniam
375 1016 394 1027 ex
404 1011 500 1031 experientia
511 1011 542 1031 ipsa
553 1010 611 1026 inferre

237 1036 278 1054 licet,
289 1035 400 1054 Gregorianam
414 1034 542 1050 constitutionem
553 1034 612 1053 praedi-

237 1061 278 1075 ctam
288 1059 306 1074 ad
317 1059 388 1075 eeclesias
398 1059 414 1074 in
425 1058 478 1077 indiis,
490 1060 506 1074 ut
518 1058 611 1078 praetertur,

237 1083 346 1101 consistentes,
353 1082 383 1098 nisi
390 1082 489 1098 incommode
496 1081 565 1101 extendi,
574 1086 582 1097 a
589 1081 611 1096 di-

237 1108 260 1122 cta
265 1106 366 1126 dispositione
372 1105 437 1122 concilii
443 1105 537 1124 Tridentini,
543 1106 561 1120 ut
569 1109 612 1120 nem-

238 1134 257 1150 pe
263 1134 300 1146 cnm
306 1134 339 1145 nou
344 1129 426 1145 uniformis
434 1130 491 1150 ubique
498 1134 517 1145 ex
524 1129 611 1148 nationum,

238 1153 331 1173 populorum
341 1157 359 1169 ac
369 1157 431 1169 morum
442 1153 516 1169 varietate
523 1153 541 1168 ad
548 1157 612 1168 sumen-

238 1177 273 1192 dam
284 1177 303 1192 de
313 1177 386 1196 qualitate
393 1177 537 1196 promovendorum
544 1176 611 1192 debitam

239 1200 357 1216 instructionem
369 1202 384 1216 et
395 1204 466 1219 examen,
478 1200 517 1215 ratio
529 1200 577 1219 possit
587 1199 612 1215 ad-

238 1224 293 1243 hiberi,
305 1223 321 1239 in
332 1223 423 1243 provinciali
430 1224 489 1243 synodo
497 1223 612 1243 praescribitur,

239 1247 326 1267 quibusque
336 1247 373 1262 locis
387 1246 464 1262 faciendae
477 1246 583 1266 inquisitionis
597 1249 612 1262 et

238 1270 345 1286 instructionis
350 1270 399 1286 torma
405 1274 437 1286 non
445 1270 539 1289 recedentes,
546 1274 575 1286 nec
580 1274 612 1286 uon

239 1294 274 1310 dicti
285 1294 337 1310 Karoli
351 1294 392 1313 regis
406 1294 476 1310 catholici
490 1294 531 1309 votis
543 1297 612 1309 annuere

238 1317 315 1336 volentes,
326 1319 428 1333 memoratam
439 1317 550 1337 Gregorianam
556 1317 613 1333 consti-

239 1340 316 1356 tutionem
328 1340 436 1360 praosentibus
449 1344 477 1360 pro
487 1340 534 1360 plene
544 1344 561 1356 ac
571 1340 613 1356 suffl-

238 1364 298 1380 oienter
308 1368 396 1384 expraesam
405 1368 423 1379 ac
433 1364 452 1379 de
462 1364 510 1379 verbo
521 1364 538 1379 ad
546 1364 613 1382 verbum

239 1387 314 1403 insertam
328 1388 407 1407 habentes,
419 1390 436 1403 ut
449 1388 521 1407 deinceps
534 1387 613 1407 perpetuis

239 1411 296 1427 tuturis
307 1411 411 1431 temporibus,
425 1411 438 1426 si
451 1410 519 1430 eligendi
532 1415 549 1426 ac
559 1410 614 1430 praefi-

240 1434 290 1450 ciendi
300 1436 348 1450 erunt
362 1434 432 1454 Episcopi
446 1434 514 1450 ecclesiis
524 1433 613 1453 metropoli-

241 1458 280 1473 tanis
290 1460 317 1474 aut
328 1458 439 1474 cathedralibus
450 1458 467 1473 in
474 1457 520 1473 lndiis
527 1457 578 1473 eidem
585 1457 613 1473 Ka-

240 1482 273 1497 rolo
284 1481 317 1501 regi
326 1481 401 1497 catholico
407 1481 479 1497 subiectis
486 1481 612 1499 consistentibus,

240 1505 258 1521 de
265 1506 408 1525 promovendorum
416 1505 451 1524 lide,
459 1505 496 1524 vita,
505 1505 579 1523 moribus,
587 1505 613 1520 do-

240 1529 289 1544 ctrina
299 1530 316 1544 et
326 1529 408 1549 prudentia
418 1532 489 1547 examen,
498 1528 579 1544 instructio
586 1532 613 1544 seu

241 1552 326 1572 inquisitio,
334 1554 410 1572 qnatenus
421 1552 437 1568 in
445 1552 498 1571 regnis
506 1551 613 1571 Hispaniarum

241 1576 294 1593 nullus
301 1576 397 1596 apostolicus
404 1575 470 1595 Legatos
477 1577 503 1591 aut
510 1575 581 1591 Nuncius
588 1576 614 1590 aut

242 1600 279 1616 alius
289 1596 343 1620 Legati
350 1600 449 1619 viwsgerens
456 1598 500 1618 adsit,
508 1599 527 1614 ab
535 1598 614 1618 Arcbiepi-

972 242 1001 261 277

637 285 683 300 scopo
693 280 773 300 Toletano,
784 284 834 300 eoque
844 280 926 296 deficiente
935 280 953 295 ab
960 280 1011 299 inqui-

637 304 684 320 sitore
694 304 763 324 generali
774 304 859 319 haereticae
870 303 949 324 pravitatis
960 302 979 319 ir?
987 303 1012 319 tti-

637 328 690 348 spania
700 328 778 346 existenti,
790 332 821 347 quo
836 329 894 347 pariter
904 327 991 346 deficiente,
1002 331 1011 342 a

637 351 721 371 patriarcha
728 350 806 366 indiarum
814 350 900 370 respective
907 354 935 370 pro
941 352 1012 370 tempore

637 374 741 390 existentibus
751 374 781 390 erit
794 374 867 393 iacienda,
878 376 938 389 servata
949 374 965 389 in
976 374 1012 389 reli-

638 398 672 418 quis
688 398 757 414 eiusdem
775 397 878 417 Gregorianae
896 397 1012 413 constitutionis

638 421 693 440 forma,
704 421 734 437 nisi
745 421 789 437 iustis
799 421 819 437 de
829 421 877 437 causis
888 421 937 440 nobis,
947 423 973 437 aut
984 425 1012 441 pro

638 447 708 465 ‚tempore
713 445 785 460 existenti
792 445 862 460 nomino
867 444 937 460 Pontifici
944 448 972 464 per
979 448 1012 463 spe-

638 469 676 484 ciale
686 469 778 484 mandatum
788 468 833 483 alteri
843 468 872 483 hoc
879 472 937 484 munus
944 467 1013 487 quaudo*

638 496 669 512 que
679 492 809 507 committendum
820 491 871 507 visum
882 491 935 510 luerit,
946 491 1013 507 auctori-

638 517 669 531 tate
680 515 760 535 apostolica
767 515 871 533 decernimus,
879 514 987 530 constituimus
995 518 1012 530 ac

639 539 733 554 mandamns.

658 562 667 581 ἓ
678 562 693 577 d.
704 562 746 581 Quod
757 562 769 577 si
781 562 820 577 {orte
831 562 886 581 aliquis
899 561 1012 581 praedictorum

638 586 772 605 consanguinitate
783 588 809 601 ant
819 585 894 601 affinitate
901 589 950 605 usque
956 585 974 600 ad
982 586 1013 600 ter-

639 611 679 626 tium
688 610 753 629 gradum
762 610 837 625 inclusive
844 608 969 629 promovendum
977 612 1013 624 con-

639 634 697 653 tigerit,
705 636 723 649 ut
730 634 781 649 omnis
788 633 854 653 suspicio
863 633 928 649 carnalis
935 633 997 649 aflectus
1005 637 1012 648 a

639 660 670 673 tam
680 659 733 673 sancto
744 657 806 676 negotio
817 656 907 676 repellatur,
916 656 941 672 ille
949 657 1013 676 quidem

639 685 657 696 eo
664 685 699 696 casu
707 682 788 696 censeatur
796 680 874 699 exclusus,
882 682 928 699 atque
935 684 977 698 euru,
986 680 1013 699 qui

639 704 709 724 proxime
719 704 796 723 sequitur,
805 704 818 719 si
828 703 895 722 Legatus
902 705 929 719 aut
937 703 1012 721 Nuncius,

639 729 665 743 aut
675 727 727 747 quivis
737 727 776 743 alius
786 727 839 746 Legati
849 727 953 746 vicaegerens,
961 726 1013 742 exelu-

639 751 698 766 dendus
714 750 751 770 erit,
768 750 786 765 ad
801 750 939 769 Arcniepiscopum
953 750 1013 765 Toleta-

639 778 684 793 num,
695 774 708 789 si
719 774 844 794 Areniepiscopus
858 772 947 793 Toletauu's,
961 773 978 789 ad
990 774 1013 789 in-

639 797 730 817 quisitorem
737 797 832 817 generalem,
838 797 851 812 si
858 797 941 817 inquisitor
949 801 1013 816 genera-

639 821 663 839 lis,
674 821 692 836 ad
703 821 806 836 Patriarcharu
817 821 897 836 indiarum
908 820 1013 840 inquisitionis

639 845 707 861 officium
715 844 778 863 deterri.
786 844 877 860 auctoritate
884 846 900 860 et
908 846 963 860 tenore
970 848 1014 864 prae-

639 869 683 884 dictis
694 868 767 884 volumus
777 872 794 884 ac
804 868 905 884 declaramus.

658 892 668 911 ἓ
678 892 693 907 5.
705 892 818 910 Decernentes,
834 892 861 907 has
876 893 964 911 praesentes
980 891 1014 907 lite-

639 920 662 931 ras
673 919 734 935 setnper
745 915 803 934 firmas,
812 915 868 930 validas
878 916 894 930 et
902 915 970 930 efficaces
981 915 1013 931 exi<

639 941 680 955 stere
688 941 703 955 et
711 939 749 958 (ore,
757 943 824 959 suosque
831 939 908 959 plenarios
918 941 934 955 et
945 939 1014 958 integros

639 963 702 979 effeetus
712 963 765 979 sortiri
775 965 791 978 et
801 962 879 982 obtinere,
887 966 904 978 ao
912 962 942 978 illis
950 963 967 979 ad
975 967 1013 983 quos

639 989 696 1008 spectat
705 989 721 1003 et
728 990 757 1006 pro
765 988 835 1006 tempore
842 987 972 1006 quandocumque
979 991 1013 1006 spe-

639 1011 692 1030 ctabit,
704 1011 720 1026 in
727 1010 800 1026 omnibus
807 1011 823 1025 el
830 1014 857 1029 per
864 1010 917 1025 omnia
925 1010 1014 1030 plenissime

639 1034 728 1054 suffragari3
740 1036 756 1050 et
766 1034 784 1049 ah
798 1034 820 1049 eis
834 1034 920 1053 respective
933 1034 1013 1049 inviolabi-

639 1058 675 1074 liter
688 1058 776 1076 observari,
790 1057 843 1077 sicque
855 1057 872 1072 iu
885 1057 972 1077 praemissis
986 1061 1014 1077 per

639 1085 746 1101 quoscumque
756 1081 814 1097 iudices
828 1080 913 1096 ordinarios
925 1083 941 1096 et
954 1081 1014 1100 delega-

640 1107 669 1124 tos,
676 1105 724 1121 etiam
732 1108 813 1120 causarum
824 1104 875 1124 palatii
885 1104 964 1124 apostolici
971 1104 1015 1120 audi-

640 1131 687 1147 tores,
698 1133 715 1144 ac
725 1128 789 1144 Sanctae
799 1128 876 1143 Romanae
890 1127 967 1143 Ecclesiae
978 1128 1013 1144 Car-

640 1152 704 1171 dinalae,
712 1152 760 1167 etiam
767 1151 785 1167 de
793 1151 841 1167 latere
848 1150 912 1170 Legatos
921 1155 938 1167 ac
949 1151 1014 1167 Sanctae

640 1176 683 1193 Sedis
694 1175 767 1193 Nuncios,
779 1174 837 1191 sublata
848 1174 871 1190 eis
881 1176 897 1190 et
908 1178 963 1190 eorum
970 1174 1015 1190 cuili-

640 1200 666 1216 bet
675 1199 729 1219 quavis
739 1199 784 1214 aliter
794 1198 871 1214 iudicandi
878 1200 894 1214 et
902 1198 1014 1218 interpretandi

640 1223 712 1239 iacultate
723 1224 738 1238 et
748 1222 845 1241 auctoritate,
857 1222 921 1237 iudicari
928 1224 944 1237 et
952 1222 1014 1237 deliniri

641 1247 702 1265 debere,
710 1250 726 1262 ac
737 1245 799 1261 irritum
810 1247 826 1261 et
833 1245 885 1264 inane,
896 1245 909 1261 si
916 1249 960 1261 secus
966 1249 1014 1265 super

640 1270 664 1286 nis
675 1275 683 1286 a
693 1273 777 1290 quoquam,
790 1269 845 1289 quavis
858 1268 954 1287 auctoritate,
965 1269 1014 1284 scien-

641 1296 665 1310 ter
676 1293 700 1309 vel
711 1294 802 1312 ignoranter
812 1292 895 1312 contigerit
906 1292 984 1308 attentari.

661 1318 670 1336 ἓ
680 1317 695 1333 o.
707 1316 742 1332 Non
752 1316 848 1332 obstantibus
855 1315 937 1331 memorati
944 1315 1015 1335 Gregorii

641 1340 769 1361 praedecessoris,
786 1339 851 1359 aliisque
865 1339 952 1359 apostolicis
966 1343 983 1354 ac
999 1339 1015 1354 in

642 1364 711 1380 Concilio
725 1363 822 1381 Tridentino,
834 1365 849 1378 et
864 1363 880 1378 in
894 1363 1014 1382 universalibus,

641 1387 798 1407 provincialibusque.
809 1388 825 1402 et
835 1386 934 1406 synodalibus
943 1386 1015 1402 conciliis

641 1411 686 1427 editis
700 1410 805 1430 generalibus,
816 1410 842 1425 vel
855 1409 946 1429 specialibus
959 1409 1015 1425 consti-

642 1434 728 1450 tutionibus
735 1435 750 1449 et
760 1433 890 1452 ordinationibus,
897 1435 913 1449 et
923 1433 956 1448 aliis
963 1433 1016 1448 decre-

642 1458 661 1474 tis
672 1457 687 1473 in
699 1461 756 1476 genere
770 1457 795 1472 vel
809 1457 825 1472 in
836 1457 892 1476 specie,
904 1457 950 1472 etiam
965 1458 1015 1475 motu,

641 1481 705 1497 scientia
719 1482 735 1496 et
748 1480 828 1500 potestatis
838 1480 937 1500 plenitudine
947 1480 1015 1500 paribus,

641 1508 658 1520 ao
671 1504 804 1523 consistorialiter,
815 1505 831 1519 et
842 1503 878 1519 alias
889 1503 906 1519 in
920 1503 1015 1519 contrarium

641 1528 762 1548 praemissorum
772 1526 888 1547 quomodolibet
898 1527 980 1545 concessis,
990 1530 1016 1546 ap-

642 1551 714 1570 probatis,
728 1550 823 1566 confirmatis
833 1552 849 1566 et
859 1550 942 1566 innovatis,
958 1549 1016 1568 Quibus

642 1574 714 1590 omnibus
727 1576 743 1590 et
757 1574 823 1593 singulis
838 1573 899 1589 etiamsi
909 1577 937 1593 pro
953 1573 1016 1588 illorum

641 1597 725 1614 sufficienti
740 1597 840 1617 derogatione
851 1597 870 1612 de
883 1596 919 1615 illis,
930 1600 1016 1617 eorumque

1027 244 1054 259 An.
1060 245 1076 259 c.
1087 242 1121 258 1⁷8³

1034 564 1129 576 pactuatione·

1022 578 1086 592 ambias.

1033 893 1095 906 Clunnule
1101 893 1130 905 ml»

1024 907 1050 919 tau
1061 908 1075 919 et
1085 907 1130 919 duern-

1024 922 1051 932 mm
1060 921 1116 932 irritans.

1031 1318 1099 1333 nerogauo
1102 1320 1131 1329 eon-

1024 1332 1097 1343 tnnornm.
