1421 1946
278 248 305 262 Διι.
312 249 327 262 c.
339 248 372 262 troo
397 247 427 264 358

387 283 418 298 lem
428 287 461 299 esse
475 283 560 298 sentiamus
574 281 635 302 piorum
649 282 760 298 catholicorum

386 306 455 322 doctrina
466 308 481 322 et
492 306 586 322 orthodoxae
596 306 630 322 ndei
642 306 675 322 zelo
682 308 761 325 praestan-

385 330 426 346 tium
438 330 508 345 virorum
521 334 584 350 operam
594 330 614 345 de
624 330 697 346 dominici
708 330 760 349 gregis

386 353 483 373 reliquorum
492 353 547 372 salute.
558 357 598 373 quae
608 353 624 369 in
636 353 721 372 Hellandia,
733 353 760 369 Ze-

386 376 442 395 landia,
453 378 469 392 et
479 377 512 392 aliis
523 376 601 392 interioris
611 376 704 392 Germaniae
713 377 759 397 parii-

386 400 415 416 bus
425 400 485 416 occulte
498 402 525 416 aut
539 400 585 416 aliter
598 402 721 419 commorantur,
733 400 759 416 Sa-

386 424 432 439 thana
442 424 531 443 instigante,
539 428 547 439 a
554 424 637 439 catholicae
644 424 680 439 ildei
686 424 759 440 ohedien-

387 448 406 463 tia
417 448 521 466 timuerunt,
533 449 595 467 paterna
606 447 680 463 charitate
690 448 758 467 solliciti,

385 471 435 491 deque
446 473 477 489 tua,
489 471 515 490 qui
526 470 570 486 dictis
581 471 618 486 locis
627 471 693 487 vicinior
700 471 758 490 existis,

386 495 421 513 nde,
432 494 529 514 integritate,
540 494 615 513 doctrina,
623 497 669 514 atque
676 494 759 510 catholicae

385 518 465 537 religionis
475 518 532 536 stuilio,
539 518 603 537 aliisque
610 518 700 536 virtutibus,
709 522 726 534 ae
733 521 759 537 ge-

385 542 427 557 neris
438 541 518 557 nobilitate
529 541 614 561 plurimum
625 542 641 556 in
649 541 715 557 nomino
722 545 758 557 con-

385 565 456 584 ndentes,
468 565 501 583 tibi,
512 565 550 580 dum
561 565 592 580 illic
603 565 650 580 nostri
660 568 676 580 et
684 565 758 585 Apostoli-

384 592 409 604 cae
417 588 461 604 Sedis
468 592 534 603 munere
541 588 617 607 fungeris,
625 588 715 604 auctoritate
723 592 758 608 apo-

384 612 437 627 stelit-a
448 614 502 627 tenore
512 609 618 631 praesentium
630 611 719 627 facultatem
731 612 757 627 tri-

385 635 447 651 buimus
456 635 545 654 deputandi,
556 635 686 654 quandocumque
697 635 724 651 tihi
735 635 758 650 vi-

384 658 451 677 debitur,
463 658 531 677 aliquem
542 658 566 673 vei
577 658 636 677 aliquos
646 658 688 673 viros
696 658 757 677 religio-

383 686 414 700 sos,
424 682 463 701 pios,
474 681 562 700 catholicos,
570 682 639 697 eruditos
649 683 665 697 et
676 682 692 697 in
703 682 757 701 primis

384 705 458 723 zelantes,
469 705 495 724 qui
507 704 522 720 in
534 704 564 720 illis
573 704 668 723 iiollanrliae,
676 705 757 721 Zelandiae

384 730 400 745 et
410 728 508 744 occidentalis
519 728 582 746 Frisiae,
592 732 609 743 ac
619 728 652 743 aliis
662 732 715 744 earum
724 732 757 748 par-

384 753 424 768 tium
435 752 477 770 locis,
488 752 504 767 in
515 751 571 771 quibus
579 751 649 771 Episcopi
656 756 683 767 sua
691 755 756 767 munera

383 775 464 795 pastoralia
475 775 523 790 libere
529 778 602 790 exercere
609 777 696 794 nequeunt,
703 775 755 790 omnia

383 801 398 814 et
405 798 466 818 singula
473 798 549 817 ecclesias.
556 798 616 817 (lomus,
624 799 716 814 monasteria
724 800 756 814 tam

383 822 459 841 virorum,
470 825 518 841 quam
531 821 622 840 mulierum,
636 824 652 837 et
664 821 692 837 alia
706 822 730 841 pia
740 824 756 838 et

383 845 454 865 religiosa
465 845 497 860 loca
505 844 552 860 etiam
559 845 689 865 quandocumque
696 847 711 861 et
719 849 756 865 qua-

382 869 486 888 litercumque
493 870 569 887 exempta,
575 868 622 883 etiam
628 868 723 888 Apostolicae
729 869 755 884 Se-

382 892 397 908 di
408 892 497 907 immediate
511 891 584 910 subiecta,
595 895 611 907 ac
622 895 694 911 personas
707 892 756 908 eccle

381 916 448 931 siasticas
458 916 564 935 quascumque
571 916 602 930 tam
609 915 700 934 saeculares,
707 919 755 935 quam

381 939 460 958 regulares
470 938 581 958 cuiuscumque
591 938 650 954 ordinis
661 939 677 954 in
687 938 719 954 illis
729 939 755 954 de-

381 964 442 982 gentes,
450 964 529 982 tamquam
536 961 631 981 Apostolicae
638 962 681 978 Sedis
688 962 754 982 delegati

381 986 450 1005 visitare,
458 990 474 1001 ac
485 987 516 1001 tam
527 985 544 1001 in
554 986 610 1005 capite,
621 990 667 1005 quam
677 986 693 1001 in
705 990 754 1001 mem«

381 1009 418 1028 bris,
426 1009 504 1028 corrigere
513 1011 529 1024 et
539 1008 630 1028 reformare,
637 1013 654 1024 ac
664 1009 680 1024 in
691 1009 754 1025 catholi-

380 1037 406 1049 cae
417 1033 452 1049 fldei
463 1035 479 1048 et
490 1032 586 1052 regularium
599 1032 717 1049 institutionum
727 1033 754 1049 ob-

380 1057 457 1072 servantia
470 1059 486 1072 et
500 1055 595 1075 Apostolicae
610 1056 653 1072 Sedis
667 1056 753 1072 ohedientia

380 1080 479 1099 confirmare,
490 1081 506 1095 et
516 1079 551 1098 alia.
560 1083 599 1099 quae
606 1083 634 1099 pro
641 1083 696 1095 eorum
703 1080 754 1096 salute

380 1105 396 1119 et
407 1103 442 1119 fidei
452 1102 535 1119 catholicae
546 1103 655 1122 propagatione
667 1104 753 1119 secundum

380 1127 430 1142 Deum
440 1126 513 1146 expedire
527 1126 625 1146 indicaveris,
635 1126 720 1143 dummodo
730 1127 753 1143 iu-

380 1150 455 1166 dicialiter
468 1154 500 1165 non
515 1150 604 1169 procedant,
615 1149 670 1169 iacere,
682 1154 711 1166 nee
721 1154 753 1166 non

380 1173 420 1189 cirta
430 1173 469 1188 bona
479 1172 584 1192 ecelesiastica,
595 1177 635 1193 quae
645 1174 753 1193 quoquomodo

380 1196 453 1212 destituta
462 1198 516 1215 erunt,
524 1200 544 1212 ue
551 1196 569 1212 acl
577 1200 632 1212 manus
639 1196 752 1213 haereticorum

380 1220 469 1239 deveniant,
475 1221 563 1240 opportune
570 1220 657 1239 providere,
663 1222 678 1236 et
683 1223 753 1241 propter—

380 1247 397 1259 ea
407 1243 426 1259 de
436 1243 467 1259 illis
477 1243 562 1259 dummodo
573 1242 641 1259 valorem
652 1244 696 1260 mille
702 1246 752 1260 scuto-

380 1271 416 1283 rum
429 1270 512 1282 cureorum
524 1266 592 1286 fructus,
607 1267 675 1283 redditus
687 1270 703 1284 et
717 1272 752 1288 pro-

379 1292 436 1306 ventus
446 1290 494 1306 annui
505 1291 568 1306 centum
579 1290 644 1306 tlorenos
655 1293 726 1308 monetae
735 1292 753 1308 il-

379 1313 430 1329 larum
435 1314 502 1333 partium
509 1317 541 1329 non
547 1314 627 1333 excedant,
633 1318 662 1330 nec
667 1319 699 1331 nou
705 1316 752 1331 etiam

378 1337 398 1353 de
403 1337 434 1353 illis
440 1337 483 1353 bonis
488 1337 571 1353 mobilibus
576 1339 592 1353 et
597 1337 708 1357 immobilibus,
713 1343 752 1359 quae

378 1360 484 1376 ecclesiasticis
493 1364 501 1376 a
512 1360 627 1380 poenitentibus
642 1365 669 1381 pro
682 1364 753 1382 tempore

378 1383 440 1400 restitui
446 1384 534 1403 contigerit,
541 1384 557 1399 in
563 1384 596 1404 pios
601 1388 638 1400 usus
645 1387 671 1401 aut
678 1385 715 1401 alias
722 1386 752 1402 dis-

378 1411 442 1427 ponere,
453 1407 474 1422 ita
488 1409 540 1423 tamen
554 1408 595 1427 quod
610 1408 698 1424 huiusmodi
712 1409 751 1425 bona

378 1430 478 1449 venditionis,
488 1430 612 1450 permutationis,
620 1433 646 1447 ant
653 1431 689 1447 ¹ilias
696 1432 751 1451 quovis

378 1453 424 1469 titulo
434 1454 531 1469 alienationis
545 1454 589 1470 nullo
600 1456 643 1474 pacto
655 1454 751 1474 alienentur,

378 1477 407 1492 nisi
418 1477 437 1492 de
444 1477 513 1493 eiusdem
520 1477 588 1493 utilitate
594 1481 622 1493 seu
629 1478 720 1494 necessitate
727 1483 751 1495 ec-

377 1500 430 1516 clesiae
441 1500 534 1520 constiterit,
542 1503 558 1516 et
564 1501 662 1517 alienationis
669 1506 713 1517 causa
720 1506 728 1517 a
736 1504 751 1518 te

377 1523 439 1543 probata
450 1523 503 1542 fuerit,
511 1524 556 1540 cuius
566 1524 674 1541 conscientiam
685 1526 751 1545 desuper

377 1550 465 1566 oneramus,
476 1549 492 1563 et
502 1547 587 1563 dummodo
601 1547 680 1568 dispositio
691 1549 719 1564 ista
729 1549 751 1565 sic

378 1571 410 1589 ssat,
422 1573 438 1586 ut
448 1571 462 1586 si
472 1571 554 1591 aliquando
569 1572 654 1591 contingat,
668 1573 709 1592 quod
722 1577 751 1588 nos

378 1594 453 1611 desiderio
460 1594 570 1614 desideramus,
578 1595 668 1611 catholicam
675 1596 723 1612 iidem
729 1596 751 1612 ihi

648 250 681 264 tun.
693 252 739 263 pour.
751 252 771 263 nn
782 247 796 263 iv.
808 251 822 263 1.
835 250 876 263 tans
887 251 897 263 t.

787 282 854 301 restitui,
865 284 881 298 et
893 279 980 302 provincias
993 282 1054 298 easdem
1064 286 1073 297 a
1083 281 1161 297 catholicis

786 308 802 321 et
813 306 887 325 legitimis
894 306 961 321 dominis
968 305 1063 325 recuperari,
1071 305 1111 321 bona
1118 309 1161 325 prae-

787 329 826 345 dicta
836 329 854 345 ad
865 329 936 345 ecclesias
942 333 970 345 seu
978 329 1009 345 loca
1017 329 1047 349 pia,
1055 330 1073 345 ad
1080 333 1121 349 quae
1127 333 1162 349 per-

787 352 863 371 tinebant.
871 352 941 371 redeant,
950 353 982 372 ipso
990 352 1029 371 iure,
1038 357 1054 368 ac
1062 352 1093 368 illis
1100 353 1160 368 restitui

786 376 859 395 debeant;
871 376 946 396 liceatque
959 375 1023 391 interim
1037 376 1116 392 catholicis
1126 376 1160 396 qui-

786 399 882 419 buscumque
889 399 934 418 bona,
942 403 984 419 quae
988 400 1006 415 ad
1014 400 1084 415 ecclesias
1092 400 1160 420 aliquan·

786 423 805 438 do
815 423 921 442 pertinebant,
933 423 1025 441 conducere,
1039 425 1133 443 pactumque
1144 423 1159 439 in

786 447 862 462 locatione
872 447 940 466 pretium
953 446 1016 462 locatori
1030 448 1109 469 tamquam
1120 446 1160 462 iusto

786 470 874 490 possessori,
885 470 918 485 sive
925 470 978 489 haero,
986 472 1069 489 praestare,
1080 474 1109 485 nec
1120 470 1159 485 iusto

785 493 848 509 domino
859 493 937 509 ullatenus
947 494 965 509 ad
973 493 1088 509 restitutionem
1096 494 1159 509 tenean-

786 518 817 535 tur.
828 516 854 532 sed
866 518 882 532 ut
893 516 961 535 lucrum,
969 517 1010 536 quod
1021 517 1057 532 inrle
1066 516 1117 532 toi-san
1124 520 1159 536 per-

784 540 860 559 ceperint,
871 540 912 555 salva
922 540 1016 556 conscientia
1028 540 1104 559 possidere
1111 542 1127 556 et
1134 544 1158 556 re-

785 563 841 582 tinere,
849 567 866 579 ao
876 564 924 579 etiam
931 563 971 583 quod
980 563 996 579 in
1003 563 1062 579 eisdem
1070 563 1107 579 locis
1114 563 1158 579 dum-

785 589 826 602 taxat
836 587 869 602 illas
879 591 957 606 personas,
965 591 1004 607 quae
1011 587 1058 603 etiam
1066 587 1117 603 forsan
1125 590 1159 607 post

785 610 905 630 publicationem
912 610 976 626 Concilii
985 611 1072 627 Tridentini
1079 611 1096 626 in
1104 615 1158 627 eorum

786 634 822 649 locis
832 636 848 649 et
858 634 933 653 parochiis
944 633 1014 653 legitime
1024 634 1084 653 iactam,
1091 635 1125 650 sive
1135 635 1158 650 uti

785 657 822 673 iuris
833 657 889 676 ignari,
900 657 933 673 sive
943 657 963 673 ob
972 657 1054 677 antiquum
1066 658 1098 673 eius
1109 659 1158 674 natio-

784 681 808 696 nis
815 680 887 699 abusum,
895 680 920 696 vel
927 681 969 701 quia,
977 681 1045 697 ecelesiis
1052 681 1071 697 nt>
1077 682 1158 698 haereticis

784 704 867 724 occupatis.
878 704 952 720 catholico
962 704 1028 724 parocho
1038 705 1121 721 destitutae
1131 709 1157 721 ne-

784 731 814 747 que
824 727 888 743 alterius
898 727 968 743 catholici
975 728 1058 744 sacerdotis
1065 729 1125 748 copiam
1132 729 1158 744 ha-

784 751 843 770 benteS,
855 751 973 767 matrimonium
988 751 1029 767 inter
1042 755 1057 767 se
1071 751 1119 767 [orma
1130 756 1158 772 per

783 774 843 790 dictum
852 774 939 790 Concilium
947 774 1057 791 Tridentinum
1065 775 1156 795 praescripta

784 798 849 813 minime
856 800 921 817 servata,
927 800 943 813 et
950 798 1065 814 haereticorum
1073 803 1116 814 more
1121 803 1157 815 con-

783 821 866 840 traxerint,
872 821 910 837 acin
916 821 1016 837 matrimonio
1023 826 1087 838 manere
1093 822 1156 842 utrique

783 845 856 864 coniuges
867 844 935 864 cupiant,
946 849 978 860 non
992 847 1043 861 tamen
1054 845 1096 861 iuter
1106 850 1156 862 ascen-

782 868 837 884 dentes
844 870 860 884 et
866 868 983 887 descendentes,
991 870 1007 884 et
1015 869 1099 885 dummodo
1107 869 1156 888 primo

782 894 797 907 et
808 891 876 907 secundo
886 891 903 907 in
914 891 954 907 linea
964 892 1023 911 aequali
1035 892 1083 912 gradu
1092 896 1156 908 consan-

782 915 863 934 guinitatis
873 914 899 930 vel
908 914 987 931 affinitatis
998 919 1030 931 non
1040 915 1077 935 sint,
1089 920 1119 931 nec
1128 916 1156 931 ali-

782 939 809 958 qui
819 942 875 954 eorum
885 940 922 954 voto
932 938 1013 958 religionis
1022 941 1038 955 et
1048 939 1122 955 castitatis
1130 940 1155 956 ad-

781 962 836 981 stricti,
846 966 874 977 sen
884 961 936 982 aliquo
946 966 989 978 sacro
999 962 1053 978 ordine
1061 963 1117 979 initiati
1124 963 1155 979 exi-

781 987 828 1004 stant,
840 985 910 1005 imposita
921 985 957 1005 ipsis
967 989 995 1005 pro
1007 986 1052 1002 modo
1059 986 1114 1007 culpae
1120 991 1156 1006 poe-

782 1008 847 1025 nitentia
857 1008 920 1024 salutari
931 1009 950 1024 ab
960 1009 1027 1025 haeresis
1038 1009 1077 1028 labe,
1087 1010 1155 1026 incestus

781 1034 831 1051 reatu,
842 1034 858 1048 et
872 1032 1037 1048 excommunicationis
1049 1035 1065 1049 et
1076 1033 1155 1049 interdicti

781 1055 846 1075 aliisque
855 1055 960 1071 ecclesiasticis
967 1056 1043 1075 censuris,
1051 1057 1132 1073 sententiis
1139 1060 1155 1073 et

781 1079 835 1098 poenis
842 1078 898 1098 quovis
905 1079 951 1094 modo
959 1081 975 1094 et
981 1083 1080 1099 quacumque
1084 1080 1104 1096 de
1111 1084 1154 1096 causa

781 1102 820 1121 latis,
831 1106 869 1122 quas
878 1104 942 1122 propter
949 1102 1032 1122 praemissa
1038 1103 1154 1122 quomodolibet

781 1126 887 1145 incurrerunt,
899 1127 914 1141 et
924 1126 1013 1142 excessibus
1024 1126 1040 1142 in
1048 1128 1114 1147 utroque
1121 1127 1154 1143 roro

780 1149 866 1168 absolvere,
877 1153 906 1165 nec
916 1153 948 1165 non
956 1153 993 1165 cum
1000 1150 1028 1168 eis,
1036 1152 1054 1166 ut
1061 1150 1122 1170 publice
1129 1150 1154 1166 vel

777 1170 840 1188 'occulte
851 1172 911 1188 ratione
921 1172 955 1192 loci,
963 1177 1065 1193 personarum
1073 1176 1088 1190 et
1096 1176 1154 1194 tempo-

780 1196 802 1211 ris
809 1196 908 1212 matrimonia
913 1196 956 1212 inter
962 1200 979 1212 se
985 1197 1005 1212 de
1011 1201 1052 1213 novo
1056 1198 1153 1217 contrahere,

781 1223 797 1235 ac
808 1219 825 1235 in
838 1219 860 1235 eis
874 1220 973 1239 postmodum
986 1224 1068 1236 remanere
1079 1221 1127 1237 libere
1137 1225 1154 1237 ac

781 1242 822 1258 licite
830 1243 892 1259 valeant
898 1243 991 1263 dispensare,
999 1244 1091 1264 prolemque
1098 1245 1155 1260 exinde

780 1269 867 1286 susceptam
877 1268 893 1282 et
905 1267 1019 1287 suscipiendam
1032 1268 1118 1287 legitimam
1128 1269 1155 1284 de-

780 1294 850 1309 cernere,
864 1292 890 1306 aut
900 1291 913 1306 si
927 1293 961 1311 post
975 1291 1043 1311 priorem
1056 1294 1154 1307 contractum

781 1314 877 1329 matrimonii
892 1314 949 1330 mulier
960 1314 975 1330 in
987 1314 1063 1331 haeresim
1077 1315 1118 1335 lapsa
1128 1315 1153 1334 sit,

780 1341 809 1353 nec
819 1337 858 1353 velit
866 1337 889 1353 uti
896 1338 982 1358 presbyteri
990 1338 1061 1354 catholici
1068 1342 1119 1358 opera,
1127 1341 1153 1355 aut

780 1360 838 1376 iterum
848 1361 939 1377 catholicam
946 1362 1037 1381 nuptiarum
1044 1363 1111 1379 sormam
1118 1363 1153 1379 sub-

780 1384 809 1403 ire,
821 1384 872 1400 habito
882 1384 915 1400 solo
926 1385 1007 1406 utriusque
1015 1388 1070 1402 mutuo
1077 1391 1153 1403 consensu

780 1408 796 1424 in
804 1408 904 1424 matrimonio
911 1410 1011 1429 permanendi
1019 1412 1035 1425 et
1041 1410 1152 1429 commorandi,

779 1431 836 1451 absque
844 1434 896 1448 tamen
904 1433 998 1449 contumelia
1005 1434 1087 1453 Creator-is,
1095 1438 1112 1450 ac
1119 1438 1154 1454 pro-

779 1454 810 1470 lem
820 1457 906 1477 susceptam
917 1457 932 1471 et
942 1456 1055 1476 suscipiendam
1067 1457 1153 1477 legitimam

779 1479 869 1498 decernere,
880 1484 896 1495 ac
906 1484 942 1495 cum
950 1480 983 1495 aliis
990 1480 1114 1501 quibuscumque
1120 1481 1153 1496 illa-

779 1506 814 1518 rum
825 1503 893 1523 partium
908 1503 977 1523 personis
990 1504 1075 1523 catholicis,
1086 1508 1126 1524 qnae
1135 1504 1152 1520 in

779 1528 833 1546 quarto
848 1526 919 1546 simplici,
931 1527 956 1542 vel
967 1527 1014 1543 tertio
1025 1530 1041 1543 et
1051 1530 1106 1547 quarto
1116 1532 1153 1544 con-

778 1549 887 1569 sanguinitatis
896 1554 924 1566 seu
938 1549 1018 1566 affinitatis
1029 1550 1076 1570 gradu
1087 1551 1153 1567 coniun-

778 1574 816 1592 ctae,
824 1577 852 1589 seu
859 1577 876 1589 se
882 1573 973 1593 attinentes,
981 1574 1001 1589 ob
1008 1574 1120 1594 catholicorum
1127 1579 1153 1595 pe-

779 1596 841 1612 nuriam
850 1596 969 1613 matrimonium
979 1597 1071 1613 contrahere
1081 1597 1130 1614 iibere
1136 1602 1153 1614 ac

1177 247 1207 261 An.
1215 247 1232 261 Ο.
1243 247 1277 261 1790
