4750 6980
895 569 964 616 rlts
985 568 1034 612 ΡΡ.
1059 565 1100 610 Vl.

234 705 389 768 ordinatus
411 711 440 766 et
462 709 655 766 consecratus
676 700 782 772 inerit,
799 697 829 758 in
852 692 970 756 coadiu-

234 809 327 862 torem
355 802 544 877 perpetuum
564 804 594 857 et
616 791 847 855 irrevocabilem
875 785 969 858 illius,

232 893 280 970 qui
302 891 390 954 alteri
412 891 471 952 erit
491 897 657 968 superstes,
673 901 744 950 eum
760 883 860 964 plena,
876 878 971 941 liberal

231 993 260 1048 et
276 983 454 1046 omnimoda
469 983 612 1044 facultate
630 989 661 1043 et
675 973 970 1042 auctoritateomnia

230 1087 259 1139 et
278 1078 414 1154 singula,
431 1092 509 1154 qnae
530 1075 564 1137 ad
589 1072 764 1136 huiusmodi
787 1067 971 1132 coadiutoris

229 1170 363 1232 officium
379 1171 417 1231 de
433 1171 499 1232 iure
516 1169 563 1231 vel
586 1165 819 1238 consuetudine,
833 1169 884 1222 aut
899 1161 970 1220 alias

229 1262 459 1342 quomodolibet
491 1263 668 1341 pertinent,
700 1261 791 1320 etiam
818 1271 863 1328 ea,
894 1267 970 1332 quae

227 1365 298 1418 sunt
320 1357 439 1418 ordinis
461 1364 492 1417 et
513 1354 603 1417 officii
620 1350 812 1430 pontiticalis,
829 1346 968 1418 laciendi,

229 1449 369 1526 gerendi,
387 1447 568 1528 procurandi
583 1456 613 1510 et
629 1443 805 1517 exercendi,
822 1443 859 1504 de
875 1439 969 1510 illius,

229 1543 280 1622 qui
291 1550 448 1620 superstes
462 1542 533 1616 erit,
546 1541 580 1601 ad
593 1541 621 1603 id
639 1539 742 1600 habito
754 1536 803 1598 vel
817 1532 968 1605 habendo,

230 1653 261 1698 ac
282 1636 432 1714 requisito
457 1652 510 1697 seu
542 1633 727 1712 requirendo
754 1638 784 1691 et
810 1629 970 1690 accedente

228 1744 393 1803 consensu,
423 1735 526 1803 motu,
556 1726 695 1801 scientie,
725 1723 917 1796 auctoritate,
942 1725 971 1780 et

232 1830 336 1884 tenore
368 1820 508 1900 praetatis
539 1819 757 1881 constituimus
787 1826 818 1877 et
846 1816 971 1892 deputa-

231 1932 314 1978 mus:
339 1930 400 1977 nec
418 1931 492 1988 nou,
515 1913 680 1991 superstite
698 1913 826 1973 cedente
849 1906 898 1969 vel
920 1907 970 1969 de-

229 2011 367 2084 cedente,
384 2016 436 2070 aut
450 2007 680 2086 quomodolibet
695 2006 732 2066 ab
746 2003 843 2066 officio
859 2001 969 2064 vicarii

231 2103 390 2182 Apostolici
422 2101 599 2163 huiusmodi
627 2099 798 2171 desinente,
829 2113 866 2160 ea
888 2111 971 2157 nunc

231 2202 321 2274 prout
342 2211 379 2257 en
400 2201 487 2268 tune,
505 2194 555 2256 vel
570 2201 687 2267 contra,
705 2192 804 2269 ipsum
826 2191 869 2252 sic
889 2189 969 2251 ordi·

232 2297 338 2352 natum
359 2295 390 2350 et
410 2293 634 2361 consecratum,
657 2286 689 2348 in
714 2285 871 2350 vicarium
894 2285 971 2359 hpo·

231 2383 374 2444 stolicum
388 2382 421 2443 in
437 2381 514 2444 dicth
529 2381 687 2458 provincia
703 2377 890 2441 Sutchuensi
906 2376 970 2437 loco

232 2477 323 2555 ipsius
337 2475 468 2538 coadiuti
483 2475 618 2537 cedentis
632 2479 684 2534 aut
699 2470 885 2546 decedentis,
900 2485 970 2532 cum

234 2569 373 2631 omnibus
386 2576 419 2630 et
432 2567 564 2644 singulis
578 2566 770 2628 facultatibus
785 2566 829 2627 illi
844 2567 881 2627 ab
892 2567 969 2642 hpo·

232 2662 334 2726 stolich
356 2661 435 2725 Sede
457 2661 526 2722 alias
555 2660 726 2734 attributis,
749 2661 845 2723 donoc
868 2669 971 2720 tamen

233 2766 263 2818 et
282 2771 442 2835 quousque
463 2771 478 2816 a
496 2755 582 2818 nobis
603 2753 653 2815 vel
667 2753 704 2815 ab
718 2753 824 2817 eadem
846 2755 972 2830 Aposto-

234 2850 287 2912 lica
307 2849 385 2914 Sede
414 2847 503 2910 aliter
530 2848 709 2910 mandatum
736 2855 766 2908 et
790 2847 971 2924 dispositum

233 2944 335 3018 luerit,
364 2951 463 3016 motu,
491 2941 669 3003 scientiaea
692 2941 872 3003 auctoritate
892 2940 971 3016 pari·

234 3037 298 3112 bus,
311 3035 491 3098 earumdem
506 3035 715 3115 praesentium
739 3043 847 3096 tenore
861 3034 971 3095 substi-

234 3130 345 3192 tuimus
366 3137 397 3190 et
417 3127 631 3206 subrogamus.

269 3223 336 3298 §in
359 3223 444 3297 Quod
469 3223 494 3284 si
521 3221 646 3283 interim
678 3228 866 3283 memoratus
887 3221 972 3282 loan-

233 3333 283 3378 nes
314 3315 488 3378 Desiderius
521 3315 688 3394 Episcopus
716 3315 911 3380 Caradrensis
938 3331 971 3377 ac

233 3409 366 3472 llicarius
387 3409 579 3486 Apostolieue
601 3409 730 3484 deficiat,
754 3409 793 3472 ita
817 3417 851 3471 ut
873 3409 971 3471 dictus

232 3501 348 3566 Gabriel
369 3501 523 3564 'laurinus
545 3501 686 3564 Dulresse
709 3503 816 3578 vigore
837 3503 970 3581 praedic-

232 3605 330 3658 tarum
353 3601 529 3657 nostrarum
551 3594 713 3658 literarum
735 3598 766 3656 in
787 3597 852 3658 eius
870 3596 971 3658 locum

230 3691 374 3752 collectus
388 3691 438 3765 sit,
452 3690 550 3752 eidem
573 3690 705 3752 Gabrieli
728 3690 874 3767 Taurino,
891 3698 970 3767 post-

228 3799 319 3864 quam
340 3782 378 3844 ad
400 3783 566 3844 Ecclesiam
588 3783 820 3858 lamecensem,
838 3795 872 3847 ut
887 3799 970 3860 prae·

229 3876 339 3950 lertur,
362 3875 456 3938 luerit
484 3881 654 3954 promotus,
677 3883 768 3954 atque
794 3877 825 3938 in
850 3877 971 3954 Episco-

228 3985 305 4049 pum
325 3969 504 4032 huiusmodi
531 3969 690 4032 ordinatus
712 3977 742 4030 et
766 3979 971 4046 consecratus,

229 4077 259 4131 et
284 4067 582 4130 administrationem
604 4063 773 4128 vicariatus
806 4065 970 4146 Apostolici

228 4161 354 4240 praelati
380 4159 562 4238 susceperit,
594 4159 637 4220 illi
666 4161 786 4222 easdem
814 4158 971 4221 facultates

228 4255 297 4330 sibi,
314 4269 428 4332 nempe
442 4253 576 4329 eligendi
592 4255 624 4315 in
641 4255 856 4317 andintorem
872 4273 970 4319 unum

228 4348 476 4428 expresbyteris
499 4346 668 4409 vicariatus
691 4349 857 4426 hpostolici
887 4366 970 4428 prae-

229 4443 279 4503 lati
308 4456 445 4520 eumque
474 4442 505 4502 in
536 4442 721 4520 Episcopum
749 4443 970 4506 Caradrensem

229 4534 388 4598 ordinandi
409 4541 440 4596 et
470 4533 679 4608 consecrandi,
711 4543 808 4610 motu,
830 4537 969 4614 scientia,

229 4629 409 4692 auctoritate
424 4639 455 4690 et
472 4637 578 4690 tenore
599 4630 760 4708 praedictis
775 4632 970 4693 concedimus

231 4724 342 4802 pariter
364 4730 394 4784 et
416 4721 627 4798 indulgemus:
651 4723 755 4801 sicque
777 4723 813 4784 ab
835 4740 870 4785 eo
892 4725 969 4786 elec·

231 4826 295 4879 tum
318 4834 351 4878 ac
373 4817 405 4878 in
428 4817 612 4895 Episcopum
640 4815 862 4879 Caradrensem
890 4819 969 4880 ordi-

231 4919 336 4976 natum
358 4919 389 4972 et
409 4917 621 4972 consecratum
643 4913 673 4972 in
696 4927 788 4973 suum
811 4911 972 4975 coadiuto-

231 5022 295 5068 rem
313 5013 500 5083 perpetuum
514 5010 544 5065 et
559 5003 802 5078 irrevocabilem,
819 5021 890 5067 cum
905 5021 970 5066 om-

232 5099 320 5161 nibus
341 5106 373 5160 et
399 5099 529 5174 singulis
557 5097 687 5172 iuribus,
715 5097 908 5160 facultatibus
940 5109 970 5162 et

226 5194 409 5280 auctoritate
423 5193 573 5256 similibus
587 5195 814 5258 coadiutoribus
828 5195 924 5259 solitis
939 5206 969 5259 et

233 5286 393 5361 consuetis,
410 5303 443 5348 ac
457 5287 627 5350 coadiutori
642 5287 748 5364 vigore
762 5292 969 5366 praesentium

233 5379 373 5456 eligendo
394 5381 571 5458 impertitis,
587 5382 805 5445 constituimus
820 5391 849 5445 et
864 5385 971 5446 subro-

234 5487 347 5548 gamus.
373 5472 519 5536 Volentes
540 5483 656 5551 tamen,
680 5483 714 5537 ut
730 5477 767 5537 de
782 5479 968 5553 praemissis,

233 5566 446 5644 quantocitius
463 5567 528 5628 lieri
545 5570 669 5645 poterit,
686 5568 736 5631 vel
751 5578 905 5648 superstes
920 5572 968 5632 vel

233 5668 416 5723 memoratus
443 5659 564 5724 Gabriel
587 5661 740 5725 laurinus
762 5679 817 5724 nos
839 5671 869 5725 et
892 5666 969 5744 hpo·

232 5752 364 5816 stolicam
396 5753 508 5816 Sedcm
538 5754 684 5818 certiores
716 5755 816 5818 lacere
840 5759 969 5820 omuino

163 5895 183 5939 ·
232 5843 344 5908 debeat.
368 5847 515 5909 Ceterum
530 5847 682 5924 praedicto
706 5848 851 5927 Episcopo
865 5851 918 5924 sic,
935 5860 969 5912 ut

234 5941 448 6016 praemittitur,
457 5941 612 6017 eligendo,
625 5950 658 6004 nt
670 5942 733 6021 ipse
745 5945 779 6006 ad
792 5943 967 6019 Ecclesiam,

332 6087 383 6134 latr.
402 6087 469 6133 Pont.
485 6087 515 6134 de
530 6089 603 6148 Prop.
621 6087 681 6136 Fide
696 6092 777 6138 Partis
791 6097 810 6140 1.
826 6093 878 6138 vol.
894 6093 931 6136 tv.

1026 688 1074 749 cui
1104 685 1281 748 earumdem
1315 681 1524 762 praesentium
1549 675 1655 751 vigore
1684 683 1768 748 prae·

1027 780 1122 842 lectus
1144 779 1253 852 luerit,
1283 776 1430 854 quamdiu
1454 772 1503 834 illa
1525 770 1562 831 ab
1592 761 1767 828 infidelibus

1027 871 1228 946 detinebitur,
1256 869 1399 932 accedere
1420 873 1450 928 et
1472 862 1549 943 apud
1578 875 1644 923 eam
1666 870 1769 935 perso-

1028 966 1139 1028 naliter
1170 965 1314 1026 residere
1332 962 1462 1024 minime
1490 964 1642 1025 teneatur,
1667 957 1766 1021 motu,

1026 1058 1150 1120 scientia
1166 1066 1195 1119 et
1210 1057 1392 1120 auctoritate
1413 1052 1546 1131 paribus,
1562 1049 1674 1110 harum
1689 1042 1768 1104 serie

1027 1149 1223 1213 concedimus
1246 1157 1276 1210 et
1297 1149 1507 1224 indulgemus.

1066 1244 1133 1318 55.
1159 1243 1227 1304 Non
1258 1242 1450 1304 obstantibus
1479 1234 1650 1317 apostolicis
1681 1248 1713 1292 ac
1736 1230 1767 1290 in

1027 1337 1251 1400 universalibus
1272 1333 1571 1414 provincialibusque
1589 1337 1620 1390 et
1640 1326 1767 1404 synoda·

1027 1431 1106 1492 libus
1132 1429 1269 1491 conciliis
1296 1429 1385 1492 editis
1407 1425 1603 1502 generalibus
1629 1420 1678 1480 vel
1702 1431 1768 1494 spe-

1016 1523 1151 1586 cialibus
1165 1521 1439 1586 constitutionibus
1456 1527 1486 1580 et
1509 1512 1766 1583 ordinationibus,

1025 1617 1213 1695 caeterisque
1241 1614 1402 1677 contrariis
1423 1612 1681 1690 quibuscumque.

1066 1711 1084 1784 ἓ
1105 1711 1134 1771 6.
1160 1709 1310 1770 Volumus
1324 1715 1429 1769 antem
1452 1713 1487 1768 ut
1508 1701 1718 1782 praesentium
1734 1697 1769 1758 li-

1029 1813 1165 1866 terarum
1189 1801 1399 1880 transumptis
1423 1815 1477 1860 seu
1500 1793 1660 1873 exemplis,
1677 1793 1769 1854 etiam

1028 1897 1194 1976 impressis,
1209 1911 1301 1957 manu
1314 1893 1441 1960 alicuius
1453 1890 1562 1954 notarii
1575 1886 1687 1967 publici
1698 1885 1769 1947 sub-

1026 1992 1145 2068 scriptis
1167 2001 1197 2053 et
1222 1990 1324 2066 sigillo
1345 2002 1493 2065 personae
1516 1986 1547 2044 in
1568 1979 1768 2044 ecclesiastica

1027 2086 1176 2162 dignitate
1196 2084 1380 2148 constitutae
1402 2079 1542 2151 munitis,
1565 2075 1670 2138 eadem
1686 2089 1771 2152 pror-

1026 2203 1077 2246 sus
1100 2186 1173 2246 ades
1188 2183 1379 2251 adhibeatur,
1392 2193 1469 2255 quae
1485 2174 1682 2238 adhiberetur
1697 2170 1769 2246 ipsis

1027 2278 1250 2359 praesentibus,
1266 2273 1407 2335 silerent
1428 2269 1582 2332 exhibitae
1603 2265 1651 2327 vel
1668 2273 1769 2326 osten-

1026 2392 1086 2437 sae.

1067 2469 1178 2531 Datum
1199 2465 1277 2544 apud
1301 2460 1526 2524 monasterium
1552 2455 1769 2518 hlonachorum

1028 2557 1150 2627 Ordinis
1171 2556 1366 2622 carthusien.
1391 2559 1474 2614 entra
1497 2549 1617 2611 moenia
1639 2546 1770 2609 civitatis

1029 2654 1237 2726 Florentinae,
1253 2651 1310 2711 sub
1324 2646 1441 2709 arinulo
1460 2643 1620 2706 Piscatoris
1635 2640 1684 2701 die
1699 2655 1767 2700 viu.

1029 2749 1151 2825 augusti
1186 2758 1406 2814 aeconomia,
1440 2739 1634 2816 pontificatus
1671 2733 1769 2796 nostri

1028 2862 1110 2908 anno
1132 2847 1218 2904 xxiv.

1279 3035 1515 3050 ...nn—nm

1319 3219 1469 3284 CXXVll.

1029 3415 1140 3476 Elecot
1165 3414 1266 3474 ritem
1289 3409 1382 3488 officii
1404 3406 1617 3470 ccattattoats
1634 3405 1771 3468 Sanctae

1069 3505 1182 3570 croco
1209 3502 1372 3580 adaplici
1401 3502 1518 3564 maiori
1546 3501 1586 3562 od
1615 3500 1770 3578 duplicem

1067 3599 1221 3661 secundae
1243 3596 1355 3659 classis
1378 3611 1448 3657 caat
1480 3603 1590 3656 catara
1613 3609 1670 3672 pro
1694 3594 1770 3654 civi-

1070 3697 1135 3754 tate
1157 3691 1303 3752 timone.
1343 3704 1345 3708 ·

1276 3857 1363 3928 etus
1386 3859 1445 3926 ΡΡ.
1470 3857 1516 3924 lli.

1166 3987 1202 4054 ad
1224 3985 1355 4052 lateran
1382 3985 1424 4051 rei
1447 3984 1625 4050 memoriam.

1067 4167 1085 4240 ἓ
1110 4165 1135 4226 l.
1161 4165 1251 4239 Cum,
1268 4163 1347 4223 sicut
1362 4160 1464 4222 dilecti
1481 4161 1538 4222 tilii
1553 4161 1652 4228 clerus
1667 4177 1770 4223 saecu·
1810 4170 1884 4231 tatio
1899 4179 1998 4217 conces-

1028 4259 1099 4320 lnris
1120 4265 1150 4319 et
1178 4257 1330 4334 regularis
1359 4255 1490 4319 civitatis
1511 4255 1658 4317 Limanae
1682 4255 1769 4316 nobis

1029 4368 1129 4430 nuper
1150 4351 1261 4428 exponi
1290 4349 1443 4423 lecerunt,
1470 4349 1524 4425 ipsi
1555 4365 1609 4427 pro
1636 4365 1685 4420 eo,
1708 4366 1769 4426 quo

1028 4445 1059 4505 in
1072 4444 1185 4506 Christi
1198 4443 1320 4504 Domini
1332 4443 1502 4520 passionem
1518 4441 1705 4516 alliciuntur,
1719 4444 1770 4503 de-

1027 4539 1162 4600 votionis
1183 4537 1303 4611 ellectu,
1326 4535 1464 4597 eiusdem
1486 4535 1605 4597 cultum
1627 4543 1657 4598 et
1677 4551 1769 4597 vene-

1027 4632 1179 4693 rationem
1203 4632 1233 4692 in
1256 4632 1319 4692 dies
1340 4630 1446 4706 augeri
1474 4645 1672 4708 summopere
1693 4627 1770 4690 desi-

1027 4726 1147 4787 derent:
1172 4723 1264 4786 Nobis
1288 4732 1448 4801 propterea
1470 4723 1630 4784 humiliter
1652 4725 1769 4802 suppli-

1026 4820 1086 4880 cari
1108 4818 1259 4892 lecerunt,
1282 4827 1317 4880 ut
1336 4818 1394 4879 sibi
1416 4820 1447 4879 in
1470 4818 1642 4895 praemissis
1663 4833 1772 4895 oppor-

1028 4921 1104 4974 tune
1124 4911 1304 4989 providere,
1334 4919 1363 4971 et
1388 4920 1422 4973 ut
1445 4911 1522 4973 inlra
1549 4910 1711 4986 indulgere
1733 4910 1770 4971 de

1027 5009 1218 5084 benignitate
1239 5008 1399 5085 apostolica
1421 5008 1632 5084 dignaremur.

1066 5103 1134 5178 §E
1160 5101 1220 5164 Nos
1242 5103 1338 5177 igitur
1364 5101 1459 5163 dictos
1487 5107 1678 5178 exponentes
1702 5115 1768 5177 spe·
1801 5114 1999 5172 ‚nenoteanes

1025 5196 1150 5258 cialibus
1162 5196 1266 5272 gratiis
1287 5202 1317 5254 et
1336 5193 1491 5255 favoribus
1506 5193 1651 5270 prosequi
1666 5191 1769 5254 volon-
1787 5164 1875 5210 ΜΒ·

1028 5298 1082 5362 tes,
1099 5296 1129 5350 et
1145 5303 1252 5351 eorum
1268 5287 1438 5364 singulares
1454 5303 1598 5365 personas
1613 5305 1628 5346 a
1643 5287 1770 5368 quibus-

1027 5382 1071 5441 vis
1106 5381 1454 5456 excommunicationis,
1491 5381 1701 5458 suspensionis
1737 5387 1768 5443 et

1027 5475 1195 5549 interdicti,
1224 5475 1352 5553 aliisque
1380 5475 1591 5537 ecclesiasticis
1619 5476 1767 5550 censuris,

1026 5570 1186 5632 sententiis
1198 5577 1228 5631 et
1243 5571 1350 5647 poenis
1361 5569 1469 5647 quovis
1481 5568 1571 5631 modo
1583 5575 1613 5631 et
1624 5585 1770 5648 quacum-

1027 5681 1087 5740 que
1102 5663 1140 5726 de
1152 5678 1240 5725 causa
1251 5662 1331 5737 latis,
1341 5664 1365 5724 si
1381 5678 1456 5740 quas
1470 5662 1548 5724 lorte
1565 5663 1768 5737 incurrerint,

1027 5757 1119 5818 huius
1142 5763 1263 5819 tantum
1279 5755 1324 5817 rei
1346 5756 1441 5832 gratia
1463 5755 1656 5817 absolventes
1675 5763 1705 5817 et
1720 5755 1769 5816 ab·

1026 5849 1142 5911 solutos
1164 5849 1229 5910 lore
1248 5857 1419 5923 censentes,
1435 5848 1708 5927 supplicationibus
1720 5865 1769 5910 eo-

1026 5959 1102 6005 rum
1119 5943 1246 6006 nomine
1269 5944 1355 6005 nobis
1378 5943 1538 6004 humiliter
1557 5942 1704 6020 porrectis
1727 5942 1769 6004 in·

1690 529 1747 594 [433
1799 521 1852 574 An.
1866 519 1896 572 0.
1919 517 1987 570 1798

1788 4224 1874 4268 sionis.
