4856 7010
1022 573 1119 621 runnu
1141 573 1353 621 nonnrcanurr
1885 554 1945 619 769

416 691 493 756 xvi.
524 691 666 757 Primum
693 692 968 771 archiepiscopum
996 690 1164 776 Primatern
1218 687 1325 754 xviii.
1346 690 1559 772 Reintegratio
1572 693 1652 757 sedis
1666 691 1850 758 Goritiensis
1863 692 1900 755 ad
1914 689 1970 752 iro·

476 787 685 849 armenorum
703 785 987 864 Constantinopolis
1000 783 1087 860 eligit
1101 782 1164 845 An·
1278 801 1388 848 norem
1410 786 1698 865 archiepiscopatus.
1722 785 1791 850 733.

476 881 600 943 ionium
626 879 780 957 Nurigian
802 879 893 942 uenia
914 880 942 940 ei
964 880 1031 942 data
1057 893 1164 939 conse·
1219 877 1300 942 xix.
1323 878 1536 942 Armenorum
1564 879 1647 943 clero
1668 886 1699 942 et
1721 879 1835 959 populo
1864 875 1968 942 Cardi-

476 975 648 1037 crationem
671 973 840 1052 recipiendi
862 988 878 1033 a
900 986 1097 1051 quocumque
1117 986 1164 1032 ca·
1278 971 1355 1034 natis
1384 971 1558 1035 Praefectus
1582 988 1684 1035 sacrae
1707 971 1968 1050 congregationis

477 1067 591 1130 tholico
613 1067 761 1147 Episcopo
782 1067 876 1130 etiam
895 1065 973 1128 ritus
988 1063 1077 1128 latini
1092 1080 1163 1127 curu
1279 1065 1317 1128 de
1338 1064 1535 1145 Propaganda
1555 1066 1641 1142 Fide,
1665 1065 1793 1129 nomine
1814 1065 1845 1130 S.
1863 1066 1968 1128 Ponti·

477 1161 648 1226 assistentia
678 1162 812 1224 duorum
841 1159 1064 1241 Episcoporum
1085 1159 1165 1221 ritus
1278 1159 1354 1230 ficis,
1379 1159 1553 1237 gratulatur
1573 1160 1613 1223 de
1633 1167 1747 1223 cessata
1760 1159 1969 1223 schismatico-

477 1255 570 1318 ctiam
601 1253 688 1317 latini
721 1253 771 1316 vei
800 1252 937 1317 duorum
969 1252 1165 1331 presbytero·
1279 1268 1351 1317 rum
1377 1255 1602 1332 persecutione,
1626 1268 1740 1334 eosque
1768 1253 1912 1317 hortatur
1933 1260 1967 1316 ut

478 1365 560 1413 rum.
585 1349 654 1413 731.
1281 1347 1312 1410 in
1335 1347 1407 1411 fidei
1427 1348 1598 1411 constantia
1622 1354 1833 1428 perseverent.
1858 1347 1925 1411 733.

418 1442 513 1508 xvn.
544 1443 729 1523 Episcopum
758 1443 996 1507 Dromorensem
1023 1439 1164 1506 commis.
1220 1442 1287 1507 XX.
1307 1442 1491 1506 imminutio
1501 1443 1652 1528 festorum
1662 1444 1695 1506 in
1707 1441 1896 1507 dioecesibus
1906 1441 1970 1506 iiil-

478 1537 605 1616 apostol.
629 1539 767 1615 deputat,
789 1545 825 1600 ut
845 1545 955 1617 petens
972 1536 1117 1600 Galvium
1133 1534 1164 1597 in
1279 1535 1411 1600 desiensi
1433 1543 1464 1599 et
1484 1535 1724 1615 osnaburgensi.
1750 1537 1820 1601 738.

478 1631 637 1710 provincia
666 1631 870 1695 Gonnaoiensi
890 1631 923 1720 in
953 1629 1100 1694 Hibernia
1122 1631 1165 1693 toi
1220 1629 1302 1695 XXI.
1327 1631 1499 1694 Confirmat
1520 1631 1705 1695 eiectionem
1719 1629 1886 1710 superioris
1900 1629 1969 1693 Gol-

478 1739 582 1806 pacem
605 1740 791 1804 componere
809 1733 908 1803 curet,
924 1733 956 1788 et
971 1725 1167 1790 difficultates
1280 1723 1352 1800 legii
1374 1723 1478 1790 Sancti
1496 1724 1683 1788 Fertinandi
1697 1723 1831 1788 fratrum
1847 1722 1968 1788 Ordinis

480 1827 650 1894 removeat,
676 1833 754 1898 quae
783 1818 972 1883 intercedere
1003 1817 1104 1880 soient
1132 1820 1165 1882 in
1280 1817 1383 1882 Sancti
1404 1817 1555 1883 Francisci
1576 1817 1614 1882 de
1635 1819 1827 1882 observantia
1842 1815 1967 1899 provin·

480 1911 633 1975 electione
653 1911 814 1991 guardiani
831 1920 859 1976 et
876 1912 1073 1977 vicariorum.
1095 1912 1163 1978 733.
1280 1913 1343 1976 ciac
1364 1913 1547 1978 noricanae.
1572 1911 1640 1977 739.
1911 1909 1914 1914 ’
