4740 6962
27 169 29 220 ι

27 221 29 288 l

1713 541 1772 608 255
1822 540 1921 596 use.
1943 541 2011 594 arao

61 567 98 620 Ab.
108 563 132 615 G.
151 559 215 612 1780
911 565 983 611 vids
1005 565 1054 610 PP.
1080 565 1120 609 vt.

243 687 439 767 plenitudine
459 688 582 768 paribus
604 703 747 752 concesso
768 693 799 750 et
812 688 989 764 impetrate,
1045 699 1117 764 que,
1140 682 1267 746 indultis
1282 689 1313 745 et
1331 681 1429 746 literis
1444 681 1615 760 apostolicis
1630 679 1790 761 quibusvis

243 783 292 845 vel
314 793 457 846 emanato
484 784 662 863 quempiam
684 783 730 845 uti
758 797 867 845 seusa
889 782 988 844 iuvari
1043 776 1252 856 superioribus
1273 787 1304 840 et
1319 775 1456 856 personis
1470 773 1528 838 sub
1542 775 1790 855 quibuscumque

242 876 275 938 in
297 876 409 940 iudicio
431 876 481 938 vel
502 884 589 940 extra
602 875 678 939 illud
693 890 796 954 posse3
813 889 914 952 neque
927 889 990 935 eas·
1044 870 1204 934 tenoribus
1218 877 1249 932 et
1263 869 1382 948 iermis,
1394 887 1428 932 ac
1439 887 1510 933 cum
1522 870 1682 949 quibusvis
1696 869 1789 931 etiam

240 968 312 1031 dem
344 979 522 1048 praesentes
552 970 610 1032 sub
644 969 805 1048 quibusvis
837 966 988 1029 similium
1043 965 1309 1040 derogatoriarum
1330 963 1548 1042 derogatoriis,
1574 963 1705 1042 aliisque
1726 962 1790 1025 elii-

241 1062 291 1124 vel
311 1063 509 1126 dissimilium
532 1063 702 1140 gratiarum
729 1060 987 1135 revocationibus,
1041 1059 1220 1136 cacieribus,
1242 1058 1457 1122 efficacissimis
1471 1065 1502 1122 et
1518 1056 1651 1120 insolitis
1672 1057 1791 1122 clausu·

238 1157 506 1236 suspensionibus,
526 1155 774 1231 limitationibus,
791 1153 990 1218 modisxcatio-
1042 1153 1089 1229 lis,
1112 1171 1145 1218 ac
1166 1153 1369 1228 irritantibus,
1392 1159 1422 1214 et
1444 1151 1510 1214 aliis
1532 1152 1663 1215 decretis
1685 1151 1717 1212 in
1739 1166 1790 1227 ge·

239 1251 348 1326 nibus,
373 1251 643 1328 derogationibus,
673 1250 798 1328 aliisque
826 1247 988 1311 contrariis
1043 1263 1129 1323 neve,
1152 1248 1203 1310 vel
1225 1249 1256 1310 in
1278 1248 1391 1325 specie,
1414 1247 1507 1310 etiam
1532 1253 1631 1321 motu,
1660 1244 1789 1308 scientia

239 1343 493 1422 dispositionibus
521 1360 576 1423 per
597 1358 809 1423 quascumque
832 1341 937 1404 literas
958 1346 988 1402 et
1040 1349 1072 1402 et
1094 1341 1251 1419 potestatis
1272 1339 1466 1420 plenitudine
1482 1339 1616 1419 paribus,
1640 1353 1696 1417 pro
1713 1345 1790 1400 tem·

238 1438 477 1500 constitutiones
498 1437 686 1516 apostolicas,
715 1444 769 1499 aut
789 1434 988 1498 cancellariae
1041 1449 1115 1512 pore
1129 1435 1279 1498 concessis
1293 1443 1323 1497 et
1334 1433 1548 1497 concedendis.
1560 1431 1676 1508 Quibus
1691 1426 1804 1495 omni*

237 1531 422 1609 apostolicae
444 1531 583 1608 regulas,
611 1531 871 1610 quandocumque
896 1528 987 1590 etiam
1042 1527 1097 1589 bus
1118 1535 1149 1590 et
1170 1527 1312 1605 singulis,
1328 1529 1419 1591 etiam
1435 1529 1459 1590 si
1483 1544 1537 1607 pro
1557 1528 1682 1590 illorum
1704 1525 1788 1588 suili-

237 1626 270 1686 in
291 1624 465 1688 crastinum
485 1625 703 1704 assumptionis
719 1631 853 1698 nostrae,
875 1630 907 1685 et
920 1639 989 1684 suc·
1041 1621 1135 1683 cienti
1156 1621 1356 1698 derogatione
1376 1621 1449 1683 altas
1469 1621 1506 1684 de
1529 1621 1588 1683 illis
1615 1637 1789 1700 eorumque

237 1732 395 1780 cessurum
418 1726 597 1781 nostrorum
625 1719 839 1782 Romanorum
861 1715 987 1779 Pontiti-
1042 1715 1113 1776 totis
1135 1715 1294 1778 tenoribus
1313 1715 1463 1794 specialis,
1478 1715 1628 1793 specifica,
1648 1729 1789 1793 expressa

235 1828 309 1874 cum
330 1814 366 1875 ad
387 1813 504 1874 summi
525 1813 710 1893 apostolatus
731 1811 870 1890 apicem,
893 1811 986 1872 etiam
1038 1815 1071 1870 et
1093 1808 1261 1884 individua,
1277 1826 1311 1871 ac
1332 1811 1369 1872 de
1390 1809 1486 1870 verbo
1506 1809 1543 1871 ad
1564 1809 1706 1884 verbum,
1724 1824 1787 1870 non

236 1914 338 1981 motu,
359 1905 485 1969 scientia
505 1914 538 1970 et
558 1906 716 1986 potestatis
732 1905 926 1983 plenitudine
947 1902 986 1964 si·
1039 1909 1143 1964 autem
1166 1918 1220 1980 per
1234 1902 1383 1966 clausulas
1398 1902 1557 1979 generales
1572 1903 1654 1965 idem
1673 1903 1788 1981 impor-

236 1999 480 2075 milibuS,etiam
494 2000 759 2073 consistorialiter,
775 2015 813 2060 ex
827 1997 987 2075 quibusvis
1041 2003 1149 2071 tames,
1174 1990 1292 2058 mentio
1319 2012 1371 2058 seu
1395 1998 1521 2076 quaevis
1542 1996 1598 2058 alia
1620 1997 1713 2060 etiam
1735 2013 1787 2060 ex·

235 2092 333 2154 causis
354 2103 385 2155 et
405 2093 464 2155 suli
483 2093 731 2172 quibuscumque
750 2092 919 2154 verborum
934 2107 986 2151 ex·
1040 2089 1148 2168 quisita
1164 2089 1261 2151 forma
1277 2089 1311 2150 ad
1327 2091 1385 2154 hoc
1399 2094 1549 2156 servanda
1561 2094 1650 2169 ieret,
1664 2103 1787 2156 tenores

234 2184 456 2262 pressionibus,
478 2187 639 2250 tenoribus
661 2195 693 2249 et
713 2185 837 2262 formis,
860 2203 893 2247 ac
914 2202 984 2247 cum
1039 2187 1228 2262 huiusmodi,
1250 2205 1283 2250 ac
1302 2188 1326 2249 si
1341 2191 1378 2251 de
1394 2187 1489 2251 verbo
1503 2191 1538 2250 ad
1555 2189 1687 2252 verbum
1709 2185 1788 2249 nibil

233 2280 398 2358 quibusvis
419 2280 564 2344 clausulis
585 2289 617 2342 et
637 2279 785 2356 decretis,
811 2279 931 2342 etiamsi
953 2278 984 2341 in
1039 2280 1163 2358 penitus
1184 2281 1307 2355 omisso,
1324 2289 1354 2343 et
1369 2279 1466 2343 iorma
1482 2282 1514 2342 in
1530 2271 1594 2343 ittts'
1611 2281 1719 2344 tradita
1735 2281 1789 2342 ob-

234 2372 279 2434 eis
300 2373 339 2436 de
358 2373 475 2436 eisdem
496 2375 708 2454 praesentibus
729 2391 898 2453 earumque
921 2381 984 2436 toto
1039 2380 1169 2447 servata,
1185 2373 1278 2437 etiam
1298 2375 1406 2436 inserti
1428 2372 1542 2450 iorem,
1564 2373 1682 2436 eisdem
1703 2389 1789 2452 prae-

59 3103 88 3146 iau
102 3107 119 3145 et
137 3101 215 3146 decre-

58 3165 89 3200 :vn
100 3154 188 3199 irritans.

234 2474 345 2528 tenore
366 2483 401 2528 ac
420 2466 487 2529 data
514 2468 651 2547 specialis
677 2468 795 2530 mentio
817 2469 869 2530 liat
890 2467 985 2530 editas

234 2559 285 2622 vel
307 2560 338 2622 in
354 2569 514 2639 posterum
533 2561 665 2625 edendas
680 2559 915 2640 comprehendi3
931 2561 983 2623 sed

233 2669 358 2732 semper
372 2660 404 2716 et
417 2656 547 2718 omnino
563 2656 673 2719 abillis
694 2656 804 2734 excipi,
820 2663 850 2717 et
865 2656 985 2734 quoties

233 2748 306 2811 illae
325 2749 525 2825 emanabant,
542 2749 633 2812 toties
648 2751 680 2811 in
699 2749 866 2828 pristinum
888 2755 918 2810 et
935 2765 985 2811 va·

233 2842 422 2904 lidissimum
443 2849 557 2905 statum
580 2843 747 2916 restitutas,
774 2843 932 2920 repositas,
954 2853 985 2906 et

234 2936 373 3014 plenarie
394 2936 597 3014 reintegratus
618 2935 684 2998 lore
705 2945 736 2998 et
757 2950 834 2998 esse.

27 3045 28 3060 ³
69 3045 215 3092 casulano
274 3030 294 3105 ἓ
317 3029 363 3091 il.
387 3029 500 3108 Sisque
520 3039 553 3091 et
573 3045 636 3092 non
651 3029 736 3105 alias,
752 3045 806 3108 per
820 3045 984 3108 quoscum·

233 3139 295 3203 que
309 3125 424 3188 iudices
438 3123 619 3200 ordinarios,
636 3122 686 3186 vel
706 3123 861 3200 delegatos
875 3125 984 3202 quavis

231 3218 416 3280 auctoritate
436 3218 614 3294 iungentes,
637 3217 731 3279 etiam
752 3231 913 3279 causarum
934 3233 984 3295 pa·

233 3310 299 3372 latii
320 3311 477 3390 apostolici
498 3312 671 3384 auditores,
693 3326 727 3372 ac
746 3309 886 3374 eiusdem
908 3309 983 3374 San·

233 3412 299 3468 ctae
320 3405 479 3470 Romanae
499 3404 651 3468 Ecclesiae
674 3404 866 3480 cardinales,
889 3403 983 3466 etiam

233 3501 272 3562 de
294 3499 387 3562 latere
408 3499 549 3576 Legatos,
573 3499 639 3560 vice
661 3499 801 3576 Legatos,
824 3498 983 3576 dictaeque

234 3591 320 3654 Sedis
335 3591 482 3665 Nuncios,
504 3592 618 3653 aliosve
640 3606 854 3670 quoscumque
875 3592 982 3671 quavis

232 3686 424 3760 auctoritate,
446 3691 607 3764 potestate,
622 3684 777 3760 facultate,
797 3684 983 3764 praerogati-

234 3795 282 3854 va,
303 3795 337 3840 ac
357 3778 522 3858 privilegio
544 3777 728 3854 iungentes,
758 3795 791 3841 ac
812 3779 930 3841 bonore
952 3786 982 3841 et

234 3873 477 3952 praeeminentia
496 3873 664 3950 fulgentes,
684 3872 801 3938 sublata
822 3873 866 3934 eis
887 3881 918 3936 et
933 3889 982 3935 eo·

233 3983 305 4029 rum
326 3965 454 4030 cuilibet
474 3967 583 4048 quavis
604 3967 696 4029 aliter
714 3967 868 4030 iudicandi
883 3976 914 4030 et
935 3967 982 4029 in-

234 4061 421 4138 terpretandi
442 4059 587 4124 iacultate
605 4068 636 4123 et
650 4061 843 4136 auctoritate,
860 4063 891 4124 in
906 4078 982 4141 quo-

233 4168 369 4231 cumque
389 4153 513 4230 iudicio,
535 4163 566 4216 et
581 4155 613 4216 in
628 4171 825 4234 quacumque
839 4156 982 4218 instantia

233 4248 359 4312 iudicari
379 4255 411 4309 et
432 4247 556 4310 deliniri
570 4248 693 4324 debere,
711 4249 835 4311 irritum
858 4266 982 4329 quoque

233 4347 263 4403 et
277 4341 383 4414 inane,
397 4341 424 4402 si
437 4355 525 4403 secus
538 4357 632 4420 super
645 4342 693 4403 bis
707 4359 722 4402 a
737 4357 893 4420 quoquam
908 4360 981 4422 qua-

233 4434 278 4496 vis
298 4433 482 4499 auctoritate
501 4435 637 4498 scienter
651 4435 701 4497 vel
716 4435 896 4512 ignoranter
909 4453 982 4499 con·

234 4527 337 4606 tigerit
358 4529 515 4592 attentari.

143 4641 147 4650 ·
207 4666 216 4678 .
270 4621 360 4699 512.
385 4623 453 4686 Non
482 4624 694 4701 obstantibus,
722 4635 876 4704 quatenus
904 4641 980 4704 opus

231 4719 281 4792 sit,
303 4719 419 4782 nostris
444 4728 475 4782 et
505 4720 702 4783 cancellariae
729 4722 901 4801 praedictae
932 4741 979 4786 re-

232 4813 311 4891 gulis
332 4818 370 4879 de
391 4819 459 4879 iure
480 4818 618 4896 quaesito
641 4834 704 4880 non
724 4816 871 4894 tollendo,
894 4835 927 4880 ac
941 4817 979 4880 de

232 4910 399 4974 unionibus
414 4919 444 4973 et
459 4911 712 4990 applicationibus
726 4914 761 4975 ad
782 4923 882 4992 partes
896 4929 979 4977 com·

231 5005 410 5080 mittendis,
438 5021 471 5068 ac
498 5004 536 5068 de
557 5007 759 5086 exprimendo
782 5009 812 5070 in
838 5011 882 5071 eis
904 5025 978 5074 vero

1039 2466 1179 2529 sentibus
1200 2483 1255 2546 pro
1284 2471 1376 2547 plene
1403 2475 1433 2530 et
1454 2467 1644 2530 sufficienter
1664 2483 1787 2546 expres-

1037 2561 1078 2623 sis
1100 2568 1130 2623 et
1151 2561 1273 2624 insertis
1301 2561 1464 2637 babentes,
1494 2560 1555 2622 illis
1576 2561 1648 2623 alias
1669 2563 1702 2622 in
1730 2577 1786 2624 suo

1041 2655 1150 2716 robore
1179 2656 1388 2733 permansuris
1410 2654 1557 2717 latissime
1590 2663 1620 2717 et
1647 2654 1787 2734 plenissi-

1040 2765 1090 2810 me
1100 2749 1135 2810 ad
1153 2749 1391 2826 praemissorum
1402 2748 1627 2812 validissimum
1642 2750 1787 2814 ellectum

1039 2841 1212 2921 specialiter
1233 2850 1264 2903 et
1286 2858 1441 2922 expresse,
1457 2859 1514 2905 nec
1536 2859 1599 2905 non
1614 2851 1787 2922 opportune

1039 2946 1070 2996 et
1091 2935 1191 2997 valide
1211 2936 1267 2998 bac
1288 2935 1355 2998 vice
1369 2938 1528 2999 dumtaxat
1543 2945 1642 3012 metu,
1657 2937 1786 2998 scientia

1039 3037 1070 3091 et
1092 3029 1247 3108 potestatis
1275 3027 1470 3107 plenitudine
1496 3029 1650 3092 similibus
1675 3030 1786 3092 barum

1039 3137 1163 3202 quoque
1184 3123 1263 3184 serie
1285 3124 1479 3200 derogamus
1505 3123 1694 3202 caeterisque
1714 3139 1786 3186 con-

1037 3217 1140 3278 trariis
1149 3216 1408 3296 quibuscumqne.
1421 3215 1573 3280 Volumus
1584 3225 1689 3283 autem
1704 3217 1786 3297 quod

1037 3311 1156 3372 ratione
1176 3311 1388 3389 applicationis
1403 3312 1573 3389 praedictae
1588 3311 1673 3374 nulla
1697 3311 1786 3375 redu·

1036 3404 1096 3467 ctio
1127 3413 1212 3466 laxae
1239 3403 1336 3466 dictae
1365 3405 1508 3468 ecelesiae
1531 3405 1724 3470 llaradiensis
1752 3407 1784 3468 in

1036 3498 1151 3560 futuris
1172 3498 1255 3560 illius
1270 3498 1479 3561 vacationibus
1495 3500 1654 3578 praetendi
1668 3501 1782 3580 pessit.

1075 3591 1094 3666 ὃ
1115 3591 1161 3653 te.
1185 3590 1270 3654 Nulli
1285 3607 1360 3670 ergo
1375 3592 1504 3655 omniuo
1519 3592 1681 3656 bominum
1697 3595 1786 3657 liceat
1804 3606 1942 3706 scissim
1958 3617 2016 3664 poa·

1036 3689 1114 3748 banc
1136 3685 1277 3764 paginam
1299 3683 1427 3748 Nostrae
1453 3688 1677 3763 concessionis,
1699 3689 1787 3750 attri-

1037 3779 1182 3854 butionis,
1204 3779 1425 3856 applicationis,
1442 3780 1711 3858 incorporationis,
1726 3791 1786 3844 sta·

1037 3871 1106 3947 tuti,
1128 3871 1255 3946 decreti,
1278 3873 1483 3949 derogationis
1504 3879 1535 3936 et
1556 3874 1723 3938 voluntatis
1739 3875 1786 3936 in·

1035 3965 1185 4042 iringere,
1207 3965 1258 4027 vel
1279 3966 1307 4027 ei
1327 3983 1404 4028 ausu
1427 3969 1591 4030 temerario
1612 3971 1782 4032 contraire:

1035 4060 1059 4120 si
1082 4059 1150 4138 quis
1171 4065 1276 4122 autem
1291 4061 1348 4121 boc
1362 4067 1515 4122 attentare
1531 4063 1783 4143 praesumpserit,

1035 4152 1281 4230 indignationem
1303 4153 1527 4233 omnipotentis
1542 4155 1607 4230 Dei,
1629 4173 1662 4218 ac
1684 4156 1785 4219 beato-

1036 4261 1107 4308 rum
1128 4247 1210 4308 Petri
1232 4254 1263 4308 et
1279 4246 1363 4309 Pauli
1377 4247 1587 4326 apostolorum
1602 4249 1669 4312 eius
1682 4267 1716 4314 se
1730 4268 1785 4314 no·

1036 4339 1116 4400 verit
1137 4340 1348 4402 incursurum.

1075 4433 1186 4496 Datum
1207 4433 1322 4495 Romae
1342 4431 1420 4512 apud
1442 4433 1473 4497 S.
1493 4435 1619 4498 Petrum
1640 4453 1722 4500 anno
1737 4439 1784 4500 in-

1034 4526 1219 4588 carnationis
1240 4525 1418 4588 Dominicae
1433 4543 1632 4606 succurram,
1647 4547 1690 4592 vx.
1716 4532 1783 4596 idus

1034 4621 1169 4698 augusti,
1191 4621 1388 4698 pontificatus
1410 4619 1512 4682 Nostri
1534 4639 1616 4687 anno
1638 4643 1680 4688 vx.

1341 4865 1478 4931 xxxiii.

1035 4999 1174 5072 sitarcia,
1198 5009 1235 5065 ati
1258 5003 1360 5083 officie
1379 5009 1564 5082 provinciae
1588 5008 1619 5072 S.
1644 5011 1780 5076 Antonii

231 5113 333 5160 annuo
354 5098 460 5160 valore
480 5098 573 5162 etiam
595 5101 633 5162 de
646 5101 895 5182 quibuscumque
916 5104 979 5168 iru-
1072 5099 1108 5161 ic
1130 5099 1283 5162 Bresiliis
1304 5103 1429 5166 ordinis
1446 5103 1608 5171 micorum
1628 5110 1658 5172 S.
1681 5111 1781 5173 Fron·

230 5191 329 5253 ctibus
343 5191 833 5269 ecclesiasticis,acLateranensis
848 5198 978 5261 concilii
1072 5196 1148 5257 circi
1170 5195 1207 5256 dc
1228 5195 1438 5261 observantia
1460 5199 1721 5282 Reformatorem
1745 5208 1780 5268 ic

232 5285 397 5349 novissime
412 5285 555 5350 celebrati
571 5289 702 5352 uniones
717 5298 748 5352 et
762 5290 979 5368 applicationes
1069 5297 1232 5369 posterum
1247 5292 1465 5356 concedantur
1478 5311 1535 5372 pcr
1549 5297 1780 5362 alternationes

231 5379 526 5459 pe1·petuas,nisiin
546 5382 665 5444 casibus
686 5400 709 5444 a
724 5383 792 5447 iure
807 5385 975 5462 permissis,
1071 5385 1253 5456 cationum,
1276 5402 1357 5463 quac
1378 5385 1469 5450 illum
1491 5389 1708 5456 comitteretur.

232 5472 295 5535 lieri
324 5473 534 5560 probibentiS,
561 5474 692 5554 aliisque
723 5477 756 5538 in
783 5479 976 5541 contrarium

232 5567 467 5646 praemissorum
481 5568 722 5646 quomodolibet,
737 5571 831 5634 etiam
852 5571 885 5633 in
905 5589 977 5650 svn·
1286 5555 1373 5624 9¹⁰3
1397 5557 1455 5626 ΡΡ·
1478 5559 1522 5626 Ἦ·

230 5659 377 5737 odalibus,
389 5660 640 5740 provincialibus,
656 5663 850 5739 generalibus
862 5673 892 5728 et
907 5667 977 5728 uni·
1149 5679 1185 5746 qq
1208 5684 1382 5762 perpetuam
1408 5682 1451 5748 pet
1478 5685 1657 5753 memoriam,

230 5753 397 5816 versalibus
418 5754 555 5817 conciliis
580 5753 669 5818 editis
690 5757 741 5818 vel
763 5757 888 5820 edendis
908 5776 977 5838 spe·

230 5845 352 5909 cialibus
373 5846 422 5908 vel
443 5845 636 5924 generalibus
657 5847 930 5913 constitutionibus
945 5861 976 5914 et
1069 5857 1088 5932 ᾖ
1111 5857 1138 5919 i.
1163 5856 1322 5919 Pastoralis
1343 5859 1434 5921 oilicii
1457 5858 1550 5922 Nobis
1575 5861 1646 5924 licet
1667 5864 1777 5927 imme·
1823 5878 1983 5924 vincentum

230 5939 472 6003 ordinationibus
492 5941 680 6020 apostolicis3
708 5942 879 6022 privilegiis
901 5961 976 6024 quo·
1029 5949 1087 6012 rito
1109 5950 1213 6012 divina
1234 5950 1463 6029 dispensatione
1490 5955 1646 6018 commissi
1668 5973 1775 6021 curam
