4856 7010
363 530 417 586 tn.
432 536 462 588 c.
484 533 552 588 1828
603 537 663 602 698
721 623 727 640 Ι

581 689 652 735 rum
663 675 842 752 congeriem
853 675 988 741 remedia
999 676 1223 750 consciscenda,
1233 673 1328 752 probe

581 783 710 831 noscens
731 768 909 832 huiusmodi
928 771 1006 833 mala
1021 771 1135 834 aulerci
1150 785 1214 833 uon
1228 783 1326 848 posse,

580 859 605 922 si
627 876 770 939 praesens
791 878 898 926 earum
928 865 1127 928 ecclesiarum
1147 873 1244 927 status
1265 879 1328 926 ser-

580 962 802 1032 ceratensem
819 958 852 1018 in
867 974 987 1020 summa
1002 973 1108 1032 rernm
1123 959 1264 1020 omnium
1282 957 1327 1019 in-

580 1039 647 1126 opia
669 1048 779 1112 iisdem
799 1065 854 1128 pro
868 1053 1049 1115 necessitate
1063 1051 1181 1115 consuli
1198 1043 1328 1114 omnino

580 1144 736 1222 nequiret.
767 1145 881 1208 Extant
908 1147 993 1210 euim
1023 1147 1054 1210 in
1082 1125 1327 1226 praesentiarum

580 1236 638 1299 sub
657 1238 814 1300 austriaca
836 1240 953 1303 ditione
968 1241 1001 1302 in
1016 1239 1164 1302 Dalmatia
1179 1238 1266 1302 sedes
1281 1254 1327 1300 ar·

580 1330 813 1409 chlepisccpaies
845 1333 1005 1409 ledrensis,
1029 1333 1183 1410 liagusina
1204 1341 1235 1396 et
1256 1329 1328 1410 Spa·

581 1423 715 1500 latensis,
739 1425 877 1506 itemque
907 1428 1092 1508 episcopales
1119 1428 1205 1491 sedes
1233 1425 1328 1490 Sebe-

580 1519 724 1595 nicensis,
747 1519 920 1597 Pharensis,
943 1523 1140 1598 Gattarensis,
1160 1522 1326 1598 Nouensis,

580 1612 831 1691 Macharsixensls,
855 1611 1083 1692 Scardonensis,
1101 1616 1325 1693 Traguriensis,

581 1705 761 1783 stagnensis
775 1715 804 1772 et
815 1710 1017 1772 (lumniensis.
1033 1711 1067 1773 ln
1081 1710 1327 1790 provinciaram

582 1801 686 1864 istriae
707 1802 742 1864 ad
764 1803 837 1865 litus
852 1803 1043 1866 adriaticum
1060 1810 1267 1867 numerantur
1281 1819 1328 1864 se·

581 1895 633 1958 des
654 1895 837 1975 episcopales
858 1897 1040 1960 Goritiensis
1061 1913 1116 1960 seu
1131 1896 1325 1974 Gradiscana,

581 1987 772 2066 Tergestina,
789 1989 962 2066 Parentina,
979 1988 1153 2069 legiensis,
1166 1989 1326 2068 arbensis,

581 2082 844 2161 lustinopulitana,
868 2085 1015 2158 Polensis,
1041 2086 1228 2148 auxerensis
1243 2093 1274 2146 et
1289 2086 1328 2146 h·

582 2175 761 2238 moniensis.
780 2179 931 2241 canonica
946 2179 1059 2243 idcirco
1075 2180 1107 2241 in
1123 2195 1192 2243 eam
1207 2195 1327 2242 causam

581 2269 782 2348 inquisitione
801 2281 938 2350 suscepta
961 2271 1041 2336 idem
1056 2274 1126 2336 Pius
1142 2273 1206 2337 Vll.
1225 2273 1327 2335 Ponti-

581 2363 631 2427 lex
652 2363 690 2426 de
710 2365 831 2429 sedibus
846 2366 1071 2430 imminuendis
1087 2367 1329 2448 prudentissime

579 2459 737 2535 cogitarat,
761 2469 795 2521 ut
816 2474 872 2538 pro
894 2460 1007 2522 minori
1037 2461 1172 2539 ipsarum
1195 2476 1328 2523 numero

581 2550 699 2613 facilius
727 2552 759 2613 in
792 2552 836 2614 rei
866 2569 969 2616 sacrae
1000 2553 1165 2617 tuitionem
1195 2555 1327 2632 prospici

581 2652 692 2723 posset,
704 2661 758 2724 spe
772 2645 870 2710 lretus
885 2646 961 2721 lore,
979 2655 1013 2710 ut
1027 2647 1119 2710 saluti
1134 2647 1261 2711 illorum
1276 2664 1327 2728 po-

580 2737 728 2816 pulorum
749 2748 889 2804 extremo
911 2741 969 2804 hoc
991 2743 1129 2805 remedio
1150 2758 1188 2804 ex
1210 2747 1328 2820 tempo-

581 2847 652 2894 rum
672 2832 812 2897 locorum
826 2851 860 2896 ac
875 2849 1078 2912 personarum
1093 2833 1263 2897 rationibus
1277 2851 1328 2916 op-

581 2932 716 3007 portune
736 2936 982 2992 succurreretur.

352 3033 565 3132 sirggiosrsapprss
622 3023 641 3097 ἓ
662 3021 691 3084 3.
715 3019 775 3084 Nos
796 3037 920 3101 quoque
951 3023 1062 3086 laudati
1090 3023 1330 3102 praedecessoris

584 3115 682 3178 nostri
695 3115 834 3192 vestigiis
849 3115 1039 3194 insistentes,
1051 3117 1103 3180 ubi
1118 3117 1257 3196 primum
1271 3125 1329 3179 tra-

583 3209 678 3271 ditam
699 3209 787 3272 nobis
808 3209 957 3272 divinitus
987 3209 1135 3273 dominici
1156 3211 1258 3288 gregis
1279 3227 1330 3274 cu·

581 3301 712 3364 stodiam
733 3303 936 3382 suscepimus,
960 3319 1065 3381 parem
1088 3304 1119 3366 in
1138 3304 1168 3366 id
1183 3319 1330 3366 curarum

582 3395 818 3458 contentionem
839 3396 1060 3475 impendimus,
1077 3405 1108 3460 et
1122 3397 1241 3462 dolenti
1262 3399 1329 3477 qui-

582 3490 651 3552 dem
673 3488 725 3550 sed
748 3489 899 3553 benevolo
919 3491 1035 3565 animo,
1058 3507 1164 3569 preces
1179 3493 1217 3555 de
1231 3491 1268 3554 iis
1282 3507 1329 3555 se·

581 3583 671 3646 dibus
693 3583 918 3646 imminuendis
947 3584 1115 3663 imperialis
1144 3586 1246 3662 regiae
1270 3603 1330 3648 ma·

582 3677 697 3740 iestatis
710 3677 836 3739 nomine
852 3678 942 3740 nobis
957 3685 1111 3758 porrectas
1126 3679 1329 3756 excipientes,

582 3778 701 3833 attente
714 3771 902 3848 curavimus,
919 3779 964 3849 ut,
983 3773 1096 3834 maiora
1111 3789 1189 3852 quae
1204 3779 1330 3850 possent

581 3866 753 3940 commoda,
770 3864 879 3928 leviori
902 3883 974 3929 cum
990 3867 1104 3930 iactura
1120 3867 1153 3926 in
1168 3867 1215 3928 rei
1229 3883 1331 3929 sacrae

583 3956 729 4020 utilitates
744 3959 976 4022 conferrentur:
995 3960 1026 4020 in
1042 3975 1135 4038 quem
1151 3961 1248 4022 finem
1264 3959 1330 4037 plu·

582 4069 615 4114 ra
635 4050 670 4113 ad
691 4069 823 4116 examen
838 4053 1015 4116 deducenda
1029 4053 1128 4130 luere,
1145 4062 1254 4117 cuncta
1268 4054 1331 4116 sin-

583 4145 713 4222 gillatim
729 4156 932 4226 accurateque
948 4148 1146 4225 inspicienda,
1160 4149 1223 4227 ipsa
1237 4147 1330 4210 etiam

583 4238 721 4302 iocorum
744 4247 852 4302 natura
879 4241 1096 4316 dignoscenda,
1120 4242 1257 4320 impensa
1278 4239 1331 4302 de·

583 4332 678 4411 nique
693 4333 857 4394 maiestatis
870 4349 942 4395 suae
955 4349 1009 4413 pro
1021 4334 1167 4396 catholica
1180 4333 1331 4411 religione

583 4426 727 4489 voluntas
743 4428 862 4488 assidue
877 4427 1102 4505 compellenda,
1118 4427 1264 4489 omnibns
1278 4429 1331 4490 de-

584 4535 672 4582 mum
693 4520 784 4582 rebus
805 4529 898 4600 prout
919 4521 1108 4584 necessitatis
1126 4521 1203 4583 ratic
1218 4520 1331 4598 aiilagi·

583 4613 660 4675 tavit
680 4613 861 4690 conciliatis,
885 4615 1074 4691 gravissimis
1095 4613 1133 4678 de
1154 4615 1251 4677 causis
1266 4616 1331 4677 ani·

584 4724 672 4770 mum
703 4717 845 4770 nostrum
878 4711 1086 4783 moventibus,
1117 4718 1148 4771 ct
1178 4725 1216 4770 ex
1247 4717 1329 4770 certa

583 4802 710 4864 scientia
724 4819 757 4864 ac
772 4807 892 4865 matura
905 4803 1125 4864 deliberatione
1141 4803 1265 4878 nostris,
1278 4803 1329 4864 de-

583 4910 643 4973 que
665 4895 845 4973 apostolicae
866 4897 1025 4974 potestatis
1047 4894 1241 4976 plenitudine
1258 4895 1330 4956 titu-

585 4986 665 5062 lum,
699 4988 1000 5064 denominationem,
1034 4997 1193 5062 naturam,
1225 5002 1330 5048 essen-

585 5082 669 5156 tiam,
694 5087 858 5161 totumque
879 5089 1074 5161 praesentem
1089 5090 1202 5144 statum
1217 5081 1330 5160 episco-

584 5175 701 5254 palium
723 5175 923 5238 ecclesiarum
950 5183 981 5237 et
1002 5175 1224 5238 cathedralium
1252 5174 1330 5254 capi·

584 5269 723 5331 talorum
739 5269 942 5344 Cursoiensis,
961 5267 1123 5343 Nouensis,
1140 5265 1331 5331 scardonen-

584 5363 636 5438 sis,
659 5361 851 5441 Stagnensls,
881 5363 1094 5440 Traguriensis
1116 5363 1148 5423 in
1171 5361 1329 5437 Dalmatia,

585 5458 762 5538 pariterque
776 5459 978 5534 apicrensis,
995 5457 1152 5532 arbensis,
1166 5456 1332 5521 amonien-

585 5553 626 5613 sis
647 5552 680 5613 iu
702 5552 793 5614 litore
815 5553 979 5628 adriatico,
997 5561 1146 5632 perpetuo
1167 5552 1332 5631 supprimi-

587 5661 655 5708 mus
685 5651 716 5707 et
744 5645 974 5723 extinguimus,
1007 5663 1119 5726 easque
1147 5653 1178 5707 et
1209 5645 1332 5707 illarum

586 5739 737 5801 dioeceses
755 5755 770 5798 a
792 5739 1002 5817 quorumlibet
1024 5739 1248 5814 iurisdictione,
1266 5739 1333 5800 iure

585 5847 619 5894 ac
639 5833 849 5909 praerogativa
870 5843 1027 5912 exemptas
1048 5850 1081 5896 ac
1102 5841 1255 5912 separatas
1270 5831 1333 5895 edi-

584 5925 694 5999 cimus,
719 5931 753 5988 ut
775 5925 902 5988 eaedem
929 5927 1064 5991 ecclesiis
1085 5945 1118 5990 ac
1145 5926 1333 5990 dioecesibus

1104 556 1168 602 lun.
1193 557 1284 602 l‘ottr.
1308 557 1349 602 DE
1370 558 1399 603 Ρ·
1424 557 1453 603 F.
1478 556 1560 603 PARS
1582 559 1603 602 l.

1382 673 1574 754 infrascripta
1595 692 1675 739 nova
1706 677 1992 758 circumscriptione
2013 687 2137 742 cousta-

1381 766 1524 831 biliendis
1545 770 1671 846 adiungi
1695 772 1829 848 possint:
1853 787 2003 850 suspenso
2025 782 2136 836 tamen

1382 860 1493 924 ellectu
1514 853 1739 941 supplessionis
1767 865 1913 929 ecciesiae
1934 867 2138 930 Amaniensis

1382 971 1480 1034 usque
1494 954 1570 1018 dum
1584 956 1744 1020 ecclesiam
1760 958 1855 1038 ipsam
1871 975 1908 1021 ex
1921 974 2053 1038 persona
2070 975 2140 1024 mo·

1382 1046 1470 1113 derni
1493 1049 1633 1129 Episcopi
1655 1053 1765 1130 quovis
1793 1053 1885 1116 modo
1906 1070 2014 1116 vacare
2033 1054 2140 1117 couti·

1382 1141 1475 1220 gerit,
1496 1143 1667 1222 suppressis
1690 1145 1775 1220 item,
1798 1145 1908 1210 deletis
1929 1156 1961 1211 et
1982 1157 2138 1230 perpetuo

1382 1235 1527 1298 extinctis
1559 1237 1791 1316 metropoliticis
1822 1239 1942 1304 iuribus
1973 1259 2007 1304 ac
2035 1243 2141 1305 titulis

1382 1329 1687 1410 archiepiscopalium
1718 1332 1915 1398 ecclesiarum
1948 1336 2141 1417 Spalateusis

1383 1429 1412 1483 et
1434 1423 1616 1500 liagusinae,
1640 1425 1761 1488 easdem
1784 1427 1815 1488 in
1839 1443 1926 1492 mere
1947 1417 2151 1509 episcopales

1382 1516 1522 1578 ecclesias
1553 1527 1702 1596 perpetuo
1732 1520 1909 1590 referendas
1938 1525 2137 1601 mandamus,

1382 1609 1521 1689 ipsasque
1543 1613 1799 1690 metropolitanae
1825 1615 1973 1680 ecciesiae
1993 1619 2139 1682 ladreusi

1381 1703 1588 1782 suffraganeas
1619 1707 1810 1784 assignamus
1839 1725 1872 1772 ea
1896 1711 1976 1788 lege,
2000 1721 2034 1776 ut
2056 1713 2141 1792 ipsa·

1383 1812 1453 1858 rum
1483 1797 1643 1861 antistites
1674 1801 1813 1880 primum
1840 1802 1943 1866 iocum
1966 1806 2048 1867 iuter
2071 1821 2140 1870 cae-

1383 1896 1465 1952 teros
1485 1891 1695 1968 sullraganees
1718 1895 1830 1958 habere
1851 1911 1974 1976 semper
1989 1897 2138 1977 debeaut,

1382 1985 1627 2060 praecedentiam
1650 1987 1732 2050 inter
1752 2005 1786 2051 se
1799 1989 1940 2069 adepturi
1956 2009 1972 2053 a
1988 1995 2136 2072 respecti-

1384 2091 1437 2139 vae
1459 2078 1659 2155 possessionis
1675 2081 1899 2160 anterioritate,
1917 2093 1952 2149 ut
1967 2087 2025 2149 hoc
2041 2087 2139 2150 modo

1382 2167 1481 2248 aliqua
1502 2171 1624 2249 pristini
1646 2188 1756 2236 eorum
1778 2178 1890 2254 gradus
1906 2180 2056 2243 memoria
2071 2198 2140 2245 ser-

1383 2272 1484 2326 vetur.
1511 2265 1702 2345 Episcopales
1724 2283 1800 2332 vero
1826 2270 1914 2334 sedes
1938 2274 2142 2355 lustinopuli-

1384 2364 1497 2435 tauam,
1521 2359 1684 2423 Poiensem
1706 2371 1737 2425 et
1765 2364 2034 2431 blacharslxensem
2063 2387 2140 2433 con-

1381 2459 1518 2514 servatas
1530 2453 1764 2532 denunciantes,
1776 2456 1843 2520 aliis
1854 2461 2076 2541 episcopalibus
2087 2479 2139 2528 ec·

1382 2543 1481 2608 ciesiis
1503 2547 1548 2608 uti
1567 2549 1815 2614 concathedrales
1830 2553 1867 2616 ab
1882 2570 1945 2617 uno
1960 2557 2136 2637 eodemque

1383 2638 1531 2702 antistite
1553 2640 1584 2702 in
1607 2649 1766 2720 posterum
1788 2646 2003 2722 gubernandas
2026 2664 2141 2730 perpe-

1385 2739 1438 2793 tuo
1467 2734 1593 2796 unimus
1614 2743 1645 2798 et
1667 2735 1876 2815 adiungimus,
1898 2741 2014 2805 scilicet
2043 2744 2137 2806 lusti-

1384 2826 1596 2905 nopoiitanam
1617 2831 1885 2896 concathedralem
1908 2838 2142 2902 essevolumus

1384 2920 1595 2999 tergestinae,
1617 2923 1778 2988 Palensem
1801 2926 1997 3006 larentinae,
2020 2942 2052 2995 et
2075 2933 2140 2996 lila-

1384 3014 1607 3078 cbarslxensem
1636 3017 1826 3098 spalatensi;
1851 3039 1884 3084 ac
1915 3025 2044 3101 proinde
2066 3028 2142 3108 Epi-

1384 3116 1493 3186 scopus
1506 3108 1709 3186 Tergestinus
1725 3127 1841 3176 nomen
1857 3131 1980 3196 quoque
1991 3121 2141 3200 suscipiet

1385 3199 1526 3281 Episcopi
1549 3205 1808 3286 lustinopulitaui,
1821 3218 1852 3272 et
1872 3211 2057 3278 Parentibus
2079 3217 2139 3279 Po-

1385 3292 1489 3371 lensis,
1513 3313 1545 3359 ac
1567 3296 1756 3377 Spclatens'ts
1777 3302 2031 3382 blacharslxensis,
2047 3309 2140 3373 adbi-

1385 3387 1445 3450 bita
1469 3397 1573 3453 tamen
1598 3408 1720 3472 semper
1741 3402 1773 3459 et
1799 3397 1831 3460 in
1853 3398 1992 3478 quolibet
2013 3411 2083 3465 actu
2106 3420 2141 3467 ac

1385 3481 1450 3544 loco
1471 3487 1761 3562 praenominatione
1783 3491 1923 3573 Episcopi
1943 3495 2137 3576 tergestini,

1385 3575 1542 3642 Parentini
1563 3589 1594 3644 et
1615 3582 1810 3662 spalatensis.
1838 3588 1988 3670 Extincto
2005 3590 2137 3671 insuper

1385 3673 1523 3750 quolibet
1536 3678 1762 3756 metropolitico
1778 3680 1847 3743 iure
1859 3681 2070 3746 antibarensis
2082 3685 2141 3749 ar·

1385 3757 1568 3848 chlepiscopi
1592 3771 1623 3832 in
1651 3773 1861 3838 Cattarensem
1878 3775 2052 3853 ecclesiam,
2075 3787 2139 3841 tam

1385 3863 1481 3942 ipsam
1496 3880 1588 3943 quam
1604 3863 1826 3944 spalatensem,
1844 3869 2045 3947 Ragnsinam,
2062 3872 2140 3933 Pha·

1386 3973 1521 4033 reusem,
1538 3967 1568 4020 et
1584 3957 1824 4022 Sebenicensem
1838 3962 1982 4026 ecclesias
1998 3965 2059 4026 iuri
2074 3981 2140 4028 me-

1387 4051 1559 4130 tropolitico
1574 4054 1802 4132 archiepiscopi
1822 4054 1971 4118 ledrensis
1988 4066 2139 4136 perpetuo

1385 4145 1578 4221 subiicimus,
1595 4147 1759 4225 eidemque
1780 4147 1987 4225 suffraganeas
2001 4152 2139 4230 assigna-

1386 4253 1466 4300 mus.

1426 4332 1493 4408 §b
1520 4335 1554 4395 ln
1576 4341 1746 4396 memorata
1769 4334 1874 4413 itaque
1895 4337 2054 4414 provincia
2072 4339 2140 4403 Dal·

2167 542 2217 598 Au.
2229 549 2254 602 G.
2270 553 2318 610 ties

2204 4347 2334 4397 Enumeratio

2158 4403 2248 4451 sedium
2268 4411 2333 4449 serta·

1387 4428 1498 4492 matiae
1520 4428 1770 4492 numerabuntur
1794 4429 1825 4490 in
1845 4439 2006 4508 posterum
2023 4435 2139 4496 archie-
2158 4462 2244 4507 aarum

1387 4520 1544 4601 piscopalis
1574 4524 1735 4600 ledrensis,
1768 4531 1798 4587 et
1829 4527 1895 4589 eius
1925 4527 2139 4605 sullraganeae

1386 4615 1570 4694 episcopales
1600 4617 1745 4679 ecclesiae
1778 4619 1967 4698 Spalatensis
1993 4637 2066 4684 cum
2086 4639 2140 4683 sua

1385 4709 1611 4772 concathedrali
1633 4709 1873 4786 blacharslxensi,
1896 4713 2063 4791 Ragusina,
2086 4712 2141 4778 Se·

1388 4803 1773 4880 benicensis,llatta1·ensis
1788 4814 1819 4869 et
1834 4807 2005 4871 Pharensis.
2021 4809 2056 4871 ln
2072 4825 2141 4888 pra·

1387 4897 1487 4960 vincia
1504 4901 1608 4962 istriae
1623 4901 1774 4962 extabunt
1784 4901 1970 4979 episcopales
1984 4901 2072 4964 sedes
2083 4903 2140 4966 Go-

1387 4992 1521 5054 ritiensis
1549 5009 1605 5054 seu
1633 4994 1831 5070 Gradiscana,
1863 4996 2053 5073 Tergestiua'
2070 5012 2142 5060 cum

1387 5102 1440 5148 sua
1455 5087 1680 5170 concathedrali
1697 5088 1966 5168 lustinopulitaua,
1978 5087 2142 5153 Parentiua

1387 5194 1459 5242 cum
1480 5178 1704 5241 concathedrali
1729 5179 1850 5242 Peleusi
1871 5196 1904 5244 ac
1919 5179 2077 5258 ilegleusi.
2096 5181 2142 5243 Ex

1388 5272 1558 5335 enunciatis
1595 5273 1716 5334 interea
1751 5271 1887 5335 ecclesiis
1918 5274 1950 5336 in
1985 5276 2142 5353 provincia

1388 5365 1493 5426 istriae
1524 5367 1706 5444 perstabunt
1731 5365 1923 5443 apostolicae
1944 5366 2028 5442 Sedi,
2052 5375 2143 5445 prout

1388 5465 1462 5520 sunt
1486 5460 1517 5521 in
1539 5475 1697 5538 praesens,
1714 5459 1894 5522 immediate
1915 5460 2072 5523 subiectae
2085 5461 2144 5523 (lo-

1389 5553 1525 5614 ritieusis
1546 5570 1579 5614 ac
1600 5553 1798 5630 Tergestina3
1822 5553 1987 5618 Parentina
2002 5570 2078 5616 reno
2094 5571 2142 5617 ec·

1388 5644 1499 5707 clesiae
1521 5647 1714 5724 patriarchali
1731 5644 1946 5723 venetiarum,
1964 5652 1994 5708 et
2011 5645 2143 5724 vegien-

1387 5740 1428 5799 sis
1451 5739 1704 5817 metropolitanae
1731 5739 1865 5802 ledrensi
1894 5739 2138 5818 sullraganeatus

1390 5835 1458 5897 iure
1484 5832 1648 5909 suberunt,
1671 5834 1768 5895 donec
1798 5833 1888 5896 aliter
1908 5833 1946 5895 ab
1968 5834 2140 5912 apostolica

1389 5926 1467 5992 Sede
1486 5925 1640 5991 sancitum
1662 5941 1725 5988 nou
1748 5927 1861 6005 luerit,
1877 5928 2023 5992 ecclesiae
2037 5935 2143 5992 autem
