4808 6988
370 553 423 614 An.
438 561 468 616 0.
489 555 557 618 1811
607 557 667 628 606

588 701 709 776 ctionis,
731 704 941 784 subiectionis,
969 711 1190 787 attributionis,
1213 710 1331 784 statuti,

588 795 815 875 declarationis,
845 803 1084 880 commissionis,
1108 805 1331 885 deputationis,

588 891 733 961 mandati,
751 894 878 968 decreti,
895 898 1102 974 derogationis
1120 905 1151 960 et
1167 900 1334 962 voluntatis

586 981 773 1060 infringere,
787 988 836 1048 vel
851 989 878 1048 ei
893 1006 969 1052 ausu
983 993 1145 1054 temerario
1160 993 1330 1054 contraire:

586 1077 611 1136 si
634 1079 702 1154 quis
717 1088 821 1141 autem
837 1083 893 1144 boc
912 1091 1064 1146 attentare
1079 1087 1331 1164 praesumpserit,

587 1169 834 1246 indignationem
857 1177 1080 1255 omnipotentis
1103 1179 1155 1240 bei
1177 1196 1210 1241 ac
1231 1180 1332 1240 beato-

587 1279 657 1323 rum
687 1264 768 1326 Petri
797 1273 827 1328 et
859 1269 943 1331 Pauli
969 1271 1186 1348 Apostolorum
1214 1273 1279 1333 eius
1300 1287 1332 1332 se

588 1356 710 1418 noverit
732 1359 942 1422 incursurum.
1219 1357 1221 1360 ’

629 1449 736 1510 batum
758 1451 871 1514 Romae
892 1457 971 1532 apud
990 1456 1021 1520 S.
1039 1458 1164 1519 blariam
1186 1459 1332 1519 Maiorem

1104 593 1170 640 lUR.
1194 589 1284 639 PONT·
1309 591 1349 636 ott
1370 591 1398 636 Ρ.
1424 581 1452 638 Ρ.
1478 589 1559 636 PARS
1581 589 1602 634 l.

1428 709 1498 785 §2
1521 709 1685 787 Quumque
1713 715 1781 770 tum
1811 707 1916 785 scripti
1944 725 1961 770 a
1990 715 2135 770 testatore

1390 805 1544 878 haeredes,
1578 813 1645 866 tum
1676 810 1884 881 exequutores
1912 803 2133 864 testamentarii

1388 898 1426 958 ab
1447 915 1482 959 eo
1512 898 1683 972 constituti,
1715 897 1867 958 nimirum
1895 895 2025 958 dilectus
2052 897 2134 961 lilius

1389 996 1494 1050 noster
1515 989 1700 1051 Emmanuel
1724 988 1801 1051 S.ll.
1820 989 1854 1050 Ε.
1880 989 2040 1067 presbyter
2061 990 2134 1052 dari

1388 1081 1498 1144 dinalis
1513 1081 1715 1158 DeGregorio
1727 1090 1935 1157 nuncupatus,
1946 1087 1977 1143 et
1992 1097 2063 1144 ven.
2074 1082 2134 1143 lra-

1390 1183 1436 1236 ter
1458 1175 1712 1254 archiepiscopus
1728 1173 1963 1236 llediolanensis
1975 1176 2012 1236 de
2026 1191 2063 1236 eo
2078 1193 2131 1238 ne-

1388 1269 1471 1344 gotio
1486 1270 1539 1330 diu
1554 1287 1587 1330 ac
1602 1267 1738 1330 multum
1761 1269 1884 1344 egerint
1904 1271 1984 1347 apud
1996 1270 2133 1346 Congre-

1389 1362 1545 1438 gationem
1567 1363 1604 1424 de
1626 1361 1823 1438 Propagandi
1851 1361 1936 1436 Fide,
1960 1363 2047 1424 cuius
2068 1379 2130 1424 ma-

1390 1456 1471 1516 xime
1493 1455 1623 1517 interest
1650 1456 1733 1533 piam
1755 1455 1907 1516 testatoris
1938 1456 2132 1519 voluntatem

584 1557 665 1604 anno
688 1545 908 1609 incarnationis
937 1551 1107 1612 clonrinicae
1140 1567 1331 1626 xncccxxr.,
1359 1534 1361 1647 l
1388 1548 1468 1609 baud
1489 1549 1600 1612 ellectu
1617 1548 1772 1620 frustrari,
1786 1549 1835 1609 die
1852 1563 1926 1610 xxx.
1941 1549 2044 1626 aprilis
2058 1553 2131 1612 anni

587 1651 664 1698 xvrr.
690 1637 834 1702 kalendas
854 1645 990 1719 augusti,
1014 1645 1210 1724 pontificatus
1233 1644 1331 1707 nostri

585 1745 666 1790 anno
689 1747 767 1794 xxrr.
873 1779 878 1790 .

891 2119 1021 2182 xcviii.

585 2301 746 2382 approbat
771 2305 930 2367 decretam
955 2307 984 2369 S.
1005 2306 1280 2386 congregationis,
1297 2305 1328 2365 ri

625 2397 731 2470 coins,
754 2401 932 2475 praeniissa
954 2401 1158 2482 derogatione
1174 2419 1192 2462 a
1211 2400 1241 2462 S.
1255 2399 1330 2461 Scdc

624 2490 774 2570 sociertdo
788 2493 894 2570 portis
912 2495 1096 2557 tastamenti
1116 2495 1249 2558 Comitis
1264 2496 1328 2559 An-

622 2586 750 2662 gustiai
782 2587 893 2650 Cereali
923 2587 1189 2659 Mediolanensis,
1223 2590 1328 2651 euclem

624 2679 835 2759 Gonqmpatt'o
850 2681 1170 2744 administrationem
1193 2684 1329 2761 sacacipit
1355 2728 1357 2759 ,

1388 1642 1480 1702 buius
1501 1643 1614 1719 prodiit
1627 1641 1665 1703 ab
1680 1643 1715 1702 ea
1736 1641 1908 1716 decretum,
1925 1643 2014 1706 cuius
2028 1645 2130 1706 omnia

1387 1744 1417 1796 et
1438 1735 1561 1812 singula
1582 1737 1676 1798 verba
1691 1735 1788 1796 literis
1811 1736 1857 1797 bis
1878 1736 2049 1812 apostolicis
2070 1738 2131 1816 pla-

1386 1837 1435 1890 cet
1455 1830 1603 1892 inserere.

1505 1997 1559 2042 nit:
1581 1995 1657 2040 XXX.
1683 1995 1810 2041 Aratus
1832 1997 2009 2043 nbccdxxt.

1357 2106 1359 2127 '
1426 2113 1506 2176 Cum
1533 2114 1647 2175 nobilis
1679 2129 1782 2176 comes
1811 2115 2003 2192 Augustinus
2033 2116 2129 2178 Gasati

1385 2207 1622 2270 blediolanensis
1645 2215 1830 2270 testamento
1859 2207 2007 2284 legaverit
2030 2227 2129 2272 unum

1384 2312 1415 2362 et
1439 2301 1550 2378 viginti
1573 2309 1762 2364 scutatorum
1786 2302 1926 2379 milliain
1942 2305 2005 2380 pias
2027 2320 2128 2364 causas

1384 2395 1546 2473 eroganda,
1563 2413 1668 2458 earum
1682 2395 1842 2458 commissa
1853 2397 2064 2474 exequutione
2079 2415 2127 2477 pa-

1355 2462 1358 2559 l
1385 2493 1482 2552 tribus
1505 2491 1661 2554 Societatis
1677 2492 1744 2552 lesu
1758 2505 1830 2551 cum
1844 2491 2065 2552 substitutione
2079 2509 2128 2570 pa-

1384 2592 1469 2647 trum
1479 2585 1600 2648 Ordinis
1611 2583 2126 2662 CarmelitarumDiscalceatorutn,

1383 2680 1467 2742 bisce
1487 2680 1629 2758 appositis
1651 2677 1888 2752 conditionibus
1911 2679 2063 2742 nimirum

623 2773 766 2835 alcoram
788 2776 922 2837 circiter
941 2776 1089 2854 portiom
1112 2779 1266 2854 pecuniae
1288 2779 1328 2838 le·
1355 2762 1357 2831 l
1423 2776 1536 2836 Primo.
1561 2774 1600 2835 Ut
1622 2791 1660 2834 ex
1683 2772 1832 2833 eiusmodi
1866 2771 1956 2844 legati
1978 2771 2127 2836 fructibus

622 2875 717 2944 gatae
728 2868 768 2930 ad
782 2869 855 2947 fidei
869 2870 1132 2948 propagationem
1148 2871 1328 2948 impenden-

624 2960 681 3021 dae
704 2977 738 3022 ea
761 2963 889 3023 ratione
903 2981 983 3040 quae
1004 2965 1044 3025 ad
1064 2967 1229 3026 testatoris
1245 2981 1328 3024 arrera-

1383 2867 1608 2947 quadringenta
1629 2875 1745 2928 scutata
1766 2865 1933 2942 quotannis
1952 2866 2126 2942 persolvan-

1384 2969 1435 3023 tur
1457 2962 1576 3024 duobos
1609 2959 1774 3038 Episcopis,
1804 2961 1858 3036 qui
1882 2960 1965 3021 inter
1986 2960 2126 3023 inlideles

625 3059 686 3113 tem
708 3056 839 3130 propius
861 3056 1001 3126 accedat,
1019 3057 1134 3118 relicta
1154 3057 1221 3120 alia
1236 3067 1328 3136 parte
1355 3034 1357 3137 l
1383 3064 1559 3118 versentur.

624 3147 782 3225 eroganda
806 3149 893 3209 inter
913 3149 1052 3212 eiusdem
1069 3153 1235 3214 testatoris
1256 3169 1327 3230 pra-

622 3255 767 3318 ptnqnos.

829 3415 915 3483 erus
938 3416 997 3483 ΡΡ.
1023 3417 1080 3485 llll.

721 3539 757 3607 ad
783 3541 914 3608 loturam
942 3543 985 3608 rei
1009 3543 1186 3608 memoriam.

621 3719 850 3796 componendis
881 3720 1089 3783 ecclesiasticis
1120 3721 1224 3795 rebus,
1249 3737 1326 3798 quae

582 3812 812 3876 difficultatibus
835 3815 1011 3890 impeditae,
1029 3822 1059 3876 et
1081 3831 1118 3875 ex
1140 3814 1252 3892 quibus
1275 3831 1325 3875 ve·

581 3905 715 3967 rendum
727 3915 785 3981 est,
798 3923 836 3968 nc
849 3907 1014 3969 discordiae
1031 3925 1064 3970 ac
1079 3907 1146 3970 lites
1162 3909 1326 3985 aliquando

582 3999 791 4076 suboriantur,
823 4002 1024 4078 cogitationes
1045 4009 1163 4064 nostras
1185 4020 1217 4065 ac
1239 4019 1325 4064 curas

581 4093 714 4156 libenter
735 4095 952 4174 impendimus.

621 4191 640 4264 ς
663 4190 689 4250 1.
714 4191 793 4253 Sane
815 4190 928 4266 ambigi
951 4193 1070 4269 nequit,
1093 4193 1169 4270 quin
1193 4195 1325 4256 maxima

582 4284 806 4361 praedicatione
826 4301 859 4346 ac
889 4285 1157 4346 commendatione
1188 4303 1253 4348 esse
1274 4289 1325 4348 de-

581 4377 650 4439 beat
672 4378 898 4455 promovendae
919 4378 1083 4440 catholicae
1100 4379 1266 4456 Religionis
1281 4379 1325 4440 lo-

581 4473 760 4548 vendaeque
781 4471 901 4547 pietatis
923 4473 1024 4545 ardor,
1041 4489 1113 4550 quo,
1137 4474 1209 4535 dum
1232 4473 1263 4533 in
1281 4475 1325 4534 vi-

581 4568 627 4628 vis
649 4567 787 4644 degeret,
810 4581 911 4626 comes
933 4566 1125 4642 Augustinus
1146 4569 1244 4632 casati
1265 4569 1325 4629 ble-

584 4660 769 4722 diolanensis
799 4661 833 4720 ad
864 4673 1027 4736 supremae
1054 4676 1126 4720 suae
1156 4661 1324 4722 voluntatis

583 4753 697 4814 tabulas
708 4751 881 4816 condendas
892 4753 1027 4814 accessit.
1045 4753 1078 4814 ln
1096 4753 1131 4814 iis
1146 4754 1228 4814 enim
1245 4755 1324 4815 mire

581 4866 615 4910 se
629 4849 814 4910 munificum
835 4847 975 4926 praebuit
991 4863 1062 4923 erga
1086 4847 1139 4908 Dei
1154 4847 1274 4909 cultum
1290 4849 1323 4910 sr-

580 4943 713 5021 demque
734 4941 937 5002 orthodoxam
958 4943 1015 5002 sub
1037 4941 1228 5019 principibus
1244 4942 1322 5004 baud

581 5036 755 5098 christianis
773 5042 804 5096 et
820 5035 851 5095 in
868 5034 940 5096 locis
961 5035 1033 5096 binc
1054 5035 1167 5096 dissitis
1189 5035 1323 5097 maxime

580 5131 780 5193 laborantem.
806 5129 1031 5192 Verumtamen
1044 5131 1184 5190 executio
1201 5147 1321 5206 eorum,

580 5241 658 5304 quae
673 5240 728 5303 pro
745 5225 793 5302 pio
809 5224 907 5300 legato
929 5225 1072 5300 egregius
1095 5232 1223 5286 testator
1238 5241 1323 5286 man-

579 5321 674 5394 davit,
698 5319 790 5381 tantis
820 5319 882 5378 visa
903 5327 950 5378 est
975 5318 1206 5379 dillicultatibus
1228 5318 1323 5394 impe-

580 5411 650 5487 diri,
675 5421 709 5474 ut
740 5411 843 5473 dilecti
866 5410 921 5471 dlii
943 5411 1053 5472 Clerici
1078 5411 1246 5487 Regulares
1269 5411 1322 5474 So·

579 5507 696 5568 cictatis
717 5507 795 5579 lesu,
820 5505 917 5582 iisque
937 5521 953 5566 a
975 5506 1173 5567 testatorem
1200 5505 1321 5583 piorum

580 5599 752 5674 legatorum
774 5597 1040 5660 administratione
1060 5599 1220 5659 substituti
1248 5598 1321 5660 dile·

579 5694 619 5753 cti
635 5693 746 5770 pariter
758 5692 813 5752 lilii
826 5693 962 5768 religiosi
977 5693 1037 5753 viri
1053 5690 1174 5754 Ordinis
1185 5693 1218 5752 B.
1230 5692 1269 5752 bl.
1281 5691 1318 5753 V.

579 5787 616 5846 de
636 5785 739 5846 llonte
770 5787 912 5848 Carmeia
941 5787 1110 5848 Excalceati
1137 5785 1318 5863 nuncupati,

578 5880 667 5941 oneri
687 5881 864 5944 huiusmodi
879 5881 1153 5944 administrationis
1168 5895 1234 5940 sese
1248 5878 1320 5940 sub-

578 5973 736 6038 duxerint.

1423 3150 1575 3213 Secundo.
1595 3150 1633 3212 llt
1649 3148 1749 3210 scbola
1766 3147 1937 3224 theologiae
1954 3150 2077 3212 moralis
2094 3153 2124 3212 in

1383 3245 1491 3308 iisdem
1513 3242 1687 3306 inlidelium
1710 3241 1846 3320 partibus
1867 3241 2057 3304 instituatur.

1423 3339 1537 3402 'lertio
1549 3337 1588 3399 Ut
1600 3351 1721 3398 sacrum
1736 3333 1875 3397 solemne
1892 3335 2023 3411 singulis
2037 3339 2124 3398 annis

1382 3435 1413 3497 in
1426 3433 1526 3511 aliqua
1538 3430 1711 3495 celebretur
1722 3427 1834 3488 Terrae
1846 3426 1972 3490 Sanctae
1988 3431 2121 3492 eeclesia.

1421 3529 1544 3603 Quarto.
1569 3524 1609 3586 Ut
1631 3521 1810 3600 propinquis
1833 3522 1908 3596 suis,
1931 3523 1985 3602 qui
2006 3525 2056 3586 rel
2077 3541 2124 3586 ea·

1354 3670 1356 3695 ,
1382 3623 1452 3686 dem
1474 3619 1549 3682 Loca
1571 3619 1686 3690 sancta,
1709 3614 1759 3676 vel
1782 3615 1888 3677 limina
1909 3617 2124 3694 Apostolorum

1382 3713 1588 3786 visitaverint,
1605 3725 1740 3786 congrua
1756 3708 1856 3787 aliqua
1877 3712 2041 3786 praestatio
2054 3728 2124 3791 sup-

1381 3810 1548 3890 peditetur.

1421 3903 1545 3979 Quinto.
1568 3901 1713 3969 Demum,
1730 3903 1764 3956 ut
1779 3895 1897 3956 lructus
1912 3895 1999 3958 mille
2013 3898 2123 3960 ducen-

1382 4007 1485 4062 torum
1506 3993 1675 4070 nonaginta
1696 3998 1888 4052 scutatorum
1917 3989 2123 4069 multiplicen-

1378 4091 1486 4153 turin
1509 4096 1636 4150 sortem.

1390 4187 1563 4262 »Cumque
1584 4188 1646 4242 tam
1669 4178 1723 4239 ΡΡ.
1748 4177 1908 4254 chietatis
1930 4176 2008 4253 lesu,
2031 4197 2124 4258 qaam

1381 4279 1566 4346 Carmelitae
1576 4275 1707 4345 sullecti,
1719 4273 1863 4349 gravibus
1874 4273 2039 4352 perspectis
2051 4291 2123 4336 one

1380 4377 1465 4438 ribus
1487 4370 1625 4435 eiusdem
1653 4367 1757 4444 legati,
1781 4366 2039 4429 administrationi
2064 4367 2124 4430 lor-

1381 4473 1472 4532 miter
1494 4463 1763 4537 renuntiaverint3
1787 4462 1861 4522 hinc
1881 4460 1992 4522 lactum
2015 4471 2071 4538 est,
2088 4474 2124 4526 ut

1380 4566 1518 4628 eiusdem
1534 4559 1685 4622 testatoris
1701 4556 1857 4628 baarredes,
1875 4556 2037 4616 accedente
2051 4573 2123 4618 con·

1379 4671 1471 4719 sensu
1494 4660 1585 4729 atque
1607 4647 1824 4726 approbatione
1840 4646 1909 4706 Emi
1929 4655 1960 4705 et
1981 4646 2051 4707 limi
2067 4647 2123 4708 Do-

1380 4751 1459 4812 mini
1482 4742 1693 4808 Emmanuelis
1723 4739 1890 4802 Gardinalis
1912 4740 1954 4800 lte
1974 4740 2122 4816 Gregorio

1380 4862 1436 4907 nec
1459 4858 1521 4905 non
1544 4839 1614 4900 limi
1636 4838 1671 4898 ll.
1696 4833 1796 4897 Caroli
1822 4833 1956 4896 llaietani
1981 4834 2122 4912 Gaysralx

1379 4933 1606 5013 Arcbiepiscopi
1628 4929 1871 5003 llediolanensis,
1895 4927 2006 5004 quibus
2035 4937 2124 4990 testa-

1379 5031 1479 5094 menti
1501 5025 1674 5105 exequendi
1695 5039 1767 5084 cura
1792 5021 1929 5082 mandata
1952 5027 2009 5094 est,
2034 5019 2064 5082 S.
2083 5021 2118 5082 d.

1378 5130 1415 5189 de
1436 5121 1633 5202 Propagandi
1660 5115 1733 5178 Fide
1755 5114 1847 5176 enixe
1875 5115 2063 5190 rogaverint,
2087 5124 2121 5175 ut

1377 5216 1540 5296 impetrata
1555 5231 1570 5274 a
1586 5210 1682 5275 ssmo
1697 5209 1828 5269 Domino
1846 5214 1950 5268 nostro
1965 5206 2119 5281 facultate,

1378 5313 1517 5373 eiusdem
1539 5305 1630 5384 legati
1651 5301 1840 5380 adimplendi
1869 5316 1973 5362 curam
1995 5301 2051 5362 sibi
2072 5301 2144 5362 ad·-

1378 5404 1530 5476 scisceret,
1544 5417 1598 5479 pro
1611 5397 1674 5460 rata
1691 5402 1810 5457 tantum
1824 5394 1969 5455 tredecim
1987 5393 2119 5454 millium

1377 5499 1582 5560 ducentorum
1604 5499 1635 5553 et
1654 5489 1812 5566 sexaginta
1826 5494 2027 5562 scutatorum,
2050 5487 2121 5548 reli·

1377 5592 1435 5670 quai
1457 5589 1562 5650 relicta
1576 5586 1708 5660 summa,
1724 5582 1840 5644 scilicet
1855 5588 1973 5659 septem
1984 5580 2120 5642 millium

1375 5683 1648 5760 septingentorum
1659 5676 1863 5755 quadraginta
1874 5680 2074 5748 scutatorum,
2087 5673 2119 5734 in

1377 5778 1512 5839 latorem
1526 5774 1772 5853 propinquorum
1786 5769 1948 5844 testatoris,
1960 5767 2045 5829 iuxta
2057 5783 2120 5828 mo

1376 5873 1452 5934 dum
1473 5871 1510 5932 de
1538 5870 1676 5929 eiusdem
1703 5863 1937 5926 Mediolanensis
1962 5861 2119 5939 Arabiepi-

1375 5966 1456 6046 scopi
1472 5961 1685 6036 consensione,
1701 5957 1893 6020 concorditer
1908 5955 2117 6018 statuendum.

2165 569 2219 626 An.
2232 574 2261 627 d.
2278 577 2336 631 1821
