4856 7010
103 565 157 619 An.
172 565 205 622 G.
228 560 296 618 maa
342 580 345 586 ·

132 3703 305 3751 Prooemium.

110 4457 324 4561 bgflreuiduesmerfdil
380 4446 400 4522 5

110 4569 169 4614 Pius
185 4571 254 4623 Papa
271 4565 323 4611 vll.

110 4619 324 4722 dectracta·

327 697 456 776 parique
484 697 619 760 utilitate
650 707 681 761 et
709 696 912 776 prosperitate
944 693 1074 757 admini-

326 793 435 854 stratio
457 793 611 855 Ecclesiae
632 792 737 855 Norae
751 791 894 856 Aureliae
915 790 1071 867 procedet,

328 892 475 963 grataque
498 887 531 948 in
557 886 768 966 spiritualibus
797 895 828 948 et
853 883 1073 962 temporalibus

328 979 520 1042 incrementa
536 980 692 1059 suscipiet.
716 981 827 1057 lngum
839 979 935 1056 igitur
948 978 1073 1038 Domini

328 1073 391 1136 tuis
405 1075 586 1152 impositum
598 1074 738 1137 humeris
753 1073 894 1152 prompta
909 1072 1075 1134 devotione

329 1168 425 1229 animi
447 1168 647 1244 amplectens,
670 1184 777 1230 curam
792 1173 823 1230 et
838 1166 1075 1230 administratio·

330 1276 403 1322 nem
417 1262 586 1340 praedictas
600 1264 641 1324 ita
655 1264 776 1325 studeas
792 1262 926 1323 fideliter
941 1260 1075 1338 pruden-

331 1362 440 1432 terque
467 1371 624 1432 exercere,
655 1365 690 1419 ut
718 1356 842 1419 ecclesia
872 1354 904 1417 S.
928 1353 1075 1415 Ludovici

320 1449 461 1534 ‚gaudeat
475 1465 507 1510 se
523 1449 650 1526 provido
666 1449 865 1526 gubernatori
877 1455 908 1509 et
919 1448 1076 1520 fructuoso

329 1541 571 1604 administratori
586 1558 651 1604 esse
661 1539 868 1616 commissam,
880 1549 977 1619 tuque
991 1556 1076 1618 prae-

278 1657 284 1666 ·
331 1639 380 1696 ter
404 1644 549 1696 aeternae
580 1635 793 1697 retributionis
820 1637 994 1713 praemium
1023 1649 1078 1695 no-

330 1735 427 1790 stram
448 1743 573 1805 quoque
593 1733 624 1790 et
645 1727 731 1792 Sedis
745 1728 938 1806 apostolicae
952 1726 1078 1789 uberius

331 1821 445 1882 exinde
458 1822 605 1900 consequi
621 1823 769 1885 merearis
786 1821 1032 1884 benedictionem
1047 1827 1078 1881 et

332 1913 473 1989 gratiam.
496 1913 565 1976 Non
587 1916 780 1979 obstantibus
806 1914 1078 1978 constitutionibus

333 2015 365 2069 et
376 2008 620 2071 ordinationibus
632 2009 814 2088 apostolicis,
823 2007 996 2087 ceterisque
1005 2022 1079 2069 cou-

332 2103 433 2164 trariis
454 2102 712 2181 quibuscumque.

373 2197 486 2258 batum
507 2195 634 2271 Romae,
656 2194 736 2273 apud
760 2196 789 2259 S.
807 2196 935 2257 Petrum
956 2194 1014 2256 sub
1028 2209 1079 2255 an·

333 2289 410 2351 nulo
430 2289 551 2363 Piscat,
574 2289 623 2351 die
645 2304 698 2350 xx.
725 2289 827 2351 martii
853 2303 1079 2362 coccorano,

334 2381 530 2461 pontificatus
551 2382 650 2444 nostri
672 2397 754 2444 anno
774 2399 804 2442 v.
1028 2369 1030 2374 ’

590 2587 828 2597 ——a--n--n—

658 2763 754 2828 XXV.

336 2955 476 3037 Reqnlce
485 2954 660 3016 servandae
671 2953 707 3014 in
721 2950 873 3013 electione
884 2947 1081 3010 Antistitcnt

374 3050 499 3111 sedium
520 3047 710 3111 cccootlcrn
732 3044 822 3125 requi
840 3040 1040 3106 Germanice.

557 3233 630 3301 1.Εο
653 3228 870 3300 ΕΡΙὸθῦΡϋὸ

524 3413 633 3465 sertus
656 3411 810 3464 serrorum
834 3391 897 3470 tlei,

457 3520 493 3589 ad
516 3523 688 3604 perpetuant
717 3518 761 3584 rei
784 3515 963 3583 honoriam.

378 3698 398 3774 ἓ
421 3695 447 3758 l.
471 3697 516 3760 hd
539 3693 690 3758 bominici
713 3693 815 3770 gregis
843 3689 1013 3754 custodiam
1034 3703 1084 3764 pa·

338 3801 436 3857 stores
462 3790 640 3869 praeficere,
662 3788 715 3865 qui
737 3792 768 3848 et
789 3797 949 3848 sacrorum
976 3797 1085 3860 procu·

340 3884 451 3948 rationi
472 3890 504 3944 et
531 3879 705 3944 ministerio
732 3878 820 3941 verbi
850 3877 968 3939 semitis
994 3875 1085 3937 illum

291 4015 294 4020 2
339 3986 450 4056 regant
478 3976 613 4040 iustitiae
642 3992 675 4037 ac
702 3972 819 4045 salutis,
841 3970 975 4032 maxima
1005 3983 1087 4030 sem-

339 4088 396 4150 per
417 4070 599 4148 assiduaque
614 4066 814 4129 contentione
830 4062 960 4126 Romani
983 4061 1085 4122 Ponti-

340 4168 412 4229 fices
427 4163 525 4226 adnisi
540 4169 628 4236 suut,
638 4159 732 4239 probe
746 4158 833 4235 gnari
851 4157 880 4220 id
894 4155 953 4219 sibi
968 4172 1006 4217 er
1018 4170 1086 4215 mu-

340 4260 425 4322 neris
438 4258 487 4320 sui
502 4256 600 4319 officio
614 4272 630 4315 a
645 4262 801 4335 pastorum
816 4250 956 4331 principe
977 4249 1009 4310 in
1024 4248 1086 4326 pri-

341 4352 400 4415 mis
421 4348 644 4415 commendari.

421 4446 451 4510 2.
475 4445 538 4506 Hoc
562 4442 693 4521 proinde
721 4439 849 4504 consilio
871 4453 926 4516 pro
948 4453 1085 4514 summo,

342 4555 404 4620 quo
415 4540 448 4600 iu
460 4537 612 4601 Ecclesiae
623 4536 742 4597 bonnm
757 4533 905 4611 flagrabat
918 4532 1031 4606 studio,
1045 4529 1087 4592 le·

342 4634 407 4696 licis
428 4629 649 4695 recordatiouis
664 4629 876 4708 praedecessor
890 4634 996 4689 noster
1017 4624 1087 4687 Pius

343 4726 499 4806 Septimus
521 4723 674 4787 maximae
694 4721 750 4784 sibi
766 4720 909 4796 religioni
932 4718 1020 4782 duxit
1041 4717 1087 4780 in·

343 4827 443 4884 tentas
463 4819 497 4880 in
511 4833 563 4880 eos
576 4814 768 4880 orthodoxae
789 4813 861 4876 hdei
882 4813 1016 4876 cultores
1030 4812 1088 4874 sol-

342 4911 519 4976 licitudines
540 4901 741 4984 conuertere„
751 4907 804 4988 qui
818 4907 1088 4970 serenissimorum

343 5006 520 5085 principum
552 5011 752 5082 statuumque
782 5001 977 5076 Germaniae,
1007 5000 1088 5077 regis

343 5115 457 5178 nempe
478 5097 731 5173 Witembergiae,
748 5097 852 5172 magni
873 5095 958 5157 ducis
972 5094 1089 5156 Baden·

342 5197 383 5257 sis
405 5193 544 5255 electoris
566 5192 697 5266 Hassiae,
721 5191 825 5266 magni
847 5189 933 5252 ducis
954 5188 1087 5265 Hassiae,

344 5287 430 5350 ducis
450 5284 674 5359 Nassoriensis,
696 5284 810 5347 liberae
837 5281 973 5345 civitatis
996 5282 1089 5344 Fran·

344 5381 539 5455 colurteusis,
563 5379 667 5456 magni
688 5378 774 5440 ducis
795 5377 1022 5456 Megapolitani,
1035 5377 1089 5438 dn-

277 5487 278 5492 ’
344 5491 418 5539 cum
439 5473 602 5548 saxoniae,
625 5471 710 5534 ducis
732 5470 983 5552 bideburgensis,
1005 5470 1090 5548 prin·

344 5570 418 5650 cipis
439 5566 660 5640 Waldecensis,
683 5582 716 5628 ac
738 5564 905 5626 liberarum
926 5563 1090 5626 civitatum

345 5661 595 5727 Hauseaticarum
605 5658 790 5723 Lubecensis
802 5665 833 5719 et
847 5656 1024 5720 Bremensis
1038 5654 1090 5717 do-

344 5757 509 5819 minationi
529 5755 674 5831 subsunt,
687 5769 721 5816 ac
742 5751 871 5832 proinde
892 5749 1091 5827 diligentissi-

345 5851 455 5914 melis
477 5849 620 5913 omuibus
641 5847 811 5928 perpensis,
834 5861 913 5926 quae
934 5846 1090 5922 magices

345 5963 379 6014 re
394 5961 459 6010 esse
472 5944 536 6008 risa
545 5952 632 6021 suut,
643 5944 796 6026 praesides
810 5955 969 6006 sacrorum
980 5936 1090 6004 iisdem

993 575 1050 622 holt
1070 576 1120 621 PP·
1144 571 1204 622 xtt.

1795 551 1854 616 683
1903 551 1958 606 Aa.
1971 551 2002 604 0.
2023 550 2092 603 1827

1128 693 1331 770 adsignandos
1352 691 1482 755 curavit.
1505 690 1587 754 Datis
1608 689 1721 754 idcirco
1736 689 1772 752 ad
1791 689 1874 752 diem

1123 789 1291 866 ⁸septimam
1313 786 1459 852 kalendas
1472 787 1656 864 septembris
1671 802 1752 848 anuo
1773 784 1875 846 mille-

1128 883 1207 943 simo
1235 881 1493 957 octingentesimo
1524 879 1675 956 vigesimo
1703 879 1873 958 apostolicis

1130 975 1241 1049 literis,
1258 990 1390 1053 quarum
1407 973 1532 1035 initium
1549 973 1688 1034 Provida
1703 973 1871 1050 solersque,

1130 1067 1394 1146 archiepiscopalis
1408 1066 1625 1142 Eribnrgensis
1642 1066 1729 1130 sedes
1746 1067 1875 1144 eiusque
1912 1077 1914 1082 ·

1130 1160 1339 1236 suffraganeae
1361 1168 1504 1238 quatuor,
1518 1160 1805 1235 llottemburgensis
1827 1159 1873 1220 ui-

1131 1255 1260 1329 mirum,
1283 1253 1476 1330 bloguntina,
1492 1253 1728 1329 Limbnrgensis
1750 1269 1783 1314 ac
1803 1253 1874 1314 Ful-

1131 1350 1244 1423 densis,
1261 1349 1446 1411 constitutae
1461 1353 1546 1422 sunt,
1560 1346 1679 1409 cunctis
1700 1351 1875 1424 opportune

1133 1444 1165 1506 in
1188 1445 1216 1505 id
1238 1442 1338 1520 operis
1366 1440 1505 1515 sancitis,
1528 1457 1607 1518 quae
1632 1441 1667 1501 ad
1690 1439 1875 1502 antistitum

1131 1551 1271 1606 censum,
1288 1536 1323 1596 ad
1343 1534 1564 1596 canonicorum
1579 1533 1718 1608 collegia,
1734 1534 1769 1594 ad
1784 1531 1875 1592 senri-

1132 1630 1229 1705 naria,
1253 1629 1289 1690 ad
1316 1629 1479 1706 paroecias,
1511 1629 1546 1689 ad
1575 1626 1762 1689 cathedrales
1789 1627 1877 1700 aedes

1133 1731 1221 1786 erant
1240 1721 1466 1802 praefinienda3
1490 1721 1567 1800 quin
1582 1721 1644 1782 imo
1659 1720 1721 1780 Deo
1735 1721 1875 1793 iuvante,

1133 1819 1186 1897 qni
1201 1825 1287 1896 pater
1301 1826 1347 1879 est
1361 1816 1519 1878 luminum
1534 1822 1565 1876 et
1579 1823 1684 1876 auctor
1698 1816 1794 1878 totius
1806 1831 1877 1877 con·

1133 1909 1302 1984 solationis,
1319 1912 1350 1971 in
1366 1925 1402 1971 eo
1423 1911 1485 1972 iam
1505 1927 1624 1985 sumus,
1643 1915 1677 1970 ut
1699 1911 1734 1971 iis
1755 1909 1877 1972 sedibus

1134 2020 1205 2066 suos
1226 2005 1459 2081 quamprimum
1481 2010 1616 2083 pastores
1644 2003 1868 2083 praeficiamus.

1174 2097 1193 2171 ἓ
1214 2096 1242 2159 3.
1268 2097 1386 2160 Verum
1410 2098 1562 2160 nonnulla
1577 2099 1675 2160 adhuc
1689 2098 1877 2161 concilianda
1937 2105 2005 2156 ouaa
2026 2103 2109 2160 orsoe-

1135 2191 1397 2266 desiderabantur,
1421 2191 1532 2269 quibus
1554 2190 1585 2252 in
1608 2191 1714 2253 lutura
1741 2199 1878 2268 tempora
1896 2158 2108 2257 ξῆῗιῖῗιῖοιὲῗηῖῗιῗ

1135 2285 1172 2348 de
1193 2284 1378 2347 butistitum
1399 2285 1579 2361 praesertim
1598 2283 1748 2346 electione
1769 2302 1880 2364 oppor-

1137 2388 1212 2442 tune
1226 2392 1283 2456 pro
1297 2377 1437 2440 locorum
1458 2377 1577 2439 ratione
1594 2385 1673 2440 esset
1688 2379 1877 2454 consultum,

1136 2482 1170 2536 ut
1192 2473 1314 2548 integra
1329 2473 1361 2532 in
1376 2470 1405 2532 id
1416 2487 1523 2533 causae
1536 2478 1675 2549 perstent
1690 2473 1880 2551 apostolicae

1136 2567 1223 2631 Sedis
1253 2567 1320 2628 iura
1341 2571 1371 2626 et
1393 2564 1513 2639 omnia,
1537 2581 1614 2642 quae
1642 2565 1756 2629 idcirco
1785 2575 1880 2630 erunt

1135 2661 1251 2722 ibidem
1271 2658 1455 2737 peragenda,
1471 2659 1645 2721 communis
1659 2661 1814 2737 opinionis
1837 2669 1880 2722 te-

1136 2754 1284 2816 stimonio
1306 2752 1579 2826 commendentur,
1597 2762 1715 2816 nostras
1737 2754 1770 2816 in
1785 2755 1813 2816 id
1829 2773 1880 2818 cu·

1137 2865 1187 2910 ras
1208 2847 1346 2924 impense
1370 2847 1564 2926 appulimus,
1589 2847 1618 2908 id
1640 2847 1731 2910 unice
1759 2849 1791 2910 in
1814 2863 1882 2924 gra-

1137 2940 1263 3003 vissimo
1284 2941 1342 3002 hoc
1356 2947 1387 3001 et
1401 2939 1516 3002 dilllcili
1537 2941 1662 3016 negotio
1683 2941 1881 3004 revolventes

1138 3034 1254 3109 animo,
1277 3043 1312 3096 ut
1336 3049 1370 3094 ea
1391 3033 1494 3095 omnia
1522 3033 1746 3108 adimerentur,
1769 3034 1882 3112 quibus

1137 3128 1236 3190 adhuc
1265 3126 1511 3206 praepediuntur
1541 3126 1676 3188 maxima
1706 3126 1882 3189 animarum

1139 3221 1222 3285 lucra
1243 3238 1298 3303 per
1325 3227 1513 3283 memoratae
1540 3220 1641 3284 bullae
1668 3220 1882 3299 dispositiones

1139 3324 1311 3397 procurata,
1322 3321 1354 3378 et
1368 3320 1508 3393 optatum
1522 3314 1643 3376 exitum
1660 3316 1784 3379 tandem
1805 3331 1881 3378 uan-

1138 3412 1308 3484 ciscantur,
1331 3409 1463 3486 quaein
1489 3407 1651 3484 religionis
1682 3407 1882 3471 commodum

1138 3505 1261 3568 fuerant
1281 3503 1457 3568 constituta.

1179 3602 1197 3676 ἓ
1218 3599 1248 3660 d.
1271 3597 1362 3661 Omni
1384 3597 1489 3674 itaque
1501 3597 1617 3673 negotii
1632 3597 1751 3660 ratione
1767 3599 1798 3658 in
1814 3615 1884 3660 erra·

1139 3711 1212 3757 men
1224 3693 1363 3768 deducta,
1377 3689 1475 3770 iisque
1486 3691 1636 3770 susceptis
1647 3692 1792 3768 consiliis,
1805 3710 1884 3771 quae

1139 3803 1178 3850 ex
1199 3786 1244 3848 rei
1267 3792 1376 3847 natura
1392 3783 1522 3861 eiusque
1542 3782 1694 3845 adiunctis
1716 3783 1883 3857 universis,

1140 3887 1355 3953 occurrerunt,
1377 3877 1488 3940 auditis
1516 3877 1677 3939 nonnullis
1698 3893 1736 3939 ex
1757 3894 1886 3941 reuera-

1140 3975 1253 4037 bilibus
1275 3971 1420 4034 iratribus
1440 3972 1553 4032 nostris
1581 3968 1709 4033 Sanctae
1730 3971 1885 4034 Romanae

1141 4069 1295 4132 Ecclesiae
1306 4065 1531 4139 cardinalibus,
1542 4071 1634 4143 atque
1645 4081 1682 4126 ex
1695 4072 1775 4126 certa
1790 4065 1887 4127 scien·

1142 4167 1182 4227 tia
1204 4169 1235 4227 et
1256 4170 1377 4226 matura
1397 4159 1618 4222 deliberatione
1639 4160 1764 4234 nostris,
1787 4161 1888 4239 deque

1929 3608 2068 3653 Decretum.

1141 4257 1321 4339 apostolicae
1332 4253 1489 4332 potestatis
1501 4251 1708 4330 plenitudine,
1719 4253 1794 4315 haec
1809 4271 1887 4332 quae

1141 4356 1318 4433 sequuntur
1339 4347 1535 4411 decernimus
1557 4361 1590 4407 ac
1606 4347 1803 4409 mandamus:

1182 4465 1203 4509 r.
1226 4445 1486 4520 Quotiescumque
1513 4441 1599 4502 sedes
1623 4439 1887 4518 archiepiscopalis
1922 4451 1957 4496 uo
1971 4451 2117 4514 onerosus

1143 4541 1193 4604 vel
1216 4535 1393 4619 episcopalis
1414 4533 1579 4608 vacaverit,
1602 4532 1686 4595 illius
1704 4533 1886 4597 cathedralis
1904 4505 2069 4552 ”⁰⁰⁰¹³¹¹⁶¹⁸'

1142 4633 1287 4698 ecclesiae
1307 4628 1477 4708 capitulum
1491 4627 1571 4689 intra
1587 4642 1727 4689 mensem
1742 4644 1758 4689 a
1773 4627 1822 4689 die
1836 4644 1888 4689 ra·

1142 4727 1271 4792 cationis
1290 4721 1535 4801 compntandum
1556 4735 1695 4782 summos
1725 4721 1888 4800 respectivi

1144 4819 1294 4883 territorii
1309 4815 1463 4895 principes
1478 4815 1625 4877 certiores
1635 4814 1703 4875 fieri
1719 4813 1837 4875 curabit
1851 4814 1888 4875 de

1144 4911 1324 4976 nominibus
1353 4909 1588 4972 candidatorum
1609 4907 1645 4970 ad
1666 4906 1785 4969 clerum
1806 4905 1888 4969 dioe-

1144 5019 1293 5070 cesanum
1313 5001 1532 5081 spectantium,
1545 5015 1622 5077 quos
1643 4996 1753 5075 dignos
1774 5005 1804 5059 et
1826 4997 1888 5059 ido·

1145 5115 1220 5164 neos
1242 5098 1327 5160 iusta
1347 5107 1505 5156 sacrorum
1528 5106 1682 5153 canonum
1703 5091 1888 5169 praescripta

1144 5189 1326 5256 iudicaverit
1347 5190 1384 5250 ad
1405 5183 1693 5262 archiepiscopalem
1709 5182 1759 5244 rel
1774 5183 1890 5261 episco-

1144 5284 1245 5363 palem
1258 5280 1418 5344 ecclesiam
1431 5284 1535 5340 sancte
1549 5277 1766 5356 sapienterque
1780 5290 1890 5352 regen-

1145 5383 1225 5444 dam.
1259 5379 1292 5442 Si
1320 5375 1399 5438 lorte
1425 5389 1499 5436 vero
1526 5370 1636 5450 aliquis
1657 5387 1696 5432 ex
1724 5368 1890 5432 candidatis

1146 5475 1219 5552 ipsis
1238 5484 1363 5534 summo
1374 5467 1523 5530 territorii
1545 5464 1677 5544 principi
1699 5463 1801 5526 minus
1823 5478 1892 5538 gra·
1979 5513 1982 5518 ,

1147 5576 1195 5629 tus
1210 5563 1359 5634 estiterit,
1376 5558 1577 5639 capitulume
1594 5555 1730 5632 catalogo
1752 5571 1826 5618 eum
1840 5555 1892 5617 de-
1945 5549 1946 5552 ’

1145 5659 1232 5734 tebit,
1261 5656 1383 5735 reliquo
1414 5663 1518 5716 tamen
1540 5657 1689 5713 manente
1715 5649 1891 5711 sufficiente

1145 5749 1376 5815 candidatorum
1397 5762 1543 5821 numero,
1565 5761 1604 5806 err
1625 5759 1687 5822 quo
1705 5757 1806 5805 novus
1829 5741 1890 5803 hn-

1146 5846 1232 5908 tistes
1253 5841 1329 5919 eligi
1343 5841 1453 5904 valeat.
1477 5841 1565 5901 Tunc
1579 5853 1655 5900 rere
1670 5837 1839 5915 capitulum
1854 5833 1891 5898 ad

1144 5937 1322 6002 canonicam
1344 5934 1529 6000 electionem
1556 5933 1589 5995 in
1617 5930 1892 6012 archiepiscopum
