4856 7010
128 540 190 594 An.
207 542 235 592 0.
257 538 326 590 1830

976 567 979 574 ’
1009 555 1080 600 rius
1102 553 1151 600 ΡΙ).
1176 555 1243 598 VIII.

114 691 221 789 &relapsio
236 699 336 737 concas·
395 680 414 756 5
434 677 465 738 2.
486 676 548 739 Nos
569 677 665 755 igitur
678 678 749 745 licet
763 677 921 740 Immerito
935 690 1033 755 quum
1048 691 1094 736 ar·

355 785 431 832 cauo
451 769 572 832 divinae
593 771 805 848 providentiae
822 768 949 831 consilio
970 767 1003 830 iu
1024 785 1093 847 apo-

354 862 482 926 stolatus
502 864 638 928 culmine
659 864 819 928 constituti
835 858 1030 944 Christilesu
1045 861 1094 926 hic

354 955 388 1017 iu
405 957 493 1018 terris
505 957 646 1040 vicariam
662 972 805 1034 geramus
826 973 963 1034 operam,
976 956 1029 1036 qui
1040 973 1094 1018 no·

353 1057 416 1110 stra
437 1065 494 1128 par
521 1056 577 1126 est,
600 1058 631 1112 et
658 1052 740 1114 dedit
765 1050 853 1112 nobis
883 1049 1094 1116 ministerIum

355 1143 631 1217 reconciliationis,
661 1142 863 1206 vehementer
884 1143 1037 1220 cupimus,
1060 1151 1095 1206 ut

355 1235 468 1300 Christi
487 1253 556 1315 par,
569 1253 628 1315 qua
642 1237 721 1299 nihil
736 1237 854 1299 dulcius
872 1236 1012 1316 nihilque
1026 1237 1094 1314 pul-

354 1331 435 1394 crius
456 1346 521 1394 esse
541 1337 652 1409 potest,
675 1332 789 1395 exaltet
810 1333 842 1394 in
867 1332 1009 1396 cordibus
1031 1346 1095 1393 om·

355 1424 445 1487 nium
466 1425 498 1487 in
520 1441 579 1503 qua
600 1433 630 1487 et
645 1426 742 1488 vocati
764 1443 872 1488 sumus
894 1426 925 1486 in
945 1441 1008 1486 uno
1029 1441 1095 1486 cor-

354 1533 436 1596 pore.
460 1518 559 1592 Quum
575 1518 677 1596 itaque
692 1519 725 1580 iu
743 1519 958 1580 florentissima
973 1517 1095 1581 Galviae

353 1609 487 1686 civitate,
510 1625 587 1688 quae
610 1611 641 1672 in
663 1611 821 1690 provincia
843 1611 1046 1675 Gonnacieusi
1062 1611 1095 1673 in

354 1704 500 1766 Hibernia
521 1705 589 1780 sita,
605 1719 828 1782 saepenumero
850 1720 913 1766 non
935 1707 1037 1768 omnia
1057 1722 1095 1766 ex

354 1797 461 1859 ordine
484 1797 570 1874 dant,
593 1813 670 1876 quae
693 1798 849 1874 guardiani
865 1805 895 1862 et
911 1799 1094 1862 vicariorum

354 1890 537 1954 electionem
559 1891 740 1969 respiciunt,
762 1898 852 1970 atque
875 1893 929 1954 hac
950 1909 986 1954 ex
1008 1909 1094 1956 causa

355 1999 418 2045 nou
433 1983 513 2045 levia
527 1984 560 2045 in
574 1983 813 2048 ecclesiasticum
827 1986 969 2062 regimen
985 1988 1095 2052 damna

354 2085 384 2138 et
405 2077 591 2140 detrimenta
621 2079 792 2140 redundare
820 2081 1009 2159 accepimns,
1040 2098 1095 2146 nos

354 2171 425 2234 huic
441 2172 484 2233 rei
507 2187 669 2234 occurrere
684 2173 836 2249 volentes,
858 2191 950 2238 veuu.
962 2176 1094 2239 fratrum

354 2271 532 2328 nostrorum
548 2265 675 2328 Sanctae
690 2266 843 2330 Romanae
859 2268 1009 2332 Ecclesiae
1025 2271 1095 2333 Car·

354 2358 502 2421 dinalium
516 2359 766 2436 Congregatioui,
776 2376 852 2437 quae
864 2361 1030 2425 christiano
1041 2380 1096 2425 uo·

355 2451 433 2514 mini
459 2454 652 2530 propagando
673 2451 788 2527 studet,
810 2455 1033 2532 commisimus,
1063 2467 1095 2520 ut

353 2545 531 2608 huiusmodi
547 2546 708 2622 negotium
723 2556 933 2624 cognosceret,
945 2550 1095 2628 nobisque

354 2638 495 2714 referret,
517 2654 649 2718 quanam
671 2641 789 2702 ratione
808 2641 1010 2706 incommodis
1032 2659 1095 2706 me-

355 2730 420 2792 deri
434 2741 544 2810 posset,
558 2747 636 2810 qnae
645 2747 679 2793 ea
690 2731 724 2794 iu
735 2733 887 2796 electione
898 2735 1095 2812 proficiscun-

355 2831 416 2884 tur.
449 2824 529 2898 Quae
558 2841 640 2886 sacra
669 2825 873 2903 congregatio
898 2837 1094 2906 posteaquam

353 2932 387 2976 ea
409 2917 512 2996 omnia
542 2925 664 2980 maturo
695 2921 838 2982 examine
866 2921 1094 2998 animadvertit,

354 3025 432 3087 quae
446 3009 482 3070 ad
497 3009 576 3071 hauc
590 3025 658 3072 rem
679 3011 837 3088 pertinere
851 3029 938 3091 posse
952 3015 1097 3078 videban-

356 3112 417 3177 tur,
441 3109 482 3177 te,
505 3102 714 3179 tenultatem
737 3106 769 3166 in
791 3105 914 3170 Galviae
939 3109 1095 3173 civitatem

354 3195 540 3258 mittendum
570 3213 635 3258 esse
662 3199 792 3274 censuit,
821 3200 1025 3280 tranquillum
1046 3220 1094 3282 pa-

354 3288 396 3351 cis
418 3305 494 3367 opus
515 3291 633 3352 cunctis
654 3300 789 3354 nectere.

1151 672 1272 736 dotibus
1295 671 1401 734 contisi
1429 688 1493 734 uon
1520 671 1696 734 dubitamus
1717 669 1793 748 quin
1823 676 1893 730 tuus

1149 764 1186 826 ad
1206 764 1342 828 Galriam
1356 767 1508 830 adventus
1529 765 1641 844 cuique
1659 763 1775 827 civium
1792 761 1893 826 ordini
1973 817 1976 822 .

1151 862 1256 934 gratus
1271 867 1474 936 acceptusque
1488 849 1539 934 sit,
1551 867 1642 936 atque
1654 857 1758 918 omnia
1773 871 1812 918 eu
1822 862 1894 916 uoto

1150 951 1322 1014 succedant.
1347 953 1466 1014 Interea
1487 950 1635 1028 temporis
1655 947 1820 1026 singularis
1843 947 1895 1009 be-

1151 1044 1345 1106 nevolentiae
1368 1045 1583 1108 testimouium
1600 1043 1654 1105 tibi
1674 1044 1766 1104 edere
1787 1041 1893 1103 rolen-

1152 1145 1208 1212 tes,
1220 1136 1416 1216 apostolicam
1427 1144 1564 1198 nostram
1580 1134 1827 1198 benedictionem
1839 1133 1894 1195 tibi

1150 1237 1346 1308 peramanter
1368 1230 1573 1308 impertimur.

1190 1326 1301 1388 Datum
1322 1325 1437 1387 hornae
1457 1322 1535 1401 apud
1557 1321 1588 1384 S.
1605 1322 1731 1385 Mariam
1748 1320 1894 1384 Maiorem

1151 1419 1209 1481 sub
1230 1417 1345 1480 annulo
1373 1416 1531 1478 Piscatoris
1553 1416 1602 1478 die
1631 1431 1695 1478 rvr.
1721 1415 1788 1478 iulii
1812 1430 1894 1478 anno

1152 1527 1351 1586 nocuerim,
1374 1509 1569 1588 pontificatus
1592 1509 1690 1572 nostri
1712 1524 1793 1572 anno
1814 1524 1849 1570 ιι.

1408 1709 1645 1722 ..ι-...ψ

1468 1888 1575 1952 XVIII.

1221 2077 1445 2156 Reinthrutio
1466 2076 1548 2138 aedis
1573 2075 1764 2139 Gort'tt'enra's
1786 2076 1826 2138 nal

1286 2171 1435 2234 bonorem
1457 2169 1762 2247 archiepiscopatus.

1361 2352 1447 2423 etus
1470 2351 1687 2424 episcopus
1722 2373 1723 2377 ’

1337 2533 1445 2587 aeruna
1467 2499 1722 2596 aerrotnm'liei,

1290 2639 1326 2708 ad
1348 2640 1487 2708 loturam
1506 2640 1550 2707 rei
1575 2639 1754 2708 memoriam.

1191 2829 1209 2904 5
1233 2829 1259 2890 l.
1285 2831 1317 2891 ln
1337 2829 1584 2908 supereminenti
1599 2828 1779 2906 apostolicae
1796 2827 1896 2904 digni·

1152 2923 1220 2984 tatis
1241 2922 1376 3000 specula,
1393 2924 1512 2984 meritis
1534 2923 1605 2984 licet
1626 2922 1807 3000 imparibus,
1823 2937 1894 2982 cou-

1151 3015 1264 3090 stituti,
1287 3016 1337 3078 illa
1359 3033 1481 3094 quoque
1506 3016 1595 3078 nobis
1615 3014 1769 3077 incumbit
1795 3031 1893 3090 causa,

1152 3115 1185 3171 ut
1207 3109 1393 3172 cathedrales
1414 3109 1555 3171 ecclesiae
1578 3126 1595 3170 a
1615 3107 1895 3188 praedecessoribus

1151 3202 1263 3264 nostris
1277 3202 1335 3263 iam
1350 3209 1436 3264 autea
1449 3203 1480 3263 in
1498 3200 1746 3279 metropolitanas
1761 3206 1893 3274 erectae,

1152 3311 1183 3356 ac
1204 3309 1368 3372 progressu
1389 3301 1565 3371 temporum
1581 3292 1804 3371 metropolitico
1827 3293 1894 3353 iure

1817 535 1873 595 733
1923 530 1977 584 An.
1991 534 2021 585 c.
2043 535 2112 588 1830

1942 2843 2109 2890 Prooequm.

132 3401 216 3462 renni·
231 3396 336 3453 deputa·

122 3457 208 3497 tronis.

394 3383 412 3457 ἓ
432 3383 460 3444 3.
484 3382 686 3456 Quamobrem
708 3401 763 3447 nos
785 3387 960 3452 huiusmodi
974 3407 999 3450 s.
1017 3392 1095 3454 Con·
1152 3390 1212 3448 iam
1227 3389 1402 3463 destitutae,
1413 3386 1635 3449 catholicorum
1649 3385 1827 3465 principum
1843 3399 1895 3462 po·

354 3477 1096 3558 gregationiscousiliumprobantes,quumcom-
1150 3480 1367 3543 stulatiouibus
1389 3479 1567 3556 annuendo,
1586 3481 1621 3542 ad
1643 3478 1893 3558 metropolitana·

354 3577 478 3649 pertum
493 3571 749 3650 exploratumque
762 3574 812 3648 sit,
829 3582 941 3653 quanta
956 3593 1030 3640 sane
1044 3580 1094 3641 do·
1152 3589 1223 3636 rum
1244 3574 1441 3636 ecclesiarum
1464 3576 1591 3650 gradum
1618 3582 1648 3635 et
1671 3572 1822 3635 honorem
1844 3573 1894 3634 de·

354 3666 463 3740 ctrina,
476 3665 638 3743 prudentia
659 3682 691 3726 ac
711 3666 859 3744 sapientia
879 3678 1023 3746 praestes,
1040 3688 1094 3734 no·
1151 3682 1214 3746 nuo
1236 3668 1272 3729 ab
1292 3667 1463 3744 Apostoliea
1485 3667 1562 3730 Sede
1584 3666 1783 3728 extollantur.

352 3758 423 3822 stris
446 3759 528 3820 hisce
550 3758 645 3820 literis
660 3759 714 3822 tibi
737 3761 970 3837 committimus,
984 3765 1095 3828 utGal-
1190 3760 1258 3837 §2
1283 3760 1483 3838 Posteaquam
1504 3760 1555 3822 iel.
1570 3776 1630 3822 rec.
1655 3758 1890 3822 Benedichl.
1951 3768 2124 3824 exponitur

353 3851 435 3914 viam
443 3859 532 3929 petas
545 3853 788 3914 etvehemeuter
804 3854 835 3914 iu
849 3855 980 3918 Domino
994 3856 1096 3920 horta·
1121 3886 1123 3957 ξ
1150 3853 1362 3932 praedecessor
1383 3861 1488 3915 noster
1509 3851 1713 3915 cathedralem
1734 3851 1894 3914 ecclesiam
1912 3821 2125 3938 ᾓξῧξῗξᾱᾷοῗὲὲζ

353 3960 436 4020 mur,
453 3952 487 4007 ut
502 3944 543 4006 ibi
565 3945 771 4008 conciliatoris
792 3962 925 4010 munere
946 3949 1093 4027 iungens,
1121 3974 1123 4017 ε
1150 3948 1355 4012 Goritieusem
1378 3947 1412 4008 ad
1439 3948 1567 4022 gradum
1588 3945 1666 4006 sedis
1694 3944 1892 4023 archiepisco·
1913 3939 2125 4032 fl}f¹⁰„⁰„¹',ss{⁰⁰,¹,'?.'

353 4047 505 4115 quantum
527 4039 559 4099 in
582 4047 612 4100 te
634 4047 692 4114 est,
720 4040 883 4118 apostolico
904 4042 971 4104 zelo
1000 4044 1094 4106 iaceas
1151 4041 1225 4120 palis
1246 4049 1402 4116 evexerat,
1420 4041 1460 4102 ita
1475 4055 1583 4116 graves
1605 4039 1798 4102 obvenerunt
1815 4049 1892 4100 tem·
1911 4035 2124 4136 opportuneque

352 4131 552 4193 fundamenta
573 4132 652 4208 pacis
666 4140 697 4194 et
717 4131 796 4195 inid
818 4135 1014 4211 potissimum
1028 4154 1095 4200 om·
1149 4150 1261 4212 porum
1282 4132 1519 4207 vicissitudines,
1536 4142 1571 4194 ut
1590 4131 1893 4194 sanctaememoriae
1947 4123 1953 4135 '

352 4240 427 4286 nem
442 4225 637 4299 industriam,
652 4241 769 4300 curam,
786 4232 922 4288 ruentem
937 4229 1094 4305 cogitatio·
1150 4231 1221 4291 Pius
1242 4227 1292 4290 Vl.
1317 4228 1424 4289 itidem
1446 4221 1658 4304 praedecessor
1681 4236 1785 4287 noster
1808 4225 1892 4288 illam

354 4333 488 4396 nemque
508 4317 658 4392 conteras,
680 4326 714 4379 ut
735 4319 951 4382 dissidentium
974 4321 1093 4384 animos
1149 4321 1252 4383 denuo
1274 4325 1356 4381 inter
1377 4317 1560 4397 episcopales
1575 4319 1661 4382 sedes
1678 4320 1892 4382 tantummodo

352 4427 528 4489 componas,
550 4426 664 4489 eosque
679 4413 713 4474 ad
729 4414 923 4475 concordiam
944 4417 1093 4494 tranquil·
1149 4414 1352 4492 adscripserit.

352 4505 534 4582 litatemque
555 4505 668 4566 excites
696 4513 788 4583 atque
816 4507 997 4570 inflammes.
1027 4510 1093 4584 Quo
1119 4560 1121 4588 ,
1189 4509 1208 4583 ἓ
1228 4507 1257 4569 3.
1281 4507 1420 4572 Subinde
1441 4523 1515 4568 vero
1538 4506 1665 4569 nomine
1689 4505 1838 4568 carissimi
1860 4507 1892 4568 in
1924 4527 2149 4590 honoraturum.

352 4598 478 4675 quidem
501 4597 533 4658 iu
554 4612 685 4658 munere
706 4599 848 4662 obeundo
870 4615 910 4662 er
930 4603 1092 4679 peculiari·
1119 4593 1122 4633 ῑ
1150 4601 1270 4664 Christo
1294 4601 1348 4662 tilii
1370 4599 1467 4662 nostri
1497 4600 1648 4662 Francisei
1671 4601 1812 4662 Austriae
1833 4600 1893 4660 im·
1911 4581 2124 4690 fflssfflsspissg’ss,

353 4691 409 4754 bus
430 4691 590 4765 mandatis,
603 4708 681 4769 quae
704 4691 757 4752 tibi
779 4693 815 4753 ab
837 4695 943 4756 eadem
964 4713 988 4756 s.
1013 4696 1092 4758 Con·
1119 4715 1122 4828 )
1149 4695 1297 4773 peratoris
1319 4712 1351 4756 ac
1372 4694 1535 4755 Bohemiae
1556 4702 1587 4756 et
1609 4695 1783 4770 ilungariae
1811 4693 1892 4769 regis
1911 4687 2126 4787 {iggffigfflssg‘sslgj

352 4785 532 4861 gregatioue
554 4790 647 4845 eruut
669 4785 780 4845 mitten
803 4801 829 4860 a,
844 4794 914 4847 tuae
929 4805 1019 4850 curae
1034 4789 1092 4850 erit
1119 4829 1121 4847 .
1148 4789 1316 4869 apostolici,
1340 4805 1396 4850 nec
1416 4805 1480 4851 uon
1502 4790 1592 4864 regui
1616 4787 1811 4865 Lougooardi
1833 4785 1892 4849 lle·
1911 4798 1952 4857 cta-
1968 4753 2122 4858 uqoeI'esrum

352 4879 455 4938 omnia
469 4877 618 4954 singulari
633 4877 792 4954 diligentia
807 4894 1002 4958 cognoscere,
1015 4898 1093 4960 quae
1119 4852 1122 4973 Ι
1148 4886 1214 4946 neti
1235 4885 1349 4963 pariter
1374 4886 1455 4960 regis
1477 4898 1581 4961 preces
1610 4881 1738 4944 fuerunt
1759 4880 1890 4953 oblatae,
1912 4847 2124 4958 fflsrlgggghggg

352 4972 435 5034 illius
457 4971 588 5034 civitatis
609 4987 643 5033 ac
663 4971 788 5032 ditionis
805 4971 925 5049 populis
947 4975 1093 5036 rectead·
1119 4986 1121 5049 t
1149 4979 1228 5056 quod
1251 4993 1318 5040 rem
1350 4993 1467 5039 sacram
1493 4977 1525 5038 in
1556 4975 1685 5054 Illyricis
1713 4974 1892 5050 regionibus
1912 4955 2122 5011 ‘⁰L⁰¹¹I⁰¹'³¹'‘¹⁰·

353 5065 565 5127 ministrandis
580 5072 753 5141 opportune
763 5080 828 5126 esse
839 5073 967 5142 possunt
979 5074 1008 5128 et
1022 5083 1093 5146 pru-

303 5193 305 5204 =
352 5160 437 5221 denti
458 5157 584 5220 consilio
609 5157 769 5235 explorare
789 5174 940 5235 quosnam
968 5159 1093 5223 effectus

351 5251 506 5330 quaelibet
515 5252 693 5313 immutatio
704 5251 797 5328 possit
811 5251 931 5312 aderre.
942 5251 1028 5316 Nulli
1040 5269 1093 5316 au-

352 5355 414 5409 tern
430 5347 474 5408 rei
495 5361 624 5407 manum
639 5347 818 5422 admovens,
835 5347 978 5410 omuibus
993 5350 1030 5411 de
1045 5365 1093 5410 re·

350 5441 406 5501 bus
427 5457 543 5502 sacram
564 5441 846 5516 congregationem
867 5441 951 5503 Fidei
982 5441 1091 5520 Propa-

351 5534 1092 5612 gaudaepraepositamcertioremaccuratissime

349 5626 449 5702 iacias,
465 5628 593 5705 eiusque
614 5627 740 5689 monitis
761 5627 990 5706 praeceptisque
1004 5629 1092 5689 nori-

350 5725 397 5780 ter
409 5721 592 5799 obsequens,
605 5719 753 5798 quidquid
768 5721 804 5782 ab
819 5735 853 5782 ea
868 5721 923 5782 tibi
936 5721 1091 5797 agendum

305 5815 307 5820 '
350 5813 549 5875 commissum
577 5814 682 5887 luerit,
704 5812 735 5874 id
757 5828 855 5874 unum
882 5814 969 5874 omui
990 5814 1091 5875 studio

350 5922 384 5968 ac
405 5906 564 5984 diligentia
593 5906 743 5971 conficies.
777 5907 850 5970 Tuis
876 5921 968 5984 porro
994 5907 1089 5970 animi

1148 5071 1307 5134 Austriaco
1328 5071 1500 5133 dominatui
1521 5069 1666 5132 subiectis
1687 5085 1733 5144 ea,
1750 5085 1808 5148 qua
1824 5074 1890 5147 pot·

1149 5173 1226 5240 erat,
1258 5168 1377 5228 ratione
1406 5181 1460 5244 pro
1491 5165 1628 5226 locorum
1657 5179 1688 5224 ac
1714 5172 1892 5241 temporum

1148 5259 1323 5322 conditione
1344 5259 1442 5336 magis
1468 5258 1660 5320 accommoda
1691 5257 1891 5320 ordinandam

1149 5369 1222 5414 eum
1243 5353 1422 5430 praesertim
1444 5353 1475 5415 in
1497 5353 1605 5426 tinem,
1620 5358 1656 5413 ut
1676 5352 1773 5428 aptior
1796 5350 1894 5412 eccle-⁸

1148 5445 1263 5506 siarum
1277 5462 1310 5506 ac
1325 5445 1512 5507 dioecesium
1527 5444 1636 5507 divisio
1652 5443 1766 5507 ibidem
1787 5443 1891 5505 decer-

1148 5548 1284 5602 neretur.
1309 5540 1424 5601 Placuit
1445 5555 1506 5601 ree.
1524 5553 1618 5600 mem.
1643 5539 1695 5599 Pio
1717 5537 1780 5600 llll.
1804 5551 1889 5613 prae-

1148 5633 1299 5696 decessori
1319 5633 1464 5694 similiter
1480 5638 1585 5694 uestro
1600 5632 1775 5693 canonicam
1796 5646 1889 5708 super

1147 5728 1203 5788 hac
1223 5742 1257 5787 re
1278 5725 1513 5804 inquisitionem
1543 5740 1614 5786 ren.
1644 5723 1731 5786 fratri
1763 5723 1890 5802 losepho

1148 5819 1296 5897 Episcopo
1325 5817 1490 5880 Goritiensi
1520 5818 1734 5891 committere,
1767 5817 1799 5878 in
1830 5834 1889 5895 qua

1148 5911 1240 5974 etiam
1260 5911 1434 5990 quaesitum
1455 5909 1525 5986 luit,
1548 5914 1629 5989 quod
1650 5909 1687 5972 ad
1708 5910 1889 5974 ecclesiasti·
