4856 7010
969 591 1039 634 utus
1061 589 1110 633 ΡΡ.
1134 590 1201 634 vttl.

314 714 494 777 auctoritate
515 715 547 777 in
569 713 611 776 eis
637 711 801 792 provinciis
822 712 860 775 de
886 725 969 772 novo
996 707 1055 770 eri·

315 807 427 884 gendas
449 823 518 869 cum
540 807 603 869 suis
627 807 708 869 clero
729 813 759 868 et
780 803 893 884 populo
919 804 1054 864 Armeno

314 900 473 975 catholico,
486 899 630 976 ecclesiis,
653 900 810 963 beneficiis
831 904 861 959 et
882 895 986 959 officiis
1008 910 1055 956 ee

313 991 485 1056 olesiasticis
495 1009 566 1055 cum
582 1009 652 1056 cura
668 1001 700 1054 et
714 993 779 1054 sine
795 1007 867 1053 cura
881 990 1054 1052 animarum

314 1086 397 1148 clero
417 1085 563 1148 saeculari
578 1103 633 1148 seu
648 1085 783 1162 regulari
804 1085 941 1146 Armeno
956 1081 1055 1144 catho-

315 1180 372 1242 lico
393 1180 517 1242 addictis
548 1178 698 1259 (extincto
719 1179 804 1255 prius
833 1175 970 1254 quolibet
991 1189 1056 1234 me·

314 1273 487 1350 tropolirico
497 1272 670 1352 episcopali,
686 1271 832 1344 alterove,
844 1270 868 1330 si
884 1269 963 1347 quod
977 1267 1054 1328 iorte

313 1367 345 1428 in
367 1367 403 1428 iis
424 1371 519 1441 extet,
535 1365 656 1444 speciali
677 1365 772 1426 etiarn
795 1362 955 1425 mentione
977 1359 1054 1424 indi-

313 1460 408 1520 cando
424 1457 516 1536 iure),
535 1457 566 1519 in
586 1473 664 1519 nova
684 1456 882 1519 ecclesiastica
897 1453 1053 1534 provincia

209 1605 215 1617 .
314 1551 446 1613 llrmena
468 1549 804 1628 constantinopolitana
826 1564 889 1608 esse
911 1554 942 1609 et
957 1546 1055 1609 consi-

312 1653 403 1718 stere,
421 1659 521 1723 neque
543 1643 574 1705 in
597 1643 653 1704 alia
675 1641 873 1704 ecclesiastica
899 1640 1054 1718 prouincia

312 1737 478 1801 censendas
499 1743 531 1798 et
551 1737 757 1799 numerandas
772 1751 838 1797 esse
859 1735 1054 1797 decernimus

312 1837 342 1892 et
353 1829 673 1908 declaramus,easque
685 1837 715 1890 et
726 1828 848 1890 illarum
859 1828 1054 1904 singularum

313 1921 477 2002 praesules,
502 1929 535 1982 ut
558 1921 792 2001 hrchiepiscopo
818 1920 1054 1999 metropolitano

312 2017 450 2078 hrmeno
471 2015 608 2078 catholici
631 2016 709 2076 ritus
730 2015 862 2090 subsint,
878 2015 968 2092 eique
984 2015 1053 2076 obe-

312 2110 471 2182 dientiam,
498 2109 720 2183 reverentiam,
738 2116 900 2186 tamquam
931 2110 1054 2187 proprio

312 2203 543 2281 Metropolitano
555 2212 585 2264 et
595 2203 730 2277 Primati,
741 2218 865 2280 prorsus
878 2203 1052 2278 exhibeant,

312 2298 412 2361 eidem
428 2306 578 2376 perpetuo
592 2296 784 2372 suhiirirnus,
801 2313 833 2359 ac
848 2313 902 2376 pro
918 2300 1053 2360 eiusdem

312 2392 455 2456 ecclesiae
477 2398 507 2452 et
528 2389 757 2468 metropolitani
779 2391 915 2468 primatis
929 2391 1055 2470 provin·

1440 703 1520 768 xiil.

1112 895 1257 957 Primum
1290 892 1570 970 Arcitepiscopurn
1597 890 1772 952 Primutem
1795 893 1852 950 Ar·

1150 1003 1313 1049 menarum
1338 983 1629 1061 Constantinopolis
1645 981 1736 1062 elipit
1757 984 1853 1044 Anto-

1151 1082 1242 1142 nium
1259 1079 1435 1158 Nuripiun,
1448 1077 1540 1140 uenia
1555 1077 1583 1138 oi
1598 1076 1677 1137 dato
1693 1089 1853 1136 consecra-

1152 1174 1268 1235 tionem
1293 1169 1468 1248 recipiendi
1491 1187 1510 1231 c
1535 1182 1726 1248 quocumque
1748 1163 1853 1230 catho-

1152 1267 1211 1328 lico
1234 1263 1386 1342 Episcopo
1411 1265 1507 1324 etium
1537 1263 1623 1323 ritus
1652 1260 1749 1323 latini
1780 1275 1852 1321 cum

1151 1356 1340 1422 assistentid
1361 1357 1499 1419 unorum
1516 1356 1744 1432 Episcopornnt
1766 1356 1853 1418 ritus

1151 1454 1248 1515 otium
1260 1450 1359 1513 latini
1373 1447 1421 1510 ecl
1436 1447 1573 1510 duorum
1583 1447 1848 1526 presbyterorum.

1224 1635 1341 1704 Dilecto
1362 1633 1425 1704 lilio
1448 1632 1576 1701 Antonio
1599 1631 1737 1718 lluripian

1308 1729 1487 1812 presbitero
1509 1728 1647 1807 Armeno,

1348 1912 1434 1983 Plus
1458 1913 1518 1982 ΡΡ.
1542 1911 1613 1982 tut.

1381 2103 1498 2172 Dilecto
1520 2103 1579 2183 iili,

1144 2200 1270 2269 salutern
1293 2205 1325 2267 et
1345 2198 1541 2283 apostolicam
1569 2196 1816 2267 benedictionem.

1150 2393 1218 2467 §h
1245 2390 1439 2470 Apostolatus
1470 2389 1606 2452 cilicium
1632 2389 1753 2451 meritis
1781 2389 1852 2452 licet

1774 563 1830 626 731
1882 559 2070 612 xn.e.1eao

312 2485 439 2549 cialibus
465 2491 615 2563 perpetuo
644 2483 839 2545 concedimus
867 2492 897 2545 et
923 2485 1054 2562 assigna·
1111 2485 1278 2562 imparibus
1300 2483 1389 2545 nobis
1411 2483 1530 2545 exalto
1558 2483 1852 2562 commissumque

312 2595 392 2654 mus,
406 2584 599 2639 reservantes
614 2575 702 2637 nobis
717 2591 750 2636 ac
764 2577 989 2640 successoribus
1001 2595 1055 2640 no·
1111 2580 1142 2640 in
1166 2578 1296 2640 Ecclesia
1312 2578 1363 2638 Dei
1379 2577 1523 2640 universa
1539 2575 1641 2637 divina
1656 2575 1852 2652 dispositione

312 2672 382 2733 stris
404 2687 437 2733 ea
459 2671 492 2731 in
513 2679 673 2747 posterum
693 2671 824 2744 sancire,
847 2671 978 2747 quaein
1000 2676 1054 2732 hac
1111 2671 1287 2748 iungimus,
1317 2666 1435 2733 utiliter
1464 2669 1588 2746 exequi,
1611 2667 1775 2730 adiuuante
1796 2671 1852 2731 llo·

312 2768 354 2828 sio
385 2763 552 2826 constituta
583 2763 782 2825 ecclesiastica
807 2763 968 2867 prouincia
1000 2780 1054 2843 pro
1110 2765 1208 2838 mino,
1232 2764 1403 2840 cupientes,
1432 2761 1542 2824 soliciti
1573 2761 1663 2822 corde
1694 2761 1852 2823 reddimur

314 2866 500 2937 temporum,
519 2856 656 2918 locorum
676 2870 942 2933 personarumque
963 2857 1054 2918 ratio·
1110 2865 1141 2919 et
1171 2856 1314 2930 solerteS,
1344 2861 1379 2918 ut
1410 2869 1489 2916 nova
1517 2853 1851 2933 constantinopolitana

313 2952 403 3015 nibus
430 2949 528 3026 magis
555 2949 587 3009 in
616 2949 747 3010 Domino
776 2950 919 3026 expedire
948 2949 1053 3026 digno·
1080 2918 1083 3016 l
1110 2949 1204 3013 Sedes
1226 2949 1359 3012 Armena
1381 2946 1643 3025 archiepiscopalis
1673 2945 1851 3022 metropoli-

312 3050 448 3105 scentur.
1080 3017 1083 3143 l
1110 3049 1179 3105 tana
1200 3049 1231 3103 et
1253 3039 1442 3120 primatialis,
1465 3054 1557 3119 quam
1586 3039 1729 3100 armenis
1750 3039 1851 3101 catho-

352 3135 421 3211 53.
453 3135 531 3197 llaec
562 3133 706 3196 volumus
734 3142 826 3211 atque
858 3135 1053 3210 mandamus,
1080 3150 1083 3209 ς
1110 3131 1851 3208 licisaschismaticorumservituteLegatorum

313 3245 377 3292 non
398 3225 589 3290 obstantibus
603 3226 873 3288 constitutionibus
889 3232 918 3288 et
933 3228 1055 3289 ordina·
1109 3228 1348 3290 christianorum
1360 3226 1534 3305 principum
1550 3225 1657 3287 ciliciis
1672 3232 1703 3287 et
1717 3225 1851 3303 potentis

314 3320 449 3384 tionibus
468 3319 650 3398 apostolicis,
675 3319 864 3398 caeterisque
894 3320 1054 3382 contrariis
1109 3319 1351 3384 Othomanorum
1373 3319 1569 3396 imperatoris
1589 3317 1675 3379 iussu
1703 3317 1848 3393 liberatis,

312 3414 567 3494 quibuscumque.
590 3411 670 3487 Quae
692 3419 795 3474 autem
817 3413 926 3474 fidenti
951 3412 1053 3474 animo
1109 3414 1289 3476 auctoritate
1303 3411 1464 3490 apostolica
1476 3411 1643 3486 ereximus,
1657 3426 1729 3473 eum
1744 3410 1851 3473 habeat

312 3507 527 3585 praesentique
557 3505 663 3567 conlisi
692 3506 784 3583 patris
809 3504 964 3567 luminum
997 3521 1054 3584 ope
1110 3518 1272 3586 pastorem,
1289 3507 1341 3585 qui
1363 3505 1448 3580 sciat,
1465 3505 1541 3566 velit
1555 3510 1586 3567 et
1600 3505 1711 3580 valeat,
1728 3513 1851 3567 auctore

312 3601 456 3662 lubenter
477 3600 683 3673 decrevimus
705 3615 740 3660 ea
762 3607 796 3660 ut
819 3598 931 3674 lausta,
955 3599 1053 3662 leticia
1109 3601 1256 3675 Domino,
1284 3615 1346 3661 non
1377 3599 1476 3660 solum
1503 3597 1658 3673 doctrina,
1684 3599 1849 3660 sedetiam

312 3709 343 3755 ac
364 3692 506 3755 salutaria
527 3691 681 3753 catholicis
696 3693 840 3755 hrmenis
858 3692 1050 3768 contingant,
1109 3707 1233 3755 morum
1254 3689 1432 3766 integritate
1447 3705 1480 3750 ae
1494 3690 1566 3751 boni
1583 3691 1681 3769 operis
1696 3690 1849 3768 exemplo,

83 3155 295 3216 Derogatioeon-

71 3211 227 3256 tremorum.

313 3786 420 3849 humili
435 3803 451 3847 a
466 3787 527 3847 ileo
548 3801 638 3863 prece
658 3785 873 3862 efflagitamus.
897 3786 956 3865 Ipsi
978 3803 1053 3848 vero

311 3882 344 3943 in
357 3867 476 3960 tantuin
488 3879 642 3941 bonorum
655 3878 817 3941 cumulum
830 3882 952 3958 quando
968 3882 1053 3943 nulla

311 3989 390 4054 pene
410 3989 479 4051 spes
499 3972 665 4049 eiiulgebat
687 3974 765 4034 mire
780 3975 907 4049 euocati,
924 3976 1053 4038 hostiam

311 4067 407 4130 laudis
425 4065 605 4128 eorumdem
622 4065 759 4142 largitori
775 4066 836 4128 Deo
851 4067 980 4130 oiierant
994 4070 1052 4130 lae-

312 4159 449 4234 tabundi,
482 4159 723 4235 adnitanturque
753 4159 902 4221 aemulari
928 4162 959 4221 in
989 4161 1053 4224 dies

309 4252 491 4315 charismata
512 4250 651 4323 meliora,
673 4250 825 4312 constanti
847 4252 1001 4331 imprimis
1016 4256 1050 4317 ad

310 4347 493 4422 religionem
516 4346 664 4406 tuendam
685 4345 799 4420 studio,
815 4348 973 4409 sanctitate
987 4363 1052 4410 mo-

311 4451 393 4515 rum,
417 4437 550 4517 purioris
570 4437 748 4514 disciplinae
762 4437 858 4514 cultu,
875 4441 1053 4517 integritate

310 4532 465 4595 doctrinae
493 4533 615 4608 fideque
643 4531 674 4591 in
701 4533 1052 4610 Apostolicam·Sedem
1080 4521 1082 4534 '

311 4624 472 4687 immobili.
496 4623 528 4686 ld
548 4640 621 4686 vero
642 4639 720 4686 sese
742 4619 957 4704 assequuturos
973 4629 1052 4691 haud

309 4727 446 4796 sperent,
469 4717 528 4779 nisi
550 4733 626 4796 quoe
647 4719 856 4782 sanctissimus
880 4724 1053 4798 praedeces·

309 4828 359 4873 sor
380 4820 485 4874 noster
500 4807 531 4874 S.
549 4812 611 4874 Leo
625 4810 764 4889 pontifex
780 4814 913 4888 monuit,
929 4815 967 4877 oh
982 4833 1053 4878 ocu·

312 4907 354 4967 los
367 4907 497 4967 habeant
511 4905 640 4980 assidue,
657 4919 751 4983 eaque
767 4903 823 4967 sihi
839 4909 977 4984 apprime
991 4927 1053 4971 ser-

311 4999 406 5060 vanda
423 5005 606 5077 proponant:
624 4997 812 5061 «connexio
827 4999 943 5063 scilicet
959 5002 1052 5065 totius

311 5092 446 5170 corporis
462 5106 555 5153 unam
569 5093 731 5154 sanitatem
746 5107 904 5170 unamque
918 5095 1053 5172 pulchri-

312 5185 448 5246 tudinem
464 5184 550 5262 iacit,
572 5192 604 5247 et
619 5185 691 5246 haec
705 5187 857 5247 connexio
872 5189 964 5250 unius
986 5193 1053 5268 qui-

310 5280 380 5340 dem
402 5279 539 5356 corporis
567 5279 808 5340 unanimitatem
832 5281 977 5358 requirit,
1000 5284 1052 5346 sed

311 5373 471 5450 praecipue
492 5371 589 5447 exigit
610 5372 771 5433 concordia
792 5376 1023 5436 sacerdotum.»

350 5465 460 5526 Datum
485 5463 600 5526 Romae
629 5465 708 5542 apud
744 5464 774 5528 S.
805 5467 932 5528 Mariam
962 5467 1052 5532 bloio-
1079 5456 1081 5478 ¹

1109 3784 1258 3864 populum
1280 3783 1337 3845 sihi
1359 3785 1511 3846 creditum
1541 3783 1719 3858 informare,
1741 3790 1772 3845 et
1792 3782 1850 3844 sibi

1109 3877 1448 3952 commissumgregern
1459 3877 1490 3938 in
1501 3882 1581 3938 statu
1593 3876 1716 3952 pacifico
1726 3883 1850 3938 ottran-

1109 3971 1206 4050 quillo
1227 3969 1393 4032 salubriter
1407 3987 1516 4046 regere
1537 3978 1567 4031 et
1588 3969 1717 4032 ieliciter
1739 3971 1850 4046 guber-

1109 4081 1194 4127 nare.

1150 4158 1218 4234 §2
1242 4159 1319 4220 (lum
1343 4158 1443 4235 itaque
1465 4173 1546 4218 novo
1573 4157 1850 4236 Constantinopoli·

1108 4257 1179 4312 tano
1200 4249 1434 4328 Archieplscopo
1463 4249 1698 4328 Metropolitano
1721 4252 1851 4328 primate

1108 4344 1236 4405 Armeni
1258 4344 1337 4404 ritus
1352 4343 1577 4405 consulendum
1591 4343 1630 4404 sit
1647 4344 1849 4407 eeclesiastico

1109 4437 1255 4513 regimini
1276 4435 1485 4498 armenorum
1502 4436 1731 4512 catholicorum,
1747 4438 1849 4516 quiin

1108 4532 1172 4610 ipsd
1186 4539 1260 4593 sunt
1274 4531 1350 4592 urhe
1363 4531 1709 4609 constantinopolitana,
1721 4542 1752 4595 et
1767 4533 1798 4594 in
1814 4533 1850 4595 iis

1109 4626 1243 4704 potentis
1263 4624 1510 4688 Othomanorum
1525 4628 1648 4705 imperii
1670 4629 1848 4705 provinciis,

1108 4718 1273 4796 inquibus
1300 4720 1484 4782 schismatici
1513 4723 1674 4801 Episcopos
1700 4725 1850 4787 Armenes

1108 4812 1270 4876 catholicos
1300 4829 1366 4875 esse
1396 4831 1459 4876 non
1491 4817 1703 4895 patiebantur,
1734 4821 1849 4899 quique

1109 4907 1238 4985 proinde
1259 4905 1368 4969 Vicarii
1382 4907 1547 4986 apostolici
1568 4911 1654 4974 latini
1677 4914 1755 4976 ritus
1770 4915 1849 4978 Gon-

1108 4999 1307 5077 stantinopoli
1328 5000 1468 5078 degentis
1496 5021 1587 5066 curae
1608 5007 1762 5068 commissi
1784 5007 1849 5069 iue-

1109 5103 1190 5168 rant,
1207 5110 1341 5172 cumque
1354 5097 1481 5158 strenua
1503 5098 1573 5160 fidei
1594 5100 1759 5163 catholicae
1780 5117 1848 5179 pro-

1108 5186 1239 5248 fessione
1260 5187 1354 5249 iidem
1376 5190 1503 5252 Armeni
1525 5191 1664 5254 catholici
1688 5193 1849 5271 promeriti

1109 5279 1237 5356 luerint,
1252 5286 1285 5342 ut
1297 5296 1369 5343 eum
1381 5282 1513 5346 habeant
1527 5293 1693 5364 pastorem,
1707 5303 1798 5366 quem
1815 5287 1849 5349 iis

1108 5373 1359 5436 commendatum
1381 5391 1445 5440 esse
1466 5387 1634 5442 constaret:
1657 5395 1725 5455 nos,
1748 5382 1849 5445 audito

1107 5467 1333 5529 uenerabilium
1355 5468 1486 5532 fratrum
1508 5483 1684 5536 nostrorum
1707 5473 1738 5538 S.
1756 5474 1790 5535 R.
1812 5475 1847 5537 E.

312 5574 376 5620 rern
407 5558 466 5620 sub
496 5557 612 5619 annulo
640 5557 798 5620 Piscatoris
826 5559 875 5622 die
909 5579 950 5624 vr.
986 5564 1052 5626 iulii
1109 5560 1318 5624 Cardinalium
1353 5565 1483 5642 negotiis
1518 5567 1730 5645 Propagandae
1764 5569 1850 5631 Fidei

312 5665 511 5726 uuccoxxx,
538 5650 732 5728 pontificatus
753 5653 850 5712 nostri
875 5670 955 5716 anno
976 5673 1011 5718 n.
1078 5644 1081 5714 l
1108 5653 1354 5732 praepositorum
1376 5657 1513 5732 consilio,
1529 5660 1563 5722 ad
1579 5669 1621 5736 te,
1637 5662 1690 5740 qui
1705 5663 1849 5726 alumnus

1109 5748 1361 5824 congregationis
1392 5753 1562 5829 praedictae
1588 5753 1626 5819 de
1656 5756 1849 5835 Propagandi

1108 5840 1192 5916 Fide,
1214 5850 1245 5904 et
1266 5859 1304 5905 ex
1325 5844 1465 5922 legitimo
1489 5849 1688 5912 matrimonio
1712 5866 1850 5930 procrea·

1109 5941 1168 6012 tus,
1192 5942 1221 5998 et
1237 5936 1269 5998 in
1283 5945 1379 6000 aetate
1395 5938 1486 6003 etiam
1502 5940 1639 6018 legitima
1660 5943 1846 6008 constitutus
