4740 6962
321 541 375 601 An.
390 548 420 602 (l.
442 547 510 602 1778
560 539 620 612 236

540 686 686 749 terendus
715 685 755 746 sit
784 683 912 758 abusus,
945 683 1025 762 quod
1057 682 1284 759 eleemosynae,

539 797 615 860 quas
636 795 691 858 pro
712 778 765 840 illo
793 794 887 857 opere
912 775 1077 862 christiam
1103 775 1215 852 religio
1235 775 1285 837 de·

539 873 638 950 vovit,
652 873 684 936 in
696 871 776 934 aliud
793 872 1030 950 impendantur:
1048 870 1117 932 ideo
1130 885 1187 948 pro
1198 877 1285 948 parte

538 965 611 1027 dicti
632 959 833 1027 commissarii
856 963 943 1026 nobis
964 964 1023 1027 luit
1037 963 1201 1025 humiliter
1214 977 1286 1040 sup-

539 1059 697 1138 plicatum,
710 1067 743 1122 ut
755 1059 933 1122 enuntiatas
945 1057 1215 1136 praedecessorum
1230 1072 1284 1118 no-

537 1161 674 1216 strorum
695 1153 909 1232 dispositiones
931 1168 1103 1232 eorumque
1125 1159 1284 1230 praecepta

537 1249 698 1323 innovare,
720 1253 812 1325 atque
833 1253 868 1308 ut
882 1247 972 1321 inira,
989 1247 1170 1308 eorumdem
1185 1262 1284 1308 sacro·

537 1358 609 1405 rum
630 1341 770 1404 locorum
791 1339 889 1402 cultui
911 1349 942 1401 et
963 1338 1196 1403 manutentioni
1211 1355 1284 1402 con·

536 1437 640 1499 sulere
661 1435 872 1510 dignaremur.

318 1537 519 1603 ,connrmantqr
576 1533 595 1606 5
616 1530 646 1591 5.
669 1528 731 1591 Nos
753 1528 861 1606 igitur,
877 1528 931 1607 qui
952 1530 1085 1592 demisso
1099 1529 1191 1591 corde
1206 1525 1283 1590 elfu-

305 1589 519 1702 iit‘t'issss.⁰ptr3{2‡
536 1640 631 1704 soque
651 1623 755 1686 animo
775 1638 880 1686 coram
909 1622 1125 1701 omnipotente
1150 1621 1282 1683 Domino

305 1698 519 1802 ἓξέὲξξῃωρξξῑῗῆἶ
538 1736 596 1782 una
617 1734 690 1780 cum
711 1727 816 1781 sancto
837 1719 994 1781 Bernardo
1012 1716 1098 1778 lateri
1115 1731 1178 1778 non
1192 1731 1281 1777 vere-

305 1815 371 1852 ⁰⁰¹¹¹·
536 1832 620 1891 mur,
645 1817 738 1895 quod,
764 1813 896 1892 peccatis
927 1810 1040 1874 nostris
1071 1809 1280 1888 exigentibus,

535 1911 634 1974 crucis
665 1907 832 1972 adversarii
860 1911 950 1982 caput
971 1905 1166 1979 extulerunt,
1189 1901 1281 1984 depo-

536 2006 676 2083 pulantes
697 2003 730 2064 in
749 2018 802 2064 ore
817 2000 908 2078 gladii
925 2008 1041 2063 terram
1055 1999 1280 2077 promissionis,

535 2114 696 2179 usquequo
718 2098 850 2176 placatus
871 2095 954 2156 idem
976 2094 1126 2157 Dominus
1148 2110 1211 2164 non
1227 2111 1290 2155 en.

533 2193 636 2254 audiet
664 2199 733 2252 rota
762 2199 793 2252 et
813 2187 960 2251 sacrificia
988 2193 1103 2263 nostra,
1128 2187 1172 2250 nil
1194 2203 1280 2264 prae·

535 2285 773 2349 termittendum
787 2281 942 2357 ducimus,
957 2288 989 2344 et
1003 2287 1156 2360 quantum
1174 2297 1278 2359 possu-

534 2395 604 2442 mus
618 2379 781 2453 enitimur,
798 2383 833 2439 ut
848 2375 1000 2453 religiosis
1015 2374 1102 2450 tricis,
1115 2375 1168 2454 qui
1183 2391 1201 2436 e
1215 2375 1278 2436 divi

534 2472 684 2536 drancisci
705 2469 818 2532 lamilia
834 2480 898 2549 post
914 2485 964 2531 res
979 2469 1228 2533 Christianorum
1243 2466 1279 2528 il·

532 2568 572 2629 lic
593 2567 736 2646 perditas,
758 2563 900 2643 quamvis
921 2561 1119 2625 contumeliis
1137 2569 1168 2624 et
1181 2560 1278 2622 saevi·

535 2661 583 2722 tiis
603 2661 640 2722 ab
661 2657 850 2733 infidelibus
871 2656 1030 2720 fraudibus
1055 2673 1132 2718 vero
1152 2663 1184 2718 et
1204 2655 1278 2717 insi·

533 2756 589 2817 diis
610 2753 647 2815 ab
666 2751 867 2815 schismaticis
882 2751 995 2826 vexati,
1011 2767 1093 2812 sacra
1108 2748 1278 2810 Palestinae

534 2849 594 2912 loca
610 2849 653 2910 eis
667 2847 829 2909 commissa
844 2845 876 2906 in
891 2859 978 2907 suam
992 2843 1161 2906 custodiam
1176 2860 1277 2906 susce-

533 2950 657 3023 perunt,
680 2949 710 3005 et
732 2942 764 3002 in
788 2939 914 3003 illorum
936 2953 1008 3000 cura
1024 2945 1275 3016 perseverarunt,

532 3045 705 3117 opportuna
727 3034 860 3098 subsidia
883 3048 946 3095 non
969 3031 1082 3107 desint,
1105 3033 1140 3093 ad
1163 3032 1222 3093 hoc
1243 3039 1277 3094 ut

531 3132 730 3194 ecclesiarum
752 3127 872 3192 cultum
897 3141 1023 3189 serrare
1044 3133 1075 3186 et
1095 3139 1221 3200 augere,
1244 3140 1278 3187 ac

531 3223 753 3290 Christilldeles
775 3221 858 3283 illius
878 3218 1015 3296 regionis
1031 3219 1118 3281 bonis
1132 3218 1276 3280 omnibus

530 3327 682 3393 carentes,
705 3325 735 3378 et
757 3316 822 3378 lere
843 3313 989 3392 captivos,
1011 3311 1120 3374 invare
1142 3312 1274 3374 valeant.

530 3416 692 3492 Propterea
722 3407 995 3488 supraenunciatas
1025 3405 1058 3468 in
1090 3404 1198 3485 primis
1219 3406 1275 3469 Ur-

531 3508 600 3571 bani
620 3515 651 3568 et
665 3501 839 3568 innocentii
857 3508 887 3564 et
901 3501 1003 3562 ambas
1019 3499 1174 3563 Benedicti
1190 3515 1275 3578 prae

530 3605 724 3664 decessorum
751 3594 960 3675 praelatorum
987 3594 1091 3655 literas
1117 3608 1189 3656 cum
1209 3593 1275 3655 aliis

529 3695 622 3757 etiam
641 3692 742 3755 literis
763 3689 896 3751 aliorum
916 3690 1129 3750 Romanorum
1150 3688 1276 3750 Pontid-

529 3805 598 3851 cum
630 3786 723 3849 etiam
755 3781 1025 3862 praedecessorum
1057 3775 1274 3844 nostrorumst

529 3880 670 3962 praelatis
701 3878 825 3941 Urbano
853 3883 885 3938 et
915 3876 1096 3938 innocentio
1123 3892 1157 3938 ac
1178 3877 1274 3940 Bene-

528 3975 608 4037 dicto
636 3968 918 4052 praedecessoribus
947 3967 1150 4042 confirmatis,
1180 3970 1274 4031 etiam

528 4085 597 4132 cum
619 4066 764 4129 omnibus
785 4073 816 4126 et
837 4061 968 4139 singulis
985 4061 1018 4124 in
1040 4061 1084 4124 eis
1104 4064 1272 4139 contentis,

527 4161 689 4241 apostolica
710 4157 892 4221 auctoritate
914 4156 1049 4232 ipsarum
1065 4163 1173 4217 tenore
1188 4172 1274 4234 prae-

526 4257 665 4319 sentium
697 4259 848 4331 perpetuo
881 4249 1118 4324 confirmamus,
1152 4249 1273 4330 illisque

526 4357 693 4429 perpetuae
712 4355 743 4407 et
767 4343 950 4406 inviolabilis
974 4342 1155 4422 apostolicae
1176 4345 1273 4406 tirmi-

528 4443 596 4505 tatis
618 4443 683 4504 rim
704 4448 736 4502 et
757 4438 852 4501 robur
872 4436 1041 4500 adiicimus.
1058 4437 1204 4512 Quocirca
1220 4455 1272 4501 ve-

428 4599 429 4604 ,
526 4534 714 4598 natabilibus
728 4531 875 4594 tratribus
886 4530 999 4592 nostris
1011 4530 1204 4606 Patriarohis,
1218 4535 1273 4594 hr-

526 4628 724 4709 chiepiscopis
750 4633 782 4686 et
811 4624 977 4704 Episcopis‚
1000 4632 1032 4687 et
1053 4624 1170 4688 dilectis
1201 4626 1271 4689 liliis

523 4737 796 4803 quorumcumque
827 4720 964 4782 locorum
996 4719 1181 4796 ordinariis,
1215 4737 1274 4784 nec-

524 4833 587 4878 non
609 4815 756 4878 omnibus
777 4821 808 4876 et
828 4811 959 4890 singulis
980 4813 1165 4889 quorumvis
1186 4814 1272 4879 Ordi-

524 4927 613 4987 uum,
636 4907 914 4986 congregationum
935 4913 966 4968 et
987 4907 1207 4976 institutorum
1222 4926 1270 4972 re·

524 5005 681 5082 gularium
709 4999 905 5078 generalibus
933 5000 1189 5077 moderatoribus,
1212 5019 1270 5067 nec

524 5113 587 5159 non
609 5094 831 5174 parochialium
861 5093 1059 5166 ecclesiarum
1087 5096 1267 5173 rectoribus,

523 5199 555 5254 et
580 5191 709 5252 aliarum
737 5188 936 5251 ecclesiarum
966 5188 1268 5253 administratoribus

523 5302 607 5349 nunc
628 5293 659 5348 et
679 5301 735 5364 pro
761 5293 900 5361 tempore
929 5282 1144 5359 existentibus,
1174 5284 1267 5346 etiam

521 5381 554 5442 in
571 5380 689 5442 virtute
702 5386 824 5441 sanctae
838 5375 1031 5439 obedientiae
1042 5377 1268 5439 committimus

521 5481 552 5536 et
568 5473 762 5544 mandamus,
780 5480 813 5533 ut
827 5487 883 5549 pro
897 5487 932 5532 ea
946 5469 1159 5546 veneratione,
1175 5479 1282 5549 quarn*

523 5565 578 5645 ipsi
600 5580 673 5642 erga
703 5580 786 5626 sacra
809 5564 872 5626 loca
900 5564 1040 5642 profiteri
1071 5565 1214 5640 debeant,
1237 5573 1268 5627 et

521 5659 721 5738 profitentur,
734 5665 765 5720 et
779 5657 944 5720 catholicae
960 5658 1120 5732 religionis
1136 5660 1267 5722 tuendae

519 5753 637 5816 studio:
655 5751 847 5814 Patriarchae
862 5751 1027 5826 nimirum,
1041 5752 1267 5831 hrchiepiscopi

417 5919 420 5928 ,
521 5853 552 5908 et
573 5846 715 5925 Episcopi
735 5845 850 5923 aliique
872 5845 1012 5906 locorum
1027 5844 1180 5907 Ordinarii
1195 5863 1267 5925 qua-

523 5947 570 6002 ter
590 5937 699 6002 saltem
721 5939 753 6000 in
775 5953 869 6013 anno,
898 5937 1050 5999 adrentus
1070 5939 1211 6002 videlicet
1235 5949 1267 6001 et

1066 560 1130 609 tun.
1155 555 1246 606 PONT·
1270 553 1311 604 DE
1333 548 1362 604 P.
1386 559 1416 606 p,
1440 553 1522 611 PARS
1544 555 1565 611 1.

2120 549 2175 604 An.
2190 551 2227 606 (l.
2254 540 2337 601 1778

1343 679 1592 760 quadragesimae
1617 679 1821 765 temporibus,
1850 699 1906 764 per
1926 685 2014 749 verbi
2036 687 2091 752 [lei

1342 777 1574 840 concionatores
1597 787 1658 841 tarn
1680 778 1713 840 in
1734 778 1798 842 suis
1818 779 1912 846 sacris
1932 781 2092 844 concioni-

1342 870 1410 946 bus,
1433 887 1527 950 quam
1548 871 1581 934 in
1603 872 1765 951 quibusvis
1785 872 1851 935 aliis
1872 874 2044 938 actionibus
2059 885 2090 938 et

1341 964 1552 1028 functionibus
1583 966 1732 1045 publicis;
1765 967 1986 1045 parochialium
2015 984 2090 1031 vero

1341 1067 1477 1122 rectores
1508 1069 1539 1124 et
1570 1059 1769 1124 ecclesiarum
1799 1061 2087 1140 administratores,

1341 1154 1414 1216 dnm
1438 1155 1587 1232 populum
1609 1153 1791 1234 praesertim
1812 1154 1894 1217 inter
1916 1156 2027 1218 missae
2040 1173 2089 1219 ce·

1341 1247 1545 1310 lebrationem
1567 1247 1782 1326 alloquuntur,
1804 1247 1840 1309 ad
1861 1249 1994 1312 subsidia
2012 1258 2043 1313 et
2058 1268 2089 1313 e·

1340 1339 1532 1421 leemosynas
1551 1348 1651 1404 terrae
1665 1349 1787 1405 sanctae
1801 1344 2015 1419 comparanda,
2030 1345 2090 1406 mi·

1339 1451 1446 1497 serum
1475 1434 1603 1498 illorum
1633 1449 1791 1497 sacrorum
1820 1434 1961 1498 locorum
1989 1444 2021 1499 et
2041 1455 2088 1499 ca-

1340 1529 1529 1592 tholicorum
1548 1527 1610 1591 illic
1631 1527 1813 1606 degentium
1842 1535 1970 1605 statum,
1993 1530 2087 1594 etiam

1340 1631 1449 1702 quater
1469 1624 1501 1684 in
1524 1639 1617 1697 anno,
1640 1621 1754 1685 diserte
1778 1637 1935 1700 euponere
1956 1633 2084 1688 curent:

1338 1733 1371 1779 ac
1393 1717 1520 1794 insuper
1540 1732 1684 1796 personas
1709 1716 1841 1780 eximiae
1862 1718 2022 1794 probitatis
2042 1737 2088 1782 se·

1340 1810 1437 1888 ligant
1451 1812 1486 1874 ad
1501 1810 1687 1888 colligendas
1702 1810 1925 1888 eleemosynas,
1937 1829 2018 1891 quae
2028 1823 2086 1876 sta-

1340 1906 1396 1970 tim
1418 1923 1450 1967 ac
1464 1904 1609 1968 collectae
1623 1904 1753 1980 inerint,
1770 1920 1864 1984 penes
1879 1905 2020 1969 locorum
2033 1907 2086 1970 Οι-

1338 1999 1471 2061 dinarios
1490 1998 1541 2062 rel
1561 1998 1599 2060 de
1620 2015 1730 2061 eorum
1752 2000 1896 2062 mandato
1911 2000 1988 2077 apud
2005 2001 2086 2079 ipsos

1337 2093 1538 2156 ecclesiarum
1565 2092 1746 2156 earumdem
1775 2101 1910 2156 rectores
1931 2094 2085 2174 deponan-

1338 2194 1400 2262 tur,
1413 2203 1446 2250 ac
1461 2188 1588 2250 demum
1603 2186 1755 2250 Ordinarii
1773 2187 1830 2266 ipsi
1849 2189 1991 2251 collectas
2006 2190 2087 2252 elee-

1338 2297 1480 2362 mosynas
1502 2283 1537 2347 ad
1566 2285 1746 2362 apostolicos
1773 2285 1915 2363 syndicos
1944 2286 2086 2362 legitime

1336 2378 1497 2456 deputatos
1523 2378 1756 2458 quamprimum
1783 2377 1896 2441 deterri
1922 2389 2085 2457 curent,a

1336 2473 1446 2551 quibus
1466 2473 1638 2551 syngrapha
1660 2473 1697 2535 de
1712 2472 1852 2551 pecuniis
1867 2489 1922 2550 pro
1938 2475 2086 2552 praemis-

1335 2565 1375 2627 sis
1395 2566 1493 2628 causis
1514 2566 1646 2645 receptis
1667 2575 1785 2642 agatur.

1375 2660 1394 2734 ἓ
1416 2661 1444 2724 6.
1463 2660 1592 2737 insuper
1603 2660 1689 2721 turta
1700 2660 1882 2738 praemissas
1894 2661 2021 2739 Urbani,
2035 2664 2084 2725 ln·
2134 2666 2332 2762 almezor-unu

1336 2752 1470 2816 nocentii
1493 2759 1523 2815 et
1538 2752 1697 2814 Benedicti
1712 2752 1979 2833 praedecessorum
1996 2772 2082 2835 prae
2100 2720 2332 2837 ffttffi‘dsstffi-

1334 2847 1488 2911 dictorum
1511 2847 1614 2910 literas
1636 2862 1691 2909 nos
1713 2863 1836 2927 quoque
1851 2849 2029 2925 statuimus,
2046 2859 2081 2914 ut
2099 2826 2333 2937 fflffifflffi

1334 2942 1429 3004 iidem
1451 2941 1653 3016 patriarcnae,
1669 2941 1898 3020 Arcbiepiscopi
1912 2949 1945 3003 et
1960 2943 2081 3021 uptsto-
2101 2936 2219 2992 prorum.

1333 3037 1376 3116 pi,
1398 3035 1513 3116 aliique
1534 3035 1674 3098 locorum
1695 3033 1849 3098 ordinarii
1866 3037 2026 3115 proprium
2050 3049 2079 3102 et

1332 3138 1506 3212 separatum
1538 3129 1733 3192 territorium
1764 3129 1925 3208 hahentes,
1948 3131 1981 3194 in
2003 3134 2082 3196 rela-

1335 3225 1419 3287 tione
1449 3229 1547 3286 status
1576 3239 1704 3286 suarum
1724 3225 1937 3301 ecclesiarum,
1960 3229 2082 3306 quando

1333 3317 1554 3397 Apostolorum
1586 3317 1694 3380 limina
1723 3326 1817 3381 erunt
1847 3320 2018 3398 visitaturi,
2040 3321 2082 3384 la·

1331 3413 1438 3476 cienda
1461 3411 1608 3487 referant,
1630 3427 1663 3473 se
1685 3411 1802 3476 eisdem
1821 3420 1852 3474 et
1867 3415 2081 3492 praesentibus

1333 3505 1446 3568 nostris
1467 3505 1568 3567 literis
1588 3505 1737 3581 paruisse.

1372 3603 1391 3678 §
1412 3599 1440 3661 7.
1457 3599 1502 3661 nd
1517 3599 1758 3677 praemissorum
1773 3607 1878 3662 autem
1892 3601 2021 3681 plenum
2038 3602 2081 3664 el·
2128 3605 2328 3703 ‘uxelommunt-

1332 3692 1446 3756 lectum
1467 3693 1613 3754 omnibus
1640 3699 1670 3754 et
1691 3688 1832 3768 singulis¹
1846 3695 2010 3774 utriusque
2033 3713 2080 3758 se·
2098 3663 2326 3776 ffi,l?„³t{{{{g

1332 3805 1389 3850 xus
1411 3787 1560 3865 personis,
1583 3786 1807 3864 cuiuscumque
1828 3787 1999 3865 dignitatis,
2020 3797 2079 3852 ste-
2098 3766 2326 3864 {gastinenen-

1331 3890 1393 3957 tus,
1416 3880 1539 3957 gradus,
1562 3877 1678 3942 ordinis
1697 3887 1730 3942 et
1744 3878 1929 3942 conditionis
1943 3883 2080 3944 existen·

1331 3976 1426 4050 tibus,
1443 3979 1621 4035 nostrorum
1644 3973 1915 4050 praedecessorum
1936 3977 2079 4056 exemplo

1330 4069 1414 4132 ducti
1436 4068 1529 4130 etiam
1544 4083 1601 4128 nos
1615 4067 1647 4127 in
1663 4066 1781 4129 virtute
1795 4077 1918 4130 sauctae
1931 4069 2077 4133 obedien·

1331 4164 1391 4225 tiae
1412 4169 1442 4224 et
1463 4161 1522 4224 sub
1542 4160 1875 4224 excommunicationis
1896 4163 2021 4227 maioris
2037 4165 2079 4226 la-

1331 4263 1378 4317 tae
1398 4255 1572 4318 sententiae
1593 4271 1701 4334 poena,
1725 4272 1740 4316 a
1762 4271 1821 4334 qua
1843 4256 1969 4320 nonnisi
1991 4275 2078 4321 ano

1330 4349 1375 4411 bis
1396 4348 1447 4411 rel
1467 4348 1605 4411 Romano
1620 4349 1771 4412 Pontidce
1785 4365 1841 4428 pro
1857 4359 1998 4430 tempore
2012 4353 2077 4414 exi·

1329 4451 1442 4517 stente‚
1458 4451 1675 4522 praeterquam
1690 4443 1721 4505 in
1737 4445 1845 4505 mortis
1861 4445 1992 4508 articulo
2006 4461 2078 4508 con-

1328 4535 1441 4610 stituti,
1468 4535 1584 4597 absolvi
1609 4535 1738 4614 possint,
1767 4537 1905 4600 districte
1932 4541 2078 4618 praecipi·

1330 4645 1398 4692 mus
1420 4636 1451 4692 et
1472 4631 1666 4705 mandamus,
1689 4645 1729 4690 ne
1750 4629 1787 4692 de
1809 4640 1912 4694 cetero
1940 4633 2076 4695 cuiusvis

1328 4724 1450 4802 generis
1471 4723 1550 4784 bona
1573 4731 1604 4784 et
1624 4723 1826 4802 pecuniarum
1847 4741 1983 4788 summas
2004 4744 2020 4788 a
2041 4729 2077 4789 lt·

1328 4817 1446 4881 delibus
1468 4833 1592 4896 quoque
1613 4816 1754 4879 collectas
1775 4825 1807 4878 et
1821 4819 1856 4880 ad
1872 4820 1979 4882 eadem
1993 4837 2075 4883 sacra

1328 4911 1392 4974 loca
1413 4907 1592 4989 spectantia,
1605 4908 1714 4987 quouis
1729 4917 1902 4987 praetextu,
1918 4929 2006 4978 causa
2024 4915 2075 4976 vel

1327 5005 1484 5067 occasione
1514 5003 1593 5080 apud
1627 5019 1660 5064 se
1691 5003 1827 5067 retinere
1858 5006 1992 5070 audeant
2019 5024 2074 5071 seu

1326 5104 1536 5176 praesumant,
1558 5097 1610 5158 sed
1640 5095 1690 5159 illa
1711 5096 1828 5159 eisdem
1857 5099 1944 5176 locis,
1965 5109 1996 5162 et
2017 5118 2074 5180 pro

1326 5190 1369 5251 eis
1390 5189 1463 5268 ipsis
1487 5189 1632 5266 syndicis,
1656 5198 1689 5252 ut
1711 5189 1895 5268 praefertur,
1919 5192 2073 5272 deputatis

1325 5283 1450 5346 realiter
1478 5291 1509 5346 et
1536 5300 1608 5346 cum
1631 5283 1742 5346 ellectu
1772 5285 1940 5350 restituant
1960 5295 1992 5348 et
2014 5296 2072 5350 tra-

1325 5378 1408 5439 dant.
1433 5378 1592 5439 Praeterea
1623 5391 1715 5454 quam
1746 5377 1898 5442 absonum
1919 5379 1957 5442 ab
1978 5397 2012 5442 ea
2032 5381 2073 5444 sit

1326 5471 1396 5545 fide,
1418 5488 1478 5550 qua
1506 5471 1572 5548 piae
1604 5486 1753 5548 personae
1784 5472 1996 5551 eleemosynas
2018 5475 2071 5536 tri·

1325 5564 1431 5638 buere,
1453 5565 1478 5626 si
1500 5581 1553 5627 eae
1574 5565 1606 5626 in
1628 5564 1703 5626 alios
1731 5581 1825 5644 quam
1856 5569 2070 5648 praescriptos,

1324 5659 1526 5737 quantumvis
1557 5666 1719 5737 urgentes,
1750 5677 1821 5722 usus
1850 5661 2071 5739 immutentur,
2163 5653 2165 5658 ’

1324 5767 1432 5814 ornnes
1454 5752 1544 5829 plane
1565 5751 1760 5831 intelligunt.
2023 5815 2026 5820 .

1362 5846 1381 5920 ἓ
1402 5845 1431 5907 8.
1456 5845 1502 5908 Ne
1523 5853 1629 5909 autem
1650 5849 1724 5910 adeo
1746 5849 1933 5912 detestabilis
1954 5853 2071 5930 irrepat
2099 5861 2308 5912 probitionem

1323 5940 1452 6016 abusus,
1485 5956 1579 6018 quern
1606 5956 1684 6004 sane
1715 5942 1825 6006 Paulus
1856 5944 2071 6022 praedecessor
2089 5917 2309 6030 Εὲιῗῗζιζῖῃῗὲζῗῗ
