4722 6976
70 1079 137 1138 ,rebor
149 1075 237 1116 conces

61 1136 125 1176 Stobis.

10 2731 11 2788 5
75 2755 128 2816 tatio
140 2764 233 2802 euneos·

59 2821 115 2856 §bute

60 4711 176 4768 issignetio
187 4726 230 4762 no·

52 4772 115 4811 verum
124 4767 229 4814 ecclesia-

52 4825 91 4862 run
113 4821 229 4880 subroga-

52 4879 136 4920 tearum.

920 566 991 612 urus
1012 567 1061 612 rr.
1084 566 1141 611 vu.
1719 548 1775 610 bit
1830 549 1882 602 Aa.
1896 551 1926 601 c.
1949 548 2017 602 1808

254 700 307 746 vos
329 687 496 764 praesules,
519 689 573 767 qui
591 687 814 767 multiplicatis
841 685 994 759 fidelibus,
1052 701 1124 747 rum
1146 685 1264 748 clerum
1286 686 1498 766 populumque
1513 687 1707 762 universum,
1723 702 1797 765 quo·

253 780 380 842 seorsim
404 787 506 843 tamen
535 781 728 862 immanique
758 795 847 860 saepe
867 797 883 840 a
905 777 996 840 Balti-
1052 793 1123 840 rum
1138 795 1244 842 causae
1253 780 1288 840 ad
1300 780 1416 844 dictum
1430 779 1796 860 Archiepiscopumiuxta

254 888 341 935 more
354 873 497 938 distantia
512 876 561 937 hic
576 876 637 939 illic
652 875 844 938 morantibus
855 873 997 954 proprius
1051 888 1208 934 sacrorum
1229 889 1382 936 canonum
1402 881 1515 937 statuta
1536 873 1724 950 relocantur,
1742 873 1798 952 ipsi

253 967 407 1045 assistant,
429 968 570 1032 rideatur
590 976 755 1047 expetere:
1054 966 1288 1045 hrchiepiscopo
1302 968 1399 1047 quoad
1415 967 1678 1047 archiepiscopalia
1692 977 1724 1030 et
1735 983 1798 1032 me·

292 1061 362 1135 §t
386 1061 447 1124 Nos
468 1061 545 1124 illud
566 1062 763 1140 potissimum
791 1060 996 1133 attendentes,
1052 1059 1222 1138 tropolitica
1256 1062 1322 1122 iura
1351 1060 1542 1125 subiicimus.
1574 1062 1707 1124 Domum
1742 1078 1798 1140 pro

254 1156 333 1232 quod
351 1155 431 1216 sicut
445 1155 551 1219 civitas
566 1155 740 1216 Baltimoris
755 1154 811 1217 loci
827 1154 873 1216 sui
889 1167 996 1230 oppor-
1052 1149 1192 1228 dioecesi,
1205 1169 1283 1232 quae
1298 1153 1559 1232 archiepiscopalis
1574 1153 1718 1216 ecclesiae
1732 1154 1798 1216 Bal·

254 1247 387 1310 tunitate
408 1264 551 1324 magnam
572 1249 715 1327 praebeat
729 1246 847 1310 cunctis
861 1243 998 1307 tuedera-
1053 1243 1228 1306 timorensis
1256 1247 1294 1307 sit
1316 1247 1459 1324 deinceps
1489 1247 1651 1326 peculiaris
1679 1255 1709 1310 et
1730 1263 1798 1326 pro·

254 1350 300 1404 tae
321 1342 482 1406 Amerieae
512 1342 649 1420 partibus
676 1339 898 1404 commercium
925 1353 996 1400 curn
1052 1337 1129 1414 pria,
1154 1337 1317 1402 statuimus
1343 1339 1372 1400 ei
1394 1346 1485 1418 atque
1516 1340 1714 1419 praefigimus
1737 1346 1798 1402 tam

253 1451 286 1498 ea
308 1435 439 1498 habendi
460 1435 722 1510 commoditatem,
745 1434 786 1495 ita
807 1432 894 1495 iacile
915 1445 998 1492 com·
1052 1428 1274 1506 llarilandiam,
1291 1447 1382 1509 quam
1405 1433 1538 1511 reliquas
1554 1433 1706 1509 regiones,
1724 1449 1799 1511 quas

253 1530 444 1607 modumque
464 1530 524 1591 erit
545 1529 699 1592 catholicis
721 1527 853 1606 partium
876 1539 996 1588 earum·
1022 1554 1025 1647 ι
1052 1522 1178 1614 habeta
1200 1523 1330 1585 meridie
1350 1526 1387 1588 ad
1407 1525 1570 1602 Georgium
1586 1526 1797 1606 usqueinclu·

252 1623 321 1685 dem
343 1631 407 1684 tam
435 1621 646 1685 ecclesiasticis
674 1635 766 1700 quam
792 1617 997 1680 saecularibus
1022 1650 1025 1707 i
1050 1616 1128 1690 sire,
1150 1617 1248 1679 donee
1268 1625 1372 1681 tamen
1403 1621 1564 1698 provisum
1593 1620 1683 1684 aliter
1704 1621 1799 1684 luerit

253 1731 306 1795 pro
326 1716 390 1778 suis
411 1715 546 1778 iustitiae
566 1715 663 1778 causis
684 1716 718 1776 ad
735 1728 803 1776 eam
822 1725 995 1784 recurrere,
1022 1716 1024 1779 ξ
1051 1708 1087 1770 ab
1109 1709 1162 1770 hac
1178 1709 1286 1774 Sancta
1302 1711 1389 1787 Sede,
1406 1714 1494 1776 cuius
1508 1715 1722 1777 auctoritatem
1736 1731 1797 1777 sar·

251 1809 363 1872 idcirco
377 1808 801 1872 devenerabiliumlratrum
816 1814 996 1868 nostrorum
1021 1798 1024 1905 2
1052 1809 1113 1862 tom
1135 1809 1307 1882 tectamque
1330 1805 1474 1868 volumus
1497 1808 1528 1870 iu
1550 1809 1722 1886 praemissis
1737 1809 1794 1872 sic-

252 1903 380 1967 Sanctae
411 1903 566 1966 llomanae
601 1901 751 1964 Ecclesiae
786 1898 996 1964 Cardinalium
1021 1910 1024 1934 ¹
1050 1902 1084 1957 ut
1106 1901 1136 1957 et
1158 1906 1344 1960 memoratae
1376 1901 1623 1978 congregationis
1654 1902 1797 1966 Cardine·

252 1996 493 2074 Congregationi
514 1997 551 2059 de
574 1995 768 2075 Propaganda
782 1993 856 2056 Fide
870 2006 995 2070 praepo·
1021 2015 1024 2058 ι
1049 1987 1137 2050 lium.

251 2091 383 2153 sitorum
404 2089 532 2152 consilio
553 2067 738 2168 praedictu'ru
759 2089 863 2150 sedem
882 2085 995 2165 episco·
1089 2081 1108 2157 ἓ
1128 2083 1158 2144 6.
1182 2083 1360 2149 Mandantes
1382 2095 1541 2168 propterea
1556 2089 1656 2151 eidem
1673 2091 1797 2152 hrchie·
1815 2143 1817 2150 ,
1836 2107 1983 2170 niquarum
1999 2105 2030 2152 uo

251 2181 352 2260 palem
380 2182 612 2246 Baltimorensis
633 2181 764 2244 civitatis
792 2182 824 2243 in
846 2177 994 2258 archiepi·
1050 2176 1172 2254 piscopo
1193 2195 1278 2241 nunc
1303 2187 1335 2242 et
1355 2197 1411 2258 pro
1433 2191 1572 2260 tempore
1599 2184 1743 2246 existenti
1764 2184 1796 2246 in
1816 2159 1968 2208 ⁰b⁰⁰¹⁰¹¹⁶⁰·

250 2277 402 2354 scopalem
423 2284 454 2338 et
475 2275 743 2354 metropolitanam
764 2274 868 2336 sedern
897 2280 928 2336 et
949 2289 995 2334 ca·
1050 2269 1167 2332 virtute
1187 2280 1308 2336 sanctae
1329 2273 1532 2351 obedientiae,
1552 2284 1585 2337 ut
1606 2277 1706 2338 eidem
1726 2293 1798 2339 con·

251 2377 306 2452 put
327 2371 458 2434 aliarum
486 2371 605 2434 sedium
639 2369 732 2431 totius
754 2368 912 2430 Americae
932 2363 994 2426 ioe-
1021 2398 1024 2428 ι
1049 2363 1220 2439 gregationi
1232 2367 1437 2444 obsequenter
1447 2377 1561 2446 pareat,
1575 2369 1704 2448 eiusque
1716 2370 1795 2432 iussa

250 2467 372 2528 deratae
390 2465 573 2528 auctoritate
592 2463 766 2541 apostolica,
786 2471 894 2525 tenore
908 2476 993 2539 prae·
1021 2442 1024 2558 Ι
1050 2454 1180 2519 lideliter
1195 2458 1371 2537 adimpleat,
1387 2470 1450 2522 acta
1467 2461 1648 2524 visitationis
1663 2479 1737 2525 suae
1750 2479 1796 2524 ar·

250 2561 398 2636 sentium,
421 2559 622 2631 declaramus,
645 2556 773 2620 iacimus
794 2563 884 2635 atque
907 2554 993 2617 insti·
1020 2581 1023 2667 4
1048 2549 1277 2646 chiepiscppalis
1308 2553 1451 2616 ecclesiae
1471 2553 1580 2617 debitis
1608 2555 1798 2634 temporibus

250 2656 378 2718 ruimus.
1020 2681 1023 2718 r
1050 2645 1086 2706 ad
1106 2660 1174 2706 earn
1207 2647 1407 2722 transmittat,
1428 2663 1558 2727 eamque
1581 2648 1619 2710 de
1650 2648 1796 2711 omnibus

290 2749 359 2825 §ie
383 2748 484 2826 Eique
510 2748 613 2809 omnia
634 2755 665 2808 et
685 2744 806 2822 singula
833 2744 910 2818 iura,
933 2742 993 2818 pri·
1048 2736 1135 2800 iaciat
1155 2741 1334 2816 certiorem,
1358 2758 1436 2820 quae
1456 2742 1609 2821 spirituali
1632 2741 1712 2806 hono
1727 2759 1796 2821 gre-

249 2843 361 2921 vilegia
383 2850 413 2904 et
433 2841 658 2920 praerogativas
679 2839 717 2900 ab
736 2838 796 2900 illis
809 2837 932 2899 sedibus
946 2851 994 2896 ar·
1050 2832 1097 2907 gis
1118 2833 1175 2894 sibi
1196 2835 1365 2910 commissi,
1387 2845 1418 2897 et
1440 2836 1637 2899 ecclesiarum
1652 2838 1796 2915 suflraga-

249 2934 521 3015 cbiepiscopalibus
552 2942 583 2996 et
615 2931 857 3010 metropolitanis
889 2931 994 2992 haberi
1049 2941 1179 2990 nearum
1200 2929 1396 3008 amplitudini
1418 2930 1515 3006 magis
1536 2929 1568 2992 in
1589 2931 1720 2994 Domino
1743 2948 1798 2995 no·

250 3038 281 3091 et
303 3029 429 3106 gauderi
450 3027 552 3090 solitas
574 3034 604 3090 et
623 3036 783 3089 consuetas
801 3026 937 3105 plenarie
951 3034 994 3088 at·
1049 3019 1131 3081 verit
1152 3020 1323 3099 protutura.

250 3124 416 3188 tribuimus
433 3127 464 3184 et
478 3121 683 3197 assignamus3
700 3119 811 3182 deinde
825 3118 994 3182 venerabili
1088 3116 1107 3190 ἓ
1128 3114 1155 3175 7.
1176 3115 1384 3180 decernentes
1399 3120 1521 3181 easdem
1536 3129 1714 3198 praesentes
1729 3122 1795 3184 lite·
1836 3129 1957 3176 clausura
1971 3129 2030 3176 sub·

249 3218 337 3282 lratri
358 3215 461 3279 loanni
484 3215 728 3292 praenominato,
744 3214 798 3292 qui
818 3211 915 3276 adhuc
931 3213 993 3292 epi·
1049 3222 1097 3270 ras
1118 3209 1234 3284 firmas,
1258 3209 1371 3273 validas
1392 3219 1423 3273 et
1448 3212 1582 3275 efficaces
1611 3214 1743 3276 existere
1765 3223 1797 3278 et
1817 3183 1872 3284 iffi
1889 3183 2031 3284 fir‘rrt‘fflf‘

248 3313 403 3392 scopalem
434 3309 620 3389 praedictam
648 3307 768 3370 obtinet
796 3307 913 3381 sedem,
939 3323 994 3386 pro
1048 3299 1126 3375 iore,
1141 3316 1275 3381 suusque
1290 3301 1441 3381 plenarios
1463 3313 1494 3367 et
1515 3305 1650 3383 integros
1671 3308 1797 3370 ellectus

249 3406 458 3485 singularibus
476 3403 538 3466 suis
560 3403 592 3465 in
614 3401 800 3479 religionem
814 3400 995 3464 catholicam
1046 3393 1151 3455 S0riiri
1172 3402 1203 3456 et
1219 3394 1377 3472 oblinere,
1406 3413 1440 3458 ae
1460 3396 1536 3472 illis,
1566 3397 1601 3460 ad
1624 3415 1701 3478 quos
1729 3416 1795 3482 spe-

249 3497 621 3577 etSedemhpostolicam
637 3494 993 3574 meritishrchiepiscopi
1048 3493 1108 3548 ctat
1129 3494 1160 3550 et
1187 3487 1221 3550 in
1252 3488 1394 3553 loturum
1425 3492 1584 3568 spectabit,
1618 3492 1796 3570 plenissime

249 3596 389 3668 titulum,
408 3592 450 3654 ita
472 3587 994 3669 utposthachrchiepiscopusEal·
1047 3579 1226 3657 suliragari,
1262 3590 1293 3646 et
1326 3581 1363 3644 ab
1393 3584 1539 3647 omnibus
1574 3584 1796 3650 inviolabiliter

250 3685 426 3751 timorensis
447 3685 486 3747 sit
507 3681 743 3759 nuncupandus,
768 3697 828 3743 una
849 3696 921 3744 cum
941 3680 992 3744 de·
1048 3676 1220 3752 observari3
1249 3677 1354 3757 sicque
1376 3678 1408 3739 in
1434 3678 1607 3756 praemissis
1629 3696 1684 3759 per
1705 3698 1797 3761 quos-

249 3782 364 3844 latione
393 3777 477 3857 pallii
499 3785 531 3840 et
559 3776 669 3851 crucis,
697 3775 826 3854 aliisque
853 3774 994 3852 insigniis
1047 3783 1182 3846 cumque
1212 3771 1327 3833 iudices
1357 3772 1529 3834 ordinarios
1558 3782 1589 3835 et
1620 3774 1794 3852 delegatos,

248 3885 279 3939 et
301 3873 483 3947 bonoribus,
505 3870 625 3935 iuribus
646 3879 677 3932 et
691 3869 872 3948 privilegiis,
889 3868 994 3946 gratiis
1019 3902 1022 3969 ε
1048 3864 1142 3924 etiam
1157 3879 1317 3927 causarum
1332 3864 1433 3942 palatii
1455 3867 1554 3928 nostri
1572 3868 1730 3945 apostolici
1744 3886 1795 3930 au·

248 3984 372 4049 quoque
392 3973 424 4028 et
446 3964 585 4038 indultis,
607 3962 718 4042 quihus
738 3963 851 4024 coeteri
868 3961 993 4024 hrchie-
1020 3972 1022 4055 i
1048 3957 1173 4030 ditores,
1188 3956 1316 4020 iudicari
1338 3965 1369 4020 et
1390 3959 1514 4022 deliniri
1535 3960 1660 4037 debere,
1678 3979 1711 4024 ac
1726 3962 1795 4024 irri-

248 4063 363 4142 piscopi
390 4062 428 4124 de
449 4059 528 4133 iure,
550 4074 609 4120 usu
631 4063 662 4118 et
694 4057 921 4118 consuetudine
943 4071 994 4134 po·
1019 4059 1022 4127 ξ
1049 4058 1167 4113 tumet
1195 4051 1300 4125 inane,
1320 4051 1345 4113 si
1374 4067 1462 4116 secus
1489 4069 1582 4131 super
1614 4055 1661 4116 his
1682 4074 1698 4117 a
1720 4073 1795 4135 quo-

249 4156 384 4230 tiuutur,
404 4153 556 4215 iruuntur
570 4159 601 4212 et
617 4150 764 4226 gaudent,
780 4150 888 4213 eodem
901 4149 994 4228 plane
1019 4136 1022 4189 l
1046 4158 1139 4222 quam
1161 4143 1268 4222 quavis
1289 4147 1471 4209 auctoritate
1491 4147 1625 4210 scienter
1644 4149 1693 4212 vel
1708 4150 1796 4227 iguo·

248 4247 340 4311 modo
364 4255 396 4308 et
420 4247 534 4324 absque
565 4243 628 4305 ullo
660 4257 783 4320 prorsus
815 4241 992 4304 discrimine
1019 4197 1022 4321 1
1047 4244 1154 4298 ranter
1174 4238 1341 4315 contigerit
1362 4241 1517 4302 attentari.

248 4355 311 4404 tam
332 4341 401 4418 ipsi,
423 4353 517 4418 quam
546 4336 639 4416 ipsius
660 4334 772 4398 iuturis
793 4335 827 4396 in
849 4334 992 4398 Baltimo·
1019 4326 1022 4401 l
1087 4331 1106 4404 ἓ
1127 4327 1155 4391 8.
1179 4329 1247 4392 Non
1277 4331 1467 4394 obstantibus
1496 4335 1681 4413 apostolicis,
1708 4338 1796 4399 acin
1830 4352 2031 4414 uorogsuooon-

247 4437 331 4499 rensi
351 4433 612 4513 archiepiscopatu
632 4432 866 4508 successoribus,
890 4442 993 4496 sucro.
1019 4418 1022 4454 ¹
1049 4424 1274 4488 universalibus
1296 4425 1598 4508 provincialibusque
1615 4439 1645 4492 et
1666 4431 1796 4509 synoda·
1816 4408 1964 4451 tortorum.

247 4529 337 4592 ritate
357 4537 388 4592 et
409 4537 519 4590 tenore
544 4525 705 4604 praedictis
726 4525 921 4589 concedimus
949 4536 993 4590 ot·
1047 4517 1127 4580 libus
1155 4518 1291 4581 0⁰¹¹s⁵i¹ii5
1321 4519 1411 4582 editis
1439 4521 1630 4597 generalibus
1659 4525 1708 4586 vel
1730 4541 1796 4604 spe·

247 4640 308 4704 que
328 4622 527 4685 conterimus.
1019 4625 1022 4707 q
1048 4611 1172 4673 cialibus
1193 4612 1464 4676 constitutionibus
1486 4621 1518 4676 et
1538 4616 1795 4693 ordinationibus,

287 4717 355 4792 §b
378 4715 538 4778 Praeterea
566 4712 667 4776 eidem
694 4714 940 4795 archiepiscopali
963 4727 993 4780 er
1046 4705 1238 4783 caeterisque
1259 4707 1351 4768 etiam
1369 4708 1491 4784 speciali
1506 4724 1539 4771 ac
1553 4723 1694 4787 expressa
1709 4726 1799 4773 men·

247 4810 503 4890 metropolitanae
521 4809 586 4871 sedi
616 4809 832 4871 Boltimorensi
860 4819 993 4888 quatuor
1049 4801 1133 4862 ῑίθῦθ
1154 4811 1184 4862 θῑ
1206 4801 1405 4877 (Ῐθΐῡὲὃῑίῡῠθ
1423 4802 1524 4878 dignis
1546 4803 1709 4866 milliariis
1731 4805 1799 4884 illli-

248 4921 344 4968 novas
371 4902 555 4983 episcopales
585 4902 736 4977 ecclesias,
768 4918 881 4981 nempe
908 4903 995 4967 Neo-
1049 4893 1250 4971 buscumque.

247 4997 386 5074 Eboraci,
403 4987 640 5074 Philadelphiae,
656 4994 817 5057 Bostoniae
835 5004 865 5058 et
879 4997 993 5060 Eards-
1089 4987 1200 5048 Datum
1230 4985 1355 5063 Romae,
1384 4989 1463 5066 apud
1492 4989 1523 5052 S·
1554 4989 1679 5053 Mariam
1707 4991 1797 5054 Maio·

246 5089 336 5152 Goun
365 5107 419 5170 per
446 5105 501 5151 nos
530 5089 619 5152 nodie
647 5097 773 5162 erectas,
804 5089 938 5168 aliasque
960 5092 991 5152 jn
1047 5094 1115 5141 rem
1136 5080 1192 5142 sub
1211 5081 1328 5142 annulo
1351 5082 1509 5144 Piscatoris
1531 5085 1578 5146 die
1600 5101 1669 5147 vui.
1691 5086 1798 5164 aprilis

246 5185 363 5246 eisdem
393 5183 563 5246 foederatae
590 5182 751 5245 Americae
779 5183 916 5260 partibus
939 5201 993 5263 per
1019 5226 1022 5288 Ι
1049 5190 1240 5250 ”nocerino
1263 5173 1455 5253 b011lis¹caius
1477 5177 1575 5239 nostri
1597 5195 1679 5240 euno
1701 5196 1746 5264 xp.

245 5277 449 5357 Apostolicam
471 5275 582 5340 Sedem
597 5277 629 5338 in
645 5282 802 5354 posterum
817 5275 991 5354 erigendas,
1019 5289 1022 5339 t

245 5372 283 5436 de
304 5371 485 5433 eorumdem
507 5369 718 5432 cardinalium
738 5367 879 5444 consilio,
896 5386 929 5432 ac
944 5387 992 5432 ea·
1019 5344 1022 5443 Ι

245 5465 316 5527 dem
337 5462 518 5527 auctoritate
539 5470 696 5540 tamquam
717 5462 921 5541 provinciales
941 5465 992 5526 ad·
1019 5446 1022 5470 ‘

243 5558 420 5633 scribimus,
435 5573 469 5619 ac
483 5572 590 5619 earum
605 5556 767 5634 Episcopus
782 5571 838 5634 pro
854 5563 992 5635 tempore
1348 5554 1498 5619 llllllllll.

243 5652 412 5713 existentes
441 5651 474 5713 in
502 5649 735 5713 Ealtimorensis
763 5649 1021 5730 hrcbiepiscopi,
1580 5687 1585 5698 ·

243 5743 462 5822 suffraganeus,
479 5746 530 5824 qui
554 5743 653 5806 veluti
670 5743 807 5806 membra
823 5742 913 5822 capiti
928 5744 990 5806 iuri
1018 5737 1021 5841 Ι
1050 5745 1225 5824 Confirmat
1256 5744 1536 5805 comorototioucm
1569 5743 1661 5824 officii
1689 5746 1793 5807 diuini

242 5838 311 5901 eius
341 5838 588 5916 archiepiscopali
615 5845 646 5899 et
667 5836 893 5916 metropolitico
920 5837 990 5900 sub·
1018 5855 1021 5928 1
1085 5841 1194 5918 [overe
1225 5838 1420 5901 abouiolium
1442 5837 1474 5900 S.
1502 5837 1615 5902 Clarae
1647 5841 1796 5902 ciuitatis

241 5936 317 6011 sint,
338 5949 552 6009 accensemus;
582 5951 614 5996 ac
644 5933 822 5996 huiusmodi
852 5934 990 5997 eeclesia·
1017 5936 1021 6012 l
1086 5933 1294 5997 Dubiiucusis
1325 5948 1397 5994 cum
1428 5933 1714 5997 communicatione
1746 5934 1795 5997 io·

1306 5377 1543 5387 —0——--...-
