4722 6976
355 547 409 607 An.
423 552 454 608 o.
475 547 543 606 tait
593 543 651 614 tbi

574 690 779 770 Tempensem
808 691 993 773 Episcopum
1021 691 1244 770 praeficiamus,
1270 690 1317 751 in-

573 787 666 850 terim
688 787 762 848 dum
783 787 816 848 in
837 801 936 863 regno
958 792 1011 848 tuo
1026 801 1075 847 res
1096 783 1318 846 catholicorum

573 879 792 943 ecclesiasticae
822 879 923 942 stabili
953 878 1045 941 modo
1075 877 1316 952 constituantur,

574 974 700 1047 iaciunt,
713 980 748 1036 ut
760 980 865 1051 aperte
886 987 1105 1050 cognoscamus
1126 971 1317 1032 maiestatem

573 1077 659 1130 tuam
681 1068 786 1130 eadem
808 1081 932 1145 cupere,
955 1083 1033 1145 quae
1053 1066 1118 1126 Rex
1139 1070 1224 1144 pater
1246 1071 1318 1126 tuus

573 1159 725 1238 cupiebat,
740 1166 776 1222 ut
795 1160 911 1222 scilicet
932 1158 1154 1221 catholicorum
1175 1156 1318 1234 regimen

573 1269 746 1331 perennem
767 1253 799 1314 in
825 1269 923 1329 regno
946 1261 998 1315 tuo
1023 1251 1221 1313 stabilitatem
1243 1265 1320 1311 nan·

573 1347 712 1408 ciscatur.
744 1346 822 1408 llaec
843 1345 946 1408 omnia
972 1343 1072 1406 multo
1096 1343 1184 1406 nobis
1210 1343 1319 1405 solatio

572 1447 657 1515 sunt,
671 1438 916 1516 intelligentibus
931 1437 1118 1499 sententiam
1132 1443 1217 1498 tuam
1229 1435 1319 1512 plane

573 1540 810 1596 consentaneam
831 1547 897 1598 esse
911 1529 1187 1592 vehementissimo
1208 1527 1253 1596 illi
1268 1527 1319 1589 de-

573 1627 686 1688 siderio
715 1632 832 1700 nostro,
856 1626 939 1704 quod
967 1624 1066 1686 nostri
1094 1623 1198 1686 Status
1220 1636 1318 1683 secre-

575 1721 670 1782 tarius
692 1719 851 1799 superiore
873 1735 954 1781 anno
985 1717 1136 1780 ministris
1157 1715 1251 1794 patris
1272 1714 1318 1776 tui

574 1814 658 1874 iussu
674 1821 779 1874 nostro
794 1811 1013 1886 manilestarit,
1025 1816 1055 1872 et
1066 1811 1146 1889 quod
1159 1825 1214 1871 nos
1224 1807 1318 1871 iidem

574 1905 795 1968 declaravimus
816 1905 877 1967 illis
911 1905 1024 1967 nostris
1052 1903 1178 1978 litteris,
1207 1901 1318 1980 quibus

574 2005 757 2078 potestatem
767 1998 908 2060 dedimus
925 1999 1073 2076 Episcopo
1083 1993 1248 2074 Tempensi
1263 2009 1319 2070 gu·

576 2091 723 2154 hernandi
744 2093 777 2153 in
798 2089 1005 2170 spiritualibus
1027 2103 1171 2165 magnam
1193 2087 1318 2150 catholi-

575 2202 682 2249 corum
703 2185 791 2246 istius
813 2183 902 2260 regni
923 2192 1053 2260 partem,
1076 2190 1107 2244 ιι
1127 2183 1208 2260 quod
1230 2197 1318 2242 reno·

575 2279 717 2340 ravimus
731 2279 825 2340 etiam
839 2282 906 2338 turn
921 2291 989 2338 cum
1007 2276 1155 2353 Episcopo
1170 2273 1319 2336 Erarensi

575 2372 716 2436 dedimus
739 2377 772 2432 ut
787 2369 887 2432 eidem
904 2377 1004 2448 posset
1025 2368 1233 2432 succederet
1247 2383 1320 2430 con-

575 2466 653 2528 siliis
675 2465 735 2527 tois
760 2462 971 2541 discrepabant
1000 2461 1125 2524 consilia
1146 2461 1239 2538 patris
1260 2461 1318 2536 tui,

576 2560 722 2637 quicum
744 2573 799 2619 nos
820 2556 855 2617 ad
882 2556 948 2618 eius
970 2553 1152 2632 petitionem
1181 2553 1319 2616 consilia·

576 2653 659 2714 rium
674 2650 778 2714 Keller
792 2649 940 2726 dignitate
951 2646 1112 2725 episcopali
1128 2647 1318 2722 ornavimus,

576 2760 632 2823 per
665 2745 781 2806 litteras
810 2760 825 2804 a
853 2741 967 2805 comite
995 2739 1239 2816 Vintzingerode
1271 2740 1320 2802 die

576 2853 670 2900 xxrn.
689 2837 766 2900 iunii
783 2836 857 2898 anni
879 2849 1055 2898 uuoccxvr.
1071 2833 1106 2894 ad
1131 2835 1320 2911 praedictum

577 2931 773 2994 cardinalem
796 2936 940 2991 nostrum
961 2945 977 2989 a
998 2927 1123 2990 secretis
1149 2927 1252 2990 Status
1271 2927 1322 2988 da·

579 3035 622 3087 tas
645 3025 733 3086 nohis
754 3030 858 3100 aperte
879 3021 1064 3098 significarit
1084 3020 1141 3083 sibi
1163 3023 1195 3084 in
1217 3022 1322 3084 animo

578 3135 644 3181 esse
664 3117 897 3196 quamprimum
928 3114 964 3176 iis
985 3114 1249 3191 negociationibus
1271 3131 1322 3175 va-

577 3229 646 3276 care
667 3227 744 3290 quae
771 3209 945 3286 spectabant
966 3209 1000 3270 ad
1029 3223 1077 3270 res
1106 3206 1321 3272 ecclesiasticas

579 3307 612 3368 in
633 3321 690 3368 suo
711 3318 808 3380 regno
828 3301 1029 3364 definiendas.
1054 3301 1151 3364 liuius
1172 3302 1219 3366 rei
1246 3309 1322 3364 tem·

577 3417 636 3479 pus
657 3398 719 3460 iam
740 3394 899 3457 advenisse
921 3395 1008 3457 nobis
1029 3395 1165 3472 videtur,
1187 3403 1216 3458 te
1237 3412 1321 3474 prae-

578 3495 685 3555 sertim
708 3506 794 3568 roge,
817 3497 847 3552 et
869 3487 944 3551 illud
967 3503 1100 3565 regnum
1127 3495 1265 3566 tenente,
1288 3491 1321 3553 in

578 3592 723 3668 quotam
745 3583 837 3646 multi
857 3582 998 3645 catholici
1020 3590 1237 3645 numerantur.
1262 3583 1322 3646 Nos

579 3679 722 3761 equidem
737 3677 965 3752 maluissemus,
976 3677 1058 3754 quod
1069 3692 1084 3737 a
1096 3676 1184 3740 nobis
1195 3679 1227 3741 in
1238 3695 1322 3758 prae·

577 3793 649 3839 sens
676 3774 771 3852 petis,
795 3781 861 3834 tnm
890 3771 1093 3846 constituere,
1118 3788 1190 3834 cnm
1211 3776 1322 3837 consti-

579 3869 693 3932 tuenda
722 3866 863 3929 unanimi
890 3867 1053 3946 utriusque
1081 3877 1223 3932 nostrum
1250 3888 1321 3934 con-

490 4031 495 4044 ,
578 3979 669 4026 sensu
690 3965 785 4023 erunt
806 3958 1106 4022 ecclesiastica'istius
1121 3964 1208 4038 regni
1229 3980 1323 4042 nego·

580 4057 640 4119 cia:
664 4056 728 4129 sed,
750 4061 786 4115 ut
807 4052 862 4114 tibi
884 4053 1107 4130 gratificamur,
1130 4056 1231 4118 eidem
1247 4059 1323 4136 petl-

581 4150 658 4212 tioni
681 4158 750 4210 tuae
771 4146 839 4208 sine
860 4161 944 4207 mora
965 4146 1136 4212 satisfacere
1154 4149 1319 4214 noluimus

580 4243 712 4306 blasima
737 4256 811 4302 vero
838 4238 1031 4315 confidimus,
1061 4242 1124 4303 imo
1152 4257 1208 4319 pro
1238 4256 1323 4306 certo

580 4337 744 4409 habemus,
766 4332 956 4396 maiestatem
979 4341 1063 4394 tuam
1088 4337 1125 4397 de
1146 4336 1324 4401 ordinandis

581 4433 710 4492 istorum
722 4426 942 4489 catholicorum
956 4426 1046 4488 rebus
1060 4428 1135 4489 adeo
1150 4429 1321 4506 sollicitam,

582 4526 743 4588 missuram
768 4521 828 4582 huc
858 4520 1001 4599 probatae
1025 4519 1096 4581 fidei
1124 4523 1242 4599 virum,
1271 4527 1324 4604 qui

580 4619 635 4681 hac
657 4619 719 4696 ipsa
740 4617 778 4678 de
792 4631 826 4676 re
840 4622 908 4690 agat
928 4629 1000 4674 com
1022 4629 1068 4689 eo,
1085 4615 1138 4692 qui
1161 4617 1325 4680 nominan-

580 4714 637 4776 dus
667 4729 684 4773 a
715 4710 801 4774 nobis
833 4708 902 4768 erit.
936 4707 1066 4769 Interim
1101 4710 1264 4773 catholicos
1295 4720 1325 4773 et

580 4805 761 4869 catholicam
792 4802 978 4880 religionem
1013 4803 1239 4881 impensissime
1271 4806 1323 4868 tibi

581 4897 845 4976 corrrmendamus,
878 4911 1102 4974 precamurque
1131 4897 1246 4974 Regem
1278 4916 1324 4962 re-

581 5007 656 5069 gum
679 5000 713 5053 ut
735 4990 926 5051 maiestatem
941 4995 1026 5051 tuam
1041 4991 1213 5054 diutissime
1230 4993 1325 5070 sospi-

582 5093 637 5160 tet,
649 5094 680 5146 et
695 5083 827 5162 perlecta
842 5083 999 5145 nobiscum
1011 5084 1136 5145 caritate
1147 5085 1322 5162 coniungat.

622 5180 732 5241 Datum
752 5177 867 5238 Romae
888 5176 966 5253 apud
989 5175 1019 5238 S.
1036 5177 1173 5252 Petrum,
1195 5179 1253 5241 suh
1273 5197 1326 5241 an-

582 5273 658 5335 nulo
683 5270 859 5345 PiscatoriS,
883 5269 931 5332 dio
955 5288 985 5331 v.
1009 5270 1113 5349 aprilis
1135 5257 1322 5334 nncacuvn.

582 5365 779 5445 pontificatus
801 5364 898 5424 nostri
920 5379 1001 5424 anno
1024 5379 1114 5425 uvrn.

838 5619 1026 5628 -υ-...ι-ι--αι-
1035 5619 1074 5628 -a

626 5959 656 6020 (l)
672 5955 709 6006 Ex
722 5962 784 6016 Reg.
800 5959 881 6016 [tpist.
897 5958 992 6003 Latin-

1092 567 1157 618 IUR·
1182 568 1272 616 honr.
1297 561 1337 614 DE
1358 562 1387 614 P·
1411 567 1439 616 F.
1464 566 1546 616 PARS
1568 563 1590 616 Ι.

1683 685 1804 752 valt.

1377 875 1500 938 Vicario
1521 876 1697 956 Apostolico
1715 875 1863 938 dioecesis
1890 871 2117 938 Treuirensisa

1412 966 2118 1048 partadeuteralibenirespondet,matrimc-

1414 1063 1472 1123 aia
1493 1063 1610 1132 mimia,
1628 1079 1708 1141 puae
1723 1062 1867 1124 Ecclesia
1888 1076 2009 1138 semper
2031 1076 2117 1122 aner·

1413 1161 1488 1218 sata
1509 1160 1564 1226 est,
1596 1155 1769 1233 aliquando
1796 1154 1943 1232 permitti
1970 1168 2058 1231 posse
2077 1171 2117 1216 ec

1415 1249 1631 1326 praoicausa,
1643 1245 1910 1310 concurrentibus
1926 1255 2033 1310 tamen
2048 1265 2118 1310 con-

1414 1341 1515 1401 suetis
1536 1339 1753 1418 pactionibus,
1769 1340 1858 1403 modo
1872 1357 1944 1402 vero
1961 1340 2030 1402 illic
2050 1357 2116 1418 per·

1415 1435 1507 1496 mitti
1527 1434 1667 1512 amplius
1690 1449 1752 1496 non
1780 1449 1865 1510 posse
1887 1432 1922 1496 ob
1949 1434 2028 1514 tapes
2054 1436 2117 1496 aim

1416 1543 1535 1589 omnem
1565 1527 1738 1590 adimentes
1760 1527 1871 1588 iisdem
1896 1527 2119 1605 pactionibus,-

1416 1621 1502 1682 docet
1523 1623 1672 1699 quomodo
1693 1623 1727 1684 in
1749 1622 1791 1682 iis
1812 1619 1945 1698 parochi
1967 1638 1998 1682 se
2013 1637 2118 1702 perere

1416 1711 1564 1786 debeant·
1597 1722 1702 1777 monet
1737 1714 1836 1776 etiam
1871 1713 2118 1778 declarationem

1416 1807 1527 1874 Braed.
1554 1807 1631 1870 XlV.
1659 1823 1717 1884 pro
1745 1807 1964 1869 matrimoniis
1990 1808 2118 1870 Hellan-

1415 1901 1498 1972 diac‚
1513 1905 1620 1978 postea
1635 1900 1676 1962 ad
1691 1899 1839 1964 Silesiam
1855 1905 2029 1970 cateruam,
2042 1918 2119 1963 non·

1415 1995 1482 2056 nisi
1501 2011 1558 2072 per
1579 1994 1737 2056 decretum
1768 1993 1969 2072 pontificium
1989 1995 2120 2056 eatendi

1414 2087 1564 2166 possead
1586 2086 1669 2150 alias
1692 2087 1862 2158 dioecesem
1893 2104 1931 2150 aa
1961 2087 2120 2151 nonnulla

1415 2181 1452 2245 ab
1474 2198 1508 2244 eo
1536 2180 1752 2260 significanda
1775 2180 1919 2258 reponit,
1942 2188 1980 2242 ut
2009 2181 2120 2258 petitio

1416 2275 1515 2338 buius
1527 2272 1758 2338 declarationis
1768 2274 1938 2351 proipsius
1953 2273 2119 2338 Vicariatn

1415 2369 1552 2448 carpendi
1572 2366 1673 2446 possit
1694 2367 1750 2448 (1).

1376 2553 1492 2622 dilecto
1513 2553 1578 2621 tilio
1601 2552 1727 2637 losepho
1749 2551 1786 2623 ab
1803 2552 1939 2620 donarer
1961 2550 2121 2620 Treuir-en-

1416 2649 1460 2716 sis
1483 2647 1637 2715 dioecesis
1659 2664 1677 2713 a
1700 2653 1784 2731 parta
1810 2645 1934 2713 dextera
1957 2645 2051 2714 Rheni
2073 2645 2120 2714 lli-

1416 2743 1499 2810 oario
1522 2741 1705 2826 apostolico,

1627 2927 1713 2996 PlUS
1737 2929 1795 2996 ΡΡ.
1812 2928 1869 2996 vti.

1661 3117 1778 3186 dilecte
1800 3118 1844 3185 tili

1412 3214 1540 3282 salutern
1562 3218 1595 3280 ιι
1617 3213 1814 3296 apostolicam
1838 3214 2086 3284 benedictionem.
2096 3269 2128 3362 ρ

1418 3408 1499 3482 Quae
1520 3405 1581 3466 tnis
1603 3403 1698 3467 literis
1719 3403 1769 3466 die
1789 3420 1903 3467 xxvrn.
1929 3409 2058 3470 ianuarii
2074 3409 2123 3472 da·

1379 3501 1417 3563 tis
1429 3499 1517 3562 nobis
1531 3499 1660 3578 exponis
1673 3498 1710 3561 de
1725 3497 1928 3562 incommodis
1943 3508 2123 3578 praesertim

1378 3592 1560 3672 damnisque
1581 3590 1641 3653 illis
1655 3608 1734 3671 quae
1752 3594 1899 3658 catholica
1917 3597 1985 3658 istic
2005 3597 2124 3676 Religio

1379 3688 1494 3765 patitur
1514 3685 1554 3748 ob
1569 3701 1614 3762 ea,
1631 3702 1710 3766 quae
1723 3687 1801 3750 circa
1815 3689 2011 3754 matrimonia
2028 3694 2123 3756 mixta

1379 3781 1501 3843 decreta
1516 3787 1548 3842 et
1561 3796 1619 3842 usu
1641 3785 1761 3858 recepta
1783 3789 1867 3856 sunt,
1891 3784 2121 3863 vehementem,

1380 3883 1415 3938 ut
1435 3891 1487 3953 par
1509 3881 1586 3949 erat,
1609 3875 1712 3936 animo
1727 3880 1832 3936 nostro
1853 3877 1993 3938 dolorem
2012 3881 2124 3943 attule-

1379 3977 1464 4031 runt.
1487 3967 1601 4030 Mirum
1622 3967 1652 4030 id
1673 3967 1727 4028 tibi
1748 3979 1814 4030 esse
1835 3983 1898 4030 non
1920 3976 2029 4047 potest,
2050 3989 2123 4036 cum

1379 4061 1511 4128 minime
1525 4061 1659 4137 ignores,
1676 4065 1866 4140 quantopere
1886 4070 1985 4126 sancta
2000 4065 2054 4128 Dei
2069 4066 2125 4128 Ec·

1380 4155 1470 4219 clesia
1498 4153 1676 4217 huiusmodi
1702 4154 1856 4231 coniugia,
1885 4159 2063 4234 praesertim
2085 4161 2124 4222 ob

1380 4247 1588 4329 perversionis
1610 4247 1782 4324 periculum
1797 4247 1877 4326 quod
1900 4251 1978 4326 parti
2000 4254 2123 4316 catholi-

1380 4359 1431 4405 cae
1451 4340 1651 4419 prolibusque
1664 4340 1737 4402 inde
1753 4340 1907 4418 imminet,
1923 4359 2045 4423 semper
2059 4346 2124 4409 lue

1380 4437 1421 4498 rit
1442 4440 1589 4496 aversata.
1615 4433 1705 4496 Sedes
1727 4442 1830 4496 tamen
1847 4434 1919 4497 haec
1939 4423 2122 4516 hposfillca,

1381 4543 1512 4604 cumea
1540 4525 1690 4588 connubia
1719 4527 1869 4604 impedire
1898 4545 1965 4592 sese
1996 4533 2124 4598 minime

1381 4637 1467 4702 posse
1483 4619 1657 4697 comperiit,
1672 4620 1834 4682 tacendum
1848 4622 1906 4684 sibi
1917 4630 1969 4685 aut
1984 4625 2124 4690 dissimu-

1382 4715 1506 4778 landum
1520 4713 1761 4774 esseiudicavit:
1785 4730 2010 4796 nonnunquam
2032 4723 2123 4784 etiam

1381 4807 1529 4871 celebrari
1553 4806 1602 4867 illa
1623 4807 1734 4870 annuit
1762 4811 1944 4872 auctoritate
1964 4815 2030 4888 sui,
2053 4831 2125 4878 com

1382 4916 1493 4980 nempe
1506 4901 1538 4962 in
1553 4899 1670 4962 casibus
1685 4900 1917 4979 particularibus
1932 4919 2058 4980 gravem
2072 4907 2125 4969 all·

1382 5011 1474 5074 quarn
1495 4994 1651 5072 perspexit
1665 5010 1786 5056 causam
1800 4993 1916 5069 adesse,
1931 5013 1991 5074 qua
2006 4999 2125 5076 dispen-

1382 5090 1458 5152 satio
1475 5089 1652 5152 huiusmodi
1667 5089 1930 5164 cohonestaretur,
1947 5099 1978 5152 et
1992 5093 2125 5169 prolium

1382 5183 1653 5246 indiscriminatim
1680 5183 1823 5244 omnium
1846 5184 1999 5245 institutio
2025 5187 2126 5247 catho-

1383 5277 1449 5352 lica,
1466 5276 1551 5337 omni
1573 5292 1632 5354 qua
1653 5280 1771 5351 poterat
1787 5275 1917 5350 ratione,
1933 5277 1965 5338 in
1989 5284 2056 5340 tuto
2075 5295 2125 5356 po-

1382 5371 1438 5431 sita
1458 5378 1533 5431 erat.

1423 5461 1512 5524 Nunc
1534 5478 1607 5524 vero
1629 5477 1700 5524 cum
1733 5463 1838 5540 legum
1865 5465 2049 5544 praescripto
2080 5465 2125 5528 vis

1383 5556 1483 5618 omnis
1508 5559 1649 5635 adempta
1670 5558 1709 5619 sit
1735 5558 1928 5635 pactionibus
1952 5557 2024 5634 illis,
2047 5577 2126 5637 qnae

1383 5651 1460 5712 circa
1482 5649 1661 5712 catholicam
1688 5651 1822 5729 prolium
1849 5652 2065 5714 educationem
2087 5669 2127 5714 er

1383 5743 1476 5804 huius
1498 5741 1529 5804 S.
1549 5743 1635 5804 Sedis
1664 5744 1845 5806 auctoritate
1868 5743 1942 5805 iniri
1967 5744 2124 5821 deberent,
