4750 6980
45 2219 46 2252 t

45 2255 47 2300 l

45 2305 46 2344 l

45 2351 47 2410 Ι

904 541 974 595 PlUS
997 537 1045 594 Pl).
1070 543 1112 594 vt.
1151 541 1158 556 '

237 675 334 738 forsan
362 675 494 752 desuper
515 670 589 736 oriri
616 678 748 752 possent,
771 669 978 742 dirimantur3

237 769 304 830 hinc
335 768 526 846 praedictum
557 766 755 845 onuphrium
786 765 979 836 Caletanum,

238 871 268 923 ut
286 860 472 939 praelector,
495 861 680 924 modernum
708 859 892 936 Episcopum
914 856 980 917 Plo-

236 969 356 1015 censem
379 954 410 1015 in
434 962 631 1018 executorem
646 968 702 1031 pro
716 953 900 1014 executione
915 957 982 1010 tan-

237 1057 300 1108 tum
322 1049 502 1111 earumdem
523 1045 734 1126 praesentium
753 1044 914 1124 apostolica
929 1058 982 1104 au·

237 1140 375 1203 ctoritate
395 1141 549 1218 praedicta
570 1139 788 1202 caristituimus
810 1145 840 1198 et
856 1138 981 1215 deputa·

238 1251 314 1297 mus.
347 1233 521 1312 Eidemque
550 1233 710 1310 onuphrio
738 1233 883 1294 Caietano
912 1231 983 1308 Epi·

237 1344 323 1406 scopo
354 1327 542 1400 facultatem,
567 1336 602 1390 ut
622 1328 687 1404 ipse
714 1327 864 1390 dilectum
889 1325 982 1386 etiam

238 1421 334 1483 silium
356 1417 449 1483 suum
471 1420 503 1481 in
526 1420 736 1498 spiritualibus
757 1419 907 1482 vicarium
931 1433 982 1494 ge-

239 1513 376 1576 neralem
396 1515 462 1576 sive
484 1513 657 1588 officialem,
681 1521 733 1576 aut
754 1526 983 1591 quamcumque

239 1621 399 1686 personam
421 1608 453 1670 iu
475 1607 625 1684 dignitate
647 1615 751 1668 tomen
783 1605 983 1684 ecwsiastica

239 1699 447 1773 constitutam,
463 1716 519 1779 pro
534 1699 713 1764 huiusmodi
735 1699 926 1762 executionis
942 1697 983 1758 el·

239 1794 317 1854 lectu
339 1793 540 1870 subdelegare
561 1795 657 1856 libero
678 1801 709 1854 et
732 1794 814 1855 licite
829 1791 934 1870 possit,
950 1808 984 1851 ac

241 1895 298 1949 tam
320 1885 425 1948 eidem
455 1887 615 1964 Cnuphrio
647 1888 792 1954 Caietano
824 1886 983 1963 Episcopo,

239 1995 330 2057 quam
353 1980 466 2042 vicario
488 1989 540 2042 aut
556 1980 692 2062 olhciali,
710 1981 757 2043 vel
773 1981 912 2057 delegato
929 1982 984 2042 hu·
1012 2052 1014 2061 Ι

241 2072 380 2146 iusmodi,
404 2081 438 2133 ut
460 2072 516 2150 ipsi
543 2078 706 2135 eteorum
734 2073 864 2151 quilibet
892 2087 984 2148 super

241 2181 433 2242 quacumque
454 2168 646 2242 oppositione
663 2169 694 2228 in
710 2173 777 2228 actu
793 2166 984 2228 executionis

1034 681 1089 728 seu
1110 667 1263 744 quaelibet
1284 667 1340 732 alia
1360 671 1452 734 etiam
1467 672 1619 750 exquisita
1635 672 1731 734 torma
1746 674 1783 734 ad

1036 762 1093 823 hoc
1110 763 1259 824 servanda
1274 762 1363 838 loret,
1381 774 1504 827 tenores
1518 767 1696 828 huiusmodi
1711 783 1744 826 ac
1758 765 1783 825 si

1036 857 1074 918 de
1095 856 1190 918 verbo
1210 857 1246 918 ad
1268 859 1413 930 verbum,
1433 857 1512 920 nihil
1533 859 1657 936 penitus
1672 859 1783 920 omisso

1037 955 1067 1010 et
1088 948 1187 1010 lorma
1210 950 1241 1012 in
1270 950 1330 1011 illis
1365 951 1471 1013 tradita
1496 951 1667 1027 observata,
1690 951 1784 1013 ctiam

1039 1041 1146 1103 inserti
1167 1042 1269 1103 lorent
1291 1043 1408 1106 eisdem
1423 1044 1636 1122 praesentibus
1651 1060 1705 1122 pro
1722 1046 1784 1124 ple-

1038 1151 1077 1196 ne
1098 1141 1128 1196 et
1150 1134 1341 1198 sufficienter
1362 1138 1513 1214 expressis
1536 1147 1565 1199 et
1588 1137 1712 1200 insertis
1734 1141 1784 1200 ha·

1038 1229 1156 1301 hentes,
1177 1227 1238 1290 illis
1258 1229 1330 1290 alias
1353 1230 1385 1291 in
1409 1247 1464 1292 suo
1480 1232 1589 1292 robore
1606 1247 1785 1310 permansu-
1809 1273 1812 1280 .

1038 1323 1092 1396 ris,
1116 1323 1263 1384 latissime
1284 1330 1315 1384 et
1342 1323 1532 1402 plenissime,
1555 1341 1587 1388 ac
1613 1325 1787 1404 specialiter

1039 1423 1070 1477 et
1083 1431 1239 1494 expresse,
1254 1432 1310 1479 nec
1326 1433 1388 1478 non
1404 1427 1577 1496 opportune
1593 1427 1623 1480 et
1639 1419 1737 1482 valide
1751 1419 1785 1480 ad

1040 1510 1279 1586 praemissorum
1294 1509 1516 1594 validissimum
1529 1512 1673 1575 effectum
1686 1520 1785 1587 motu,

1039 1603 1165 1665 scientia
1186 1609 1217 1664 et
1240 1605 1395 1680 potcstatis
1416 1604 1612 1681 plenitudine
1634 1605 1787 1667 similibus

1041 1696 1150 1757 barum
1177 1697 1257 1758 serie
1287 1697 1481 1773 derogamus,
1506 1699 1696 1776 caeterisque
1717 1713 1787 1761 con·

1042 1789 1142 1850 trariis
1163 1789 1420 1867 quibuscumque.

1080 1881 1167 1954 520.
1193 1881 1279 1943 Nulli
1307 1897 1382 1958 ergo
1410 1883 1539 1945 omnino
1564 1884 1730 1946 hominum
1753 1884 1787 1945 li·
1807 1898 1945 1998 nalsiasoauo
1959 1908 2019 1954 poa-

1041 1981 1103 2035 eeat
1125 1975 1203 2037 hanc
1225 1976 1367 2052 paginam
1391 1983 1511 2038 nostroe
1542 1978 1718 2051 erectionis,
1742 1978 1788 2040 in·

1041 2067 1222 2141 stitutionis,
1245 2068 1469 2144 declarationis,
1494 2070 1787 2144 dismembrationis,

1042 2159 1211 2234 divisionis,
1223 2161 1434 2238 separationis,
1447 2162 1672 2237 disiunctione,
1685 2179 1789 2226 exem-

1705 527 1761 598 lssl
1814 535 1867 590 An.
1882 536 1912 590 0.
1934 532 2002 591 1Ἱ99

241 2257 415 2320 huiusmodi
446 2259 676 2336 quomodolibet
705 2259 834 2332 oritura,
857 2259 985 2320 servatis
1043 2253 1168 2332 ptionis,
1196 2254 1425 2330 suppositionis,
1456 2255 1666 2330 subiectionis,
1695 2256 1812 2330 licens

241 2360 343 2412 tamen
364 2368 444 2430 quae
464 2352 583 2415 fuerint
604 2354 641 2414 qq
663 2353 731 2416 iure
751 2351 911 2424 servanda,
935 2351 986 2411 da·
1043 2346 1103 2407 tiae
1114 2355 1144 2406 et
1156 2345 1318 2420 facultatis,
1332 2346 1788 2422 impartitionis,concessionis,

242 2445 359 2507 linitive
381 2446 588 2523 pronunciare
610 2445 707 2508 libere
721 2463 843 2524 quoque
859 2453 889 2508 et
904 2445 987 2507 licite
1042 2439 1268 2514 assignationis,
1291 2439 1416 2514 indulti,
1447 2442 1573 2515 decreti,
1596 2443 1791 2505 constitutio·

241 2538 362 2601 valeant
382 2555 415 2601 ac
436 2540 606 2618 respective
620 2539 730 2614 valeat,
747 2541 853 2602 eadem
869 2545 987 2616 aposto·

242 2632 293 2692 lica
309 2633 490 2694 auctoritate
505 2634 641 2709 ipsarum
656 2641 765 2694 tenore
777 2631 985 2710 praesentium
1014 2650 1016 2695 ι

241 2727 436 2788 concedimus
459 2735 490 2787 et
511 2728 719 2804 impertimur.

1045 2534 1103 2606 nie,
1121 2532 1325 2609 deputationis
1339 2541 1370 2596 et
1385 2534 1590 2610 derogationis
1605 2535 1789 2614 intringere,

1044 2626 1094 2688 vel
1116 2626 1143 2688 ei
1169 2643 1246 2688 ausu
1278 2627 1442 2688 temerario
1474 2629 1645 2704 contt·aire;
1675 2632 1791 2708 siquis
1895 2665 1897 2671 ι

1043 2728 1147 2782 autem
1170 2722 1226 2782 hoc
1256 2726 1407 2781 attentare
1439 2724 1689 2799 praesumpserit,
1713 2723 1792 2784 indi-

45 2829 46 2874 t
84 2838 226 2902 spurious·
279 2819 368 2894 §te
393 2818 461 2881 Non
479 2820 671 2882 obstantibus
693 2822 803 2882 nostris
825 2819 987 2883 etcancel·
1044 2813 1223 2890 gnationem
1246 2813 1470 2888 omnipotentis
1497 2814 1549 2875 Dei
1571 2831 1604 2876 ac
1634 2815 1791 2880 beatorum

45 2911 46 2976 t
78 2902 171 2942 variarum.
243 2913 332 2974 leriae
362 2913 530 2991 praedictae
559 2915 675 2991 regulis
697 2917 734 2978 de
756 2915 824 2976 iuro
851 2914 987 2992 quaesito
1045 2907 1126 2969 Petri
1148 2913 1178 2968 et
1199 2906 1284 2968 Pauli
1307 2907 1526 2982 Apostolorum
1542 2907 1607 2969 eius
1621 2925 1654 2970 se
1670 2912 1793 2972 noverit

243 3025 303 3072 non
327 3007 473 3084 tollendo,
496 3025 529 3070 aa
550 3007 587 3068 de
613 3007 936 3070 dismembrationibus
958 3013 988 3067 et
1015 3035 1017 3095 p

244 3103 410 3167 unionibus
436 3103 471 3164 ad
501 3108 601 3181 partes
627 3101 874 3175 committendis,
896 3116 929 3162 ac
952 3101 987 3162 de
1015 3112 1018 3173 t

244 3197 444 3277 exprimendo
459 3196 492 3257 in
507 3195 549 3257 eis
561 3212 635 3258 vero
649 3213 754 3258 annuo
764 3193 988 3256 tenendorum
1016 3182 1018 3203 '

242 3290 518 3353 ecclesiasticorum
546 3291 661 3365 valore,
692 3306 748 3352 nec
776 3305 839 3351 non
867 3289 991 3352 Latera-

244 3385 347 3447 nensis
358 3383 488 3448 Concilii
504 3385 634 3446 uniones
649 3391 680 3445 et
694 3385 910 3463 applicationes
922 3399 990 3462 per·

244 3484 348 3556 petuas
370 3477 497 3540 nonnisi
517 3477 549 3540 in
571 3478 689 3540 casibus
710 3496 726 3538 a
748 3479 816 3540 iure
833 3477 989 3555 permissis

244 3571 322 3644 lieri,
345 3579 376 3632 et
398 3569 435 3632 ab
456 3569 590 3632 ecclesiis
611 3572 750 3632 membra
779 3571 930 3647 distingui
958 3588 989 3632 ac

244 3664 338 3727 dividi
359 3663 561 3742 prohibentis,
584 3681 617 3725 ac
639 3665 798 3742 quibusvis
816 3664 883 3726 aliis
898 3666 989 3727 etiam

246 3757 277 3819 in
291 3756 501 3835 synodalibus,
518 3757 768 3835 provincialibus,
781 3758 990 3834 generalibus,

247 3850 532 3929 univer-salibusque
552 3849 689 3912 conciliis
711 3849 799 3913 editis
827 3850 877 3913 vel
899 3850 990 3913 eden·

247 3944 289 4006 dis
309 3942 491 4022 specialibus
512 3942 558 4004 vel
583 3943 778 4019 generalibus
800 3943 993 4006 constitutio-

247 4035 336 4097 nibus
364 4042 395 4097 et
423 4035 667 4098 ordinationibus
694 4036 877 4114 apostolicis,
899 4036 991 4098 dicta-

248 4145 379 4207 rumque
410 4128 619 4203 ecclesiarum,
642 4145 720 4206 quae
747 4130 991 4192 dismembratio·

248 4237 319 4284 nem
340 4220 518 4282 huiusmodi
539 4220 713 4299 patiuntur,
729 4222 822 4283 etiam
836 4221 991 4285 iuramen-

1045 3001 1255 3062 incursurum.

1085 3094 1195 3157 Datum
1206 3108 1301 3170 prope
1313 3093 1503 3156 Florentiam
1515 3095 1547 3157 in
1562 3097 1710 3158 coenobio
1723 3098 1793 3160 Car-

1046 3188 1264 3250 thusianorum
1285 3203 1366 3248 anno
1384 3188 1606 3250 incarnationis
1620 3190 1796 3252 dominicae

1045 3280 1209 3342 millesimo
1230 3281 1508 3357 septingentesimo
1525 3282 1725 3358 nonagesimo
1741 3299 1794 3345 no·

1046 3389 1098 3447 no,
1122 3372 1220 3452 pridie
1242 3389 1339 3434 nonas
1355 3373 1467 3448 martii,
1483 3374 1679 3451 pontificatus
1695 3377 1793 3438 nostri

1045 3482 1126 3528 anno
1148 3466 1297 3544 vigesimo
1318 3467 1437 3544 quinto.

1354 3750 1489 3814 cxxxx.

1049 3937 1201 4001 ructatas
1225 3937 1466 4015 Archiepiscopo
1488 3937 1622 4002 Liaaaoo
1651 3943 1797 4005 alcaaodt'

1088 4032 1193 4093 ritum
1215 4031 1307 4109 officit
1330 4031 1542 4093 exaltationis
1560 4031 1697 4096 Sanctae
1714 4037 1796 4098 Cra-

1089 4128 1133 4187 ais
1155 4125 1196 4187 ad
1219 4123 1306 4201 aopi.
1327 4125 1483 4188 secandae
1498 4125 1545 4187 cal
1560 4128 1658 4189 etiam
1672 4130 1797 4206 primae

1089 4218 1201 4280 classis
1221 4217 1290 4278 siae
1312 4224 1435 4280 octaua.

248 4323 289 4388 to,
311 4313 550 4376 confirmatione
568 4313 739 4392 apostolica,
756 4315 806 4377 vel
821 4315 992 4394 quavislir-
1049 4331 1054 4340 ·

249 4410 354 4471 mitate
375 4409 432 4470 alia
453 4407 601 4469 roboratis
614 4409 736 4470 statutis
752 4415 782 4470 et
796 4411 993 4474 consuetudi-

250 4504 355 4578 nibus3
372 4500 541 4579 privilegiis
556 4517 691 4579 quoque,
708 4502 836 4564 indultis
851 4509 882 4564 et
897 4503 994 4564 literis

250 4595 418 4674 apostolicis
438 4594 597 4673 quibusvis
615 4595 826 4672 superioribus
843 4605 874 4658 et
892 4612 993 4674 perso·

251 4691 296 4752 nis
316 4689 375 4751 sub
393 4687 639 4766 quibuscumque
654 4687 814 4750 tenoribus
829 4695 859 4749 et
873 4688 992 4765 lormis,

251 4801 282 4846 ac
311 4798 383 4860 cum
414 4779 574 4859 quibusvis
604 4781 698 4843 ctiam
728 4782 993 4859 derogatoriarum

252 4876 460 4952 derogatoriis,
472 4873 600 4951 aliisque
612 4875 841 4950 efficacioribus,
853 4875 996 4938 efficacis

252 4971 335 5034 simis
356 4977 387 5031 et
410 4967 542 5030 insolitis
570 4967 726 5042 clausulis,
748 4985 781 5031 ac
803 4968 995 5031 irritantibus

254 5073 282 5126 et
302 5064 368 5125 aliis
388 5062 517 5126 decretis
538 5063 571 5123 in
593 5077 708 5137 genere
724 5061 774 5123 vel
787 5063 820 5124 in
835 5063 946 5141 specie,
962 5079 995 5126 ao

254 5158 318 5220 aliis
339 5157 370 5220 in
392 5155 581 5218 contrarium
607 5156 848 5232 praemissorum
869 5171 996 5235 quomo·

255 5251 367 5315 delibet
394 5250 488 5312 etiam
517 5258 616 5324 motu,
637 5249 766 5311 scientia
787 5257 818 5310 et
838 5251 996 5326 potestatis

255 5341 447 5421 plenitudine
468 5339 590 5420 paribus
611 5340 761 5402 concessis
782 5347 813 5401 et
829 5340 998 5402 conceden-

257 5436 314 5513 dis;
341 5433 454 5513 quibus
483 5433 627 5495 omnibus
657 5441 687 5496 et
708 5434 851 5511 singulis,
877 5436 996 5498 etiamsi

258 5543 307 5605 pro
327 5527 456 5590 illorum
476 5525 641 5588 sufficienti
660 5528 860 5602 derogatione
873 5527 945 5589 alias
960 5530 998 5591 de

258 5621 314 5683 illis
343 5636 515 5700 eorumque
549 5621 621 5683 totis
654 5623 813 5684 tenoribus
840 5623 996 5700 specialis,

259 5715 405 5792 specifica,
421 5729 561 5791 expressa
582 5721 613 5776 et
629 5713 799 5790 individua,
815 5731 878 5777 uon
893 5724 997 5778 autern

261 5821 310 5883 per
329 5805 480 5869 clausulas
500 5808 660 5885 generales
681 5808 763 5872 idam
785 5809 997 5886 importantes,

262 5901 373 5964 mentio
394 5909 446 5964 aut
467 5901 593 5982 quaevis
607 5901 664 5964 alia
679 5901 834 5980 expressio
849 5903 998 5980 habenda,

1071 4401 1240 4472 Venerabili
1268 4405 1357 4472 tratri
1379 4406 1616 4490 archiepiscopo
1644 4406 1776 4488 Limane,

1302 4591 1396 4692 etus¹
1413 4591 1472 4659 er.
1499 4593 1544 4660 vt.

1265 4778 1454 4849 Venerabilis
1477 4783 1586 4863 irater,

1085 4874 1212 4942 salutem
1235 4880 1267 4942 et
1288 4875 1484 4959 apostolicam
1513 4875 1762 4946 benedictionem.

1092 5069 1111 5142 g
1134 5067 1160 5127 l.
1181 5066 1299 5142 Exponi
1316 5067 1403 5128 nobis
1419 5083 1520 5148 nuper
1535 5067 1606 5130 lecit
1620 5068 1750 5131 dilectus
1765 5067 1800 5128 tt-
1832 5079 1960 5136 mpostuo
1975 5089 2029 5138 pra-

1053 5159 1111 5222 lius
1124 5159 1317 5236 Augustinus
1329 5159 1468 5239 llasquez
1480 5161 1517 5222 de
1528 5161 1631 5224 Noboa
1642 5177 1661 5240 y
1672 5159 1700 5222 la
1712 5159 1799 5222 Plaza
1817 5142 1882 5180 Μ·

1053 5252 1243 5328 llaldanado,
1274 5253 1432 5329 Limanus,
1463 5255 1545 5333 quod
1575 5255 1650 5331 ipse,
1680 5269 1736 5332 pro
1763 5270 1799 5315 eo

1053 5364 1115 5426 quo
1136 5362 1206 5410 curu
1227 5346 1290 5409 suis
1304 5347 1482 5410 concivibus
1497 5347 1529 5409 in
1546 5346 1660 5410 Christi
1676 5347 1801 5410 Domini

1054 5441 1226 5519 passionem
1247 5437 1379 5500 allicitur
1393 5440 1567 5502 devotionis
1583 5439 1706 5516 allecto,
1721 5440 1802 5502 eius-

1054 5535 1125 5596 dem
1153 5532 1274 5595 cultum
1295 5541 1326 5594 et
1346 5533 1582 5594 venerationem
1604 5533 1636 5593 in
1664 5532 1728 5594 dies
1749 5551 1802 5595 au·

1054 5626 1121 5703 geri
1140 5640 1338 5704 summopere
1352 5623 1514 5688 desiderat.
1531 5623 1624 5686 Nobis
1639 5635 1802 5704 propterea

1053 5717 1400 5795 humilitersupplicari
1422 5717 1505 5793 lecit,
1528 5727 1563 5780 ut
1580 5718 1614 5780 in
1628 5720 1802 5796 praemissis

1054 5821 1227 5891 opportune
1249 5813 1423 5892 providere,
1440 5820 1471 5875 et
1493 5823 1528 5877 ut
1546 5815 1625 5878 inira
1639 5815 1802 5892 indulgere

1055 5906 1093 5968 de
1113 5906 1305 5984 benignitate
1325 5907 1490 5987 apostolica
1508 5909 1720 5988 dignaremur.
