<?xml version="1.0" encoding="UTF-8"?>
<!DOCTYPE html PUBLIC "-//W3C//DTD XHTML 1.0 Transitional//EN"
    "http://www.w3.org/TR/xhtml1/DTD/xhtml1-transitional.dtd">
<html xmlns="http://www.w3.org/1999/xhtml" xml:lang="en" lang="en">
 <head>
  <title>
</title>
<meta http-equiv="Content-Type" content="text/html;charset=utf-8" />
  <meta name='ocr-system' content='tesseract 3.04.00' />
  <meta name='ocr-capabilities' content='ocr_page ocr_carea ocr_par ocr_line ocrx_word'/>
</head>
<body>
  <div class='ocr_page' id='page_1' title='image "./iurispontificii00martgoog_0422.png"; bbox 0 0 4750 6980; ppageno 0'>
   <div class='ocr_carea' id='block_1_1' title="bbox 904 574 1112 633">
    <p class='ocr_par' dir='ltr' id='par_1_1' title="bbox 904 574 1112 633">
     <span class='ocr_line' id='line_1_1' title="bbox 904 574 1112 633; baseline -0.024 0"><span class='ocrx_word' id='word_1_1' title='bbox 904 574 975 633; x_wconf 79' lang='lat' dir='ltr'><strong><em>itus</em></strong></span> <span class='ocrx_word' id='word_1_2' title='bbox 997 574 1046 633; x_wconf 82' lang='grc'><strong>44.</strong></span> <span class='ocrx_word' id='word_1_3' title='bbox 1071 575 1112 632; x_wconf 85' lang='lat' dir='ltr'><strong>tt.</strong></span> 
     </span>
    </p>
   </div>
   <div class='ocr_carea' id='block_1_2' title="bbox 241 705 981 885">
    <p class='ocr_par' dir='ltr' id='par_1_2' title="bbox 241 705 981 885">
     <span class='ocr_line' id='line_1_2' title="bbox 241 705 981 790; baseline -0.009 -17"><span class='ocrx_word' id='word_1_4' title='bbox 241 715 378 790; x_wconf 86' lang='lat' dir='ltr'><strong><em>spectare</em></strong></span> <span class='ocrx_word' id='word_1_5' title='bbox 400 705 585 774; x_wconf 82' lang='lat' dir='ltr'><strong><em>contractui</em></strong></span> <span class='ocrx_word' id='word_1_6' title='bbox 606 706 806 774; x_wconf 73' lang='lat' dir='ltr'><strong><em>matrimonii</em></strong></span> <span class='ocrx_word' id='word_1_7' title='bbox 827 722 981 786; x_wconf 87' lang='grc'><strong>44444444</strong></span> 
     </span>
     <span class='ocr_line' id='line_1_3' title="bbox 241 803 979 885; baseline -0.012 -15"><span class='ocrx_word' id='word_1_8' title='bbox 241 807 462 885; x_wconf 87' lang='lat' dir='ltr'><strong><em>impedimenta</em></strong></span> <span class='ocrx_word' id='word_1_9' title='bbox 494 807 563 868; x_wconf 89' lang='lat' dir='ltr'><strong><em>eins</em></strong></span> <span class='ocrx_word' id='word_1_10' title='bbox 594 803 735 884; x_wconf 84' lang='grc'><strong>4444444,</strong></span> <span class='ocrx_word' id='word_1_11' title='bbox 764 819 843 881; x_wconf 85' lang='lat' dir='ltr'><strong><em>qnae</em></strong></span> <span class='ocrx_word' id='word_1_12' title='bbox 874 803 979 880; x_wconf 86' lang='grc'><strong>444444</strong></span> 
     </span>
    </p>
   </div>
   <div class='ocr_carea' id='block_1_3' title="bbox 1262 547 1761 768">
    <p class='ocr_par' dir='ltr' id='par_1_3' title="bbox 1262 547 1761 768">
     <span class='ocr_line' id='line_1_4' title="bbox 1703 547 1761 625; baseline -0.034 0"><span class='ocrx_word' id='word_1_13' title='bbox 1703 547 1761 625; x_wconf 78' lang='lat' dir='ltr'><strong><em>lud</em></strong></span> 
     </span>
     <span class='ocr_line' id='line_1_5' title="bbox 1262 660 1446 768; baseline -0.011 -3"><span class='ocrx_word' id='word_1_14' title='bbox 1262 660 1268 673; x_wconf 78' lang='grc'>’</span> <span class='ocrx_word' id='word_1_15' title='bbox 1370 697 1446 768; x_wconf 80' lang='lat' dir='ltr'><strong>uxr.</strong></span> 
     </span>
    </p>
   </div>
   <div class='ocr_carea' id='block_1_4' title="bbox 1812 547 2002 618">
    <p class='ocr_par' dir='ltr' id='par_1_4' title="bbox 1812 547 2002 618">
     <span class='ocr_line' id='line_1_6' title="bbox 1812 547 2002 618; baseline 0.026 -5"><span class='ocrx_word' id='word_1_16' title='bbox 1812 551 1866 614; x_wconf 79' lang='lat' dir='ltr'><strong><em>ln.</em></strong></span> <span class='ocrx_word' id='word_1_17' title='bbox 1881 561 1911 617; x_wconf 91' lang='lat' dir='ltr'><strong><em>o.</em></strong></span> <span class='ocrx_word' id='word_1_18' title='bbox 1933 547 2002 618; x_wconf 84' lang='lat' dir='ltr'><strong>mol</strong></span> 
     </span>
    </p>
   </div>
   <div class='ocr_carea' id='block_1_5' title="bbox 241 890 2013 976">
    <p class='ocr_par' dir='ltr' id='par_1_5' title="bbox 241 890 2013 976">
     <span class='ocr_line' id='line_1_7' title="bbox 241 890 2013 976; baseline -0.011 -13"><span class='ocrx_word' id='word_1_19' title='bbox 241 902 363 964; x_wconf 85' lang='lat' dir='ltr'><strong><em>nnllam</em></strong></span> <span class='ocrx_word' id='word_1_20' title='bbox 378 901 533 973; x_wconf 88' lang='grc'><strong>4444444</strong></span> <span class='ocrx_word' id='word_1_21' title='bbox 547 899 764 976; x_wconf 80' lang='grc'><strong>4444444444</strong></span> <span class='ocrx_word' id='word_1_22' title='bbox 776 896 978 967; x_wconf 88' lang='grc'><strong>4444444444</strong></span> <span class='ocrx_word' id='word_1_23' title='bbox 1075 895 1163 969; x_wconf 72' lang='lat' dir='ltr'><strong>§lt</strong></span> <span class='ocrx_word' id='word_1_24' title='bbox 1188 893 1367 970; x_wconf 87' lang='lat' dir='ltr'><strong><em>Propositio,</em></strong></span> <span class='ocrx_word' id='word_1_25' title='bbox 1397 909 1475 972; x_wconf 85' lang='lat' dir='ltr'><strong><em>qnae</em></strong></span> <span class='ocrx_word' id='word_1_26' title='bbox 1502 893 1620 964; x_wconf 86' lang='lat' dir='ltr'><strong><em>asserit,</em></strong></span> <span class='ocrx_word' id='word_1_27' title='bbox 1644 890 1781 952; x_wconf 90' lang='lat' dir='ltr'><strong><em>adorare</em></strong></span> <span class='ocrx_word' id='word_1_28' title='bbox 1827 910 2013 958; x_wconf 53' lang='lat' dir='ltr'><strong><em>alagonem.</em></strong></span> 
     </span>
    </p>
   </div>
   <div class='ocr_carea' id='block_1_6' title="bbox 1800 965 2013 1022">
    <p class='ocr_par' dir='ltr' id='par_1_6' title="bbox 1800 965 2013 1022">
     <span class='ocr_line' id='line_1_8' title="bbox 1800 965 2013 1022; baseline 0.005 -13"><span class='ocrx_word' id='word_1_29' title='bbox 1800 965 1859 1022; x_wconf 81' lang='lat' dir='ltr'><strong><em>ciis,</em></strong></span> <span class='ocrx_word' id='word_1_30' title='bbox 1887 965 2013 1010; x_wconf 80' lang='grc'><strong>44444444-</strong></span> 
     </span>
    </p>
   </div>
   <div class='ocr_carea' id='block_1_7' title="bbox 241 984 2014 1075">
    <p class='ocr_par' dir='ltr' id='par_1_7' title="bbox 241 984 2014 1075">
     <span class='ocr_line' id='line_1_9' title="bbox 241 984 2014 1075; baseline -0.009 -17"><span class='ocrx_word' id='word_1_31' title='bbox 241 997 317 1075; x_wconf 82' lang='lat' dir='ltr'><strong><em>quud</em></strong></span> <span class='ocrx_word' id='word_1_32' title='bbox 346 995 399 1058; x_wconf 89' lang='grc'><strong>444</strong></span> <span class='ocrx_word' id='word_1_33' title='bbox 432 995 649 1075; x_wconf 81' lang='grc'><strong>4444444444</strong></span> <span class='ocrx_word' id='word_1_34' title='bbox 680 999 836 1072; x_wconf 88' lang='lat' dir='ltr'><strong><em>praeterea</em></strong></span> <span class='ocrx_word' id='word_1_35' title='bbox 866 989 980 1052; x_wconf 90' lang='lat' dir='ltr'><strong><em>dicitur</em></strong></span> <span class='ocrx_word' id='word_1_36' title='bbox 1037 987 1156 1049; x_wconf 81' lang='lat' dir='ltr'><em>directe</em></span> <span class='ocrx_word' id='word_1_37' title='bbox 1177 986 1414 1049; x_wconf 76' lang='lat' dir='ltr'><em>humanitatem</em></span> <span class='ocrx_word' id='word_1_38' title='bbox 1438 984 1574 1056; x_wconf 87' lang='lat' dir='ltr'><strong><em>Christi,</em></strong></span> <span class='ocrx_word' id='word_1_39' title='bbox 1591 983 1781 1064; x_wconf 82' lang='grc'><strong>44444444</strong></span> <span class='ocrx_word' id='word_1_40' title='bbox 1801 999 1926 1074; x_wconf 77' lang='lat' dir='ltr'><strong><em>tionibus</em></strong></span> <span class='ocrx_word' id='word_1_41' title='bbox 1939 1019 2014 1065; x_wconf 60' lang='lat' dir='ltr'><strong>ms„</strong></span> 
     </span>
    </p>
   </div>
   <div class='ocr_carea' id='block_1_8' title="bbox 240 1085 981 2196">
    <p class='ocr_par' dir='ltr' id='par_1_8' title="bbox 241 1085 980 1540">
     <span class='ocr_line' id='line_1_10' title="bbox 241 1085 980 1166; baseline -0.015 -14"><span class='ocrx_word' id='word_1_42' title='bbox 241 1104 307 1152; x_wconf 91' lang='lat' dir='ltr'><strong>oum</strong></span> <span class='ocrx_word' id='word_1_43' title='bbox 330 1089 402 1150; x_wconf 88' lang='grc'><strong>44444</strong></span> <span class='ocrx_word' id='word_1_44' title='bbox 418 1088 622 1166; x_wconf 89' lang='lat' dir='ltr'><strong><em>dispensandi</em></strong></span> <span class='ocrx_word' id='word_1_45' title='bbox 638 1085 854 1150; x_wconf 88' lang='lat' dir='ltr'><strong><em>essentialiter</em></strong></span> <span class='ocrx_word' id='word_1_46' title='bbox 869 1098 980 1142; x_wconf 89' lang='grc'><strong>44444-</strong></span> 
     </span>
     <span class='ocr_line' id='line_1_11' title="bbox 242 1177 980 1258; baseline -0.005 -16"><span class='ocrx_word' id='word_1_47' title='bbox 242 1181 742 1258; x_wconf 80' lang='lat' dir='ltr'><strong><em>mom‚subiungens,snpposito</em></strong></span> <span class='ocrx_word' id='word_1_48' title='bbox 768 1177 980 1245; x_wconf 65' lang='lat' dir='ltr'><strong><em>assenserat</em></strong></span> 
     </span>
     <span class='ocr_line' id='line_1_12' title="bbox 242 1269 980 1352; baseline -0.009 -16"><span class='ocrx_word' id='word_1_49' title='bbox 242 1274 443 1336; x_wconf 75' lang='lat' dir='ltr'><strong><em>conniventia</em></strong></span> <span class='ocrx_word' id='word_1_50' title='bbox 456 1274 642 1352; x_wconf 89' lang='grc'><strong>4444444444</strong></span> <span class='ocrx_word' id='word_1_51' title='bbox 653 1273 794 1352; x_wconf 89' lang='grc'><strong>44444444</strong></span> <span class='ocrx_word' id='word_1_52' title='bbox 806 1269 980 1334; x_wconf 74' lang='lat' dir='ltr'><strong><em>Ecclesiam</em></strong></span> 
     </span>
     <span class='ocr_line' id='line_1_13' title="bbox 242 1363 980 1445; baseline -0.005 -15"><span class='ocrx_word' id='word_1_53' title='bbox 242 1371 322 1430; x_wconf 90' lang='grc'><strong>44444</strong></span> <span class='ocrx_word' id='word_1_54' title='bbox 336 1369 534 1430; x_wconf 80' lang='lat' dir='ltr'><strong><em>constitutore</em></strong></span> <span class='ocrx_word' id='word_1_55' title='bbox 549 1367 774 1445; x_wconf 85' lang='lat' dir='ltr'><strong><em>impedimento</em></strong></span> <span class='ocrx_word' id='word_1_56' title='bbox 789 1363 980 1428; x_wconf 89' lang='grc'><strong>44444444444</strong></span> 
     </span>
     <span class='ocr_line' id='line_1_14' title="bbox 243 1460 817 1540; baseline -0.009 -16"><span class='ocrx_word' id='word_1_57' title='bbox 243 1463 343 1540; x_wconf 87' lang='grc'><strong>44444</strong></span> <span class='ocrx_word' id='word_1_58' title='bbox 366 1467 572 1524; x_wconf 88' lang='grc'><strong>4444444444</strong></span> <span class='ocrx_word' id='word_1_59' title='bbox 594 1460 797 1524; x_wconf 88' lang='grc'><strong>4444444444</strong></span> <span class='ocrx_word' id='word_1_60' title='bbox 804 1482 817 1531; x_wconf 83' lang='lat'><strong>,-</strong></span> 
     </span>
    </p>

    <p class='ocr_par' dir='ltr' id='par_1_9' title="bbox 240 1553 981 2196">
     <span class='ocr_line' id='line_1_15' title="bbox 278 1553 980 1632; baseline -0.007 -14"><span class='ocrx_word' id='word_1_61' title='bbox 278 1556 364 1632; x_wconf 84' lang='lat' dir='ltr'><strong><em>Quasi</em></strong></span> <span class='ocrx_word' id='word_1_62' title='bbox 387 1555 518 1618; x_wconf 81' lang='lat' dir='ltr'><strong><em>Ecclesia</em></strong></span> <span class='ocrx_word' id='word_1_63' title='bbox 542 1570 604 1617; x_wconf 94' lang='lat' dir='ltr'><strong>non</strong></span> <span class='ocrx_word' id='word_1_64' title='bbox 630 1569 752 1632; x_wconf 82' lang='lat' dir='ltr'><strong><em>semper</em></strong></span> <span class='ocrx_word' id='word_1_65' title='bbox 780 1553 980 1632; x_wconf 75' lang='lat' dir='ltr'><strong><em>potueritne</em></strong></span> 
     </span>
     <span class='ocr_line' id='line_1_16' title="bbox 241 1647 981 1730; baseline -0.001 -19"><span class='ocrx_word' id='word_1_66' title='bbox 241 1650 341 1730; x_wconf 77' lang='lat' dir='ltr'><strong>possit,</strong></span> <span class='ocrx_word' id='word_1_67' title='bbox 365 1650 395 1712; x_wconf 92' lang='lat' dir='ltr'><strong>in</strong></span> <span class='ocrx_word' id='word_1_68' title='bbox 419 1648 659 1712; x_wconf 88' lang='lat' dir='ltr'><strong><em>christianorum</em></strong></span> <span class='ocrx_word' id='word_1_69' title='bbox 680 1647 885 1710; x_wconf 79' lang='lat' dir='ltr'><strong><em>matrimoniis</em></strong></span> <span class='ocrx_word' id='word_1_70' title='bbox 913 1648 981 1710; x_wconf 89' lang='lat' dir='ltr'><strong><em>iure</em></strong></span> 
     </span>
     <span class='ocr_line' id='line_1_17' title="bbox 240 1741 980 1823; baseline -0.008 -17"><span class='ocrx_word' id='word_1_71' title='bbox 240 1744 359 1823; x_wconf 91' lang='lat' dir='ltr'><strong><em>proprio</em></strong></span> <span class='ocrx_word' id='word_1_72' title='bbox 373 1742 594 1820; x_wconf 89' lang='lat' dir='ltr'><strong><em>impedimenta</em></strong></span> <span class='ocrx_word' id='word_1_73' title='bbox 608 1741 809 1815; x_wconf 88' lang='lat' dir='ltr'><strong><em>constituere,</em></strong></span> <span class='ocrx_word' id='word_1_74' title='bbox 826 1756 904 1819; x_wconf 83' lang='lat' dir='ltr'><strong><em>quae</em></strong></span> <span class='ocrx_word' id='word_1_75' title='bbox 919 1757 980 1802; x_wconf 89' lang='lat' dir='ltr'><strong>ma·</strong></span> 
     </span>
     <span class='ocr_line' id='line_1_18' title="bbox 241 1834 980 1914; baseline -0.003 -16"><span class='ocrx_word' id='word_1_76' title='bbox 241 1836 423 1900; x_wconf 90' lang='lat' dir='ltr'><strong><em>trimonium</em></strong></span> <span class='ocrx_word' id='word_1_77' title='bbox 452 1851 515 1897; x_wconf 91' lang='lat' dir='ltr'><strong>non</strong></span> <span class='ocrx_word' id='word_1_78' title='bbox 543 1834 644 1897; x_wconf 92' lang='lat' dir='ltr'><strong><em>sulum</em></strong></span> <span class='ocrx_word' id='word_1_79' title='bbox 673 1834 853 1914; x_wconf 88' lang='lat' dir='ltr'><strong><em>impediant,</em></strong></span> <span class='ocrx_word' id='word_1_80' title='bbox 876 1835 928 1897; x_wconf 89' lang='lat' dir='ltr'><strong>sed</strong></span> <span class='ocrx_word' id='word_1_81' title='bbox 951 1843 980 1897; x_wconf 90' lang='lat' dir='ltr'><strong>et</strong></span> 
     </span>
     <span class='ocr_line' id='line_1_19' title="bbox 241 1929 981 2010; baseline -0.008 -13"><span class='ocrx_word' id='word_1_82' title='bbox 241 1933 362 1997; x_wconf 92' lang='lat' dir='ltr'><strong><em>nullum</em></strong></span> <span class='ocrx_word' id='word_1_83' title='bbox 384 1929 513 1994; x_wconf 79' lang='lat' dir='ltr'><strong>reddant</strong></span> <span class='ocrx_word' id='word_1_84' title='bbox 541 1931 639 2010; x_wconf 88' lang='lat' dir='ltr'><strong><em>quoad</em></strong></span> <span class='ocrx_word' id='word_1_85' title='bbox 665 1929 840 2005; x_wconf 88' lang='lat' dir='ltr'><strong><em>vinculum,</em></strong></span> <span class='ocrx_word' id='word_1_86' title='bbox 869 1929 981 2010; x_wconf 83' lang='lat' dir='ltr'><strong><em>quibus</em></strong></span> 
     </span>
     <span class='ocr_line' id='line_1_20' title="bbox 240 2023 980 2091; baseline -0.008 -1"><span class='ocrx_word' id='word_1_87' title='bbox 240 2026 395 2091; x_wconf 90' lang='lat' dir='ltr'><strong><em>christiani</em></strong></span> <span class='ocrx_word' id='word_1_88' title='bbox 417 2024 555 2087; x_wconf 82' lang='lat' dir='ltr'><strong><em>obstricti</em></strong></span> <span class='ocrx_word' id='word_1_89' title='bbox 576 2029 743 2086; x_wconf 89' lang='lat' dir='ltr'><strong><em>teneantur</em></strong></span> <span class='ocrx_word' id='word_1_90' title='bbox 764 2025 857 2086; x_wconf 89' lang='lat' dir='ltr'><strong><em>etiam</em></strong></span> <span class='ocrx_word' id='word_1_91' title='bbox 873 2023 904 2084; x_wconf 95' lang='lat' dir='ltr'><strong>in</strong></span> <span class='ocrx_word' id='word_1_92' title='bbox 921 2030 980 2084; x_wconf 92' lang='lat' dir='ltr'><strong><em>ter·</em></strong></span> 
     </span>
     <span class='ocr_line' id='line_1_21' title="bbox 240 2117 951 2196; baseline -0.006 -12"><span class='ocrx_word' id='word_1_93' title='bbox 240 2123 280 2184; x_wconf 92' lang='lat' dir='ltr'><strong>ris</strong></span> <span class='ocrx_word' id='word_1_94' title='bbox 302 2119 486 2194; x_wconf 80' lang='lat' dir='ltr'><strong><em>infidelium,</em></strong></span> <span class='ocrx_word' id='word_1_95' title='bbox 509 2119 541 2180; x_wconf 92' lang='lat' dir='ltr'><strong>iu</strong></span> <span class='ocrx_word' id='word_1_96' title='bbox 564 2117 742 2196; x_wconf 81' lang='lat' dir='ltr'><strong><em>eisdemque</em></strong></span> <span class='ocrx_word' id='word_1_97' title='bbox 764 2117 951 2196; x_wconf 90' lang='lat' dir='ltr'><strong><em>dispensare,</em></strong></span> 
     </span>
    </p>
   </div>
   <div class='ocr_carea' id='block_1_9' title="bbox 242 2302 977 2470">
    <p class='ocr_par' dir='ltr' id='par_1_10' title="bbox 242 2302 977 2470">
     <span class='ocr_line' id='line_1_22' title="bbox 242 2302 977 2378; baseline -0.012 -5"><span class='ocrx_word' id='word_1_98' title='bbox 242 2308 405 2372; x_wconf 86' lang='lat' dir='ltr'><strong><em>Camenam</em></strong></span> <span class='ocrx_word' id='word_1_99' title='bbox 417 2310 449 2376; x_wconf 90' lang='grc'><strong>3,</strong></span> <span class='ocrx_word' id='word_1_100' title='bbox 459 2305 494 2377; x_wconf 87' lang='lat'><strong>4,</strong></span> <span class='ocrx_word' id='word_1_101' title='bbox 503 2307 534 2378; x_wconf 89' lang='lat'><strong>9,</strong></span> <span class='ocrx_word' id='word_1_102' title='bbox 544 2305 682 2377; x_wconf 65' lang='lat' dir='ltr'><strong><em>lesen.</em></strong></span> <span class='ocrx_word' id='word_1_103' title='bbox 696 2305 742 2366; x_wconf 82' lang='lat'><strong>24</strong></span> <span class='ocrx_word' id='word_1_104' title='bbox 759 2302 878 2366; x_wconf 91' lang='lat' dir='ltr'><strong><em>Concil.</em></strong></span> <span class='ocrx_word' id='word_1_105' title='bbox 893 2303 977 2366; x_wconf 86' lang='lat' dir='ltr'><strong><em>Trid.</em></strong></span> 
     </span>
     <span class='ocr_line' id='line_1_23' title="bbox 433 2398 781 2470; baseline -0.006 -9"><span class='ocrx_word' id='word_1_106' title='bbox 433 2401 585 2470; x_wconf 87' lang='grc'><strong>44444444,</strong></span> <span class='ocrx_word' id='word_1_107' title='bbox 608 2398 781 2462; x_wconf 76' lang='lat' dir='ltr'><strong><em>diaeretica.</em></strong></span> 
     </span>
    </p>
   </div>
   <div class='ocr_carea' id='block_1_10' title="bbox 556 2555 666 2569">
    <p class='ocr_par' dir='ltr' id='par_1_11' title="bbox 556 2555 666 2569">
     <span class='ocr_line' id='line_1_24' title="bbox 556 2555 666 2569; baseline 0.009 -6"><span class='ocrx_word' id='word_1_108' title='bbox 556 2555 666 2569; x_wconf 69' lang='lat' dir='ltr'><strong>·--—-.v</strong></span> 
     </span>
    </p>
   </div>
   <div class='ocr_carea' id='block_1_11' title="bbox 279 2678 977 2756">
    <p class='ocr_par' dir='ltr' id='par_1_12' title="bbox 279 2678 977 2756">
     <span class='ocr_line' id='line_1_25' title="bbox 279 2678 977 2756; baseline -0.011 -10"><span class='ocrx_word' id='word_1_109' title='bbox 279 2682 340 2746; x_wconf 77' lang='grc'><strong>444.</strong></span> <span class='ocrx_word' id='word_1_110' title='bbox 366 2680 448 2744; x_wconf 88' lang='lat' dir='ltr'><strong><em>libel.</em></strong></span> <span class='ocrx_word' id='word_1_111' title='bbox 473 2696 600 2742; x_wconf 90' lang='lat' dir='ltr'><strong><em>memor.</em></strong></span> <span class='ocrx_word' id='word_1_112' title='bbox 619 2679 706 2742; x_wconf 89' lang='grc'><strong>44444</strong></span> <span class='ocrx_word' id='word_1_113' title='bbox 728 2678 866 2756; x_wconf 82' lang='lat' dir='ltr'><strong><em>spumat.</em></strong></span> <span class='ocrx_word' id='word_1_114' title='bbox 887 2679 977 2753; x_wconf 71' lang='lat'><strong><em>510.</em></strong></span> 
     </span>
    </p>
   </div>
   <div class='ocr_carea' id='block_1_12' title="bbox 573 2869 638 2932">
    <p class='ocr_par' dir='ltr' id='par_1_13' title="bbox 573 2869 638 2932">
     <span class='ocr_line' id='line_1_26' title="bbox 573 2869 638 2932; baseline -0.046 -1"><span class='ocrx_word' id='word_1_115' title='bbox 573 2869 638 2932; x_wconf 84' lang='lat' dir='ltr'><strong>lx.</strong></span> 
     </span>
    </p>
   </div>
   <div class='ocr_carea' id='block_1_13' title="bbox 237 3053 980 4162">
    <p class='ocr_par' dir='ltr' id='par_1_14' title="bbox 237 3053 980 4162">
     <span class='ocr_line' id='line_1_27' title="bbox 275 3053 980 3135; baseline -0.011 -13"><span class='ocrx_word' id='word_1_116' title='bbox 275 3060 353 3122; x_wconf 87' lang='lat' dir='ltr'><strong><em>Item</em></strong></span> <span class='ocrx_word' id='word_1_117' title='bbox 375 3058 491 3135; x_wconf 82' lang='lat' dir='ltr'><strong><em>rogatio</em></strong></span> <span class='ocrx_word' id='word_1_118' title='bbox 512 3055 622 3135; x_wconf 82' lang='lat' dir='ltr'><strong><em>synodi</em></strong></span> <span class='ocrx_word' id='word_1_119' title='bbox 643 3055 677 3116; x_wconf 88' lang='lat' dir='ltr'><strong>ad</strong></span> <span class='ocrx_word' id='word_1_120' title='bbox 705 3061 883 3132; x_wconf 88' lang='lat' dir='ltr'><strong><em>potestatem</em></strong></span> <span class='ocrx_word' id='word_1_121' title='bbox 906 3053 980 3118; x_wconf 79' lang='lat' dir='ltr'><strong><em>civi</em></strong></span> 
     </span>
     <span class='ocr_line' id='line_1_28' title="bbox 238 3147 978 3228; baseline -0.009 -13"><span class='ocrx_word' id='word_1_122' title='bbox 238 3153 309 3228; x_wconf 88' lang='lat' dir='ltr'><strong><em>lem,</em></strong></span> <span class='ocrx_word' id='word_1_123' title='bbox 332 3158 366 3214; x_wconf 93' lang='lat' dir='ltr'><strong>ut</strong></span> <span class='ocrx_word' id='word_1_124' title='bbox 381 3168 396 3211; x_wconf 91' lang='grc'><strong>4</strong></span> <span class='ocrx_word' id='word_1_125' title='bbox 410 3166 543 3212; x_wconf 88' lang='grc'><strong>444444</strong></span> <span class='ocrx_word' id='word_1_126' title='bbox 564 3148 862 3225; x_wconf 79' lang='lat' dir='ltr'><strong><em>impedimentorum</em></strong></span> <span class='ocrx_word' id='word_1_127' title='bbox 885 3147 978 3210; x_wconf 87' lang='lat' dir='ltr'><strong><em>tollat</em></strong></span> 
     </span>
     <span class='ocr_line' id='line_1_29' title="bbox 239 3240 979 3326; baseline -0.007 -19"><span class='ocrx_word' id='word_1_128' title='bbox 239 3246 456 3326; x_wconf 81' lang='grc'><strong>4444444444</strong></span> <span class='ocrx_word' id='word_1_129' title='bbox 468 3243 685 3321; x_wconf 79' lang='lat' dir='ltr'><strong><em>spiritantem,</em></strong></span> <span class='ocrx_word' id='word_1_130' title='bbox 696 3249 791 3320; x_wconf 87' lang='lat' dir='ltr'><strong><em>ctqne</em></strong></span> <span class='ocrx_word' id='word_1_131' title='bbox 802 3240 886 3302; x_wconf 87' lang='lat' dir='ltr'><strong><em>iliad</em></strong></span> <span class='ocrx_word' id='word_1_132' title='bbox 898 3240 979 3319; x_wconf 86' lang='grc'><strong>4444</strong></span> 
     </span>
     <span class='ocr_line' id='line_1_30' title="bbox 238 3333 979 3414; baseline -0.011 -12"><span class='ocrx_word' id='word_1_133' title='bbox 238 3337 360 3402; x_wconf 89' lang='grc'><strong>4444444</strong></span> <span class='ocrx_word' id='word_1_134' title='bbox 374 3334 520 3414; x_wconf 83' lang='lat' dir='ltr'><strong><em>publicae</em></strong></span> <span class='ocrx_word' id='word_1_135' title='bbox 535 3333 726 3405; x_wconf 88' lang='lat' dir='ltr'><strong><em>honestatis,</em></strong></span> <span class='ocrx_word' id='word_1_136' title='bbox 738 3349 874 3411; x_wconf 85' lang='grc'><strong>444444</strong></span> <span class='ocrx_word' id='word_1_137' title='bbox 890 3333 979 3413; x_wconf 77' lang='lat' dir='ltr'><strong><em>oripo</em></strong></span> 
     </span>
     <span class='ocr_line' id='line_1_31' title="bbox 239 3427 978 3512; baseline -0.008 -18"><span class='ocrx_word' id='word_1_138' title='bbox 239 3433 401 3512; x_wconf 82' lang='lat' dir='ltr'><strong><em>repetitor</em></strong></span> <span class='ocrx_word' id='word_1_139' title='bbox 425 3431 460 3492; x_wconf 92' lang='lat' dir='ltr'><strong>in</strong></span> <span class='ocrx_word' id='word_1_140' title='bbox 484 3429 668 3491; x_wconf 80' lang='lat' dir='ltr'><strong><em>collectione</em></strong></span> <span class='ocrx_word' id='word_1_141' title='bbox 691 3427 882 3498; x_wconf 86' lang='grc'><strong>1444444444,</strong></span> <span class='ocrx_word' id='word_1_142' title='bbox 911 3436 978 3490; x_wconf 93' lang='lat' dir='ltr'><strong>tum</strong></span> 
     </span>
     <span class='ocr_line' id='line_1_32' title="bbox 238 3521 978 3604; baseline -0.014 -14"><span class='ocrx_word' id='word_1_143' title='bbox 238 3533 271 3590; x_wconf 93' lang='lat' dir='ltr'><strong>ut</strong></span> <span class='ocrx_word' id='word_1_144' title='bbox 302 3525 481 3604; x_wconf 84' lang='grc'><strong>4444444444</strong></span> <span class='ocrx_word' id='word_1_145' title='bbox 514 3522 774 3600; x_wconf 83' lang='lat' dir='ltr'><strong><em>impedimentum</em></strong></span> <span class='ocrx_word' id='word_1_146' title='bbox 806 3521 978 3599; x_wconf 77' lang='lat' dir='ltr'><strong><em>affinitatis</em></strong></span> 
     </span>
     <span class='ocr_line' id='line_1_33' title="bbox 238 3614 977 3699; baseline -0.009 -18"><span class='ocrx_word' id='word_1_147' title='bbox 238 3627 266 3681; x_wconf 91' lang='lat' dir='ltr'><strong>et</strong></span> <span class='ocrx_word' id='word_1_148' title='bbox 288 3618 490 3699; x_wconf 76' lang='lat' dir='ltr'><strong><em>scortationis</em></strong></span> <span class='ocrx_word' id='word_1_149' title='bbox 513 3633 551 3678; x_wconf 89' lang='grc'><strong>44</strong></span> <span class='ocrx_word' id='word_1_150' title='bbox 580 3630 776 3694; x_wconf 78' lang='lat' dir='ltr'><strong><em>quacumque</em></strong></span> <span class='ocrx_word' id='word_1_151' title='bbox 798 3614 891 3678; x_wconf 90' lang='lat' dir='ltr'><strong><em>licito</em></strong></span> <span class='ocrx_word' id='word_1_152' title='bbox 919 3619 977 3675; x_wconf 89' lang='lat' dir='ltr'><strong>nat</strong></span> 
     </span>
     <span class='ocr_line' id='line_1_34' title="bbox 238 3708 978 3787; baseline -0.009 -12"><span class='ocrx_word' id='word_1_153' title='bbox 238 3713 356 3775; x_wconf 89' lang='lat' dir='ltr'><strong><em>illicito</em></strong></span> <span class='ocrx_word' id='word_1_154' title='bbox 368 3710 591 3772; x_wconf 79' lang='lat' dir='ltr'><strong><em>coniunctione</em></strong></span> <span class='ocrx_word' id='word_1_155' title='bbox 602 3709 817 3787; x_wconf 84' lang='lat' dir='ltr'><strong><em>provenientis</em></strong></span> <span class='ocrx_word' id='word_1_156' title='bbox 832 3708 874 3772; x_wconf 91' lang='lat' dir='ltr'><strong><em>od</em></strong></span> <span class='ocrx_word' id='word_1_157' title='bbox 884 3724 978 3786; x_wconf 82' lang='grc'><strong>44444·</strong></span> 
     </span>
     <span class='ocr_line' id='line_1_35' title="bbox 239 3801 978 3885; baseline -0.011 -15"><span class='ocrx_word' id='word_1_158' title='bbox 239 3815 306 3870; x_wconf 92' lang='grc'><strong>444</strong></span> <span class='ocrx_word' id='word_1_159' title='bbox 328 3805 465 3885; x_wconf 88' lang='grc'><strong>444444</strong></span> <span class='ocrx_word' id='word_1_160' title='bbox 494 3804 592 3866; x_wconf 87' lang='grc'><strong>44444</strong></span> <span class='ocrx_word' id='word_1_161' title='bbox 620 3801 746 3864; x_wconf 86' lang='grc'><strong>4444444</strong></span> <span class='ocrx_word' id='word_1_162' title='bbox 768 3803 978 3879; x_wconf 85' lang='grc'><strong>4444444444-</strong></span> 
     </span>
     <span class='ocr_line' id='line_1_36' title="bbox 238 3893 976 3978; baseline -0.005 -18"><span class='ocrx_word' id='word_1_163' title='bbox 238 3915 382 3978; x_wconf 89' lang='grc'><strong>444444</strong></span> <span class='ocrx_word' id='word_1_164' title='bbox 410 3897 528 3960; x_wconf 89' lang='lat' dir='ltr'><strong><em>lineam</em></strong></span> <span class='ocrx_word' id='word_1_165' title='bbox 557 3895 723 3960; x_wconf 87' lang='lat' dir='ltr'><strong><em>lateralem</em></strong></span> <span class='ocrx_word' id='word_1_166' title='bbox 750 3903 779 3958; x_wconf 90' lang='grc'><strong>44</strong></span> <span class='ocrx_word' id='word_1_167' title='bbox 805 3893 976 3975; x_wconf 80' lang='lat' dir='ltr'><strong><em>obliquam,</em></strong></span> 
     </span>
     <span class='ocr_line' id='line_1_37' title="bbox 238 3989 979 4068; baseline -0.003 -16"><span class='ocrx_word' id='word_1_168' title='bbox 238 3991 285 4056; x_wconf 89' lang='lat' dir='ltr'><strong>ito</strong></span> <span class='ocrx_word' id='word_1_169' title='bbox 308 3999 414 4055; x_wconf 90' lang='lat' dir='ltr'><strong><em>tamen</em></strong></span> <span class='ocrx_word' id='word_1_170' title='bbox 429 3997 467 4053; x_wconf 92' lang='grc'><strong>44</strong></span> <span class='ocrx_word' id='word_1_171' title='bbox 481 4007 549 4068; x_wconf 88' lang='lat' dir='ltr'><strong><em>spes</em></strong></span> <span class='ocrx_word' id='word_1_172' title='bbox 571 3989 663 4052; x_wconf 85' lang='lat' dir='ltr'><strong><em>nulla</em></strong></span> <span class='ocrx_word' id='word_1_173' title='bbox 685 3989 893 4068; x_wconf 75' lang='lat' dir='ltr'><strong><em>relinqantur</em></strong></span> <span class='ocrx_word' id='word_1_174' title='bbox 914 3990 979 4051; x_wconf 90' lang='lat' dir='ltr'><strong><em>dis-</em></strong></span> 
     </span>
     <span class='ocr_line' id='line_1_38' title="bbox 237 4081 659 4162; baseline -0.009 -16"><span class='ocrx_word' id='word_1_175' title='bbox 237 4085 430 4162; x_wconf 85' lang='lat' dir='ltr'><strong><em>pensationis</em></strong></span> <span class='ocrx_word' id='word_1_176' title='bbox 453 4081 659 4154; x_wconf 65' lang='grc'><strong>4444444444·</strong></span> 
     </span>
    </p>
   </div>
   <div class='ocr_carea' id='block_1_14' title="bbox 274 4177 1045 4257">
    <p class='ocr_par' dir='ltr' id='par_1_15' title="bbox 274 4177 1045 4257">
     <span class='ocr_line' id='line_1_39' title="bbox 274 4177 1045 4257; baseline 0.003 -15"><span class='ocrx_word' id='word_1_177' title='bbox 274 4181 430 4256; x_wconf 82' lang='lat' dir='ltr'><strong><em>Quatenus</em></strong></span> <span class='ocrx_word' id='word_1_178' title='bbox 443 4177 527 4241; x_wconf 87' lang='lat' dir='ltr'><strong><em>civili</em></strong></span> <span class='ocrx_word' id='word_1_179' title='bbox 541 4177 685 4257; x_wconf 84' lang='lat' dir='ltr'><strong><em>potestati</em></strong></span> <span class='ocrx_word' id='word_1_180' title='bbox 697 4177 744 4240; x_wconf 87' lang='lat' dir='ltr'><strong>ius</strong></span> <span class='ocrx_word' id='word_1_181' title='bbox 758 4179 899 4242; x_wconf 86' lang='lat' dir='ltr'><strong><em>attribuit</em></strong></span> <span class='ocrx_word' id='word_1_182' title='bbox 912 4179 978 4241; x_wconf 86' lang='lat' dir='ltr'><strong><em>sive</em></strong></span> <span class='ocrx_word' id='word_1_183' title='bbox 1043 4235 1045 4244; x_wconf 93' lang='lat'><em>.</em></span> 
     </span>
    </p>
   </div>
   <div class='ocr_carea' id='block_1_15' title="bbox 234 4271 979 4820">
    <p class='ocr_par' dir='ltr' id='par_1_16' title="bbox 234 4271 979 4820">
     <span class='ocr_line' id='line_1_40' title="bbox 238 4271 977 4349; baseline -0.003 -13"><span class='ocrx_word' id='word_1_184' title='bbox 238 4272 393 4349; x_wconf 86' lang='lat' dir='ltr'><strong><em>abolendi,</em></strong></span> <span class='ocrx_word' id='word_1_185' title='bbox 423 4271 489 4334; x_wconf 86' lang='lat' dir='ltr'><strong><em>sive</em></strong></span> <span class='ocrx_word' id='word_1_186' title='bbox 517 4271 725 4348; x_wconf 81' lang='lat' dir='ltr'><strong><em>restringendi</em></strong></span> <span class='ocrx_word' id='word_1_187' title='bbox 758 4271 977 4349; x_wconf 89' lang='lat' dir='ltr'><strong><em>impedimenta</em></strong></span> 
     </span>
     <span class='ocr_line' id='line_1_41' title="bbox 238 4365 979 4445; baseline -0.003 -15"><span class='ocrx_word' id='word_1_188' title='bbox 238 4367 388 4432; x_wconf 85' lang='lat' dir='ltr'><strong><em>Ecclesiae</em></strong></span> <span class='ocrx_word' id='word_1_189' title='bbox 401 4366 581 4430; x_wconf 89' lang='lat' dir='ltr'><strong><em>auctoritate</em></strong></span> <span class='ocrx_word' id='word_1_190' title='bbox 596 4366 759 4427; x_wconf 86' lang='lat' dir='ltr'><strong><em>constituta</em></strong></span> <span class='ocrx_word' id='word_1_191' title='bbox 775 4365 824 4428; x_wconf 89' lang='lat' dir='ltr'><strong>vel</strong></span> <span class='ocrx_word' id='word_1_192' title='bbox 840 4381 979 4445; x_wconf 89' lang='lat' dir='ltr'><strong><em>compro-</em></strong></span> 
     </span>
     <span class='ocr_line' id='line_1_42' title="bbox 237 4459 978 4538; baseline 0 -15"><span class='ocrx_word' id='word_1_193' title='bbox 237 4463 317 4523; x_wconf 89' lang='lat' dir='ltr'><strong><em>bata:</em></strong></span> <span class='ocrx_word' id='word_1_194' title='bbox 343 4462 419 4522; x_wconf 89' lang='lat' dir='ltr'><strong><em>item</em></strong></span> <span class='ocrx_word' id='word_1_195' title='bbox 447 4477 506 4538; x_wconf 83' lang='lat' dir='ltr'><strong>qua</strong></span> <span class='ocrx_word' id='word_1_196' title='bbox 530 4469 616 4538; x_wconf 89' lang='lat' dir='ltr'><strong><em>parte</em></strong></span> <span class='ocrx_word' id='word_1_197' title='bbox 644 4461 788 4537; x_wconf 91' lang='lat' dir='ltr'><strong><em>supponit</em></strong></span> <span class='ocrx_word' id='word_1_198' title='bbox 811 4459 978 4524; x_wconf 88' lang='lat' dir='ltr'><strong><em>Ecclesiam</em></strong></span> 
     </span>
     <span class='ocr_line' id='line_1_43' title="bbox 236 4551 979 4636; baseline -0.001 -18"><span class='ocrx_word' id='word_1_199' title='bbox 236 4571 290 4635; x_wconf 88' lang='lat' dir='ltr'><strong>per</strong></span> <span class='ocrx_word' id='word_1_200' title='bbox 307 4561 492 4636; x_wconf 85' lang='lat' dir='ltr'><strong><em>potestatem</em></strong></span> <span class='ocrx_word' id='word_1_201' title='bbox 513 4551 637 4615; x_wconf 89' lang='lat' dir='ltr'><strong><em>civilem</em></strong></span> <span class='ocrx_word' id='word_1_202' title='bbox 657 4551 780 4628; x_wconf 88' lang='lat' dir='ltr'><strong><em>spoliari</em></strong></span> <span class='ocrx_word' id='word_1_203' title='bbox 801 4569 889 4632; x_wconf 86' lang='lat' dir='ltr'><strong><em>posse</em></strong></span> <span class='ocrx_word' id='word_1_204' title='bbox 911 4556 979 4617; x_wconf 91' lang='lat' dir='ltr'><strong><em>iure</em></strong></span> 
     </span>
     <span class='ocr_line' id='line_1_44' title="bbox 236 4645 978 4728; baseline -0.001 -17"><span class='ocrx_word' id='word_1_205' title='bbox 236 4646 428 4728; x_wconf 87' lang='lat' dir='ltr'><strong><em>dispensandi</em></strong></span> <span class='ocrx_word' id='word_1_206' title='bbox 439 4662 531 4725; x_wconf 89' lang='lat' dir='ltr'><strong><em>super</em></strong></span> <span class='ocrx_word' id='word_1_207' title='bbox 542 4645 773 4724; x_wconf 90' lang='lat' dir='ltr'><strong><em>impedimentis</em></strong></span> <span class='ocrx_word' id='word_1_208' title='bbox 784 4645 821 4708; x_wconf 91' lang='lat' dir='ltr'><strong>ab</strong></span> <span class='ocrx_word' id='word_1_209' title='bbox 830 4647 892 4725; x_wconf 91' lang='lat' dir='ltr'><strong><em>ipsa</em></strong></span> <span class='ocrx_word' id='word_1_210' title='bbox 906 4663 978 4710; x_wconf 92' lang='lat' dir='ltr'><strong><em>con·</em></strong></span> 
     </span>
     <span class='ocr_line' id='line_1_45' title="bbox 234 4739 652 4820; baseline -0.007 -17"><span class='ocrx_word' id='word_1_211' title='bbox 234 4742 346 4805; x_wconf 91' lang='lat' dir='ltr'><strong><em>stitutis</em></strong></span> <span class='ocrx_word' id='word_1_212' title='bbox 368 4740 417 4804; x_wconf 86' lang='lat' dir='ltr'><strong>vel</strong></span> <span class='ocrx_word' id='word_1_213' title='bbox 438 4739 652 4820; x_wconf 68' lang='lat' dir='ltr'><strong><em>comprobatis</em></strong></span> 
     </span>
    </p>
   </div>
   <div class='ocr_carea' id='block_1_16' title="bbox 237 4926 977 5196">
    <p class='ocr_par' dir='ltr' id='par_1_17' title="bbox 237 4926 977 5196">
     <span class='ocr_line' id='line_1_46' title="bbox 237 4926 977 5006; baseline -0.003 -15"><span class='ocrx_word' id='word_1_214' title='bbox 237 4927 409 4992; x_wconf 84' lang='lat' dir='ltr'><strong><em>Libertatis</em></strong></span> <span class='ocrx_word' id='word_1_215' title='bbox 427 4945 463 4990; x_wconf 92' lang='lat' dir='ltr'><strong>oc</strong></span> <span class='ocrx_word' id='word_1_216' title='bbox 477 4929 647 5006; x_wconf 89' lang='grc'><strong>4444444444</strong></span> <span class='ocrx_word' id='word_1_217' title='bbox 669 4926 828 4992; x_wconf 80' lang='lat' dir='ltr'><strong><em>Ecclesiae</em></strong></span> <span class='ocrx_word' id='word_1_218' title='bbox 849 4928 977 4994; x_wconf 85' lang='grc'><strong>444444-</strong></span> 
     </span>
     <span class='ocr_line' id='line_1_47' title="bbox 273 5020 976 5095; baseline -0.001 -12"><span class='ocrx_word' id='word_1_219' title='bbox 273 5023 352 5093; x_wconf 87' lang='grc'><strong>4444,</strong></span> <span class='ocrx_word' id='word_1_220' title='bbox 375 5020 561 5084; x_wconf 81' lang='lat' dir='ltr'><strong><em>Tridentino</em></strong></span> <span class='ocrx_word' id='word_1_221' title='bbox 583 5023 762 5095; x_wconf 88' lang='lat' dir='ltr'><strong><em>contrario,</em></strong></span> <span class='ocrx_word' id='word_1_222' title='bbox 780 5039 819 5086; x_wconf 85' lang='grc'><strong>44</strong></span> <span class='ocrx_word' id='word_1_223' title='bbox 839 5022 976 5086; x_wconf 86' lang='grc'><strong>4444444-</strong></span> 
     </span>
     <span class='ocr_line' id='line_1_48' title="bbox 274 5115 972 5196; baseline 0.001 -19"><span class='ocrx_word' id='word_1_224' title='bbox 274 5117 336 5180; x_wconf 88' lang='lat' dir='ltr'><strong><em>cali</em></strong></span> <span class='ocrx_word' id='word_1_225' title='bbox 351 5129 452 5194; x_wconf 87' lang='grc'><strong>44444</strong></span> <span class='ocrx_word' id='word_1_226' title='bbox 471 5115 621 5178; x_wconf 83' lang='grc'><strong>44444444</strong></span> <span class='ocrx_word' id='word_1_227' title='bbox 642 5116 804 5193; x_wconf 88' lang='lat' dir='ltr'><strong><em>principio</em></strong></span> <span class='ocrx_word' id='word_1_228' title='bbox 818 5118 972 5196; x_wconf 77' lang='lat' dir='ltr'><strong><em>prosectu.</em></strong></span> 
     </span>
    </p>
   </div>
   <div class='ocr_carea' id='block_1_17' title="bbox 552 5272 658 5284">
    <p class='ocr_par' dir='ltr' id='par_1_18' title="bbox 552 5272 658 5284">
     <span class='ocr_line' id='line_1_49' title="bbox 552 5272 658 5284; baseline -0.019 0"><span class='ocrx_word' id='word_1_229' title='bbox 552 5272 658 5284; x_wconf 68' lang='lat' dir='ltr'><strong><em>n—-n-n</em></strong></span> 
     </span>
    </p>
   </div>
   <div class='ocr_carea' id='block_1_18' title="bbox 237 5417 975 5580">
    <p class='ocr_par' dir='ltr' id='par_1_19' title="bbox 237 5417 975 5580">
     <span class='ocr_line' id='line_1_50' title="bbox 237 5417 975 5478; baseline 0.003 -15"><span class='ocrx_word' id='word_1_230' title='bbox 237 5417 274 5464; x_wconf 84' lang='lat' dir='ltr'><strong>ult</strong></span> <span class='ocrx_word' id='word_1_231' title='bbox 284 5417 433 5478; x_wconf 77' lang='lat' dir='ltr'><strong><em>otlllcllS,</em></strong></span> <span class='ocrx_word' id='word_1_232' title='bbox 444 5417 768 5477; x_wconf 74' lang='lat' dir='ltr'><strong><em>nunnulrnulontnus,</em></strong></span> <span class='ocrx_word' id='word_1_233' title='bbox 782 5418 975 5464; x_wconf 78' lang='lat' dir='ltr'><strong><em>lusrlrurlo·</em></strong></span> 
     </span>
     <span class='ocr_line' id='line_1_51' title="bbox 272 5511 974 5580; baseline -0.001 -22"><span class='ocrx_word' id='word_1_234' title='bbox 272 5511 365 5558; x_wconf 81' lang='lat' dir='ltr'><strong><em>NlBUS</em></strong></span> <span class='ocrx_word' id='word_1_235' title='bbox 385 5511 429 5558; x_wconf 76' lang='lat' dir='ltr'><strong>Ab</strong></span> <span class='ocrx_word' id='word_1_236' title='bbox 450 5511 642 5580; x_wconf 57' lang='lat' dir='ltr'><strong>RELIGIOSUE</strong></span> <span class='ocrx_word' id='word_1_237' title='bbox 657 5511 783 5557; x_wconf 71' lang='lat' dir='ltr'><strong><em>CULTUM</em></strong></span> <span class='ocrx_word' id='word_1_238' title='bbox 804 5511 974 5559; x_wconf 70' lang='lat' dir='ltr'><strong><em>annulatum-</em></strong></span> 
     </span>
    </p>
   </div>
   <div class='ocr_carea' id='block_1_19' title="bbox 272 5607 374 5654">
    <p class='ocr_par' dir='ltr' id='par_1_20' title="bbox 272 5607 374 5654">
     <span class='ocr_line' id='line_1_52' title="bbox 272 5607 374 5654; baseline -0.02 -2"><span class='ocrx_word' id='word_1_239' title='bbox 272 5607 374 5654; x_wconf 79' lang='lat' dir='ltr'><strong><em>ulons.</em></strong></span> 
     </span>
    </p>
   </div>
   <div class='ocr_carea' id='block_1_20' title="bbox 239 5777 972 5859">
    <p class='ocr_par' dir='ltr' id='par_1_21' title="bbox 239 5777 972 5859">
     <span class='ocr_line' id='line_1_53' title="bbox 239 5777 972 5859; baseline -0.003 -19"><span class='ocrx_word' id='word_1_240' title='bbox 239 5778 272 5841; x_wconf 86' lang='lat' dir='ltr'><strong>Et</strong></span> <span class='ocrx_word' id='word_1_241' title='bbox 282 5780 419 5859; x_wconf 91' lang='lat' dir='ltr'><strong><em>primum</em></strong></span> <span class='ocrx_word' id='word_1_242' title='bbox 430 5778 467 5840; x_wconf 92' lang='lat' dir='ltr'><strong>de</strong></span> <span class='ocrx_word' id='word_1_243' title='bbox 477 5779 627 5841; x_wconf 87' lang='lat' dir='ltr'><strong><em>adoranda</em></strong></span> <span class='ocrx_word' id='word_1_244' title='bbox 644 5777 835 5841; x_wconf 87' lang='lat' dir='ltr'><strong><em>humanitate</em></strong></span> <span class='ocrx_word' id='word_1_245' title='bbox 849 5779 972 5842; x_wconf 86' lang='lat' dir='ltr'><strong><em>Clnisli.</em></strong></span> 
     </span>
    </p>
   </div>
   <div class='ocr_carea' id='block_1_21' title="bbox 272 5968 486 6052">
    <p class='ocr_par' dir='ltr' id='par_1_22' title="bbox 272 5968 486 6052">
     <span class='ocr_line' id='line_1_54' title="bbox 272 5968 486 6052; baseline -0.009 -23"><span class='ocrx_word' id='word_1_246' title='bbox 272 5968 486 6052; x_wconf 46' lang='lat' dir='ltr'><strong>fflfflff&amp;</strong></span> 
     </span>
    </p>
   </div>
   <div class='ocr_carea' id='block_1_22' title="bbox 1035 1075 1781 1245">
    <p class='ocr_par' dir='ltr' id='par_1_23' title="bbox 1035 1075 1781 1245">
     <span class='ocr_line' id='line_1_55' title="bbox 1035 1075 1781 1158; baseline -0.008 -16"><span class='ocrx_word' id='word_1_247' title='bbox 1035 1075 1194 1157; x_wconf 79' lang='lat' dir='ltr'><strong><em>alionum</em></strong></span> <span class='ocrx_word' id='word_1_248' title='bbox 1189 1079 1259 1141; x_wconf 88' lang='lat' dir='ltr'><strong><em>eins</em></strong></span> <span class='ocrx_word' id='word_1_249' title='bbox 1270 1085 1405 1158; x_wconf 89' lang='grc'><strong>444444</strong></span> <span class='ocrx_word' id='word_1_250' title='bbox 1419 1080 1488 1158; x_wconf 76' lang='lat' dir='ltr'><strong><em>sore</em></strong></span> <span class='ocrx_word' id='word_1_251' title='bbox 1501 1093 1621 1155; x_wconf 87' lang='grc'><strong>444444</strong></span> <span class='ocrx_word' id='word_1_252' title='bbox 1632 1076 1781 1138; x_wconf 84' lang='lat' dir='ltr'><strong><em>bonorem</em></strong></span> 
     </span>
     <span class='ocr_line' id='line_1_56' title="bbox 1035 1171 1527 1245; baseline -0.006 -10"><span class='ocrx_word' id='word_1_253' title='bbox 1035 1172 1181 1235; x_wconf 85' lang='lat' dir='ltr'><strong><em>diuinum</em></strong></span> <span class='ocrx_word' id='word_1_254' title='bbox 1202 1171 1315 1235; x_wconf 87' lang='lat' dir='ltr'><strong><em>datam</em></strong></span> <span class='ocrx_word' id='word_1_255' title='bbox 1338 1179 1527 1245; x_wconf 81' lang='lat' dir='ltr'><strong><em>creatorae,-</em></strong></span> 
     </span>
    </p>
   </div>
   <div class='ocr_carea' id='block_1_23' title="bbox 1800 1053 2015 1236">
    <p class='ocr_par' dir='ltr' id='par_1_24' title="bbox 1800 1053 2015 1236">
     <span class='ocr_line' id='line_1_57' title="bbox 1800 1053 2012 1118; baseline -0.009 0"><span class='ocrx_word' id='word_1_256' title='bbox 1800 1053 1947 1118; x_wconf 88' lang='lat' dir='ltr'><strong><em>tutionibus</em></strong></span> <span class='ocrx_word' id='word_1_257' title='bbox 1980 1071 2012 1116; x_wconf 82' lang='lat' dir='ltr'><strong>ad</strong></span> 
     </span>
     <span class='ocr_line' id='line_1_58' title="bbox 1800 1125 2015 1188; baseline -0.014 -15"><span class='ocrx_word' id='word_1_258' title='bbox 1800 1125 1949 1188; x_wconf 76' lang='lat' dir='ltr'><strong><em>religiosum</em></strong></span> <span class='ocrx_word' id='word_1_259' title='bbox 1963 1125 2015 1170; x_wconf 89' lang='lat' dir='ltr'><strong><em>cul-</em></strong></span> 
     </span>
     <span class='ocr_line' id='line_1_59' title="bbox 1800 1179 2012 1236; baseline -0.005 -12"><span class='ocrx_word' id='word_1_260' title='bbox 1800 1185 1856 1226; x_wconf 90' lang='lat' dir='ltr'><strong>tum</strong></span> <span class='ocrx_word' id='word_1_261' title='bbox 1880 1179 2012 1236; x_wconf 87' lang='lat' dir='ltr'><strong><em>pertinen-</em></strong></span> 
     </span>
    </p>
   </div>
   <div class='ocr_carea' id='block_1_24' title="bbox 1075 1232 1877 1344">
    <p class='ocr_par' dir='ltr' id='par_1_25' title="bbox 1075 1232 1877 1344">
     <span class='ocr_line' id='line_1_60' title="bbox 1075 1232 1877 1344; baseline -0.005 -16"><span class='ocrx_word' id='word_1_262' title='bbox 1075 1267 1230 1342; x_wconf 91' lang='lat' dir='ltr'><strong><em>Quateuus</em></strong></span> <span class='ocrx_word' id='word_1_263' title='bbox 1251 1281 1306 1344; x_wconf 91' lang='lat' dir='ltr'><strong>per</strong></span> <span class='ocrx_word' id='word_1_264' title='bbox 1323 1253 1379 1328; x_wconf 88' lang='lat' dir='ltr'><strong>hoc</strong></span> <span class='ocrx_word' id='word_1_265' title='bbox 1395 1265 1525 1327; x_wconf 90' lang='lat' dir='ltr'><strong><em>verbum</em></strong></span> <span class='ocrx_word' id='word_1_266' title='bbox 1541 1264 1661 1327; x_wconf 87' lang='lat' dir='ltr'><strong><em>directe</em></strong></span> <span class='ocrx_word' id='word_1_267' title='bbox 1677 1265 1782 1326; x_wconf 90' lang='lat' dir='ltr'><strong><em>iulen-</em></strong></span> <span class='ocrx_word' id='word_1_268' title='bbox 1799 1232 1877 1279; x_wconf 58' lang='lat' dir='ltr'><strong>“m</strong></span> 
     </span>
    </p>
   </div>
   <div class='ocr_carea' id='block_1_25' title="bbox 1035 1357 1782 2378">
    <p class='ocr_par' dir='ltr' id='par_1_26' title="bbox 1035 1357 1782 2378">
     <span class='ocr_line' id='line_1_61' title="bbox 1035 1357 1781 1440; baseline -0.007 -17"><span class='ocrx_word' id='word_1_269' title='bbox 1035 1362 1084 1423; x_wconf 89' lang='lat' dir='ltr'><strong>dat</strong></span> <span class='ocrx_word' id='word_1_270' title='bbox 1106 1360 1272 1440; x_wconf 85' lang='lat' dir='ltr'><strong><em>reprobare</em></strong></span> <span class='ocrx_word' id='word_1_271' title='bbox 1286 1359 1473 1423; x_wconf 85' lang='lat' dir='ltr'><strong><em>adorationis·</em></strong></span> <span class='ocrx_word' id='word_1_272' title='bbox 1487 1357 1620 1434; x_wconf 91' lang='lat' dir='ltr'><strong><em>cultum,</em></strong></span> <span class='ocrx_word' id='word_1_273' title='bbox 1637 1373 1731 1438; x_wconf 86' lang='lat' dir='ltr'><strong><em>quem</em></strong></span> <span class='ocrx_word' id='word_1_274' title='bbox 1747 1357 1781 1418; x_wconf 87' lang='lat' dir='ltr'><strong>li-</strong></span> 
     </span>
     <span class='ocr_line' id='line_1_62' title="bbox 1035 1453 1781 1532; baseline -0.007 -14"><span class='ocrx_word' id='word_1_275' title='bbox 1035 1456 1118 1518; x_wconf 89' lang='lat' dir='ltr'><strong><em>deles</em></strong></span> <span class='ocrx_word' id='word_1_276' title='bbox 1133 1455 1273 1532; x_wconf 81' lang='lat' dir='ltr'><strong><em>dirigunt</em></strong></span> <span class='ocrx_word' id='word_1_277' title='bbox 1284 1455 1319 1516; x_wconf 91' lang='lat' dir='ltr'><strong>ad</strong></span> <span class='ocrx_word' id='word_1_278' title='bbox 1337 1454 1562 1518; x_wconf 90' lang='lat' dir='ltr'><strong><em>humanitatem</em></strong></span> <span class='ocrx_word' id='word_1_279' title='bbox 1574 1453 1700 1529; x_wconf 86' lang='lat' dir='ltr'><strong><em>Christi,</em></strong></span> <span class='ocrx_word' id='word_1_280' title='bbox 1713 1467 1781 1530; x_wconf 91' lang='lat' dir='ltr'><strong><em>per·</em></strong></span> 
     </span>
     <span class='ocr_line' id='line_1_63' title="bbox 1037 1547 1781 1625; baseline -0.003 -15"><span class='ocrx_word' id='word_1_281' title='bbox 1037 1549 1106 1611; x_wconf 89' lang='lat' dir='ltr'><strong><em>inde</em></strong></span> <span class='ocrx_word' id='word_1_282' title='bbox 1128 1565 1161 1610; x_wconf 88' lang='lat' dir='ltr'><strong>ac</strong></span> <span class='ocrx_word' id='word_1_283' title='bbox 1188 1549 1212 1608; x_wconf 85' lang='lat' dir='ltr'><strong>si</strong></span> <span class='ocrx_word' id='word_1_284' title='bbox 1242 1547 1308 1610; x_wconf 89' lang='lat' dir='ltr'><strong><em>talis</em></strong></span> <span class='ocrx_word' id='word_1_285' title='bbox 1340 1548 1487 1620; x_wconf 89' lang='lat' dir='ltr'><strong><em>adoratio,</em></strong></span> <span class='ocrx_word' id='word_1_286' title='bbox 1519 1563 1577 1625; x_wconf 85' lang='lat' dir='ltr'><strong>qua</strong></span> <span class='ocrx_word' id='word_1_287' title='bbox 1606 1547 1781 1610; x_wconf 88' lang='lat' dir='ltr'><strong><em>humanitas</em></strong></span> 
     </span>
     <span class='ocr_line' id='line_1_64' title="bbox 1035 1641 1781 1721; baseline 0.001 -19"><span class='ocrx_word' id='word_1_288' title='bbox 1035 1644 1160 1721; x_wconf 85' lang='lat' dir='ltr'><strong><em>ipsaque</em></strong></span> <span class='ocrx_word' id='word_1_289' title='bbox 1182 1657 1252 1704; x_wconf 91' lang='lat' dir='ltr'><strong><em>caro</em></strong></span> <span class='ocrx_word' id='word_1_290' title='bbox 1273 1641 1394 1704; x_wconf 84' lang='lat' dir='ltr'><strong><em>vivlnca</em></strong></span> <span class='ocrx_word' id='word_1_291' title='bbox 1417 1641 1531 1705; x_wconf 88' lang='lat' dir='ltr'><strong><em>Christi</em></strong></span> <span class='ocrx_word' id='word_1_292' title='bbox 1552 1641 1697 1706; x_wconf 88' lang='lat' dir='ltr'><strong><em>adoratur</em></strong></span> <span class='ocrx_word' id='word_1_293' title='bbox 1718 1657 1781 1703; x_wconf 91' lang='lat' dir='ltr'><strong>non</strong></span> 
     </span>
     <span class='ocr_line' id='line_1_65' title="bbox 1035 1735 1781 1815; baseline -0.004 -17"><span class='ocrx_word' id='word_1_294' title='bbox 1035 1735 1161 1814; x_wconf 85' lang='lat' dir='ltr'><strong><em>quidem</em></strong></span> <span class='ocrx_word' id='word_1_295' title='bbox 1182 1743 1307 1815; x_wconf 88' lang='lat' dir='ltr'><strong><em>propter</em></strong></span> <span class='ocrx_word' id='word_1_296' title='bbox 1321 1752 1364 1809; x_wconf 89' lang='lat' dir='ltr'><strong>se,</strong></span> <span class='ocrx_word' id='word_1_297' title='bbox 1381 1742 1412 1798; x_wconf 89' lang='lat' dir='ltr'><strong>et</strong></span> <span class='ocrx_word' id='word_1_298' title='bbox 1431 1743 1588 1814; x_wconf 84' lang='lat' dir='ltr'><strong><em>tamquam</em></strong></span> <span class='ocrx_word' id='word_1_299' title='bbox 1604 1735 1686 1798; x_wconf 91' lang='lat' dir='ltr'><strong><em>nuda</em></strong></span> <span class='ocrx_word' id='word_1_300' title='bbox 1701 1750 1781 1808; x_wconf 89' lang='lat' dir='ltr'><strong><em>caro,</em></strong></span> 
     </span>
     <span class='ocr_line' id='line_1_66' title="bbox 1035 1828 1781 1909; baseline -0.005 -17"><span class='ocrx_word' id='word_1_301' title='bbox 1035 1830 1086 1892; x_wconf 88' lang='lat' dir='ltr'><strong>sed</strong></span> <span class='ocrx_word' id='word_1_302' title='bbox 1109 1838 1200 1909; x_wconf 90' lang='lat' dir='ltr'><strong><em>prout</em></strong></span> <span class='ocrx_word' id='word_1_303' title='bbox 1222 1829 1308 1890; x_wconf 87' lang='lat' dir='ltr'><strong><em>unita</em></strong></span> <span class='ocrx_word' id='word_1_304' title='bbox 1330 1828 1495 1904; x_wconf 86' lang='lat' dir='ltr'><strong><em>divinitati,</em></strong></span> <span class='ocrx_word' id='word_1_305' title='bbox 1516 1829 1595 1892; x_wconf 88' lang='lat' dir='ltr'><strong><em>iuret</em></strong></span> <span class='ocrx_word' id='word_1_306' title='bbox 1617 1829 1716 1891; x_wconf 91' lang='lat' dir='ltr'><strong><em>honor</em></strong></span> <span class='ocrx_word' id='word_1_307' title='bbox 1738 1829 1781 1890; x_wconf 92' lang='lat' dir='ltr'><strong>di-</strong></span> 
     </span>
     <span class='ocr_line' id='line_1_67' title="bbox 1037 1922 1782 2002; baseline -0.001 -18"><span class='ocrx_word' id='word_1_308' title='bbox 1037 1923 1128 1986; x_wconf 83' lang='lat' dir='ltr'><strong><em>vinus</em></strong></span> <span class='ocrx_word' id='word_1_309' title='bbox 1150 1923 1327 2001; x_wconf 89' lang='lat' dir='ltr'><strong><em>impertitus</em></strong></span> <span class='ocrx_word' id='word_1_310' title='bbox 1346 1930 1516 1998; x_wconf 88' lang='lat' dir='ltr'><strong><em>creaturae,</em></strong></span> <span class='ocrx_word' id='word_1_311' title='bbox 1539 1932 1570 1985; x_wconf 87' lang='lat' dir='ltr'><strong>et</strong></span> <span class='ocrx_word' id='word_1_312' title='bbox 1589 1937 1653 1986; x_wconf 93' lang='lat' dir='ltr'><strong>non</strong></span> <span class='ocrx_word' id='word_1_313' title='bbox 1681 1922 1782 2002; x_wconf 90' lang='lat' dir='ltr'><strong><em>potius</em></strong></span> 
     </span>
     <span class='ocr_line' id='line_1_68' title="bbox 1036 2016 1781 2096; baseline -0.003 -16"><span class='ocrx_word' id='word_1_314' title='bbox 1036 2035 1095 2080; x_wconf 92' lang='lat' dir='ltr'><strong>una</strong></span> <span class='ocrx_word' id='word_1_315' title='bbox 1124 2018 1294 2095; x_wconf 89' lang='lat' dir='ltr'><strong><em>eademque</em></strong></span> <span class='ocrx_word' id='word_1_316' title='bbox 1320 2016 1465 2091; x_wconf 88' lang='lat' dir='ltr'><strong><em>adoratio,</em></strong></span> <span class='ocrx_word' id='word_1_317' title='bbox 1494 2034 1552 2096; x_wconf 85' lang='lat' dir='ltr'><strong>qua</strong></span> <span class='ocrx_word' id='word_1_318' title='bbox 1581 2019 1713 2080; x_wconf 85' lang='lat' dir='ltr'><strong><em>verbnm</em></strong></span> <span class='ocrx_word' id='word_1_319' title='bbox 1735 2017 1781 2079; x_wconf 93' lang='lat' dir='ltr'><strong>in-</strong></span> 
     </span>
     <span class='ocr_line' id='line_1_69' title="bbox 1035 2111 1780 2189; baseline 0 -15"><span class='ocrx_word' id='word_1_320' title='bbox 1035 2121 1195 2174; x_wconf 86' lang='lat' dir='ltr'><strong><em>carnatum</em></strong></span> <span class='ocrx_word' id='word_1_321' title='bbox 1223 2126 1295 2174; x_wconf 93' lang='lat' dir='ltr'><strong>cum</strong></span> <span class='ocrx_word' id='word_1_322' title='bbox 1323 2111 1444 2189; x_wconf 92' lang='lat' dir='ltr'><strong><em>propria</em></strong></span> <span class='ocrx_word' id='word_1_323' title='bbox 1474 2111 1569 2188; x_wconf 90' lang='lat' dir='ltr'><strong><em>ipsius</em></strong></span> <span class='ocrx_word' id='word_1_324' title='bbox 1595 2127 1687 2174; x_wconf 89' lang='lat' dir='ltr'><strong><em>carne</em></strong></span> <span class='ocrx_word' id='word_1_325' title='bbox 1712 2113 1780 2174; x_wconf 92' lang='lat' dir='ltr'><strong><em>ado·</em></strong></span> 
     </span>
     <span class='ocr_line' id='line_1_70' title="bbox 1035 2212 1679 2279; baseline -0.002 -14"><span class='ocrx_word' id='word_1_326' title='bbox 1035 2212 1133 2279; x_wconf 89' lang='lat' dir='ltr'><strong><em>ratur,</em></strong></span> <span class='ocrx_word' id='word_1_327' title='bbox 1678 2261 1679 2264; x_wconf 74' lang='grc'><strong>,</strong></span> 
     </span>
     <span class='ocr_line' id='line_1_71' title="bbox 1227 2297 1770 2378; baseline 0 -18"><span class='ocrx_word' id='word_1_328' title='bbox 1227 2298 1271 2360; x_wconf 80' lang='lat' dir='ltr'><strong>Ex</strong></span> <span class='ocrx_word' id='word_1_329' title='bbox 1286 2297 1397 2361; x_wconf 89' lang='lat' dir='ltr'><strong><em>concil.</em></strong></span> <span class='ocrx_word' id='word_1_330' title='bbox 1415 2298 1447 2361; x_wconf 90' lang='lat' dir='ltr'><strong>C.</strong></span> <span class='ocrx_word' id='word_1_331' title='bbox 1466 2298 1497 2359; x_wconf 92' lang='lat' dir='ltr'><strong>P.</strong></span> <span class='ocrx_word' id='word_1_332' title='bbox 1517 2298 1551 2360; x_wconf 89' lang='lat' dir='ltr'><strong>V.</strong></span> <span class='ocrx_word' id='word_1_333' title='bbox 1571 2315 1641 2376; x_wconf 79' lang='lat' dir='ltr'><strong><em>gen.</em></strong></span> <span class='ocrx_word' id='word_1_334' title='bbox 1658 2315 1722 2378; x_wconf 86' lang='lat' dir='ltr'><strong><em>cap.</em></strong></span> <span class='ocrx_word' id='word_1_335' title='bbox 1740 2299 1770 2362; x_wconf 83' lang='lat' dir='ltr'><strong>tt.</strong></span> 
     </span>
    </p>
   </div>
   <div class='ocr_carea' id='block_1_26' title="bbox 1036 2485 1782 2752">
    <p class='ocr_par' dir='ltr' id='par_1_27' title="bbox 1036 2485 1782 2752">
     <span class='ocr_line' id='line_1_72' title="bbox 1036 2485 1781 2568; baseline 0.003 -20"><span class='ocrx_word' id='word_1_336' title='bbox 1036 2485 1145 2559; x_wconf 84' lang='lat' dir='ltr'><strong><em>Falso,</em></strong></span> <span class='ocrx_word' id='word_1_337' title='bbox 1168 2489 1322 2565; x_wconf 89' lang='lat' dir='ltr'><strong><em>captioso,</em></strong></span> <span class='ocrx_word' id='word_1_338' title='bbox 1347 2490 1400 2568; x_wconf 90' lang='grc'><strong>444</strong></span> <span class='ocrx_word' id='word_1_339' title='bbox 1421 2506 1459 2551; x_wconf 88' lang='grc'><strong>44</strong></span> <span class='ocrx_word' id='word_1_340' title='bbox 1480 2487 1583 2550; x_wconf 87' lang='grc'><strong>444444</strong></span> <span class='ocrx_word' id='word_1_341' title='bbox 1599 2487 1707 2550; x_wconf 88' lang='lat' dir='ltr'><strong><em>cnltni</em></strong></span> <span class='ocrx_word' id='word_1_342' title='bbox 1723 2488 1781 2550; x_wconf 88' lang='lat' dir='ltr'><strong>ln·</strong></span> 
     </span>
     <span class='ocr_line' id='line_1_73' title="bbox 1075 2579 1782 2660; baseline 0.001 -21"><span class='ocrx_word' id='word_1_343' title='bbox 1075 2581 1231 2644; x_wconf 87' lang='lat' dir='ltr'><strong><em>manituti</em></strong></span> <span class='ocrx_word' id='word_1_344' title='bbox 1262 2579 1387 2644; x_wconf 87' lang='lat' dir='ltr'><strong><em>Christi</em></strong></span> <span class='ocrx_word' id='word_1_345' title='bbox 1410 2598 1429 2642; x_wconf 90' lang='lat' dir='ltr'><strong>a</strong></span> <span class='ocrx_word' id='word_1_346' title='bbox 1450 2579 1595 2660; x_wconf 81' lang='grc'><strong>44444444</strong></span> <span class='ocrx_word' id='word_1_347' title='bbox 1623 2581 1782 2659; x_wconf 86' lang='lat' dir='ltr'><strong><em>praestito</em></strong></span> 
     </span>
     <span class='ocr_line' id='line_1_74' title="bbox 1075 2673 1757 2752; baseline -0.004 -16"><span class='ocrx_word' id='word_1_348' title='bbox 1075 2691 1112 2736; x_wconf 92' lang='lat' dir='ltr'><strong>oc</strong></span> <span class='ocrx_word' id='word_1_349' title='bbox 1132 2675 1325 2752; x_wconf 88' lang='grc'><strong>4444444444</strong></span> <span class='ocrx_word' id='word_1_350' title='bbox 1347 2673 1519 2737; x_wconf 87' lang='lat' dir='ltr'><strong><em>detrahens</em></strong></span> <span class='ocrx_word' id='word_1_351' title='bbox 1537 2682 1567 2736; x_wconf 90' lang='lat' dir='ltr'><strong>et</strong></span> <span class='ocrx_word' id='word_1_352' title='bbox 1583 2673 1757 2736; x_wconf 83' lang='lat' dir='ltr'><strong><em>iniuriosa.</em></strong></span> 
     </span>
    </p>
   </div>
   <div class='ocr_carea' id='block_1_27' title="bbox 1075 2919 1453 3144">
    <p class='ocr_par' dir='ltr' id='par_1_28' title="bbox 1075 2919 1453 3144">
     <span class='ocr_line' id='line_1_75' title="bbox 1075 2919 1347 2994; baseline -0.004 -13"><span class='ocrx_word' id='word_1_353' title='bbox 1075 2919 1119 2981; x_wconf 81' lang='lat' dir='ltr'><strong>lle</strong></span> <span class='ocrx_word' id='word_1_354' title='bbox 1142 2925 1224 2982; x_wconf 89' lang='lat' dir='ltr'><strong><em>orat.</em></strong></span> <span class='ocrx_word' id='word_1_355' title='bbox 1248 2919 1267 2994; x_wconf 72' lang='grc'>5</span> <span class='ocrx_word' id='word_1_356' title='bbox 1291 2922 1347 2982; x_wconf 88' lang='grc'><strong>10.</strong></span> 
     </span>
     <span class='ocr_line' id='line_1_76' title="bbox 1366 3079 1453 3144; baseline 0 -2"><span class='ocrx_word' id='word_1_357' title='bbox 1366 3079 1453 3144; x_wconf 88' lang='lat' dir='ltr'><strong><em>Lllll.</em></strong></span> 
     </span>
    </p>
   </div>
   <div class='ocr_carea' id='block_1_28' title="bbox 1034 3242 1780 3790">
    <p class='ocr_par' dir='ltr' id='par_1_29' title="bbox 1034 3242 1780 3602">
     <span class='ocr_line' id='line_1_77' title="bbox 1075 3242 1780 3322; baseline -0.001 -16"><span class='ocrx_word' id='word_1_358' title='bbox 1075 3245 1229 3318; x_wconf 86' lang='lat' dir='ltr'><strong><em>Doctrina,</em></strong></span> <span class='ocrx_word' id='word_1_359' title='bbox 1252 3259 1331 3322; x_wconf 87' lang='lat' dir='ltr'><strong><em>quae</em></strong></span> <span class='ocrx_word' id='word_1_360' title='bbox 1344 3242 1542 3306; x_wconf 90' lang='lat' dir='ltr'><strong><em>devotionem</em></strong></span> <span class='ocrx_word' id='word_1_361' title='bbox 1558 3259 1630 3321; x_wconf 81' lang='lat' dir='ltr'><strong><em>erga</em></strong></span> <span class='ocrx_word' id='word_1_362' title='bbox 1644 3242 1780 3306; x_wconf 85' lang='lat' dir='ltr'><strong><em>sacratis·</em></strong></span> 
     </span>
     <span class='ocr_line' id='line_1_78' title="bbox 1034 3337 1779 3412; baseline 0 -13"><span class='ocrx_word' id='word_1_363' title='bbox 1034 3340 1149 3400; x_wconf 91' lang='lat' dir='ltr'><strong><em>simum</em></strong></span> <span class='ocrx_word' id='word_1_364' title='bbox 1179 3354 1232 3400; x_wconf 87' lang='lat' dir='ltr'><strong>cor</strong></span> <span class='ocrx_word' id='word_1_365' title='bbox 1253 3338 1319 3400; x_wconf 92' lang='lat' dir='ltr'><strong><em>lesu</em></strong></span> <span class='ocrx_word' id='word_1_366' title='bbox 1348 3337 1447 3399; x_wconf 90' lang='lat' dir='ltr'><strong><em>reiicit</em></strong></span> <span class='ocrx_word' id='word_1_367' title='bbox 1475 3337 1558 3399; x_wconf 90' lang='lat' dir='ltr'><strong><em>inter</em></strong></span> <span class='ocrx_word' id='word_1_368' title='bbox 1586 3338 1779 3412; x_wconf 71' lang='lat' dir='ltr'><strong><em>elevationes,</em></strong></span> 
     </span>
     <span class='ocr_line' id='line_1_79' title="bbox 1034 3431 1780 3511; baseline -0.001 -18"><span class='ocrx_word' id='word_1_369' title='bbox 1034 3449 1108 3511; x_wconf 85' lang='lat' dir='ltr'><strong><em>quas</em></strong></span> <span class='ocrx_word' id='word_1_370' title='bbox 1129 3439 1215 3493; x_wconf 89' lang='lat' dir='ltr'><strong><em>notat</em></strong></span> <span class='ocrx_word' id='word_1_371' title='bbox 1236 3431 1324 3493; x_wconf 87' lang='lat' dir='ltr'><strong><em>velut</em></strong></span> <span class='ocrx_word' id='word_1_372' title='bbox 1355 3447 1459 3506; x_wconf 91' lang='lat' dir='ltr'><strong><em>novas,</em></strong></span> <span class='ocrx_word' id='word_1_373' title='bbox 1483 3447 1628 3494; x_wconf 88' lang='lat' dir='ltr'><strong><em>erroneas</em></strong></span> <span class='ocrx_word' id='word_1_374' title='bbox 1650 3440 1702 3494; x_wconf 92' lang='lat' dir='ltr'><strong>aut</strong></span> <span class='ocrx_word' id='word_1_375' title='bbox 1723 3432 1780 3492; x_wconf 89' lang='lat' dir='ltr'><strong><em>sal-</em></strong></span> 
     </span>
     <span class='ocr_line' id='line_1_80' title="bbox 1034 3523 1321 3602; baseline -0.014 -14"><span class='ocrx_word' id='word_1_376' title='bbox 1034 3531 1098 3588; x_wconf 89' lang='lat' dir='ltr'><strong>tem</strong></span> <span class='ocrx_word' id='word_1_377' title='bbox 1119 3523 1321 3602; x_wconf 58' lang='lat' dir='ltr'><strong><em>periculosam</em></strong></span> 
     </span>
    </p>

    <p class='ocr_par' dir='ltr' id='par_1_30' title="bbox 1035 3615 1780 3790">
     <span class='ocr_line' id='line_1_81' title="bbox 1073 3615 1780 3699; baseline 0.003 -19"><span class='ocrx_word' id='word_1_378' title='bbox 1073 3615 1230 3680; x_wconf 88' lang='lat' dir='ltr'><strong><em>intellecta</em></strong></span> <span class='ocrx_word' id='word_1_379' title='bbox 1252 3617 1288 3678; x_wconf 89' lang='lat' dir='ltr'><strong>de</strong></span> <span class='ocrx_word' id='word_1_380' title='bbox 1308 3618 1362 3680; x_wconf 85' lang='lat' dir='ltr'><strong>bac</strong></span> <span class='ocrx_word' id='word_1_381' title='bbox 1377 3619 1553 3696; x_wconf 89' lang='lat' dir='ltr'><strong><em>devotione,</em></strong></span> <span class='ocrx_word' id='word_1_382' title='bbox 1570 3619 1667 3699; x_wconf 84' lang='lat' dir='ltr'><strong><em>qualis</em></strong></span> <span class='ocrx_word' id='word_1_383' title='bbox 1683 3627 1728 3683; x_wconf 92' lang='lat' dir='ltr'><strong>est</strong></span> <span class='ocrx_word' id='word_1_384' title='bbox 1743 3620 1780 3682; x_wconf 87' lang='lat' dir='ltr'><strong>ab</strong></span> 
     </span>
     <span class='ocr_line' id='line_1_82' title="bbox 1035 3709 1464 3790; baseline -0.002 -17"><span class='ocrx_word' id='word_1_385' title='bbox 1035 3709 1204 3790; x_wconf 87' lang='lat' dir='ltr'><strong><em>hpostolica</em></strong></span> <span class='ocrx_word' id='word_1_386' title='bbox 1227 3709 1305 3774; x_wconf 88' lang='lat' dir='ltr'><strong><em>Sede</em></strong></span> <span class='ocrx_word' id='word_1_387' title='bbox 1327 3711 1464 3790; x_wconf 85' lang='lat' dir='ltr'><strong><em>probata,</em></strong></span> 
     </span>
    </p>
   </div>
   <div class='ocr_carea' id='block_1_29' title="bbox 1039 3900 1781 4150">
    <p class='ocr_par' dir='ltr' id='par_1_31' title="bbox 1039 3900 1781 4150">
     <span class='ocr_line' id='line_1_83' title="bbox 1039 3900 1781 3978; baseline 0.003 -16"><span class='ocrx_word' id='word_1_388' title='bbox 1039 3900 1141 3970; x_wconf 84' lang='lat' dir='ltr'><strong><em>Falso,</em></strong></span> <span class='ocrx_word' id='word_1_389' title='bbox 1164 3900 1348 3969; x_wconf 86' lang='grc'><strong>4444444444,</strong></span> <span class='ocrx_word' id='word_1_390' title='bbox 1365 3900 1557 3978; x_wconf 86' lang='lat' dir='ltr'><strong><em>perniciosa,</em></strong></span> <span class='ocrx_word' id='word_1_391' title='bbox 1575 3902 1707 3978; x_wconf 88' lang='grc'><strong>4444444</strong></span> <span class='ocrx_word' id='word_1_392' title='bbox 1722 3920 1781 3964; x_wconf 90' lang='lat' dir='ltr'><strong>cn-</strong></span> 
     </span>
     <span class='ocr_line' id='line_1_84' title="bbox 1058 3991 1780 4080; baseline 0.004 -27"><span class='ocrx_word' id='word_1_393' title='bbox 1058 3995 1162 4055; x_wconf 81' lang='grc'><strong>4444</strong></span> <span class='ocrx_word' id='word_1_394' title='bbox 1189 3991 1349 4072; x_wconf 71' lang='lat' dir='ltr'><strong><em>offensione,</em></strong></span> <span class='ocrx_word' id='word_1_395' title='bbox 1372 3993 1408 4054; x_wconf 89' lang='lat' dir='ltr'><strong>in</strong></span> <span class='ocrx_word' id='word_1_396' title='bbox 1429 3993 1643 4080; x_wconf 84' lang='lat' dir='ltr'><strong><em>Apostolicam</em></strong></span> <span class='ocrx_word' id='word_1_397' title='bbox 1672 3994 1780 4058; x_wconf 88' lang='lat' dir='ltr'><strong><em>Sedcm</em></strong></span> 
     </span>
     <span class='ocr_line' id='line_1_85' title="bbox 1075 4103 1246 4150; baseline -0.012 -2"><span class='ocrx_word' id='word_1_398' title='bbox 1075 4103 1246 4150; x_wconf 86' lang='grc'><strong>44444444.</strong></span> 
     </span>
    </p>
   </div>
   <div class='ocr_carea' id='block_1_30' title="bbox 1355 4243 1460 4254">
    <p class='ocr_par' dir='ltr' id='par_1_32' title="bbox 1355 4243 1460 4254">
     <span class='ocr_line' id='line_1_86' title="bbox 1355 4243 1460 4254; baseline -0.01 0"><span class='ocrx_word' id='word_1_399' title='bbox 1355 4243 1460 4254; x_wconf 66' lang='grc' dir='ltr'><strong>-υ--ι</strong></span> 
     </span>
    </p>
   </div>
   <div class='ocr_carea' id='block_1_31' title="bbox 1073 4371 1679 4452">
    <p class='ocr_par' dir='ltr' id='par_1_33' title="bbox 1073 4371 1679 4452">
     <span class='ocr_line' id='line_1_87' title="bbox 1073 4371 1679 4452; baseline 0.002 -19"><span class='ocrx_word' id='word_1_400' title='bbox 1073 4371 1117 4434; x_wconf 84' lang='lat' dir='ltr'><strong>De</strong></span> <span class='ocrx_word' id='word_1_401' title='bbox 1139 4377 1221 4434; x_wconf 92' lang='lat' dir='ltr'><strong><em>orat.</em></strong></span> <span class='ocrx_word' id='word_1_402' title='bbox 1246 4373 1264 4447; x_wconf 73' lang='lat'>5</span> <span class='ocrx_word' id='word_1_403' title='bbox 1287 4375 1342 4443; x_wconf 87' lang='lat'><strong>10,</strong></span> <span class='ocrx_word' id='word_1_404' title='bbox 1367 4378 1397 4433; x_wconf 90' lang='lat' dir='ltr'><strong>ct</strong></span> <span class='ocrx_word' id='word_1_405' title='bbox 1420 4371 1679 4452; x_wconf 73' lang='lat' dir='ltr'><strong><em>appendeat.</em></strong></span> 
     </span>
    </p>
   </div>
   <div class='ocr_carea' id='block_1_32' title="bbox 1352 4560 1456 4623">
    <p class='ocr_par' dir='ltr' id='par_1_34' title="bbox 1352 4560 1456 4623">
     <span class='ocr_line' id='line_1_88' title="bbox 1352 4560 1456 4623; baseline -0.01 -2"><span class='ocrx_word' id='word_1_406' title='bbox 1352 4560 1456 4623; x_wconf 84' lang='lat' dir='ltr'><strong><em>lxlll.</em></strong></span> 
     </span>
    </p>
   </div>
   <div class='ocr_carea' id='block_1_33' title="bbox 1029 4747 1779 6046">
    <p class='ocr_par' dir='ltr' id='par_1_35' title="bbox 1030 4747 1779 5293">
     <span class='ocr_line' id='line_1_89' title="bbox 1073 4747 1778 4826; baseline 0.001 -15"><span class='ocrx_word' id='word_1_407' title='bbox 1073 4749 1150 4811; x_wconf 89' lang='lat' dir='ltr'><strong><em>ltem</em></strong></span> <span class='ocrx_word' id='word_1_408' title='bbox 1172 4748 1203 4809; x_wconf 93' lang='lat' dir='ltr'><strong>in</strong></span> <span class='ocrx_word' id='word_1_409' title='bbox 1226 4748 1358 4826; x_wconf 86' lang='lat' dir='ltr'><strong><em>eoquod</em></strong></span> <span class='ocrx_word' id='word_1_410' title='bbox 1373 4747 1508 4809; x_wconf 89' lang='lat' dir='ltr'><strong><em>cultores</em></strong></span> <span class='ocrx_word' id='word_1_411' title='bbox 1523 4748 1623 4810; x_wconf 90' lang='lat' dir='ltr'><strong><em>cordis</em></strong></span> <span class='ocrx_word' id='word_1_412' title='bbox 1639 4747 1706 4812; x_wconf 89' lang='lat' dir='ltr'><strong><em>lesu</em></strong></span> <span class='ocrx_word' id='word_1_413' title='bbox 1722 4749 1778 4813; x_wconf 89' lang='lat' dir='ltr'><strong>boc</strong></span> 
     </span>
     <span class='ocr_line' id='line_1_90' title="bbox 1031 4841 1778 4920; baseline 0 -16"><span class='ocrx_word' id='word_1_414' title='bbox 1031 4844 1125 4906; x_wconf 90' lang='lat' dir='ltr'><strong><em>eliam</em></strong></span> <span class='ocrx_word' id='word_1_415' title='bbox 1146 4842 1275 4904; x_wconf 89' lang='lat' dir='ltr'><strong><em>nomine</em></strong></span> <span class='ocrx_word' id='word_1_416' title='bbox 1296 4841 1411 4917; x_wconf 80' lang='lat' dir='ltr'><strong><em>arguit,</em></strong></span> <span class='ocrx_word' id='word_1_417' title='bbox 1434 4842 1516 4920; x_wconf 83' lang='lat' dir='ltr'><strong><em>quod</em></strong></span> <span class='ocrx_word' id='word_1_418' title='bbox 1537 4857 1601 4904; x_wconf 92' lang='lat' dir='ltr'><strong>non</strong></span> <span class='ocrx_word' id='word_1_419' title='bbox 1616 4843 1778 4904; x_wconf 89' lang='lat' dir='ltr'><strong><em>advertant</em></strong></span> 
     </span>
     <span class='ocr_line' id='line_1_91' title="bbox 1030 4933 1779 5020; baseline -0.004 -21"><span class='ocrx_word' id='word_1_420' title='bbox 1030 4935 1254 5000; x_wconf 88' lang='lat' dir='ltr'><strong><em>sanctissimam</em></strong></span> <span class='ocrx_word' id='word_1_421' title='bbox 1276 4948 1401 4996; x_wconf 89' lang='lat' dir='ltr'><strong><em>carnem</em></strong></span> <span class='ocrx_word' id='word_1_422' title='bbox 1417 4933 1543 5010; x_wconf 84' lang='lat' dir='ltr'><strong><em>Christi,</em></strong></span> <span class='ocrx_word' id='word_1_423' title='bbox 1560 4943 1612 5020; x_wconf 85' lang='lat' dir='ltr'><strong>aut</strong></span> <span class='ocrx_word' id='word_1_424' title='bbox 1628 4935 1695 4998; x_wconf 89' lang='lat' dir='ltr'><strong><em>eius</em></strong></span> <span class='ocrx_word' id='word_1_425' title='bbox 1710 4953 1779 5014; x_wconf 92' lang='lat' dir='ltr'><strong><em>par·</em></strong></span> 
     </span>
     <span class='ocr_line' id='line_1_92' title="bbox 1032 5028 1777 5108; baseline -0.001 -15"><span class='ocrx_word' id='word_1_426' title='bbox 1032 5041 1094 5093; x_wconf 91' lang='lat' dir='ltr'><strong>tem</strong></span> <span class='ocrx_word' id='word_1_427' title='bbox 1115 5029 1260 5108; x_wconf 85' lang='lat' dir='ltr'><strong><em>aliquam,</em></strong></span> <span class='ocrx_word' id='word_1_428' title='bbox 1283 5037 1336 5090; x_wconf 87' lang='lat' dir='ltr'><strong>aut</strong></span> <span class='ocrx_word' id='word_1_429' title='bbox 1362 5028 1455 5089; x_wconf 88' lang='lat' dir='ltr'><strong><em>etiam</em></strong></span> <span class='ocrx_word' id='word_1_430' title='bbox 1484 5028 1710 5096; x_wconf 72' lang='lat' dir='ltr'><strong><em>humanitatem</em></strong></span> <span class='ocrx_word' id='word_1_431' title='bbox 1735 5039 1777 5092; x_wconf 92' lang='lat' dir='ltr'><strong>to·</strong></span> 
     </span>
     <span class='ocr_line' id='line_1_93' title="bbox 1031 5121 1778 5199; baseline -0.005 -13"><span class='ocrx_word' id='word_1_432' title='bbox 1031 5132 1093 5186; x_wconf 91' lang='lat' dir='ltr'><strong>tam</strong></span> <span class='ocrx_word' id='word_1_433' title='bbox 1114 5138 1186 5186; x_wconf 92' lang='lat' dir='ltr'><strong>cum</strong></span> <span class='ocrx_word' id='word_1_434' title='bbox 1206 5121 1397 5199; x_wconf 88' lang='lat' dir='ltr'><strong><em>separatione</em></strong></span> <span class='ocrx_word' id='word_1_435' title='bbox 1419 5129 1472 5183; x_wconf 88' lang='lat' dir='ltr'><strong>aut</strong></span> <span class='ocrx_word' id='word_1_436' title='bbox 1487 5121 1677 5198; x_wconf 86' lang='lat' dir='ltr'><strong><em>praecisione</em></strong></span> <span class='ocrx_word' id='word_1_437' title='bbox 1698 5139 1713 5182; x_wconf 89' lang='lat' dir='ltr'><strong>a</strong></span> <span class='ocrx_word' id='word_1_438' title='bbox 1735 5122 1778 5183; x_wconf 93' lang='lat' dir='ltr'><strong>di·</strong></span> 
     </span>
     <span class='ocr_line' id='line_1_94' title="bbox 1030 5210 1750 5293; baseline -0.001 -14"><span class='ocrx_word' id='word_1_439' title='bbox 1030 5210 1160 5280; x_wconf 80' lang='lat' dir='ltr'><strong><em>vin&#39;itate</em></strong></span> <span class='ocrx_word' id='word_1_440' title='bbox 1181 5215 1300 5278; x_wconf 90' lang='lat' dir='ltr'><strong><em>adorari</em></strong></span> <span class='ocrx_word' id='word_1_441' title='bbox 1323 5229 1387 5277; x_wconf 90' lang='lat' dir='ltr'><strong>uon</strong></span> <span class='ocrx_word' id='word_1_442' title='bbox 1409 5227 1496 5292; x_wconf 90' lang='lat' dir='ltr'><strong><em>posse</em></strong></span> <span class='ocrx_word' id='word_1_443' title='bbox 1518 5214 1605 5277; x_wconf 88' lang='lat' dir='ltr'><strong><em>cultu</em></strong></span> <span class='ocrx_word' id='word_1_444' title='bbox 1627 5214 1750 5293; x_wconf 66' lang='lat' dir='ltr'><strong><em>latriam</em></strong></span> 
     </span>
    </p>

    <p class='ocr_par' dir='ltr' id='par_1_36' title="bbox 1029 5309 1779 6046">
     <span class='ocr_line' id='line_1_95' title="bbox 1069 5309 1777 5388; baseline -0.004 -13"><span class='ocrx_word' id='word_1_445' title='bbox 1069 5311 1158 5388; x_wconf 87' lang='lat' dir='ltr'><strong><em>Quasi</em></strong></span> <span class='ocrx_word' id='word_1_446' title='bbox 1180 5310 1285 5372; x_wconf 85' lang='lat' dir='ltr'><strong><em>ddeles</em></strong></span> <span class='ocrx_word' id='word_1_447' title='bbox 1303 5326 1356 5372; x_wconf 89' lang='lat' dir='ltr'><strong>cor</strong></span> <span class='ocrx_word' id='word_1_448' title='bbox 1377 5309 1444 5371; x_wconf 87' lang='lat' dir='ltr'><strong><em>lesu</em></strong></span> <span class='ocrx_word' id='word_1_449' title='bbox 1467 5309 1631 5371; x_wconf 89' lang='lat' dir='ltr'><strong><em>adorarent</em></strong></span> <span class='ocrx_word' id='word_1_450' title='bbox 1647 5326 1717 5372; x_wconf 93' lang='lat' dir='ltr'><strong>cum</strong></span> <span class='ocrx_word' id='word_1_451' title='bbox 1732 5327 1777 5372; x_wconf 92' lang='lat' dir='ltr'><strong>se·</strong></span> 
     </span>
     <span class='ocr_line' id='line_1_96' title="bbox 1030 5401 1777 5486; baseline -0.004 -19"><span class='ocrx_word' id='word_1_452' title='bbox 1030 5406 1187 5486; x_wconf 90' lang='lat' dir='ltr'><strong><em>paratione</em></strong></span> <span class='ocrx_word' id='word_1_453' title='bbox 1208 5403 1259 5465; x_wconf 88' lang='lat' dir='ltr'><strong>vel</strong></span> <span class='ocrx_word' id='word_1_454' title='bbox 1280 5403 1497 5483; x_wconf 80' lang='lat' dir='ltr'><strong><em>praecisiones</em></strong></span> <span class='ocrx_word' id='word_1_455' title='bbox 1513 5401 1686 5479; x_wconf 80' lang='lat' dir='ltr'><strong><em>divinitate,</em></strong></span> <span class='ocrx_word' id='word_1_456' title='bbox 1703 5403 1777 5466; x_wconf 93' lang='lat' dir='ltr'><strong><em>dum</em></strong></span> 
     </span>
     <span class='ocr_line' id='line_1_97' title="bbox 1029 5496 1779 5576; baseline -0.001 -17"><span class='ocrx_word' id='word_1_457' title='bbox 1029 5499 1106 5562; x_wconf 85' lang='lat' dir='ltr'><strong><em>illud</em></strong></span> <span class='ocrx_word' id='word_1_458' title='bbox 1128 5500 1267 5572; x_wconf 89' lang='lat' dir='ltr'><strong><em>adorant,</em></strong></span> <span class='ocrx_word' id='word_1_459' title='bbox 1290 5505 1325 5559; x_wconf 91' lang='lat' dir='ltr'><strong>ut</strong></span> <span class='ocrx_word' id='word_1_460' title='bbox 1346 5504 1392 5558; x_wconf 89' lang='lat' dir='ltr'><strong>est</strong></span> <span class='ocrx_word' id='word_1_461' title='bbox 1412 5512 1465 5558; x_wconf 90' lang='lat' dir='ltr'><strong>cor</strong></span> <span class='ocrx_word' id='word_1_462' title='bbox 1487 5496 1566 5570; x_wconf 91' lang='lat' dir='ltr'><strong><em>lesu,</em></strong></span> <span class='ocrx_word' id='word_1_463' title='bbox 1589 5511 1641 5557; x_wconf 91' lang='lat' dir='ltr'><strong>cor</strong></span> <span class='ocrx_word' id='word_1_464' title='bbox 1664 5512 1779 5576; x_wconf 91' lang='lat' dir='ltr'><strong><em>nempe</em></strong></span> 
     </span>
     <span class='ocr_line' id='line_1_98' title="bbox 1030 5589 1777 5672; baseline -0.005 -18"><span class='ocrx_word' id='word_1_465' title='bbox 1030 5608 1178 5672; x_wconf 88' lang='lat' dir='ltr'><strong><em>personae</em></strong></span> <span class='ocrx_word' id='word_1_466' title='bbox 1199 5591 1297 5666; x_wconf 89' lang='lat' dir='ltr'><strong><em>verbi,</em></strong></span> <span class='ocrx_word' id='word_1_467' title='bbox 1317 5589 1367 5652; x_wconf 92' lang='lat' dir='ltr'><strong>cui</strong></span> <span class='ocrx_word' id='word_1_468' title='bbox 1390 5589 1636 5668; x_wconf 89' lang='lat' dir='ltr'><strong><em>inseparabiliter</em></strong></span> <span class='ocrx_word' id='word_1_469' title='bbox 1652 5589 1777 5652; x_wconf 90' lang='lat' dir='ltr'><strong><em>unitum</em></strong></span> 
     </span>
     <span class='ocr_line' id='line_1_99' title="bbox 1031 5685 1777 5761; baseline -0.005 -14"><span class='ocrx_word' id='word_1_470' title='bbox 1031 5693 1087 5761; x_wconf 89' lang='lat' dir='ltr'><strong><em>est,</em></strong></span> <span class='ocrx_word' id='word_1_471' title='bbox 1110 5685 1146 5747; x_wconf 90' lang='lat' dir='ltr'><strong>ad</strong></span> <span class='ocrx_word' id='word_1_472' title='bbox 1166 5700 1241 5746; x_wconf 90' lang='lat' dir='ltr'><strong>eum</strong></span> <span class='ocrx_word' id='word_1_473' title='bbox 1262 5685 1402 5759; x_wconf 92' lang='lat' dir='ltr'><strong><em>modum,</em></strong></span> <span class='ocrx_word' id='word_1_474' title='bbox 1426 5699 1487 5761; x_wconf 85' lang='lat' dir='ltr'><strong><em>quo</em></strong></span> <span class='ocrx_word' id='word_1_475' title='bbox 1509 5698 1651 5760; x_wconf 81' lang='lat' dir='ltr'><strong><em>exangue</em></strong></span> <span class='ocrx_word' id='word_1_476' title='bbox 1666 5698 1777 5760; x_wconf 89' lang='lat' dir='ltr'><strong><em>corpus</em></strong></span> 
     </span>
     <span class='ocr_line' id='line_1_100' title="bbox 1031 5777 1777 5855; baseline -0.008 -11"><span class='ocrx_word' id='word_1_477' title='bbox 1031 5780 1146 5844; x_wconf 91' lang='lat' dir='ltr'><strong><em>Christi</em></strong></span> <span class='ocrx_word' id='word_1_478' title='bbox 1168 5779 1199 5841; x_wconf 92' lang='lat' dir='ltr'><strong>in</strong></span> <span class='ocrx_word' id='word_1_479' title='bbox 1224 5777 1325 5840; x_wconf 90' lang='lat' dir='ltr'><strong><em>triduo</em></strong></span> <span class='ocrx_word' id='word_1_480' title='bbox 1351 5777 1459 5838; x_wconf 90' lang='lat' dir='ltr'><strong><em>mortis</em></strong></span> <span class='ocrx_word' id='word_1_481' title='bbox 1488 5777 1558 5839; x_wconf 90' lang='lat' dir='ltr'><strong><em>sine</em></strong></span> <span class='ocrx_word' id='word_1_482' title='bbox 1585 5777 1777 5855; x_wconf 89' lang='lat' dir='ltr'><strong><em>separatione</em></strong></span> 
     </span>
     <span class='ocr_line' id='line_1_101' title="bbox 1030 5869 1775 5951; baseline -0.003 -15"><span class='ocrx_word' id='word_1_483' title='bbox 1030 5881 1082 5936; x_wconf 88' lang='lat' dir='ltr'><strong>aut</strong></span> <span class='ocrx_word' id='word_1_484' title='bbox 1103 5871 1291 5951; x_wconf 91' lang='lat' dir='ltr'><strong><em>praecisione</em></strong></span> <span class='ocrx_word' id='word_1_485' title='bbox 1313 5888 1328 5932; x_wconf 92' lang='lat' dir='ltr'><strong>a</strong></span> <span class='ocrx_word' id='word_1_486' title='bbox 1351 5869 1513 5933; x_wconf 85' lang='lat' dir='ltr'><strong><em>divinitate</em></strong></span> <span class='ocrx_word' id='word_1_487' title='bbox 1543 5869 1697 5934; x_wconf 86' lang='lat' dir='ltr'><strong><em>adorabile</em></strong></span> <span class='ocrx_word' id='word_1_488' title='bbox 1717 5869 1775 5934; x_wconf 87' lang='lat' dir='ltr'><strong><em>luit</em></strong></span> 
     </span>
     <span class='ocr_line' id='line_1_102' title="bbox 1031 5966 1258 6046; baseline -0.013 -17"><span class='ocrx_word' id='word_1_489' title='bbox 1031 5969 1063 6030; x_wconf 94' lang='lat' dir='ltr'><strong>in</strong></span> <span class='ocrx_word' id='word_1_490' title='bbox 1084 5966 1258 6046; x_wconf 89' lang='lat' dir='ltr'><strong><em>sepulchro,</em></strong></span> 
     </span>
    </p>
   </div>
   <div class='ocr_carea' id='block_1_34' title="bbox 0 0 2380 6980">
    <p class='ocr_par' dir='ltr' id='par_1_37' title="bbox 0 0 2380 6980">
     <span class='ocr_line' id='line_1_103' title="bbox 0 0 2380 6980; baseline 0 2"><span class='ocrx_word' id='word_1_491' title='bbox 0 0 2380 6980; x_wconf 95' lang='lat' dir='ltr'><strong> </strong></span> 
     </span>
    </p>
   </div>
  </div>
 </body>
</html>
