4750 6980
932 589 1002 636 etus
1023 589 1072 635 1³1³.
1096 588 1139 633 l'l.

612 709 662 772 vt.

69 906 249 968 murmiralio·
303 898 323 974 ἓ
343 896 372 959 8.
396 897 436 962 Ut
466 898 650 975 guardianus
676 906 706 961 et
728 898 929 976 collegiorum
951 899 1008 962 dis-

62 958 249 1064 &an
264 991 340 1053 creti
361 991 584 1068 praedicatores
598 1000 629 1055 et
643 992 841 1055 confessarios
863 999 931 1055 tum
950 989 1008 1053 fra-

266 1094 360 1160 trum,
383 1091 452 1147 tum
474 1085 656 1149 monialium
678 1088 851 1160 nominare,
870 1085 1008 1148 dimisso-

266 1178 308 1240 ria
324 1178 360 1240 ad
375 1178 498 1242 ordines
513 1178 692 1254 concedere,
707 1196 740 1242 ac
755 1179 823 1242 illos
838 1178 1008 1244 ordinariis

266 1271 460 1350 praesentare
482 1279 640 1350 poterunt,
656 1289 732 1353 quos
749 1273 784 1335 ad
806 1273 938 1335 verbum
953 1272 1006 1334 boi

266 1363 541 1440 evangelizandum
569 1371 662 1444 atque
691 1364 947 1428 christifidelium
974 1381 1007 1426 1-

267 1458 402 1535 triusque
422 1473 514 1519 sexus
528 1457 735 1520 confessiones
756 1457 923 1522 audiendas
944 1458 1008 1520 ido·

266 1566 337 1613 neos
357 1556 390 1613 et
410 1565 531 1628 capaces
552 1551 753 1629 reputabunt,
775 1567 838 1614 non
860 1567 947 1613 secus
974 1567 1007 1615 ac

265 1641 482 1722 provinciales:
505 1645 603 1721 quoad
624 1660 694 1706 suos
708 1645 847 1707 subditos
868 1645 936 1707 sine
958 1661 1007 1723 pa·

265 1736 339 1797 riter
359 1735 477 1798 furium
502 1753 535 1799 ac
563 1734 744 1800 facultatum
772 1737 1006 1800 ordinariorum

266 1830 405 1892 localium
429 1829 624 1908 praeiudicio.

601 2016 664 2079 Vll.

22 2229 23 2260 1
81 2211 108 2252 ba
119 2203 246 2250 concessio-

63 2271 85 2306 ne
100 2257 194 2304 babitus
213 2267 247 2302 ra-

64 2312 145 2371 gularb.

301 2208 320 2281 ἓ
340 2207 370 2269 9.
394 2205 435 2268 Ut
456 2205 642 2284 guardianus
668 2211 698 2268 et
725 2205 926 2282 collegiorum
948 2207 1008 2270 dis·

263 2299 335 2361 creti
358 2297 536 2376 regularem
557 2297 697 2362 habitum
717 2299 897 2374 concedere,
914 2309 1008 2377 atque

263 2393 298 2454 ad
319 2390 505 2467 religionem
526 2397 558 2453 et
578 2389 801 2468 professionem
829 2391 1006 2468 regularem

263 2484 464 2548 emittendam
486 2499 537 2546 eos
558 2483 722 2546 admittere
742 2491 868 2563 queant,
886 2485 917 2546 in
940 2486 1007 2563 qui·

265 2579 319 2640 bus
333 2583 364 2639 et
379 2593 449 2639 vera
465 2578 585 2639 vocatio
598 2577 733 2640 elucebit
748 2585 840 2657 atque
851 2594 885 2640 ea
900 2585 1004 2654 erunt,

263 2686 339 2749 quae
352 2671 390 2732 ab
404 2669 626 2733 innocentiana
640 2671 862 2734 constitutione
876 2672 934 2735 sub
948 2687 1007 2734 nu-

265 2763 419 2826 1111121.
450 2763 748 2841 praerequiruntur;
774 2763 864 2827 sicuti
891 2765 1007 2842 pariter

263 2855 382 2918 arbitrii
404 2855 528 2918 maioris
549 2857 643 2932 partis
664 2857 833 2920 discretorii
856 2858 916 2919 erit
939 2857 1006 2920 illos

1730 561 1789 624 425
1839 548 1893 606 11.
1907 548 1937 603 o.
1959 545 2029 602 1197

1064 703 1165 767 mibus
1185 700 1427 766 conversionum
1442 694 1590 778 assignari
1607 697 1737 776 possint,
1754 699 1809 762 du-

1043 785 1046 792 ’
1063 796 1203 860 rantibus
1222 809 1333 858 eorum
1354 791 1525 870 respective
1546 789 1663 854 officiis.

1300 1002 1304 1009 ²
1411 981 1461 1045 tit.

1102 1174 1120 1247 ἓ
1144 1172 1189 1235 13.
1214 1173 1253 1236 Ut
1274 1171 1426 1250 praesides
1457 1170 1604 1250 praedicti
1632 1170 1669 1234 ab
1697 1187 1805 1234 eorum
1847 1179 1883 1222 1³⁰
1899 1177 2039 1240 remotione

1061 1266 1161 1329 cilicio
1182 1267 1320 1328 amoveri
1342 1267 1471 1344 possint,
1488 1263 1609 1343 quoties
1622 1265 1807 1342 guardianus
1826 1230 1974 1332 wascum
2005 1229 2038 1276 :t

1062 1366 1093 1420 et
1113 1358 1237 1421 discreti
1260 1359 1357 1420 maius
1371 1359 1425 1421 Ilei
1441 1364 1473 1420 et
1488 1358 1569 1435 regis
1590 1356 1729 1420 catholici
1743 1373 1807 1418 ser·

1063 1450 1175 1513 vitium
1197 1451 1228 1514 id
1248 1451 1371 1527 erigere
1392 1451 1573 1514 censebunt.

1401 1638 1465 1704 xli.

1101 1825 1120 1900 5
1144 1825 1190 1887 11.
1215 1825 1254 1888 Ut
1276 1827 1308 1886 in
1330 1826 1465 1904 qualibet
1492 1827 1727 1902 communitate,
1751 1843 1804 1890 seu
1884 1824 1971 1924 ”21⁰⁸
1992 1825 2039 1924 3⁰1

1062 1918 1153 1980 domo
1172 1919 1394 1994 conversionis,
1410 1918 1504 1982 frater
1524 1920 1575 1995 sit,
1591 1921 1645 2000 qui
1666 1919 1806 2000 capitulis
1826 1888 2038 1980 Βὲῗιῗωοιθῶῧοηῗ-

1062 2012 1098 2073 11
1123 2011 1281 2089 eligendos
1302 2014 1485 2088 guardianos
1506 2030 1560 2076 seu
1581 2014 1806 2077 commissarios
1826 1984 2039 2102 ss’ffiffi‘fflr‘ss

1062 2104 1188 2183 praesit:
1213 2111 1308 2188 utque
1322 2105 1348 2166 si
1363 2106 1522 2183 contingat
1543 2105 1651 2170 fratres
1666 2111 1704 2170 de
1719 2106 1808 2168 fami·
1826 2101 1960 2140 ⁵⁸'¹⁰¹¹¹¹'¹·

1063 2197 1100 2258 lia
1111 2197 1282 2277 discrepare
1293 2198 1325 2260 in
1340 2199 1491 2262 electione
1503 2200 1667 2279 praedicta,
1679 2208 1755 2264 tunc
1768 2218 1807 2264 ex

1061 2290 1180 2355 duobus
1194 2298 1246 2352 aut
1261 2292 1401 2368 pluribus
1416 2292 1593 2370 designatis,
1605 2295 1658 2374 qui
1671 2295 1807 2359 officium

1062 2384 1224 2460 obtinebit,
1247 2386 1307 2447 erit
1328 2393 1410 2448 sorte
1431 2385 1596 2462 legendus:
1626 2389 1677 2468 qui
1703 2397 1806 2452 tamen

1061 2479 1094 2540 in
1115 2477 1236 2557 scriptis
1257 2493 1365 2541 vocem
1393 2493 1448 2540 seu
1465 2477 1650 2556 suffragium
1670 2481 1807 2544 activum

1061 2572 1220 2647 abdicauit,
1244 2574 1379 2651 haecque
1401 2572 1591 2634 renuntiatio
1619 2573 1752 2652 capitulo
1776 2582 1807 2637 et

1061 2664 1239 2726 discretorio
1258 2665 1319 2726 erit
1339 2665 1531 2728 exbibenda·

1393 2852 1473 2916 ilttt.

262 2948 420 3011 interdum
441 2948 524 3010 inter
538 2946 648 3011 fratres
662 2950 946 3028 ordinis'praedicti
960 2970 1007 3014 ac·
1065 2938 1074 2958 ¹

262 3041 376 3119 cipere,
398 3042 453 3120 qui
474 3041 586 3117 viginti
615 3049 646 3104 et
668 3044 761 3106 unius
781 3045 854 3105 anni
876 3053 1006 3108 aetatem

263 3135 401 3197 nondum
422 3141 609 3211 exegerunt,
626 3137 667 3197 ita
684 3144 786 3199 tamen
808 3141 842 3199 ut
859 3137 941 3200 bisce
955 3138 1006 3202 de·

262 3242 354 3304 super
382 3227 509 3290 illorum
537 3230 723 3293 conscientia
751 3239 876 3292 onerata
900 3231 951 3307 sit,
976 3243 1007 3295 et

262 3319 362 3383 omnia
377 3320 461 3382 furta
475 3323 657 3384 sacrosancti
680 3323 855 3387 tridentini
877 3325 1007 3388 concilii

262 3415 382 3478 decreta
403 3415 491 3487 fiant,
512 3430 546 3477 ac
567 3430 660 3476 nemo
682 3417 847 3494 recipiatur
869 3419 950 3481 ultra
971 3419 1007 3480 il-

262 3508 365 3570 lorum
396 3523 580 3584 numerum,
604 3509 657 3587 qui
685 3513 847 3575 commode
866 3527 906 3573 ex
927 3513 1008 3576 elee-

263 3601 401 3676 mcsvnis
421 3603 589 3664 sustentari
611 3610 748 3680 possunt.

595 3750 672 3815 llllt.

22 3879 23 3904 ¹
91 3898 245 3959 ,11111111
301 3890 320 3963 ἓ
344 3889 389 3952 to.
415 3887 455 3949 Ut
476 3886 584 3950 fratres
606 3887 790 3950 missionarii
811 3898 879 3968 post
900 3891 1009 3954 decur-

73 3953 245 4057 fffssii‘issfficiguit'l
261 3997 332 4045 sum
353 3981 539 4044 decennium
561 3981 594 4042 in
617 3981 698 4044 aliud
723 3981 890 4059 collegium
914 3985 1006 4063 recipi

74 4057 243 4115 111κὶ111111·
262 4075 394 4155 possint:
412 4073 533 4151 quodsi
548 4073 637 4134 iustis
651 4073 689 4134 de
703 4075 800 4136 causis
815 4083 887 4138 ante
899 4091 1006 4139 emen-

22 4179 23 4186 *
262 4183 331 4230 sum
353 4166 539 4228 decennium
568 4166 801 4230 translationem
828 4168 1006 4232 huiusmodi

262 4259 429 4339 postulent,
452 4259 591 4322 adalind
620 4260 735 4337 pariter
761 4260 928 4338 collegium
957 4263 1005 4325 ad-

263 4353 384 4430 gregari
405 4359 564 4430 poterunt,
580 4353 742 4415 accedente
766 4362 868 4416 tamen
891 4356 1006 4420 utrius-

262 4460 322 4523 que
342 4445 513 4508 discretorii
535 4460 698 4520 consensu,
721 4453 752 4508 et
773 4455 897 4510 retento
924 4451 1005 4528 quod

262 4539 321 4600 iam
342 4539 401 4600 fuit
423 4539 648 4617 praescriptum
670 4555 725 4618 pro
748 4540 946 4603 translatione
968 4544 1006 4605 de

261 4647 322 4694 una
342 4631 378 4692 11
400 4631 490 4693 aliam
511 4631 713 4708 provinciam.

606 4778 658 4842 tx.

22 4831 24 4990 ζ
76 4917 244 5028 hupefflffitsst:
300 4913 318 4986 ἓ
342 4912 388 4974 11.
413 4912 452 4975 Ut
475 4912 680 4992 hospitiorum
701 4922 732 4976 et
761 4917 1005 4979 conversionum

22 4991 24 5078 l
77 5025 243 5080 1111111-
260 5003 413 5082 praesides
434 5007 554 5068 easdem
584 5006 715 5068 babeant
746 5008 916 5086 facultates,
939 5011 1008 5088 qui-

22 5135 23 5138 ,
77 5081 154 5122 vrorum.
261 5097 317 5160 bus
348 5114 403 5176 per
434 5103 546 5160 statuta
577 5099 693 5161 ordinis
724 5102 870 5179 praedicti
900 5102 1005 5165 vicarii

260 5199 484 5266 conventuum,
508 5191 633 5254 absente
657 5193 836 5269 guardiano,
859 5203 1004 5272 utuntur,

260 5291 356 5362 utque
371 5283 403 5345 in
418 5284 621 5347 electionibus
636 5287 810 5363 praesidum
827 5288 1005 5352 huiusmodi

259 5393 303 5451 ea,
326 5392 404 5454 quae
430 5394 445 5437 a
473 5379 563 5440 toties
591 5386 759 5441 memorata
785 5381 1006 5444 constitutione

259 5470 475 5532 innocentiana
497 5487 552 5548 pro
573 5470 724 5534 electione
746 5473 850 5534 vicarii
871 5490 1006 5537 conven-

261 5571 350 5626 tuum
372 5563 601 5641 praescribitur,
618 5565 746 5628 omnino
766 5566 829 5630 sint
842 5570 1002 5633 servanda.

612 5714 675 5776 X,.

80 5844 242 5952 rffissfffffflgffiff
297 5849 317 5922 5
339 5847 388 5909 li.
410 5848 450 5911 Ut
471 5847 672 5924 collegiorum
687 5850 819 5912 actuales
835 5851 956 5914 discreti
971 5852 1003 5912 in

22 5953 23 5956 ’
81 5955 105 5992 tv
115 5955 239 6006 vrassanum.
259 5941 412 6020 praesides
427 5941 602 6004 buiusmodi
618 5957 720 6021 neque
734 5943 818 6019 eligi,
838 5959 939 6022 neque
952 5944 1004 6008 do·

366 6087 416 6132 tur.
435 6087 503 6133 Pont.
520 6086 550 6132 de
567 6087 638 6147 Prop.
655 6087 715 6136 Fide
731 6091 811 6138 Partis
827 6093 844 6138 l.
861 6091 912 6138 vol.
930 6095 968 6139 lll.

1101 3043 1120 3116 g
1144 3041 1190 3102 tlt.
1214 3041 1254 3104 Ut
1268 3042 1293 3103 si
1310 3043 1495 3118 guardianus
1516 3044 1626 3123 aliquis
1647 3043 1742 3108 frater
1757 3047 1806 3108 ab
1826 3047 2038 3147 ,Yilffll'fdffig

1060 3151 1131 3197 sens
1146 3135 1343 3198 renuntiatus
1358 3135 1452 3198 fuerit
1463 3152 1582 3214 praeses
1597 3138 1722 3216 capituli
1734 3156 1807 3202 cum
1826 3111 1969 3216 saffirssfflf
1989 3111 2038 3200 Ινῗ-

1061 3228 1200 3292 diseretis
1220 3230 1483 3293 commorantibus
1496 3233 1529 3293 in
1544 3231 1684 3310 collegio,
1701 3227 1807 3297 eadem
1826 3216 1930 3254 ΨΜ·

1061 3321 1157 3401 pollet
1178 3323 1333 3397 facultate,
1362 3339 1440 3404 quae
1461 3342 1477 3386 a
1497 3327 1631 3388 secunda
1656 3328 1806 3391 innocen-

1063 3415 1142 3477 tiana
1164 3416 1386 3479 constitutione
1409 3417 1466 3479 sub
1493 3434 1626 3481 numero
1648 3421 1807 3497 trigesimo

1061 3511 1196 3571 secundo
1218 3525 1299 3571 novo
1321 3511 1488 3587 guardiano
1503 3513 1539 3575 ad
1560 3512 1740 3590 eligendum
1762 3514 1806 3575 vi·

1061 3601 1177 3664 carium
1199 3602 1391 3677 attribuitur,
1414 3606 1467 3681 qui
1494 3605 1625 3668 subinde
1652 3616 1806 3686 umquam

1062 3707 1181 3773 praeses
1202 3697 1233 3756 in
1256 3697 1354 3774 capite
1377 3713 1444 3759 rem
1467 3714 1593 3761 omnem
1615 3700 1809 3762 administra-

1062 3787 1106 3849 bit
1135 3788 1272 3868 primum
1304 3789 1406 3852 locum
1434 3807 1585 3871 occupans
1609 3809 1707 3872 usque
1733 3796 1807 3858 olum

1060 3881 1177 3943 electus
1191 3881 1378 3960 guardianus
1393 3884 1423 3945 in
1441 3883 1607 3962 collegium
1625 3887 1806 3965 perveniat;

1061 3973 1181 4053 quodsi
1197 3991 1297 4038 novus
1317 3975 1433 4039 electus
1448 3977 1634 4054 guardianus
1650 3980 1775 4044 interim
1791 3998 1808 4042 e

1063 4068 1124 4130 vita
1146 4069 1280 4144 excedat,
1304 4069 1355 4130 vel
1375 4070 1513 4132 cilicium
1528 4079 1659 4148 recuset,
1678 4074 1808 4136 vicarius

1061 4162 1232 4239 praedictus
1264 4163 1296 4224 in
1325 4172 1462 4241 suscepta
1491 4165 1756 4230 administratione
1777 4176 1808 4230 et

1062 4255 1212 4332 gubernio
1237 4257 1468 4320 communitatis
1497 4257 1594 4322 veluti
1626 4274 1747 4337 praeses
1774 4261 1806 4323 in

1061 4348 1160 4427 capite
1188 4348 1345 4429 usquead
1373 4351 1502 4412 exitum·
1522 4352 1615 4414 unius
1640 4355 1713 4415 anni
1735 4370 1807 4417 cum

1061 4438 1188 4502 dimidio
1216 4440 1376 4503 electionis
1405 4449 1529 4519 perget:
1552 4444 1578 4504 si
1599 4458 1692 4521 porro
1718 4461 1808 4522 guar·

1061 4533 1170 4596 dianus
1191 4534 1271 4596 intra
1293 4532 1393 4610 ipsum
1413 4550 1486 4596 suae
1507 4534 1666 4599 electionis
1688 4538 1807 4600 deficiat

1060 4641 1190 4700 annum,
1213 4626 1318 4690 vicarii
1341 4627 1399 4688 erit
1421 4628 1502 4691 intra
1518 4629 1611 4692 breve
1634 4630 1729 4693 trium
1745 4632 1807 4694 die·

1062 4733 1132 4781 rum
1155 4721 1288 4796 spatium
1309 4737 1325 4781 a
1346 4721 1395 4784 die
1416 4721 1529 4798 obitus,
1544 4738 1599 4786 seu
1621 4723 1806 4786 dimissionis

1061 4821 1113 4874 aut
1134 4813 1387 4888 renunciationis,
1403 4814 1523 4877 vocales
1537 4831 1657 4891 omnes,
1669 4825 1745 4895 quot
1759 4818 1806 4880 in·

1062 4912 1107 4967 tra
1118 4906 1250 4985 spatium
1265 4907 1378 4984 viginti
1392 4907 1516 4971 dierum
1530 4909 1634 4973 haberi
1646 4916 1804 4989 poterunt,

1060 5016 1230 5062 convocare
1243 5017 1300 5080 pro
1315 5003 1388 5064 novi
1404 5004 1562 5080 guardiani
1579 5004 1741 5078 electione,
1757 5004 1806 5066 cui

1060 5093 1204 5156 electioni
1231 5095 1354 5171 dignior
1382 5096 1504 5174 collegii
1536 5099 1684 5175 praeerit;
1707 5105 1738 5160 et
1759 5114 1806 5160 re-

1060 5203 1133 5250 cens
1153 5187 1269 5251 electus
1283 5205 1376 5252 suum
1391 5191 1581 5266 gubernium
1597 5193 1744 5269 usquead
1761 5191 1807 5252 in·

1060 5283 1139 5360 cepti
1156 5282 1284 5345 triennii
1299 5283 1417 5345 exitum
1434 5293 1537 5359 geret:
1554 5285 1578 5346 si
1595 5293 1699 5347 autem
1715 5301 1806 5362 guar-

1061 5375 1169 5437 dianus
1190 5375 1223 5437 in
1248 5378 1385 5438 seeundo
1407 5385 1459 5438 aut
1481 5377 1573 5439 tertio
1593 5379 1641 5440 sui
1662 5378 1806 5456 gubernii

1060 5485 1142 5530 anno
1164 5469 1295 5545 deliciet,
1312 5480 1386 5533 tunc
1401 5472 1531 5534 vicarius
1543 5474 1713 5549 praedictus
1731 5481 1803 5534 tam·

1060 5583 1154 5645 quum
1176 5565 1351 5644 praesidens
1374 5569 1406 5630 in
1428 5567 1526 5644 capite
1540 5582 1639 5644 usque
1653 5567 1687 5628 ad
1703 5568 1805 5645 proui-

1060 5676 1142 5722 mam
1170 5661 1293 5739 capituli
1322 5665 1586 5738 convocationem,
1615 5681 1693 5742 quae
1724 5681 1805 5727 nou·

1060 5770 1153 5833 quam
1170 5754 1248 5818 ultra
1263 5755 1389 5818 solitum
1407 5757 1580 5820 triennium
1596 5757 1803 5834 protrahatur,
1845 5834 1849 5842 Ι

1060 5850 1316 5913 communitatem
1328 5850 1549 5922 moderabitur,
1562 5864 1595 5910 ea
1609 5858 1711 5912 tamen
1725 5850 1803 5926 lege,

1061 5951 1094 6006 ut
1115 5945 1188 6006 baec
1209 5941 1311 6006 omnia
1327 5943 1536 6006 commissario
1554 5943 1691 6019 generali
1711 5943 1805 6018 sigui-

1673 6096 1698 6136 bf
