<?xml version="1.0" encoding="UTF-8"?>
<!DOCTYPE html PUBLIC "-//W3C//DTD XHTML 1.0 Transitional//EN"
    "http://www.w3.org/TR/xhtml1/DTD/xhtml1-transitional.dtd">
<html xmlns="http://www.w3.org/1999/xhtml" xml:lang="en" lang="en">
 <head>
  <title>
</title>
<meta http-equiv="Content-Type" content="text/html;charset=utf-8" />
  <meta name='ocr-system' content='tesseract 3.04.00' />
  <meta name='ocr-capabilities' content='ocr_page ocr_carea ocr_par ocr_line ocrx_word'/>
</head>
<body>
  <div class='ocr_page' id='page_1' title='image "./iurispontificii00martgoog_0556.png"; bbox 0 0 4722 6976; ppageno 0'>
   <div class='ocr_carea' id='block_1_1' title="bbox 57 547 224 616">
    <p class='ocr_par' dir='ltr' id='par_1_1' title="bbox 57 547 224 616">
     <span class='ocr_line' id='line_1_1' title="bbox 57 547 224 616; baseline -0.06 -1"><span class='ocrx_word' id='word_1_1' title='bbox 57 557 99 616; x_wconf 76' lang='lat' dir='ltr'><strong>ln.</strong></span> <span class='ocrx_word' id='word_1_2' title='bbox 110 555 137 611; x_wconf 81' lang='lat'><strong>0.</strong></span> <span class='ocrx_word' id='word_1_3' title='bbox 157 547 224 606; x_wconf 81' lang='lat' dir='ltr'><strong>uelo</strong></span> 
     </span>
    </p>
   </div>
   <div class='ocr_carea' id='block_1_2' title="bbox 56 4236 238 4334">
    <p class='ocr_par' dir='ltr' id='par_1_2' title="bbox 56 4236 238 4334">
     <span class='ocr_line' id='line_1_2' title="bbox 68 4236 238 4282; baseline 0.006 -3"><span class='ocrx_word' id='word_1_4' title='bbox 68 4236 134 4282; x_wconf 71' lang='lat' dir='ltr'><strong>honor</strong></span> <span class='ocrx_word' id='word_1_5' title='bbox 146 4243 238 4282; x_wconf 83' lang='lat' dir='ltr'><strong>concas·</strong></span> 
     </span>
     <span class='ocr_line' id='line_1_3' title="bbox 56 4289 125 4334; baseline 0.043 -3"><span class='ocrx_word' id='word_1_6' title='bbox 56 4289 125 4334; x_wconf 77' lang='lat' dir='ltr'><strong>alonis.</strong></span> 
     </span>
    </p>
   </div>
   <div class='ocr_carea' id='block_1_3' title="bbox 918 551 1140 608">
    <p class='ocr_par' dir='ltr' id='par_1_3' title="bbox 918 551 1140 608">
     <span class='ocr_line' id='line_1_4' title="bbox 918 551 1140 608; baseline -0.014 -1"><span class='ocrx_word' id='word_1_7' title='bbox 918 555 991 608; x_wconf 77' lang='lat' dir='ltr'><strong>ntus</strong></span> <span class='ocrx_word' id='word_1_8' title='bbox 1012 551 1062 606; x_wconf 71' lang='lat' dir='ltr'><strong>PP.</strong></span> <span class='ocrx_word' id='word_1_9' title='bbox 1085 551 1140 605; x_wconf 85' lang='lat' dir='ltr'><strong>vlt.</strong></span> 
     </span>
    </p>
   </div>
   <div class='ocr_carea' id='block_1_4' title="bbox 49 681 999 812">
    <p class='ocr_par' dir='ltr' id='par_1_4' title="bbox 49 681 999 812">
     <span class='ocr_line' id='line_1_5' title="bbox 58 681 999 810; baseline -0.014 -58"><span class='ocrx_word' id='word_1_10' title='bbox 58 705 124 810; x_wconf 43' lang='lat'><strong>3330</strong></span> <span class='ocrx_word' id='word_1_11' title='bbox 137 711 235 750; x_wconf 69' lang='lat' dir='ltr'><strong>mneos-</strong></span> <span class='ocrx_word' id='word_1_12' title='bbox 286 689 312 764; x_wconf 57' lang='grc' dir='ltr'><strong>,ξ</strong></span> <span class='ocrx_word' id='word_1_13' title='bbox 332 687 362 752; x_wconf 75' lang='lat'><strong>2.</strong></span> <span class='ocrx_word' id='word_1_14' title='bbox 386 685 520 751; x_wconf 87' lang='lat' dir='ltr'><strong>Lubenti</strong></span> <span class='ocrx_word' id='word_1_15' title='bbox 540 681 673 766; x_wconf 79' lang='lat' dir='ltr'>proinde</span> <span class='ocrx_word' id='word_1_16' title='bbox 696 683 800 747; x_wconf 91' lang='lat' dir='ltr'><strong>animo</strong></span> <span class='ocrx_word' id='word_1_17' title='bbox 820 697 926 761; x_wconf 79' lang='lat' dir='ltr'><strong>preces</strong></span> <span class='ocrx_word' id='word_1_18' title='bbox 945 695 999 740; x_wconf 91' lang='lat' dir='ltr'><strong>ex·</strong></span> 
     </span>
     <span class='ocr_line' id='line_1_6' title="bbox 49 777 115 812; baseline -0.015 -7"><span class='ocrx_word' id='word_1_19' title='bbox 49 777 56 812; x_wconf 86' lang='lat' dir='ltr'><strong>s</strong></span> <span class='ocrx_word' id='word_1_20' title='bbox 111 793 115 804; x_wconf 93' lang='lat'>.</span> 
     </span>
    </p>
   </div>
   <div class='ocr_carea' id='block_1_5' title="bbox 252 772 1006 5978">
    <p class='ocr_par' dir='ltr' id='par_1_5' title="bbox 252 772 1005 4200">
     <span class='ocr_line' id='line_1_7' title="bbox 252 772 997 859; baseline -0.016 -15"><span class='ocrx_word' id='word_1_21' title='bbox 252 779 391 859; x_wconf 85' lang='lat' dir='ltr'>cepimus</span> <span class='ocrx_word' id='word_1_22' title='bbox 405 777 553 841; x_wconf 81' lang='lat' dir='ltr'><strong>carissimi</strong></span> <span class='ocrx_word' id='word_1_23' title='bbox 568 778 600 839; x_wconf 93' lang='lat' dir='ltr'><strong>in</strong></span> <span class='ocrx_word' id='word_1_24' title='bbox 612 775 734 839; x_wconf 88' lang='lat' dir='ltr'><strong>Christe</strong></span> <span class='ocrx_word' id='word_1_25' title='bbox 750 774 805 836; x_wconf 86' lang='lat' dir='ltr'><strong>lilii</strong></span> <span class='ocrx_word' id='word_1_26' title='bbox 817 772 915 834; x_wconf 90' lang='lat' dir='ltr'><strong>nostri</strong></span> <span class='ocrx_word' id='word_1_27' title='bbox 927 773 997 834; x_wconf 82' lang='lat' dir='ltr'><strong>Fer-</strong></span> 
     </span>
     <span class='ocr_line' id='line_1_8' title="bbox 253 864 998 950; baseline -0.013 -15"><span class='ocrx_word' id='word_1_28' title='bbox 253 873 378 936; x_wconf 92' lang='lat' dir='ltr'><strong>dinandi</strong></span> <span class='ocrx_word' id='word_1_29' title='bbox 392 871 608 950; x_wconf 82' lang='lat' dir='ltr'><strong>Hispaniarum</strong></span> <span class='ocrx_word' id='word_1_30' title='bbox 623 868 706 946; x_wconf 89' lang='lat' dir='ltr'><strong>regis</strong></span> <span class='ocrx_word' id='word_1_31' title='bbox 721 865 873 940; x_wconf 73' lang='lat' dir='ltr'><strong>catholici,</strong></span> <span class='ocrx_word' id='word_1_32' title='bbox 886 864 998 942; x_wconf 90' lang='lat' dir='ltr'><strong>quibus</strong></span> 
     </span>
     <span class='ocr_line' id='line_1_9' title="bbox 252 959 999 1040; baseline -0.015 -12"><span class='ocrx_word' id='word_1_33' title='bbox 252 967 288 1029; x_wconf 91' lang='lat' dir='ltr'><strong>ad</strong></span> <span class='ocrx_word' id='word_1_34' title='bbox 299 965 482 1028; x_wconf 89' lang='lat' dir='ltr'><strong>eorumdem</strong></span> <span class='ocrx_word' id='word_1_35' title='bbox 497 963 714 1040; x_wconf 89' lang='lat' dir='ltr'><strong>religiosorum</strong></span> <span class='ocrx_word' id='word_1_36' title='bbox 725 959 872 1024; x_wconf 85' lang='lat' dir='ltr'><strong>ordinum</strong></span> <span class='ocrx_word' id='word_1_37' title='bbox 883 973 999 1034; x_wconf 89' lang='lat' dir='ltr'><strong>augen-</strong></span> 
     </span>
     <span class='ocr_line' id='line_1_10' title="bbox 252 1049 1000 1136; baseline -0.013 -16"><span class='ocrx_word' id='word_1_38' title='bbox 252 1059 322 1122; x_wconf 91' lang='lat' dir='ltr'><strong>dam</strong></span> <span class='ocrx_word' id='word_1_39' title='bbox 344 1058 528 1136; x_wconf 90' lang='lat' dir='ltr'><strong>dignitatem</strong></span> <span class='ocrx_word' id='word_1_40' title='bbox 548 1056 798 1132; x_wconf 80' lang='lat' dir='ltr'><strong>sanctioremque</strong></span> <span class='ocrx_word' id='word_1_41' title='bbox 824 1053 857 1114; x_wconf 92' lang='lat' dir='ltr'><strong>in</strong></span> <span class='ocrx_word' id='word_1_42' title='bbox 878 1049 1000 1113; x_wconf 81' lang='lat' dir='ltr'><strong>Ameri-</strong></span> 
     </span>
     <span class='ocr_line' id='line_1_11' title="bbox 252 1142 1000 1230; baseline -0.02 -12"><span class='ocrx_word' id='word_1_43' title='bbox 252 1156 335 1218; x_wconf 92' lang='lat' dir='ltr'><strong>canis</strong></span> <span class='ocrx_word' id='word_1_44' title='bbox 357 1152 535 1230; x_wconf 89' lang='lat' dir='ltr'><strong>regionibus</strong></span> <span class='ocrx_word' id='word_1_45' title='bbox 556 1150 720 1212; x_wconf 92' lang='lat' dir='ltr'><strong>lovendam</strong></span> <span class='ocrx_word' id='word_1_46' title='bbox 735 1144 928 1224; x_wconf 87' lang='lat' dir='ltr'><strong>disciplinam</strong></span> <span class='ocrx_word' id='word_1_47' title='bbox 943 1142 1000 1204; x_wconf 92' lang='lat' dir='ltr'><strong>mi·</strong></span> 
     </span>
     <span class='ocr_line' id='line_1_12' title="bbox 254 1236 1000 1323; baseline -0.019 -13"><span class='ocrx_word' id='word_1_48' title='bbox 254 1249 338 1310; x_wconf 86' lang='lat' dir='ltr'><strong>rihce</strong></span> <span class='ocrx_word' id='word_1_49' title='bbox 360 1245 602 1323; x_wconf 87' lang='lat' dir='ltr'><strong>compellamur:</strong></span> <span class='ocrx_word' id='word_1_50' title='bbox 626 1243 756 1305; x_wconf 87' lang='lat' dir='ltr'><strong>dilectus</strong></span> <span class='ocrx_word' id='word_1_51' title='bbox 783 1239 896 1318; x_wconf 91' lang='lat' dir='ltr'><strong>quippe</strong></span> <span class='ocrx_word' id='word_1_52' title='bbox 918 1236 1000 1298; x_wconf 81' lang='lat' dir='ltr'><strong>salius</strong></span> 
     </span>
     <span class='ocr_line' id='line_1_13' title="bbox 252 1334 1001 1420; baseline -0.02 -16"><span class='ocrx_word' id='word_1_53' title='bbox 252 1357 348 1420; x_wconf 90' lang='lat' dir='ltr'><strong>eques</strong></span> <span class='ocrx_word' id='word_1_54' title='bbox 369 1339 525 1402; x_wconf 78' lang='lat' dir='ltr'><strong>Antonius</strong></span> <span class='ocrx_word' id='word_1_55' title='bbox 547 1335 663 1414; x_wconf 77' lang='lat' dir='ltr'><strong>vargas</strong></span> <span class='ocrx_word' id='word_1_56' title='bbox 684 1351 703 1412; x_wconf 81' lang='lat' dir='ltr'>y</span> <span class='ocrx_word' id='word_1_57' title='bbox 729 1334 854 1411; x_wconf 90' lang='lat' dir='ltr'><strong>Laguna</strong></span> <span class='ocrx_word' id='word_1_58' title='bbox 875 1347 950 1393; x_wconf 91' lang='lat' dir='ltr'><strong>suus</strong></span> <span class='ocrx_word' id='word_1_59' title='bbox 970 1345 1001 1389; x_wconf 91' lang='lat' dir='ltr'><strong>a·</strong></span> 
     </span>
     <span class='ocr_line' id='line_1_14' title="bbox 254 1424 1001 1514; baseline -0.017 -18"><span class='ocrx_word' id='word_1_60' title='bbox 254 1435 313 1514; x_wconf 92' lang='lat' dir='ltr'><strong>pud</strong></span> <span class='ocrx_word' id='word_1_61' title='bbox 329 1450 386 1495; x_wconf 93' lang='lat' dir='ltr'><strong>nos</strong></span> <span class='ocrx_word' id='word_1_62' title='bbox 407 1441 438 1494; x_wconf 88' lang='lat' dir='ltr'><strong>et</strong></span> <span class='ocrx_word' id='word_1_63' title='bbox 459 1430 664 1509; x_wconf 82' lang='lat' dir='ltr'><strong>Apostolicam</strong></span> <span class='ocrx_word' id='word_1_64' title='bbox 680 1429 791 1492; x_wconf 89' lang='lat' dir='ltr'><strong>Sedem</strong></span> <span class='ocrx_word' id='word_1_65' title='bbox 806 1424 1001 1504; x_wconf 91' lang='lat' dir='ltr'><strong>plenipoten-</strong></span> 
     </span>
     <span class='ocr_line' id='line_1_15' title="bbox 253 1517 1000 1590; baseline -0.017 0"><span class='ocrx_word' id='word_1_66' title='bbox 253 1528 361 1590; x_wconf 90' lang='lat' dir='ltr'><strong>tiarius</strong></span> <span class='ocrx_word' id='word_1_67' title='bbox 381 1525 525 1588; x_wconf 86' lang='lat' dir='ltr'><strong>minister</strong></span> <span class='ocrx_word' id='word_1_68' title='bbox 546 1522 633 1584; x_wconf 91' lang='lat' dir='ltr'><strong>nobis</strong></span> <span class='ocrx_word' id='word_1_69' title='bbox 651 1521 759 1584; x_wconf 91' lang='lat' dir='ltr'><strong>retulit</strong></span> <span class='ocrx_word' id='word_1_70' title='bbox 772 1520 806 1580; x_wconf 91' lang='lat' dir='ltr'><strong>in</strong></span> <span class='ocrx_word' id='word_1_71' title='bbox 821 1517 1000 1582; x_wconf 90' lang='lat' dir='ltr'><strong>memoratis</strong></span> 
     </span>
     <span class='ocr_line' id='line_1_16' title="bbox 254 1611 1001 1701; baseline -0.017 -18"><span class='ocrx_word' id='word_1_72' title='bbox 254 1621 470 1701; x_wconf 86' lang='lat' dir='ltr'><strong>Hispaniarum</strong></span> <span class='ocrx_word' id='word_1_73' title='bbox 481 1615 694 1679; x_wconf 79' lang='lat' dir='ltr'><strong>americarum</strong></span> <span class='ocrx_word' id='word_1_74' title='bbox 713 1612 890 1690; x_wconf 89' lang='lat' dir='ltr'><strong>regionibus</strong></span> <span class='ocrx_word' id='word_1_75' title='bbox 908 1611 1001 1687; x_wconf 91' lang='lat' dir='ltr'><strong>longe</strong></span> 
     </span>
     <span class='ocr_line' id='line_1_17' title="bbox 254 1703 1001 1794; baseline -0.02 -16"><span class='ocrx_word' id='word_1_76' title='bbox 254 1716 376 1794; x_wconf 88' lang='lat' dir='ltr'><strong>lateque</strong></span> <span class='ocrx_word' id='word_1_77' title='bbox 391 1713 503 1774; x_wconf 89' lang='lat' dir='ltr'><strong>llorere</strong></span> <span class='ocrx_word' id='word_1_78' title='bbox 517 1708 712 1787; x_wconf 87' lang='lat' dir='ltr'><strong>seraphicum</strong></span> <span class='ocrx_word' id='word_1_79' title='bbox 728 1706 832 1769; x_wconf 90' lang='lat' dir='ltr'><strong>Sancti</strong></span> <span class='ocrx_word' id='word_1_80' title='bbox 847 1703 1001 1767; x_wconf 84' lang='lat' dir='ltr'><strong>Francisci</strong></span> 
     </span>
     <span class='ocr_line' id='line_1_18' title="bbox 254 1795 1000 1885; baseline -0.02 -13"><span class='ocrx_word' id='word_1_81' title='bbox 254 1808 430 1885; x_wconf 78' lang='lat' dir='ltr'><strong>regularem</strong></span> <span class='ocrx_word' id='word_1_82' title='bbox 460 1803 603 1866; x_wconf 87' lang='lat' dir='ltr'><strong>ordinem</strong></span> <span class='ocrx_word' id='word_1_83' title='bbox 631 1801 706 1863; x_wconf 91' lang='lat' dir='ltr'><strong>adeo</strong></span> <span class='ocrx_word' id='word_1_84' title='bbox 726 1807 761 1862; x_wconf 89' lang='lat' dir='ltr'><strong>ut</strong></span> <span class='ocrx_word' id='word_1_85' title='bbox 780 1795 1000 1877; x_wconf 85' lang='lat' dir='ltr'><strong>septemdecim</strong></span> 
     </span>
     <span class='ocr_line' id='line_1_19' title="bbox 253 1890 1000 1977; baseline -0.02 -12"><span class='ocrx_word' id='word_1_86' title='bbox 253 1907 374 1966; x_wconf 89' lang='lat' dir='ltr'><strong>constet</strong></span> <span class='ocrx_word' id='word_1_87' title='bbox 394 1896 563 1977; x_wconf 91' lang='lat' dir='ltr'><strong>provinciis</strong></span> <span class='ocrx_word' id='word_1_88' title='bbox 583 1911 655 1958; x_wconf 92' lang='lat' dir='ltr'><strong>cum</strong></span> <span class='ocrx_word' id='word_1_89' title='bbox 675 1891 831 1955; x_wconf 80' lang='lat' dir='ltr'><strong>sexdecim</strong></span> <span class='ocrx_word' id='word_1_90' title='bbox 851 1890 1000 1966; x_wconf 81' lang='lat' dir='ltr'><strong>collegiis,</strong></span> 
     </span>
     <span class='ocr_line' id='line_1_20' title="bbox 255 1985 1001 2075; baseline -0.02 -16"><span class='ocrx_word' id='word_1_91' title='bbox 255 1996 456 2075; x_wconf 85' lang='lat' dir='ltr'><strong>pluribusque</strong></span> <span class='ocrx_word' id='word_1_92' title='bbox 476 1989 612 2068; x_wconf 89' lang='lat' dir='ltr'><strong>potiatur</strong></span> <span class='ocrx_word' id='word_1_93' title='bbox 632 1985 800 2061; x_wconf 89' lang='lat' dir='ltr'><strong>coenobiis,</strong></span> <span class='ocrx_word' id='word_1_94' title='bbox 815 2000 908 2062; x_wconf 92' lang='lat' dir='ltr'><strong>quam</strong></span> <span class='ocrx_word' id='word_1_95' title='bbox 923 1999 1001 2062; x_wconf 92' lang='lat' dir='ltr'><strong>qnae</strong></span> 
     </span>
     <span class='ocr_line' id='line_1_21' title="bbox 255 2080 998 2165; baseline -0.022 -12"><span class='ocrx_word' id='word_1_96' title='bbox 255 2093 287 2153; x_wconf 94' lang='lat' dir='ltr'><strong>in</strong></span> <span class='ocrx_word' id='word_1_97' title='bbox 308 2085 472 2165; x_wconf 89' lang='lat' dir='ltr'><strong>hispanicis</strong></span> <span class='ocrx_word' id='word_1_98' title='bbox 494 2083 633 2161; x_wconf 86' lang='lat' dir='ltr'><strong>Europae</strong></span> <span class='ocrx_word' id='word_1_99' title='bbox 653 2080 758 2157; x_wconf 89' lang='lat' dir='ltr'><strong>regnis</strong></span> <span class='ocrx_word' id='word_1_100' title='bbox 774 2084 998 2141; x_wconf 88' lang='lat' dir='ltr'><strong>numerantur:</strong></span> 
     </span>
     <span class='ocr_line' id='line_1_22' title="bbox 254 2172 999 2261; baseline -0.017 -17"><span class='ocrx_word' id='word_1_101' title='bbox 254 2183 349 2261; x_wconf 86' lang='lat' dir='ltr'><strong>ipsius</strong></span> <span class='ocrx_word' id='word_1_102' title='bbox 369 2194 445 2240; x_wconf 91' lang='lat' dir='ltr'><strong>vero</strong></span> <span class='ocrx_word' id='word_1_103' title='bbox 459 2177 602 2239; x_wconf 92' lang='lat' dir='ltr'><strong>alumnos</strong></span> <span class='ocrx_word' id='word_1_104' title='bbox 616 2175 651 2236; x_wconf 94' lang='lat' dir='ltr'><strong>ad</strong></span> <span class='ocrx_word' id='word_1_105' title='bbox 667 2172 870 2236; x_wconf 91' lang='lat' dir='ltr'><strong>christianum</strong></span> <span class='ocrx_word' id='word_1_106' title='bbox 885 2185 999 2231; x_wconf 91' lang='lat' dir='ltr'><strong>nomen</strong></span> 
     </span>
     <span class='ocr_line' id='line_1_23' title="bbox 255 2262 1001 2353; baseline -0.017 -15"><span class='ocrx_word' id='word_1_107' title='bbox 255 2276 371 2353; x_wconf 92' lang='lat' dir='ltr'><strong>ubique</strong></span> <span class='ocrx_word' id='word_1_108' title='bbox 404 2269 635 2349; x_wconf 88' lang='lat' dir='ltr'><strong>propagandum</strong></span> <span class='ocrx_word' id='word_1_109' title='bbox 666 2273 796 2327; x_wconf 87' lang='lat' dir='ltr'><strong>strenue</strong></span> <span class='ocrx_word' id='word_1_110' title='bbox 826 2262 1001 2326; x_wconf 91' lang='lat' dir='ltr'><strong>adlaborare</strong></span> 
     </span>
     <span class='ocr_line' id='line_1_24' title="bbox 255 2359 1001 2438; baseline -0.017 -6"><span class='ocrx_word' id='word_1_111' title='bbox 255 2368 351 2432; x_wconf 92' lang='lat' dir='ltr'><strong>nullis</strong></span> <span class='ocrx_word' id='word_1_112' title='bbox 371 2365 422 2428; x_wconf 92' lang='lat' dir='ltr'><strong>vel</strong></span> <span class='ocrx_word' id='word_1_113' title='bbox 437 2361 606 2426; x_wconf 81' lang='lat' dir='ltr'><strong>teterrimis</strong></span> <span class='ocrx_word' id='word_1_114' title='bbox 621 2360 780 2422; x_wconf 91' lang='lat' dir='ltr'><strong>aerumnis</strong></span> <span class='ocrx_word' id='word_1_115' title='bbox 795 2359 917 2438; x_wconf 89' lang='lat' dir='ltr'><strong>lractos,</strong></span> <span class='ocrx_word' id='word_1_116' title='bbox 933 2359 1001 2437; x_wconf 94' lang='lat' dir='ltr'><strong>qui-</strong></span> 
     </span>
     <span class='ocr_line' id='line_1_25' title="bbox 255 2451 1001 2531; baseline -0.015 -6"><span class='ocrx_word' id='word_1_117' title='bbox 255 2465 312 2525; x_wconf 92' lang='lat' dir='ltr'><strong>bus</strong></span> <span class='ocrx_word' id='word_1_118' title='bbox 333 2470 402 2523; x_wconf 89' lang='lat' dir='ltr'><strong>tum</strong></span> <span class='ocrx_word' id='word_1_119' title='bbox 418 2475 456 2521; x_wconf 87' lang='lat' dir='ltr'><strong>ex</strong></span> <span class='ocrx_word' id='word_1_120' title='bbox 477 2457 617 2518; x_wconf 91' lang='lat' dir='ltr'><strong>locorum</strong></span> <span class='ocrx_word' id='word_1_121' title='bbox 637 2451 790 2516; x_wconf 86' lang='lat' dir='ltr'><strong>distantiis</strong></span> <span class='ocrx_word' id='word_1_122' title='bbox 803 2458 896 2531; x_wconf 88' lang='lat' dir='ltr'><strong>atque</strong></span> <span class='ocrx_word' id='word_1_123' title='bbox 912 2453 1001 2515; x_wconf 90' lang='lat' dir='ltr'><strong>itine-</strong></span> 
     </span>
     <span class='ocr_line' id='line_1_26' title="bbox 254 2544 1003 2631; baseline -0.017 -12"><span class='ocrx_word' id='word_1_124' title='bbox 254 2569 327 2619; x_wconf 90' lang='lat' dir='ltr'><strong>rum</strong></span> <span class='ocrx_word' id='word_1_125' title='bbox 348 2552 522 2631; x_wconf 91' lang='lat' dir='ltr'><strong>aspcritate,</strong></span> <span class='ocrx_word' id='word_1_126' title='bbox 543 2554 612 2609; x_wconf 91' lang='lat' dir='ltr'><strong>tum</strong></span> <span class='ocrx_word' id='word_1_127' title='bbox 633 2561 671 2607; x_wconf 88' lang='lat' dir='ltr'><strong>ex</strong></span> <span class='ocrx_word' id='word_1_128' title='bbox 698 2544 828 2608; x_wconf 89' lang='lat' dir='ltr'><strong>rudibus</strong></span> <span class='ocrx_word' id='word_1_129' title='bbox 855 2544 1003 2606; x_wconf 84' lang='lat' dir='ltr'><strong>ederatis-</strong></span> 
     </span>
     <span class='ocr_line' id='line_1_27' title="bbox 255 2637 1001 2728; baseline -0.016 -18"><span class='ocrx_word' id='word_1_130' title='bbox 255 2665 316 2728; x_wconf 92' lang='lat' dir='ltr'><strong>que</strong></span> <span class='ocrx_word' id='word_1_131' title='bbox 337 2643 524 2725; x_wconf 90' lang='lat' dir='ltr'><strong>populorum</strong></span> <span class='ocrx_word' id='word_1_132' title='bbox 545 2638 697 2712; x_wconf 90' lang='lat' dir='ltr'><strong>moribus,</strong></span> <span class='ocrx_word' id='word_1_133' title='bbox 719 2643 787 2698; x_wconf 92' lang='lat' dir='ltr'><strong>tum</strong></span> <span class='ocrx_word' id='word_1_134' title='bbox 808 2637 942 2716; x_wconf 91' lang='lat' dir='ltr'><strong>denique</strong></span> <span class='ocrx_word' id='word_1_135' title='bbox 963 2653 1001 2699; x_wconf 89' lang='lat' dir='ltr'><strong>ex</strong></span> 
     </span>
     <span class='ocr_line' id='line_1_28' title="bbox 256 2731 1001 2821; baseline -0.015 -19"><span class='ocrx_word' id='word_1_136' title='bbox 256 2744 318 2821; x_wconf 88' lang='lat' dir='ltr'><strong>ipsa</strong></span> <span class='ocrx_word' id='word_1_137' title='bbox 339 2737 445 2801; x_wconf 82' lang='lat' dir='ltr'><strong>messis</strong></span> <span class='ocrx_word' id='word_1_138' title='bbox 460 2732 662 2797; x_wconf 90' lang='lat' dir='ltr'><strong>multitudine</strong></span> <span class='ocrx_word' id='word_1_139' title='bbox 677 2731 710 2792; x_wconf 94' lang='lat' dir='ltr'><strong>in</strong></span> <span class='ocrx_word' id='word_1_140' title='bbox 726 2731 900 2793; x_wconf 89' lang='lat' dir='ltr'><strong>ministerio</strong></span> <span class='ocrx_word' id='word_1_141' title='bbox 916 2731 1001 2793; x_wconf 91' lang='lat' dir='ltr'><strong>verbi</strong></span> 
     </span>
     <span class='ocr_line' id='line_1_29' title="bbox 254 2825 1001 2902; baseline -0.016 -4"><span class='ocrx_word' id='word_1_142' title='bbox 254 2832 428 2897; x_wconf 82' lang='lat' dir='ltr'><strong>exercendo</strong></span> <span class='ocrx_word' id='word_1_143' title='bbox 448 2829 652 2891; x_wconf 87' lang='lat' dir='ltr'><strong>divexantur:</strong></span> <span class='ocrx_word' id='word_1_144' title='bbox 677 2839 727 2886; x_wconf 91' lang='lat' dir='ltr'><strong>eos</strong></span> <span class='ocrx_word' id='word_1_145' title='bbox 748 2825 878 2902; x_wconf 91' lang='lat' dir='ltr'><strong>proinde</strong></span> <span class='ocrx_word' id='word_1_146' title='bbox 892 2825 924 2886; x_wconf 93' lang='lat' dir='ltr'><strong>in</strong></span> <span class='ocrx_word' id='word_1_147' title='bbox 941 2833 1001 2887; x_wconf 92' lang='lat' dir='ltr'><strong>tarn</strong></span> 
     </span>
     <span class='ocr_line' id='line_1_30' title="bbox 256 2918 1002 3002; baseline -0.015 -11"><span class='ocrx_word' id='word_1_148' title='bbox 256 2928 334 2991; x_wconf 93' lang='lat' dir='ltr'><strong>utile</strong></span> <span class='ocrx_word' id='word_1_149' title='bbox 360 2939 436 3002; x_wconf 94' lang='lat' dir='ltr'><strong>opus</strong></span> <span class='ocrx_word' id='word_1_150' title='bbox 462 2919 512 2983; x_wconf 94' lang='lat' dir='ltr'><strong>vel</strong></span> <span class='ocrx_word' id='word_1_151' title='bbox 544 2919 627 2981; x_wconf 90' lang='lat' dir='ltr'><strong>ultro</strong></span> <span class='ocrx_word' id='word_1_152' title='bbox 653 2925 816 2980; x_wconf 90' lang='lat' dir='ltr'><strong>currentes</strong></span> <span class='ocrx_word' id='word_1_153' title='bbox 844 2918 932 2980; x_wconf 89' lang='lat' dir='ltr'><strong>novis</strong></span> <span class='ocrx_word' id='word_1_154' title='bbox 952 2919 1002 2981; x_wconf 92' lang='lat' dir='ltr'><strong>ad-</strong></span> 
     </span>
     <span class='ocr_line' id='line_1_31' title="bbox 256 3009 1002 3090; baseline -0.013 -8"><span class='ocrx_word' id='word_1_155' title='bbox 256 3019 349 3083; x_wconf 90' lang='lat' dir='ltr'><strong>motis</strong></span> <span class='ocrx_word' id='word_1_156' title='bbox 375 3013 510 3079; x_wconf 89' lang='lat' dir='ltr'><strong>stimulis</strong></span> <span class='ocrx_word' id='word_1_157' title='bbox 530 3029 568 3074; x_wconf 83' lang='lat' dir='ltr'><strong>ex</strong></span> <span class='ocrx_word' id='word_1_158' title='bbox 593 3010 775 3090; x_wconf 88' lang='lat' dir='ltr'><strong>apostolicae</strong></span> <span class='ocrx_word' id='word_1_159' title='bbox 802 3009 1002 3087; x_wconf 81' lang='lat' dir='ltr'><strong>benignitatis</strong></span> 
     </span>
     <span class='ocr_line' id='line_1_32' title="bbox 255 3103 1002 3180; baseline -0.015 -5"><span class='ocrx_word' id='word_1_160' title='bbox 255 3112 361 3175; x_wconf 91' lang='lat' dir='ltr'><strong>lavore</strong></span> <span class='ocrx_word' id='word_1_161' title='bbox 375 3123 441 3171; x_wconf 90' lang='lat' dir='ltr'><strong>esse</strong></span> <span class='ocrx_word' id='word_1_162' title='bbox 455 3105 678 3175; x_wconf 88' lang='lat' dir='ltr'><strong>exercitandos,</strong></span> <span class='ocrx_word' id='word_1_163' title='bbox 690 3109 782 3180; x_wconf 91' lang='lat' dir='ltr'><strong>atque</strong></span> <span class='ocrx_word' id='word_1_164' title='bbox 793 3103 849 3165; x_wconf 93' lang='lat' dir='ltr'><strong>hac</strong></span> <span class='ocrx_word' id='word_1_165' title='bbox 863 3104 901 3165; x_wconf 91' lang='lat' dir='ltr'><strong>de</strong></span> <span class='ocrx_word' id='word_1_166' title='bbox 914 3120 1002 3166; x_wconf 91' lang='lat' dir='ltr'><strong>causa</strong></span> 
     </span>
     <span class='ocr_line' id='line_1_33' title="bbox 255 3196 1003 3282; baseline -0.015 -13"><span class='ocrx_word' id='word_1_167' title='bbox 255 3206 391 3269; x_wconf 86' lang='lat' dir='ltr'><strong>maxime</strong></span> <span class='ocrx_word' id='word_1_168' title='bbox 404 3207 616 3282; x_wconf 90' lang='lat' dir='ltr'><strong>opportunum</strong></span> <span class='ocrx_word' id='word_1_169' title='bbox 631 3197 742 3271; x_wconf 88' lang='lat' dir='ltr'><strong>videri,</strong></span> <span class='ocrx_word' id='word_1_170' title='bbox 757 3196 782 3256; x_wconf 92' lang='lat' dir='ltr'><strong>si</strong></span> <span class='ocrx_word' id='word_1_171' title='bbox 798 3197 845 3257; x_wconf 91' lang='lat' dir='ltr'><strong>ius</strong></span> <span class='ocrx_word' id='word_1_172' title='bbox 860 3196 933 3275; x_wconf 87' lang='lat' dir='ltr'><strong>ipsis</strong></span> <span class='ocrx_word' id='word_1_173' title='bbox 949 3197 1003 3259; x_wconf 89' lang='lat' dir='ltr'><strong>tri-</strong></span> 
     </span>
     <span class='ocr_line' id='line_1_34' title="bbox 255 3288 1002 3369; baseline -0.015 -6"><span class='ocrx_word' id='word_1_174' title='bbox 255 3301 370 3363; x_wconf 86' lang='lat' dir='ltr'><strong>buatur</strong></span> <span class='ocrx_word' id='word_1_175' title='bbox 397 3295 483 3357; x_wconf 91' lang='lat' dir='ltr'><strong>binas</strong></span> <span class='ocrx_word' id='word_1_176' title='bbox 511 3290 670 3369; x_wconf 83' lang='lat' dir='ltr'><strong>generales</strong></span> <span class='ocrx_word' id='word_1_177' title='bbox 698 3288 897 3364; x_wconf 85' lang='lat' dir='ltr'><strong>definitorias,</strong></span> <span class='ocrx_word' id='word_1_178' title='bbox 927 3306 1002 3368; x_wconf 91' lang='lat' dir='ltr'><strong>quas</strong></span> 
     </span>
     <span class='ocr_line' id='line_1_35' title="bbox 256 3379 1002 3464; baseline -0.016 -8"><span class='ocrx_word' id='word_1_179' title='bbox 256 3396 379 3464; x_wconf 88' lang='lat' dir='ltr'><strong>vocant,</strong></span> <span class='ocrx_word' id='word_1_180' title='bbox 394 3389 510 3451; x_wconf 89' lang='lat' dir='ltr'><strong>ibidem</strong></span> <span class='ocrx_word' id='word_1_181' title='bbox 526 3381 655 3446; x_wconf 87' lang='lat' dir='ltr'><strong>habendi</strong></span> <span class='ocrx_word' id='word_1_182' title='bbox 671 3380 779 3444; x_wconf 88' lang='lat' dir='ltr'><strong>iisdem</strong></span> <span class='ocrx_word' id='word_1_183' title='bbox 795 3379 1002 3460; x_wconf 74' lang='lat' dir='ltr'><strong>facultatibus,</strong></span> 
     </span>
     <span class='ocr_line' id='line_1_36' title="bbox 255 3475 1003 3568; baseline -0.012 -20"><span class='ocrx_word' id='word_1_184' title='bbox 255 3481 438 3568; x_wconf 88' lang='lat' dir='ltr'><strong>privilegiis,</strong></span> <span class='ocrx_word' id='word_1_185' title='bbox 462 3475 682 3559; x_wconf 82' lang='lat' dir='ltr'><strong>praerogativis</strong></span> <span class='ocrx_word' id='word_1_186' title='bbox 703 3476 920 3552; x_wconf 88' lang='lat' dir='ltr'><strong>communitas,</strong></span> <span class='ocrx_word' id='word_1_187' title='bbox 937 3477 1003 3554; x_wconf 93' lang='lat' dir='ltr'><strong>qui·</strong></span> 
     </span>
     <span class='ocr_line' id='line_1_37' title="bbox 255 3567 1004 3650; baseline -0.015 -8"><span class='ocrx_word' id='word_1_188' title='bbox 255 3581 313 3642; x_wconf 92' lang='lat' dir='ltr'><strong>bus</strong></span> <span class='ocrx_word' id='word_1_189' title='bbox 332 3582 471 3638; x_wconf 89' lang='lat' dir='ltr'><strong>caeterae</strong></span> <span class='ocrx_word' id='word_1_190' title='bbox 491 3587 545 3650; x_wconf 90' lang='lat' dir='ltr'><strong>per</strong></span> <span class='ocrx_word' id='word_1_191' title='bbox 561 3568 717 3645; x_wconf 86' lang='lat' dir='ltr'><strong>Europam</strong></span> <span class='ocrx_word' id='word_1_192' title='bbox 731 3567 925 3631; x_wconf 83' lang='lat' dir='ltr'><strong>definitoriae</strong></span> <span class='ocrx_word' id='word_1_193' title='bbox 940 3570 1004 3648; x_wconf 94' lang='lat' dir='ltr'><strong>pol·</strong></span> 
     </span>
     <span class='ocr_line' id='line_1_38' title="bbox 255 3660 1004 3744; baseline -0.011 -10"><span class='ocrx_word' id='word_1_194' title='bbox 255 3673 321 3735; x_wconf 90' lang='lat' dir='ltr'><strong>lere</strong></span> <span class='ocrx_word' id='word_1_195' title='bbox 348 3669 580 3744; x_wconf 86' lang='lat' dir='ltr'><strong>dignoscantur,</strong></span> <span class='ocrx_word' id='word_1_196' title='bbox 609 3677 647 3723; x_wconf 89' lang='lat' dir='ltr'><strong>ex</strong></span> <span class='ocrx_word' id='word_1_197' title='bbox 675 3677 736 3740; x_wconf 96' lang='lat' dir='ltr'><strong>quo</strong></span> <span class='ocrx_word' id='word_1_198' title='bbox 763 3660 850 3723; x_wconf 90' lang='lat' dir='ltr'><strong>lacile</strong></span> <span class='ocrx_word' id='word_1_199' title='bbox 875 3662 1004 3742; x_wconf 88' lang='lat' dir='ltr'><strong>insuper</strong></span> 
     </span>
     <span class='ocr_line' id='line_1_39' title="bbox 257 3751 1002 3839; baseline -0.013 -13"><span class='ocrx_word' id='word_1_200' title='bbox 257 3765 322 3839; x_wconf 89' lang='lat' dir='ltr'><strong>het,</strong></span> <span class='ocrx_word' id='word_1_201' title='bbox 344 3767 379 3823; x_wconf 87' lang='lat' dir='ltr'><strong>ut</strong></span> <span class='ocrx_word' id='word_1_202' title='bbox 400 3775 438 3820; x_wconf 92' lang='lat' dir='ltr'><strong>ex</strong></span> <span class='ocrx_word' id='word_1_203' title='bbox 460 3757 612 3819; x_wconf 90' lang='lat' dir='ltr'><strong>maiorum</strong></span> <span class='ocrx_word' id='word_1_204' title='bbox 630 3751 805 3830; x_wconf 83' lang='lat' dir='ltr'><strong>praesidum</strong></span> <span class='ocrx_word' id='word_1_205' title='bbox 821 3755 1002 3831; x_wconf 89' lang='lat' dir='ltr'><strong>praesentia,</strong></span> 
     </span>
     <span class='ocr_line' id='line_1_40' title="bbox 256 3844 1005 3935; baseline -0.013 -16"><span class='ocrx_word' id='word_1_206' title='bbox 256 3864 348 3935; x_wconf 88' lang='lat' dir='ltr'><strong>atque</strong></span> <span class='ocrx_word' id='word_1_207' title='bbox 367 3869 406 3914; x_wconf 87' lang='lat' dir='ltr'><strong>ex</strong></span> <span class='ocrx_word' id='word_1_208' title='bbox 426 3845 631 3912; x_wconf 90' lang='lat' dir='ltr'><strong>commodiori</strong></span> <span class='ocrx_word' id='word_1_209' title='bbox 645 3846 681 3907; x_wconf 88' lang='lat' dir='ltr'><strong>ad</strong></span> <span class='ocrx_word' id='word_1_210' title='bbox 696 3844 775 3923; x_wconf 90' lang='lat' dir='ltr'><strong>ipsos</strong></span> <span class='ocrx_word' id='word_1_211' title='bbox 789 3861 922 3921; x_wconf 88' lang='lat' dir='ltr'><strong>accessu,</strong></span> <span class='ocrx_word' id='word_1_212' title='bbox 937 3863 1005 3910; x_wconf 93' lang='lat' dir='ltr'><strong>san·</strong></span> 
     </span>
     <span class='ocr_line' id='line_1_41' title="bbox 255 3939 1005 4024; baseline -0.013 -12"><span class='ocrx_word' id='word_1_213' title='bbox 255 3947 384 4012; x_wconf 89' lang='lat' dir='ltr'><strong>ctissimi</strong></span> <span class='ocrx_word' id='word_1_214' title='bbox 411 3941 548 4024; x_wconf 91' lang='lat' dir='ltr'><strong>parentis</strong></span> <span class='ocrx_word' id='word_1_215' title='bbox 575 3939 659 4016; x_wconf 89' lang='lat' dir='ltr'><strong>leges</strong></span> <span class='ocrx_word' id='word_1_216' title='bbox 680 3955 713 4000; x_wconf 90' lang='lat' dir='ltr'><strong>ac</strong></span> <span class='ocrx_word' id='word_1_217' title='bbox 741 3939 865 4018; x_wconf 89' lang='lat' dir='ltr'><strong>puriora</strong></span> <span class='ocrx_word' id='word_1_218' title='bbox 891 3949 1005 4004; x_wconf 90' lang='lat' dir='ltr'><strong>statuta</strong></span> 
     </span>
     <span class='ocr_line' id='line_1_42' title="bbox 255 4032 1005 4110; baseline -0.013 -4"><span class='ocrx_word' id='word_1_219' title='bbox 255 4049 423 4105; x_wconf 89' lang='lat' dir='ltr'><strong>serventur</strong></span> <span class='ocrx_word' id='word_1_220' title='bbox 443 4033 622 4109; x_wconf 92' lang='lat' dir='ltr'><strong>accuratius,</strong></span> <span class='ocrx_word' id='word_1_221' title='bbox 640 4033 672 4094; x_wconf 94' lang='lat' dir='ltr'><strong>iu</strong></span> <span class='ocrx_word' id='word_1_222' title='bbox 691 4032 819 4110; x_wconf 89' lang='lat' dir='ltr'><strong>diesque</strong></span> <span class='ocrx_word' id='word_1_223' title='bbox 833 4041 1005 4110; x_wconf 83' lang='lat' dir='ltr'><strong>augeantur</strong></span> 
     </span>
     <span class='ocr_line' id='line_1_43' title="bbox 256 4129 614 4200; baseline -0.034 -2"><span class='ocrx_word' id='word_1_224' title='bbox 256 4137 450 4200; x_wconf 90' lang='lat' dir='ltr'><strong>incrementa</strong></span> <span class='ocrx_word' id='word_1_225' title='bbox 471 4129 614 4192; x_wconf 88' lang='lat' dir='ltr'><strong>iustitiae.</strong></span> 
     </span>
    </p>

    <p class='ocr_par' dir='ltr' id='par_1_6' title="bbox 255 4221 1006 5978">
     <span class='ocr_line' id='line_1_44' title="bbox 295 4221 1005 4306; baseline -0.015 -15"><span class='ocrx_word' id='word_1_226' title='bbox 295 4232 315 4306; x_wconf 74' lang='lat'>5</span> <span class='ocrx_word' id='word_1_227' title='bbox 335 4229 365 4290; x_wconf 83' lang='lat'><strong>3.</strong></span> <span class='ocrx_word' id='word_1_228' title='bbox 375 4227 420 4289; x_wconf 85' lang='lat' dir='ltr'><strong>lle</strong></span> <span class='ocrx_word' id='word_1_229' title='bbox 434 4226 537 4302; x_wconf 88' lang='lat' dir='ltr'><strong>itaque</strong></span> <span class='ocrx_word' id='word_1_230' title='bbox 549 4221 716 4296; x_wconf 88' lang='lat' dir='ltr'><strong>diligenter</strong></span> <span class='ocrx_word' id='word_1_231' title='bbox 731 4234 890 4297; x_wconf 89' lang='lat' dir='ltr'><strong>perpensa,</strong></span> <span class='ocrx_word' id='word_1_232' title='bbox 906 4225 938 4282; x_wconf 92' lang='lat' dir='ltr'><strong>et</strong></span> <span class='ocrx_word' id='word_1_233' title='bbox 952 4235 1005 4280; x_wconf 90' lang='lat' dir='ltr'><strong>vo·</strong></span> 
     </span>
     <span class='ocr_line' id='line_1_45' title="bbox 258 4311 1004 4402; baseline -0.02 -15"><span class='ocrx_word' id='word_1_234' title='bbox 258 4326 297 4388; x_wconf 93' lang='lat' dir='ltr'><strong>tis</strong></span> <span class='ocrx_word' id='word_1_235' title='bbox 317 4317 505 4402; x_wconf 89' lang='lat' dir='ltr'><strong>praelaudati</strong></span> <span class='ocrx_word' id='word_1_236' title='bbox 532 4313 719 4378; x_wconf 81' lang='lat' dir='ltr'><strong>Ferdinandi</strong></span> <span class='ocrx_word' id='word_1_237' title='bbox 741 4312 823 4389; x_wconf 89' lang='lat' dir='ltr'><strong>regis</strong></span> <span class='ocrx_word' id='word_1_238' title='bbox 850 4311 1004 4388; x_wconf 87' lang='lat' dir='ltr'><strong>catholici,</strong></span> 
     </span>
     <span class='ocr_line' id='line_1_46' title="bbox 256 4405 1006 4496; baseline -0.017 -16"><span class='ocrx_word' id='word_1_239' title='bbox 256 4430 351 4496; x_wconf 88' lang='lat' dir='ltr'><strong>quern</strong></span> <span class='ocrx_word' id='word_1_240' title='bbox 372 4407 592 4474; x_wconf 89' lang='lat' dir='ltr'><strong>illustrioribus</strong></span> <span class='ocrx_word' id='word_1_241' title='bbox 616 4412 740 4468; x_wconf 90' lang='lat' dir='ltr'><strong>nostrae</strong></span> <span class='ocrx_word' id='word_1_242' title='bbox 769 4405 1006 4468; x_wconf 88' lang='lat' dir='ltr'><strong>benevolentiae</strong></span> 
     </span>
     <span class='ocr_line' id='line_1_47' title="bbox 257 4499 1005 4580; baseline -0.016 -8"><span class='ocrx_word' id='word_1_243' title='bbox 257 4504 444 4578; x_wconf 83' lang='lat' dir='ltr'><strong>testimoniis</strong></span> <span class='ocrx_word' id='word_1_244' title='bbox 463 4499 607 4580; x_wconf 89' lang='lat' dir='ltr'><strong>prosequi</strong></span> <span class='ocrx_word' id='word_1_245' title='bbox 621 4513 744 4576; x_wconf 88' lang='lat' dir='ltr'><strong>semper</strong></span> <span class='ocrx_word' id='word_1_246' title='bbox 758 4507 951 4576; x_wconf 87' lang='lat' dir='ltr'><strong>exoptamus,</strong></span> <span class='ocrx_word' id='word_1_247' title='bbox 967 4513 1005 4560; x_wconf 91' lang='lat' dir='ltr'><strong>ex</strong></span> 
     </span>
     <span class='ocr_line' id='line_1_48' title="bbox 255 4589 1006 4664; baseline -0.017 1"><span class='ocrx_word' id='word_1_248' title='bbox 255 4608 339 4664; x_wconf 89' lang='lat' dir='ltr'><strong>certa</strong></span> <span class='ocrx_word' id='word_1_249' title='bbox 358 4597 486 4663; x_wconf 87' lang='lat' dir='ltr'><strong>scientia</strong></span> <span class='ocrx_word' id='word_1_250' title='bbox 507 4611 542 4656; x_wconf 93' lang='lat' dir='ltr'><strong>ac</strong></span> <span class='ocrx_word' id='word_1_251' title='bbox 562 4600 682 4655; x_wconf 89' lang='lat' dir='ltr'><strong>matura</strong></span> <span class='ocrx_word' id='word_1_252' title='bbox 709 4589 931 4654; x_wconf 89' lang='lat' dir='ltr'><strong>deliberatione</strong></span> <span class='ocrx_word' id='word_1_253' title='bbox 951 4605 1006 4652; x_wconf 94' lang='lat' dir='ltr'><strong>no·</strong></span> 
     </span>
     <span class='ocr_line' id='line_1_49' title="bbox 255 4683 1005 4770; baseline -0.016 -13"><span class='ocrx_word' id='word_1_254' title='bbox 255 4694 337 4769; x_wconf 93' lang='lat' dir='ltr'><strong>stris,</strong></span> <span class='ocrx_word' id='word_1_255' title='bbox 360 4691 462 4770; x_wconf 90' lang='lat' dir='ltr'><strong>deque</strong></span> <span class='ocrx_word' id='word_1_256' title='bbox 481 4685 663 4766; x_wconf 91' lang='lat' dir='ltr'><strong>apostolicae</strong></span> <span class='ocrx_word' id='word_1_257' title='bbox 688 4683 844 4763; x_wconf 90' lang='lat' dir='ltr'><strong>potestatis</strong></span> <span class='ocrx_word' id='word_1_258' title='bbox 870 4683 1005 4760; x_wconf 89' lang='lat' dir='ltr'><strong>plenitu-</strong></span> 
     </span>
     <span class='ocr_line' id='line_1_50' title="bbox 255 4776 1005 4858; baseline -0.019 -7"><span class='ocrx_word' id='word_1_259' title='bbox 255 4789 328 4852; x_wconf 90' lang='lat' dir='ltr'><strong>dine</strong></span> <span class='ocrx_word' id='word_1_260' title='bbox 347 4799 500 4858; x_wconf 68' lang='lat' dir='ltr'><strong>creamus</strong></span> <span class='ocrx_word' id='word_1_261' title='bbox 523 4780 720 4855; x_wconf 81' lang='lat' dir='ltr'><strong>adsignemus</strong></span> <span class='ocrx_word' id='word_1_262' title='bbox 741 4784 771 4839; x_wconf 91' lang='lat' dir='ltr'><strong>et</strong></span> <span class='ocrx_word' id='word_1_263' title='bbox 785 4776 1005 4839; x_wconf 89' lang='lat' dir='ltr'><strong>constituimus</strong></span> 
     </span>
     <span class='ocr_line' id='line_1_51' title="bbox 256 4870 1005 4955; baseline -0.015 -12"><span class='ocrx_word' id='word_1_264' title='bbox 256 4881 343 4943; x_wconf 91' lang='lat' dir='ltr'><strong>binas</strong></span> <span class='ocrx_word' id='word_1_265' title='bbox 364 4876 523 4955; x_wconf 90' lang='lat' dir='ltr'><strong>generales</strong></span> <span class='ocrx_word' id='word_1_266' title='bbox 544 4871 733 4936; x_wconf 86' lang='lat' dir='ltr'><strong>delinitorias</strong></span> <span class='ocrx_word' id='word_1_267' title='bbox 753 4870 904 4950; x_wconf 90' lang='lat' dir='ltr'><strong>seraphici</strong></span> <span class='ocrx_word' id='word_1_268' title='bbox 925 4870 1005 4933; x_wconf 92' lang='lat' dir='ltr'><strong>ordi·</strong></span> 
     </span>
     <span class='ocr_line' id='line_1_52' title="bbox 257 4964 1004 5041; baseline -0.012 -5"><span class='ocrx_word' id='word_1_269' title='bbox 257 4974 305 5036; x_wconf 95' lang='lat' dir='ltr'><strong>nis</strong></span> <span class='ocrx_word' id='word_1_270' title='bbox 317 4971 419 5037; x_wconf 90' lang='lat' dir='ltr'><strong>Sancti</strong></span> <span class='ocrx_word' id='word_1_271' title='bbox 432 4967 595 5041; x_wconf 81' lang='lat' dir='ltr'><strong>Francisci,</strong></span> <span class='ocrx_word' id='word_1_272' title='bbox 609 4981 704 5028; x_wconf 91' lang='lat' dir='ltr'><strong>unam</strong></span> <span class='ocrx_word' id='word_1_273' title='bbox 715 4964 857 5028; x_wconf 89' lang='lat' dir='ltr'><strong>videlicet</strong></span> <span class='ocrx_word' id='word_1_274' title='bbox 869 4965 901 5026; x_wconf 93' lang='lat' dir='ltr'><strong>in</strong></span> <span class='ocrx_word' id='word_1_275' title='bbox 913 4965 1004 5027; x_wconf 81' lang='lat' dir='ltr'><strong>Ame-</strong></span> 
     </span>
     <span class='ocr_line' id='line_1_53' title="bbox 257 5058 1005 5134; baseline -0.013 -6"><span class='ocrx_word' id='word_1_276' title='bbox 257 5066 336 5128; x_wconf 89' lang='lat' dir='ltr'><strong>ricae</strong></span> <span class='ocrx_word' id='word_1_277' title='bbox 363 5059 585 5134; x_wconf 88' lang='lat' dir='ltr'><strong>meridionalis,</strong></span> <span class='ocrx_word' id='word_1_278' title='bbox 607 5058 735 5120; x_wconf 91' lang='lat' dir='ltr'><strong>atteram</strong></span> <span class='ocrx_word' id='word_1_279' title='bbox 756 5058 789 5119; x_wconf 94' lang='lat' dir='ltr'><strong>in</strong></span> <span class='ocrx_word' id='word_1_280' title='bbox 810 5058 1005 5134; x_wconf 90' lang='lat' dir='ltr'><strong>septemtrio·</strong></span> 
     </span>
     <span class='ocr_line' id='line_1_54' title="bbox 256 5150 1006 5232; baseline -0.012 -12"><span class='ocrx_word' id='word_1_281' title='bbox 256 5156 333 5220; x_wconf 90' lang='lat' dir='ltr'><strong>nalis</strong></span> <span class='ocrx_word' id='word_1_282' title='bbox 355 5155 515 5218; x_wconf 77' lang='lat' dir='ltr'><strong>Americae</strong></span> <span class='ocrx_word' id='word_1_283' title='bbox 536 5150 715 5232; x_wconf 89' lang='lat' dir='ltr'><strong>provinciis,</strong></span> <span class='ocrx_word' id='word_1_284' title='bbox 734 5151 917 5228; x_wconf 90' lang='lat' dir='ltr'><strong>easdemque</strong></span> <span class='ocrx_word' id='word_1_285' title='bbox 931 5151 1006 5212; x_wconf 90' lang='lat' dir='ltr'><strong>ded·</strong></span> 
     </span>
     <span class='ocr_line' id='line_1_55' title="bbox 256 5242 1004 5325; baseline -0.013 -11"><span class='ocrx_word' id='word_1_286' title='bbox 256 5251 385 5314; x_wconf 91' lang='lat' dir='ltr'><strong>nitorias</strong></span> <span class='ocrx_word' id='word_1_287' title='bbox 417 5261 620 5325; x_wconf 90' lang='lat' dir='ltr'><strong>aggregamus</strong></span> <span class='ocrx_word' id='word_1_288' title='bbox 651 5244 849 5308; x_wconf 90' lang='lat' dir='ltr'><strong>cismontanis</strong></span> <span class='ocrx_word' id='word_1_289' title='bbox 880 5242 1004 5306; x_wconf 89' lang='lat' dir='ltr'><strong>iamiliis</strong></span> 
     </span>
     <span class='ocr_line' id='line_1_56' title="bbox 255 5335 1005 5412; baseline -0.011 -8"><span class='ocrx_word' id='word_1_290' title='bbox 255 5344 394 5406; x_wconf 90' lang='lat' dir='ltr'><strong>eiusdem</strong></span> <span class='ocrx_word' id='word_1_291' title='bbox 416 5340 533 5403; x_wconf 88' lang='lat' dir='ltr'><strong>ordinis</strong></span> <span class='ocrx_word' id='word_1_292' title='bbox 553 5338 610 5401; x_wconf 93' lang='lat' dir='ltr'><strong>sub</strong></span> <span class='ocrx_word' id='word_1_293' title='bbox 631 5335 816 5412; x_wconf 86' lang='lat' dir='ltr'><strong>obedientia,</strong></span> <span class='ocrx_word' id='word_1_294' title='bbox 840 5335 1005 5398; x_wconf 90' lang='lat' dir='ltr'><strong>subiectio-</strong></span> 
     </span>
     <span class='ocr_line' id='line_1_57' title="bbox 256 5428 1006 5512; baseline -0.009 -15"><span class='ocrx_word' id='word_1_295' title='bbox 256 5451 296 5498; x_wconf 89' lang='lat' dir='ltr'><strong>ne</strong></span> <span class='ocrx_word' id='word_1_296' title='bbox 323 5452 357 5498; x_wconf 92' lang='lat' dir='ltr'><strong>ac</strong></span> <span class='ocrx_word' id='word_1_297' title='bbox 383 5430 588 5512; x_wconf 89' lang='lat' dir='ltr'><strong>dependentia</strong></span> <span class='ocrx_word' id='word_1_298' title='bbox 615 5429 753 5491; x_wconf 92' lang='lat' dir='ltr'><strong>ministri</strong></span> <span class='ocrx_word' id='word_1_299' title='bbox 781 5428 932 5506; x_wconf 90' lang='lat' dir='ltr'><strong>generalis</strong></span> <span class='ocrx_word' id='word_1_300' title='bbox 960 5437 1006 5491; x_wconf 89' lang='lat' dir='ltr'><strong>to·</strong></span> 
     </span>
     <span class='ocr_line' id='line_1_58' title="bbox 257 5522 1005 5602; baseline -0.008 -12"><span class='ocrx_word' id='word_1_301' title='bbox 257 5530 318 5592; x_wconf 90' lang='lat' dir='ltr'><strong>tius</strong></span> <span class='ocrx_word' id='word_1_302' title='bbox 337 5527 460 5592; x_wconf 89' lang='lat' dir='ltr'><strong>Ordinis</strong></span> <span class='ocrx_word' id='word_1_303' title='bbox 479 5523 582 5588; x_wconf 88' lang='lat' dir='ltr'><strong>Sancti</strong></span> <span class='ocrx_word' id='word_1_304' title='bbox 604 5522 753 5586; x_wconf 81' lang='lat' dir='ltr'><strong>Francisci</strong></span> <span class='ocrx_word' id='word_1_305' title='bbox 775 5523 812 5585; x_wconf 93' lang='lat' dir='ltr'><strong>ad</strong></span> <span class='ocrx_word' id='word_1_306' title='bbox 833 5523 1005 5602; x_wconf 91' lang='lat' dir='ltr'><strong>beneplaci-</strong></span> 
     </span>
     <span class='ocr_line' id='line_1_59' title="bbox 256 5614 1005 5692; baseline -0.008 -9"><span class='ocrx_word' id='word_1_307' title='bbox 256 5629 324 5684; x_wconf 91' lang='lat' dir='ltr'><strong>tum</strong></span> <span class='ocrx_word' id='word_1_308' title='bbox 345 5621 474 5684; x_wconf 90' lang='lat' dir='ltr'><strong>Sanctae</strong></span> <span class='ocrx_word' id='word_1_309' title='bbox 494 5617 592 5692; x_wconf 91' lang='lat' dir='ltr'><strong>Sedis,</strong></span> <span class='ocrx_word' id='word_1_310' title='bbox 616 5617 704 5679; x_wconf 88' lang='lat' dir='ltr'><strong>etad</strong></span> <span class='ocrx_word' id='word_1_311' title='bbox 724 5614 857 5678; x_wconf 89' lang='lat' dir='ltr'><strong>iormam</strong></span> <span class='ocrx_word' id='word_1_312' title='bbox 873 5614 1005 5678; x_wconf 86' lang='lat' dir='ltr'><strong>aliarum</strong></span> 
     </span>
     <span class='ocr_line' id='line_1_60' title="bbox 256 5708 1005 5789; baseline -0.007 -15"><span class='ocrx_word' id='word_1_313' title='bbox 256 5720 324 5776; x_wconf 87' lang='lat' dir='ltr'><strong>actu</strong></span> <span class='ocrx_word' id='word_1_314' title='bbox 338 5713 516 5789; x_wconf 91' lang='lat' dir='ltr'><strong>vigentium</strong></span> <span class='ocrx_word' id='word_1_315' title='bbox 530 5708 777 5771; x_wconf 84' lang='lat' dir='ltr'><strong>definitoriarum</strong></span> <span class='ocrx_word' id='word_1_316' title='bbox 792 5708 941 5785; x_wconf 91' lang='lat' dir='ltr'><strong>seraphici</strong></span> <span class='ocrx_word' id='word_1_317' title='bbox 955 5723 1005 5770; x_wconf 93' lang='lat' dir='ltr'><strong>or·</strong></span> 
     </span>
     <span class='ocr_line' id='line_1_61' title="bbox 256 5799 1005 5880; baseline -0.005 -15"><span class='ocrx_word' id='word_1_318' title='bbox 256 5804 337 5867; x_wconf 93' lang='lat' dir='ltr'><strong>dinis</strong></span> <span class='ocrx_word' id='word_1_319' title='bbox 357 5803 610 5880; x_wconf 69' lang='lat' dir='ltr'><strong>observantium</strong></span> <span class='ocrx_word' id='word_1_320' title='bbox 632 5810 858 5880; x_wconf 90' lang='lat' dir='ltr'><strong>proptereaque</strong></span> <span class='ocrx_word' id='word_1_321' title='bbox 879 5799 1005 5864; x_wconf 91' lang='lat' dir='ltr'><strong>mauda-</strong></span> 
     </span>
     <span class='ocr_line' id='line_1_62' title="bbox 257 5893 1004 5978; baseline -0.007 -16"><span class='ocrx_word' id='word_1_322' title='bbox 257 5915 337 5975; x_wconf 92' lang='lat' dir='ltr'><strong>mus,</strong></span> <span class='ocrx_word' id='word_1_323' title='bbox 360 5899 442 5978; x_wconf 95' lang='lat' dir='ltr'><strong>quod</strong></span> <span class='ocrx_word' id='word_1_324' title='bbox 464 5898 497 5959; x_wconf 93' lang='lat' dir='ltr'><strong>in</strong></span> <span class='ocrx_word' id='word_1_325' title='bbox 517 5897 660 5974; x_wconf 92' lang='lat' dir='ltr'><strong>proximo</strong></span> <span class='ocrx_word' id='word_1_326' title='bbox 674 5894 813 5972; x_wconf 88' lang='lat' dir='ltr'><strong>generali</strong></span> <span class='ocrx_word' id='word_1_327' title='bbox 826 5893 943 5956; x_wconf 88' lang='lat' dir='ltr'><strong>ordinis</strong></span> <span class='ocrx_word' id='word_1_328' title='bbox 958 5910 1004 5957; x_wconf 87' lang='lat' dir='ltr'><strong>ca·</strong></span> 
     </span>
    </p>
   </div>
   <div class='ocr_carea' id='block_1_6' title="bbox 1721 539 2021 612">
    <p class='ocr_par' dir='ltr' id='par_1_7' title="bbox 1721 539 2021 612">
     <span class='ocr_line' id='line_1_63' title="bbox 1721 539 2021 612; baseline -0.007 -2"><span class='ocrx_word' id='word_1_329' title='bbox 1721 539 1781 612; x_wconf 81' lang='lat' dir='ltr'><strong>dte</strong></span> <span class='ocrx_word' id='word_1_330' title='bbox 1830 547 2021 610; x_wconf 75' lang='lat' dir='ltr'><strong>un.o.1ste</strong></span> 
     </span>
    </p>
   </div>
   <div class='ocr_carea' id='block_1_7' title="bbox 1053 675 1804 2703">
    <p class='ocr_par' dir='ltr' id='par_1_8' title="bbox 1053 675 1804 2703">
     <span class='ocr_line' id='line_1_64' title="bbox 1053 675 1801 760; baseline 0.012 -23"><span class='ocrx_word' id='word_1_331' title='bbox 1053 675 1151 755; x_wconf 91' lang='lat' dir='ltr'><strong>pitulo</strong></span> <span class='ocrx_word' id='word_1_332' title='bbox 1181 677 1246 740; x_wconf 89' lang='lat' dir='ltr'><strong>sive</strong></span> <span class='ocrx_word' id='word_1_333' title='bbox 1267 679 1305 742; x_wconf 93' lang='lat' dir='ltr'><strong>de</strong></span> <span class='ocrx_word' id='word_1_334' title='bbox 1326 693 1413 744; x_wconf 89' lang='lat' dir='ltr'><strong>more</strong></span> <span class='ocrx_word' id='word_1_335' title='bbox 1433 691 1489 759; x_wconf 90' lang='lat' dir='ltr'><strong>per</strong></span> <span class='ocrx_word' id='word_1_336' title='bbox 1519 682 1648 760; x_wconf 87' lang='lat' dir='ltr'><strong>vocales,</strong></span> <span class='ocrx_word' id='word_1_337' title='bbox 1675 682 1742 748; x_wconf 88' lang='lat' dir='ltr'><strong>sive</strong></span> <span class='ocrx_word' id='word_1_338' title='bbox 1763 701 1801 748; x_wconf 90' lang='lat' dir='ltr'><strong>ex</strong></span> 
     </span>
     <span class='ocr_line' id='line_1_65' title="bbox 1053 770 1801 853; baseline 0.015 -21"><span class='ocrx_word' id='word_1_339' title='bbox 1053 770 1174 848; x_wconf 91' lang='lat' dir='ltr'><strong>speciali</strong></span> <span class='ocrx_word' id='word_1_340' title='bbox 1195 773 1318 835; x_wconf 92' lang='lat' dir='ltr'><strong>indulto</strong></span> <span class='ocrx_word' id='word_1_341' title='bbox 1339 774 1529 853; x_wconf 70' lang='lat' dir='ltr'><strong>spostolicae</strong></span> <span class='ocrx_word' id='word_1_342' title='bbox 1554 779 1640 842; x_wconf 91' lang='lat' dir='ltr'><strong>Sedis</strong></span> <span class='ocrx_word' id='word_1_343' title='bbox 1661 781 1801 845; x_wconf 92' lang='lat' dir='ltr'><strong>habendo</strong></span> 
     </span>
     <span class='ocr_line' id='line_1_66' title="bbox 1053 864 1802 953; baseline 0.017 -28"><span class='ocrx_word' id='word_1_344' title='bbox 1053 864 1142 926; x_wconf 92' lang='lat' dir='ltr'><strong>ambo</strong></span> <span class='ocrx_word' id='word_1_345' title='bbox 1153 866 1312 942; x_wconf 90' lang='lat' dir='ltr'><strong>generales</strong></span> <span class='ocrx_word' id='word_1_346' title='bbox 1323 866 1513 943; x_wconf 85' lang='lat' dir='ltr'><strong>definitores,</strong></span> <span class='ocrx_word' id='word_1_347' title='bbox 1527 888 1608 934; x_wconf 90' lang='lat' dir='ltr'><strong>unus</strong></span> <span class='ocrx_word' id='word_1_348' title='bbox 1619 889 1733 952; x_wconf 90' lang='lat' dir='ltr'><strong>nempe</strong></span> <span class='ocrx_word' id='word_1_349' title='bbox 1745 890 1802 953; x_wconf 91' lang='lat' dir='ltr'><strong>pro</strong></span> 
     </span>
     <span class='ocr_line' id='line_1_67' title="bbox 1053 957 1803 1043; baseline 0.013 -25"><span class='ocrx_word' id='word_1_350' title='bbox 1053 957 1274 1033; x_wconf 87' lang='lat' dir='ltr'><strong>meridionalis,</strong></span> <span class='ocrx_word' id='word_1_351' title='bbox 1297 959 1375 1022; x_wconf 88' lang='lat' dir='ltr'><strong>alter</strong></span> <span class='ocrx_word' id='word_1_352' title='bbox 1396 976 1471 1024; x_wconf 91' lang='lat' dir='ltr'><strong>vero</strong></span> <span class='ocrx_word' id='word_1_353' title='bbox 1492 978 1546 1041; x_wconf 92' lang='lat' dir='ltr'><strong>pro</strong></span> <span class='ocrx_word' id='word_1_354' title='bbox 1566 968 1803 1043; x_wconf 89' lang='lat' dir='ltr'><strong>septemtriona-</strong></span> 
     </span>
     <span class='ocr_line' id='line_1_68' title="bbox 1054 1048 1801 1132; baseline 0.017 -22"><span class='ocrx_word' id='word_1_355' title='bbox 1054 1048 1090 1110; x_wconf 92' lang='lat' dir='ltr'><strong>lis</strong></span> <span class='ocrx_word' id='word_1_356' title='bbox 1101 1049 1259 1113; x_wconf 79' lang='lat' dir='ltr'><strong>Americae</strong></span> <span class='ocrx_word' id='word_1_357' title='bbox 1272 1053 1450 1129; x_wconf 92' lang='lat' dir='ltr'><strong>provinciis,</strong></span> <span class='ocrx_word' id='word_1_358' title='bbox 1459 1054 1625 1132; x_wconf 90' lang='lat' dir='ltr'><strong>eligantur,</strong></span> <span class='ocrx_word' id='word_1_359' title='bbox 1635 1061 1801 1122; x_wconf 89' lang='lat' dir='ltr'><strong>nominen-</strong></span> 
     </span>
     <span class='ocr_line' id='line_1_69' title="bbox 1056 1143 1801 1230; baseline 0.013 -26"><span class='ocrx_word' id='word_1_360' title='bbox 1056 1151 1106 1204; x_wconf 86' lang='lat' dir='ltr'><strong>tur</strong></span> <span class='ocrx_word' id='word_1_361' title='bbox 1126 1151 1157 1204; x_wconf 89' lang='lat' dir='ltr'><strong>et</strong></span> <span class='ocrx_word' id='word_1_362' title='bbox 1177 1143 1382 1220; x_wconf 90' lang='lat' dir='ltr'><strong>adsignentur</strong></span> <span class='ocrx_word' id='word_1_363' title='bbox 1408 1146 1494 1209; x_wconf 89' lang='lat' dir='ltr'><strong>iuxta</strong></span> <span class='ocrx_word' id='word_1_364' title='bbox 1515 1150 1638 1225; x_wconf 89' lang='lat' dir='ltr'><strong>regulas</strong></span> <span class='ocrx_word' id='word_1_365' title='bbox 1659 1168 1715 1230; x_wconf 92' lang='lat' dir='ltr'><strong>pro</strong></span> <span class='ocrx_word' id='word_1_366' title='bbox 1736 1153 1801 1214; x_wconf 84' lang='lat' dir='ltr'><strong>aliis</strong></span> 
     </span>
     <span class='ocr_line' id='line_1_70' title="bbox 1054 1235 1801 1324; baseline 0.016 -28"><span class='ocrx_word' id='word_1_367' title='bbox 1054 1235 1238 1298; x_wconf 81' lang='lat' dir='ltr'><strong>delinitoriis</strong></span> <span class='ocrx_word' id='word_1_368' title='bbox 1260 1238 1455 1312; x_wconf 90' lang='lat' dir='ltr'><strong>generalibus</strong></span> <span class='ocrx_word' id='word_1_369' title='bbox 1483 1243 1630 1305; x_wconf 90' lang='lat' dir='ltr'><strong>antedicti</strong></span> <span class='ocrx_word' id='word_1_370' title='bbox 1652 1245 1801 1324; x_wconf 91' lang='lat' dir='ltr'><strong>seraphici</strong></span> 
     </span>
     <span class='ocr_line' id='line_1_71' title="bbox 1054 1326 1802 1410; baseline 0.016 -21"><span class='ocrx_word' id='word_1_371' title='bbox 1054 1326 1169 1391; x_wconf 89' lang='lat' dir='ltr'><strong>ordinis</strong></span> <span class='ocrx_word' id='word_1_372' title='bbox 1189 1330 1392 1410; x_wconf 90' lang='lat' dir='ltr'><strong>praescriptas</strong></span> <span class='ocrx_word' id='word_1_373' title='bbox 1419 1349 1492 1396; x_wconf 92' lang='lat' dir='ltr'><strong>cum</strong></span> <span class='ocrx_word' id='word_1_374' title='bbox 1513 1335 1657 1398; x_wconf 92' lang='lat' dir='ltr'><strong>omnibus</strong></span> <span class='ocrx_word' id='word_1_375' title='bbox 1678 1338 1802 1401; x_wconf 91' lang='lat' dir='ltr'><strong>honori·</strong></span> 
     </span>
     <span class='ocr_line' id='line_1_72' title="bbox 1054 1420 1801 1504; baseline 0.017 -22"><span class='ocrx_word' id='word_1_376' title='bbox 1054 1420 1123 1496; x_wconf 91' lang='lat' dir='ltr'><strong>bus,</strong></span> <span class='ocrx_word' id='word_1_377' title='bbox 1140 1423 1371 1500; x_wconf 85' lang='lat' dir='ltr'><strong>praerogativis,</strong></span> <span class='ocrx_word' id='word_1_378' title='bbox 1387 1425 1568 1504; x_wconf 87' lang='lat' dir='ltr'><strong>privilegiis,</strong></span> <span class='ocrx_word' id='word_1_379' title='bbox 1582 1430 1687 1504; x_wconf 89' lang='lat' dir='ltr'><strong>gratiis</strong></span> <span class='ocrx_word' id='word_1_380' title='bbox 1702 1440 1733 1493; x_wconf 94' lang='lat' dir='ltr'><strong>et</strong></span> <span class='ocrx_word' id='word_1_381' title='bbox 1748 1433 1801 1494; x_wconf 94' lang='lat' dir='ltr'><strong>ho·</strong></span> 
     </span>
     <span class='ocr_line' id='line_1_73' title="bbox 1055 1515 1803 1600; baseline 0.017 -24"><span class='ocrx_word' id='word_1_382' title='bbox 1055 1515 1183 1578; x_wconf 90' lang='lat' dir='ltr'><strong>noribus</strong></span> <span class='ocrx_word' id='word_1_383' title='bbox 1202 1515 1314 1594; x_wconf 89' lang='lat' dir='ltr'><strong>quibus</strong></span> <span class='ocrx_word' id='word_1_384' title='bbox 1341 1518 1478 1594; x_wconf 88' lang='lat' dir='ltr'><strong>gaudent</strong></span> <span class='ocrx_word' id='word_1_385' title='bbox 1505 1523 1617 1583; x_wconf 89' lang='lat' dir='ltr'><strong>caeteri</strong></span> <span class='ocrx_word' id='word_1_386' title='bbox 1639 1523 1733 1600; x_wconf 85' lang='lat' dir='ltr'><strong>ipsius</strong></span> <span class='ocrx_word' id='word_1_387' title='bbox 1754 1543 1803 1588; x_wconf 92' lang='lat' dir='ltr'><strong>or-</strong></span> 
     </span>
     <span class='ocr_line' id='line_1_74' title="bbox 1055 1608 1802 1689; baseline 0.017 -20"><span class='ocrx_word' id='word_1_388' title='bbox 1055 1608 1137 1670; x_wconf 91' lang='lat' dir='ltr'><strong>dinis</strong></span> <span class='ocrx_word' id='word_1_389' title='bbox 1168 1609 1329 1686; x_wconf 89' lang='lat' dir='ltr'><strong>generales</strong></span> <span class='ocrx_word' id='word_1_390' title='bbox 1359 1611 1552 1689; x_wconf 88' lang='lat' dir='ltr'><strong>definitores,</strong></span> <span class='ocrx_word' id='word_1_391' title='bbox 1580 1613 1748 1681; x_wconf 90' lang='lat' dir='ltr'><strong>dummodo</strong></span> <span class='ocrx_word' id='word_1_392' title='bbox 1769 1621 1802 1682; x_wconf 92' lang='lat' dir='ltr'><strong>in</strong></span> 
     </span>
     <span class='ocr_line' id='line_1_75' title="bbox 1053 1703 1804 1788; baseline 0.016 -25"><span class='ocrx_word' id='word_1_393' title='bbox 1053 1703 1235 1780; x_wconf 87' lang='lat' dir='ltr'><strong>supradictis</strong></span> <span class='ocrx_word' id='word_1_394' title='bbox 1251 1704 1428 1782; x_wconf 88' lang='lat' dir='ltr'><strong>provinciis,</strong></span> <span class='ocrx_word' id='word_1_395' title='bbox 1444 1714 1474 1768; x_wconf 89' lang='lat' dir='ltr'><strong>et</strong></span> <span class='ocrx_word' id='word_1_396' title='bbox 1489 1723 1552 1769; x_wconf 94' lang='lat' dir='ltr'><strong>non</strong></span> <span class='ocrx_word' id='word_1_397' title='bbox 1568 1715 1667 1786; x_wconf 90' lang='lat' dir='ltr'><strong>extra,</strong></span> <span class='ocrx_word' id='word_1_398' title='bbox 1683 1727 1804 1788; x_wconf 89' lang='lat' dir='ltr'><strong>perma-</strong></span> 
     </span>
     <span class='ocr_line' id='line_1_76' title="bbox 1055 1798 1803 1879; baseline 0.012 -19"><span class='ocrx_word' id='word_1_399' title='bbox 1055 1814 1133 1860; x_wconf 93' lang='lat' dir='ltr'><strong>nens</strong></span> <span class='ocrx_word' id='word_1_400' title='bbox 1155 1798 1285 1860; x_wconf 90' lang='lat' dir='ltr'><strong>habeant</strong></span> <span class='ocrx_word' id='word_1_401' title='bbox 1305 1815 1338 1860; x_wconf 93' lang='lat' dir='ltr'><strong>ac</strong></span> <span class='ocrx_word' id='word_1_402' title='bbox 1360 1799 1516 1861; x_wconf 91' lang='lat' dir='ltr'><strong>retineant</strong></span> <span class='ocrx_word' id='word_1_403' title='bbox 1537 1802 1740 1879; x_wconf 90' lang='lat' dir='ltr'><strong>domicilium,</strong></span> <span class='ocrx_word' id='word_1_404' title='bbox 1770 1823 1803 1870; x_wconf 91' lang='lat' dir='ltr'><strong>ac</strong></span> 
     </span>
     <span class='ocr_line' id='line_1_77' title="bbox 1056 1893 1803 1970; baseline 0.005 -14"><span class='ocrx_word' id='word_1_405' title='bbox 1056 1893 1181 1956; x_wconf 92' lang='lat' dir='ltr'><strong>nullum</strong></span> <span class='ocrx_word' id='word_1_406' title='bbox 1209 1900 1373 1955; x_wconf 89' lang='lat' dir='ltr'><strong>censeatur</strong></span> <span class='ocrx_word' id='word_1_407' title='bbox 1402 1893 1589 1970; x_wconf 89' lang='lat' dir='ltr'><strong>requisitum</strong></span> <span class='ocrx_word' id='word_1_408' title='bbox 1610 1895 1658 1958; x_wconf 94' lang='lat' dir='ltr'><strong>ius</strong></span> <span class='ocrx_word' id='word_1_409' title='bbox 1679 1899 1716 1960; x_wconf 90' lang='lat' dir='ltr'><strong>ad</strong></span> <span class='ocrx_word' id='word_1_410' title='bbox 1737 1910 1803 1960; x_wconf 92' lang='lat' dir='ltr'><strong>ees·</strong></span> 
     </span>
     <span class='ocr_line' id='line_1_78' title="bbox 1054 1983 1802 2060; baseline 0.003 -12"><span class='ocrx_word' id='word_1_411' title='bbox 1054 1988 1126 2050; x_wconf 92' lang='lat' dir='ltr'><strong>dem</strong></span> <span class='ocrx_word' id='word_1_412' title='bbox 1142 1986 1320 2048; x_wconf 85' lang='lat' dir='ltr'><strong>definitores</strong></span> <span class='ocrx_word' id='word_1_413' title='bbox 1335 1983 1496 2060; x_wconf 90' lang='lat' dir='ltr'><strong>generales</strong></span> <span class='ocrx_word' id='word_1_414' title='bbox 1511 1987 1716 2051; x_wconf 90' lang='lat' dir='ltr'><strong>nominandos</strong></span> <span class='ocrx_word' id='word_1_415' title='bbox 1731 1999 1802 2052; x_wconf 91' lang='lat' dir='ltr'><strong>ante</strong></span> 
     </span>
     <span class='ocr_line' id='line_1_79' title="bbox 1053 2078 1804 2160; baseline 0.003 -18"><span class='ocrx_word' id='word_1_416' title='bbox 1053 2082 1246 2160; x_wconf 91' lang='lat' dir='ltr'><strong>praedictum</strong></span> <span class='ocrx_word' id='word_1_417' title='bbox 1267 2079 1412 2157; x_wconf 88' lang='lat' dir='ltr'><strong>generale</strong></span> <span class='ocrx_word' id='word_1_418' title='bbox 1439 2078 1610 2158; x_wconf 90' lang='lat' dir='ltr'><strong>capitulum</strong></span> <span class='ocrx_word' id='word_1_419' title='bbox 1637 2081 1733 2144; x_wconf 86' lang='lat' dir='ltr'><strong>totius</strong></span> <span class='ocrx_word' id='word_1_420' title='bbox 1754 2099 1804 2144; x_wconf 90' lang='lat' dir='ltr'><strong>or-</strong></span> 
     </span>
     <span class='ocr_line' id='line_1_80' title="bbox 1055 2171 1803 2252; baseline 0.008 -18"><span class='ocrx_word' id='word_1_421' title='bbox 1055 2173 1136 2236; x_wconf 87' lang='lat' dir='ltr'><strong>dinis</strong></span> <span class='ocrx_word' id='word_1_422' title='bbox 1156 2174 1214 2235; x_wconf 89' lang='lat' dir='ltr'><strong>sub</strong></span> <span class='ocrx_word' id='word_1_423' title='bbox 1235 2173 1329 2236; x_wconf 92' lang='lat' dir='ltr'><strong>unius</strong></span> <span class='ocrx_word' id='word_1_424' title='bbox 1350 2171 1454 2250; x_wconf 92' lang='lat' dir='ltr'><strong>capitis</strong></span> <span class='ocrx_word' id='word_1_425' title='bbox 1484 2172 1619 2236; x_wconf 88' lang='lat' dir='ltr'><strong>ministri</strong></span> <span class='ocrx_word' id='word_1_426' title='bbox 1649 2177 1803 2252; x_wconf 89' lang='lat' dir='ltr'><strong>generalis</strong></span> 
     </span>
     <span class='ocr_line' id='line_1_81' title="bbox 1056 2267 1803 2345; baseline 0.008 -17"><span class='ocrx_word' id='word_1_427' title='bbox 1056 2267 1226 2344; x_wconf 81' lang='lat' dir='ltr'><strong>regimine3</strong></span> <span class='ocrx_word' id='word_1_428' title='bbox 1249 2273 1341 2345; x_wconf 90' lang='lat' dir='ltr'><strong>atque</strong></span> <span class='ocrx_word' id='word_1_429' title='bbox 1364 2267 1437 2328; x_wconf 88' lang='lat' dir='ltr'><strong>haec</strong></span> <span class='ocrx_word' id='word_1_430' title='bbox 1451 2267 1606 2328; x_wconf 85' lang='lat' dir='ltr'><strong>concessio</strong></span> <span class='ocrx_word' id='word_1_431' title='bbox 1620 2267 1696 2330; x_wconf 92' lang='lat' dir='ltr'><strong>lacta</strong></span> <span class='ocrx_word' id='word_1_432' title='bbox 1712 2270 1803 2334; x_wconf 91' lang='lat' dir='ltr'><strong>intel·</strong></span> 
     </span>
     <span class='ocr_line' id='line_1_82' title="bbox 1055 2359 1804 2441; baseline 0.007 -19"><span class='ocrx_word' id='word_1_433' title='bbox 1055 2361 1168 2437; x_wconf 89' lang='lat' dir='ltr'><strong>ligatur</strong></span> <span class='ocrx_word' id='word_1_434' title='bbox 1189 2360 1303 2438; x_wconf 92' lang='lat' dir='ltr'><strong>absque</strong></span> <span class='ocrx_word' id='word_1_435' title='bbox 1324 2359 1389 2422; x_wconf 93' lang='lat' dir='ltr'><strong>ullo</strong></span> <span class='ocrx_word' id='word_1_436' title='bbox 1412 2361 1597 2439; x_wconf 91' lang='lat' dir='ltr'><strong>praeiudicio</strong></span> <span class='ocrx_word' id='word_1_437' title='bbox 1622 2366 1804 2441; x_wconf 89' lang='lat' dir='ltr'><strong>quarumvis</strong></span> 
     </span>
     <span class='ocr_line' id='line_1_83' title="bbox 1056 2453 1804 2532; baseline 0.007 -18"><span class='ocrx_word' id='word_1_438' title='bbox 1056 2453 1186 2515; x_wconf 92' lang='lat' dir='ltr'><strong>aliarum</strong></span> <span class='ocrx_word' id='word_1_439' title='bbox 1214 2453 1468 2531; x_wconf 89' lang='lat' dir='ltr'><strong>dispositionum,</strong></span> <span class='ocrx_word' id='word_1_440' title='bbox 1498 2470 1577 2532; x_wconf 92' lang='lat' dir='ltr'><strong>quae</strong></span> <span class='ocrx_word' id='word_1_441' title='bbox 1597 2456 1674 2518; x_wconf 91' lang='lat' dir='ltr'><strong>circa</strong></span> <span class='ocrx_word' id='word_1_442' title='bbox 1698 2458 1804 2521; x_wconf 89' lang='lat' dir='ltr'><strong>huius-</strong></span> 
     </span>
     <span class='ocr_line' id='line_1_84' title="bbox 1055 2546 1804 2627; baseline 0.003 -17"><span class='ocrx_word' id='word_1_443' title='bbox 1055 2546 1138 2610; x_wconf 93' lang='lat' dir='ltr'><strong>modi</strong></span> <span class='ocrx_word' id='word_1_444' title='bbox 1152 2547 1275 2622; x_wconf 88' lang='lat' dir='ltr'><strong>negotia</strong></span> <span class='ocrx_word' id='word_1_445' title='bbox 1291 2546 1324 2607; x_wconf 92' lang='lat' dir='ltr'><strong>in</strong></span> <span class='ocrx_word' id='word_1_446' title='bbox 1339 2546 1476 2622; x_wconf 87' lang='lat' dir='ltr'><strong>generali</strong></span> <span class='ocrx_word' id='word_1_447' title='bbox 1491 2549 1626 2627; x_wconf 90' lang='lat' dir='ltr'><strong>capitulo</strong></span> <span class='ocrx_word' id='word_1_448' title='bbox 1640 2560 1734 2614; x_wconf 86' lang='lat' dir='ltr'><strong>erunt</strong></span> <span class='ocrx_word' id='word_1_449' title='bbox 1745 2561 1804 2615; x_wconf 93' lang='lat' dir='ltr'><strong>sta-</strong></span> 
     </span>
     <span class='ocr_line' id='line_1_85' title="bbox 1056 2643 1197 2703; baseline 0.007 -2"><span class='ocrx_word' id='word_1_450' title='bbox 1056 2643 1197 2703; x_wconf 90' lang='lat' dir='ltr'><strong>tuendae.</strong></span> 
     </span>
    </p>
   </div>
   <div class='ocr_carea' id='block_1_8' title="bbox 1056 2733 2039 5972">
    <p class='ocr_par' dir='ltr' id='par_1_9' title="bbox 1056 2733 2036 4862">
     <span class='ocr_line' id='line_1_86' title="bbox 1096 2733 2036 2808; baseline 0.013 -13"><span class='ocrx_word' id='word_1_451' title='bbox 1096 2733 1165 2808; x_wconf 76' lang='lat' dir='ltr'><strong>§ln</strong></span> <span class='ocrx_word' id='word_1_452' title='bbox 1189 2734 1368 2797; x_wconf 87' lang='lat' dir='ltr'><strong>Praesentes</strong></span> <span class='ocrx_word' id='word_1_453' title='bbox 1389 2743 1493 2798; x_wconf 90' lang='lat' dir='ltr'><strong>autem</strong></span> <span class='ocrx_word' id='word_1_454' title='bbox 1515 2737 1618 2801; x_wconf 88' lang='lat' dir='ltr'><strong>literas</strong></span> <span class='ocrx_word' id='word_1_455' title='bbox 1634 2741 1721 2803; x_wconf 95' lang='lat' dir='ltr'><strong>nullo</strong></span> <span class='ocrx_word' id='word_1_456' title='bbox 1736 2757 1804 2804; x_wconf 91' lang='lat' dir='ltr'><strong>um·</strong></span> <span class='ocrx_word' id='word_1_457' title='bbox 1842 2759 1963 2806; x_wconf 77' lang='lat' dir='ltr'><strong>clausura</strong></span> <span class='ocrx_word' id='word_1_458' title='bbox 1977 2760 2036 2806; x_wconf 79' lang='lat' dir='ltr'><strong>suo-</strong></span> 
     </span>
     <span class='ocr_line' id='line_1_87' title="bbox 1057 2813 2036 2914; baseline 0.01 -26"><span class='ocrx_word' id='word_1_459' title='bbox 1057 2843 1149 2906; x_wconf 89' lang='lat' dir='ltr'><strong>quam</strong></span> <span class='ocrx_word' id='word_1_460' title='bbox 1180 2833 1320 2906; x_wconf 89' lang='lat' dir='ltr'><strong>tempore</strong></span> <span class='ocrx_word' id='word_1_461' title='bbox 1341 2828 1378 2890; x_wconf 91' lang='lat' dir='ltr'><strong>de</strong></span> <span class='ocrx_word' id='word_1_462' title='bbox 1402 2828 1610 2906; x_wconf 89' lang='lat' dir='ltr'><strong>subreptionis</strong></span> <span class='ocrx_word' id='word_1_463' title='bbox 1639 2833 1688 2895; x_wconf 91' lang='lat' dir='ltr'><strong>vel</strong></span> <span class='ocrx_word' id='word_1_464' title='bbox 1716 2834 1804 2896; x_wconf 93' lang='lat' dir='ltr'><strong>obre·</strong></span> <span class='ocrx_word' id='word_1_465' title='bbox 1824 2813 1879 2914; x_wconf 56' lang='lat' dir='ltr'><strong>23⁸,ss</strong></span> <span class='ocrx_word' id='word_1_466' title='bbox 1896 2813 2036 2914; x_wconf 41' lang='lat' dir='ltr'><strong>ffiffl&amp;</strong></span> 
     </span>
     <span class='ocr_line' id='line_1_88' title="bbox 1056 2919 1805 2998; baseline 0.009 -16"><span class='ocrx_word' id='word_1_467' title='bbox 1056 2920 1171 2998; x_wconf 89' lang='lat' dir='ltr'><strong>ptionis</strong></span> <span class='ocrx_word' id='word_1_468' title='bbox 1192 2926 1243 2982; x_wconf 91' lang='lat' dir='ltr'><strong>aut</strong></span> <span class='ocrx_word' id='word_1_469' title='bbox 1265 2919 1417 2982; x_wconf 91' lang='lat' dir='ltr'><strong>nullitatis</strong></span> <span class='ocrx_word' id='word_1_470' title='bbox 1438 2922 1524 2998; x_wconf 91' lang='lat' dir='ltr'><strong>vitio,</strong></span> <span class='ocrx_word' id='word_1_471' title='bbox 1546 2940 1600 2986; x_wconf 93' lang='lat' dir='ltr'><strong>seu</strong></span> <span class='ocrx_word' id='word_1_472' title='bbox 1624 2925 1805 2990; x_wconf 89' lang='lat' dir='ltr'><strong>intentionis</strong></span> 
     </span>
     <span class='ocr_line' id='line_1_89' title="bbox 1056 3013 1803 3091; baseline 0.009 -16"><span class='ocrx_word' id='word_1_473' title='bbox 1056 3022 1191 3089; x_wconf 89' lang='lat' dir='ltr'><strong>nostrae,</strong></span> <span class='ocrx_word' id='word_1_474' title='bbox 1215 3013 1265 3075; x_wconf 91' lang='lat' dir='ltr'><strong>vel</strong></span> <span class='ocrx_word' id='word_1_475' title='bbox 1285 3014 1395 3091; x_wconf 90' lang='lat' dir='ltr'><strong>quovis</strong></span> <span class='ocrx_word' id='word_1_476' title='bbox 1418 3015 1482 3091; x_wconf 82' lang='lat' dir='ltr'><strong>alio¹</strong></span> <span class='ocrx_word' id='word_1_477' title='bbox 1499 3017 1592 3078; x_wconf 90' lang='lat' dir='ltr'><strong>etiam</strong></span> <span class='ocrx_word' id='word_1_478' title='bbox 1613 3019 1803 3082; x_wconf 78' lang='lat' dir='ltr'><strong>substantiali</strong></span> 
     </span>
     <span class='ocr_line' id='line_1_90' title="bbox 1057 3105 1806 3189; baseline 0.009 -21"><span class='ocrx_word' id='word_1_479' title='bbox 1057 3105 1178 3168; x_wconf 91' lang='lat' dir='ltr'><strong>delectu</strong></span> <span class='ocrx_word' id='word_1_480' title='bbox 1201 3105 1332 3169; x_wconf 90' lang='lat' dir='ltr'><strong>minime</strong></span> <span class='ocrx_word' id='word_1_481' title='bbox 1353 3107 1466 3183; x_wconf 94' lang='lat' dir='ltr'><strong>notari,</strong></span> <span class='ocrx_word' id='word_1_482' title='bbox 1488 3125 1545 3171; x_wconf 91' lang='lat' dir='ltr'><strong>nec</strong></span> <span class='ocrx_word' id='word_1_483' title='bbox 1566 3110 1624 3172; x_wconf 92' lang='lat' dir='ltr'><strong>sub</strong></span> <span class='ocrx_word' id='word_1_484' title='bbox 1645 3112 1806 3189; x_wconf 88' lang='lat' dir='ltr'><strong>quibusvis</strong></span> 
     </span>
     <span class='ocr_line' id='line_1_91' title="bbox 1056 3197 1808 3276; baseline 0.012 -16"><span class='ocrx_word' id='word_1_485' title='bbox 1056 3198 1209 3261; x_wconf 91' lang='lat' dir='ltr'><strong>similium</strong></span> <span class='ocrx_word' id='word_1_486' title='bbox 1230 3197 1280 3260; x_wconf 90' lang='lat' dir='ltr'><strong>vel</strong></span> <span class='ocrx_word' id='word_1_487' title='bbox 1301 3198 1499 3262; x_wconf 88' lang='lat' dir='ltr'><strong>dissimilium</strong></span> <span class='ocrx_word' id='word_1_488' title='bbox 1527 3203 1697 3276; x_wconf 88' lang='lat' dir='ltr'><strong>gratiarum</strong></span> <span class='ocrx_word' id='word_1_489' title='bbox 1720 3223 1808 3269; x_wconf 83' lang='lat' dir='ltr'><strong>revo-</strong></span> 
     </span>
     <span class='ocr_line' id='line_1_92' title="bbox 1057 3292 1804 3375; baseline 0.008 -19"><span class='ocrx_word' id='word_1_490' title='bbox 1057 3292 1240 3366; x_wconf 91' lang='lat' dir='ltr'><strong>cationibus,</strong></span> <span class='ocrx_word' id='word_1_491' title='bbox 1268 3293 1534 3370; x_wconf 90' lang='lat' dir='ltr'><strong>suspensionibus,</strong></span> <span class='ocrx_word' id='word_1_492' title='bbox 1558 3294 1804 3375; x_wconf 89' lang='lat' dir='ltr'><strong>limitationibus,</strong></span> 
     </span>
     <span class='ocr_line' id='line_1_93' title="bbox 1057 3385 1808 3469; baseline 0.003 -17"><span class='ocrx_word' id='word_1_493' title='bbox 1057 3385 1319 3462; x_wconf 88' lang='lat' dir='ltr'><strong>derogationibus,</strong></span> <span class='ocrx_word' id='word_1_494' title='bbox 1341 3394 1394 3449; x_wconf 90' lang='lat' dir='ltr'><strong>aut</strong></span> <span class='ocrx_word' id='word_1_495' title='bbox 1415 3386 1482 3448; x_wconf 93' lang='lat' dir='ltr'><strong>aliis</strong></span> <span class='ocrx_word' id='word_1_496' title='bbox 1503 3390 1665 3450; x_wconf 91' lang='lat' dir='ltr'><strong>contrariis</strong></span> <span class='ocrx_word' id='word_1_497' title='bbox 1680 3391 1808 3469; x_wconf 91' lang='lat' dir='ltr'><strong>disposi-</strong></span> 
     </span>
     <span class='ocr_line' id='line_1_94' title="bbox 1058 3480 1806 3557; baseline 0.007 -15"><span class='ocrx_word' id='word_1_498' title='bbox 1058 3480 1195 3542; x_wconf 92' lang='lat' dir='ltr'><strong>tionibus</strong></span> <span class='ocrx_word' id='word_1_499' title='bbox 1205 3494 1261 3557; x_wconf 90' lang='lat' dir='ltr'><strong>per</strong></span> <span class='ocrx_word' id='word_1_500' title='bbox 1270 3480 1423 3542; x_wconf 83' lang='lat' dir='ltr'><strong>Romanos</strong></span> <span class='ocrx_word' id='word_1_501' title='bbox 1435 3480 1599 3543; x_wconf 76' lang='lat' dir='ltr'><strong>Pontifices</strong></span> <span class='ocrx_word' id='word_1_502' title='bbox 1613 3484 1707 3545; x_wconf 89' lang='lat' dir='ltr'><strong>etiam</strong></span> <span class='ocrx_word' id='word_1_503' title='bbox 1718 3494 1806 3548; x_wconf 88' lang='lat' dir='ltr'><strong>motu</strong></span> 
     </span>
     <span class='ocr_line' id='line_1_95' title="bbox 1058 3571 1808 3652; baseline 0.009 -18"><span class='ocrx_word' id='word_1_504' title='bbox 1058 3571 1192 3652; x_wconf 92' lang='lat' dir='ltr'><strong>proprio,</strong></span> <span class='ocrx_word' id='word_1_505' title='bbox 1215 3588 1248 3634; x_wconf 92' lang='lat' dir='ltr'><strong>ac</strong></span> <span class='ocrx_word' id='word_1_506' title='bbox 1268 3571 1341 3633; x_wconf 90' lang='lat' dir='ltr'><strong>alias</strong></span> <span class='ocrx_word' id='word_1_507' title='bbox 1355 3572 1413 3634; x_wconf 93' lang='lat' dir='ltr'><strong>sub</strong></span> <span class='ocrx_word' id='word_1_508' title='bbox 1427 3574 1587 3652; x_wconf 91' lang='lat' dir='ltr'><strong>quibusvis</strong></span> <span class='ocrx_word' id='word_1_509' title='bbox 1602 3577 1762 3640; x_wconf 91' lang='lat' dir='ltr'><strong>tenoribus</strong></span> <span class='ocrx_word' id='word_1_510' title='bbox 1776 3588 1808 3641; x_wconf 91' lang='lat' dir='ltr'><strong>et</strong></span> 
     </span>
     <span class='ocr_line' id='line_1_96' title="bbox 1058 3664 1808 3746; baseline 0.009 -19"><span class='ocrx_word' id='word_1_511' title='bbox 1058 3664 1165 3728; x_wconf 84' lang='lat' dir='ltr'><strong>termis</strong></span> <span class='ocrx_word' id='word_1_512' title='bbox 1187 3682 1241 3743; x_wconf 90' lang='lat' dir='ltr'><strong>pro</strong></span> <span class='ocrx_word' id='word_1_513' title='bbox 1264 3673 1403 3743; x_wconf 88' lang='lat' dir='ltr'><strong>tempore</strong></span> <span class='ocrx_word' id='word_1_514' title='bbox 1431 3666 1517 3728; x_wconf 88' lang='lat' dir='ltr'><strong>laetis</strong></span> <span class='ocrx_word' id='word_1_515' title='bbox 1538 3676 1569 3730; x_wconf 90' lang='lat' dir='ltr'><strong>et</strong></span> <span class='ocrx_word' id='word_1_516' title='bbox 1594 3667 1750 3746; x_wconf 87' lang='lat' dir='ltr'><strong>iaciendis,</strong></span> <span class='ocrx_word' id='word_1_517' title='bbox 1774 3687 1808 3734; x_wconf 91' lang='lat' dir='ltr'><strong>ac</strong></span> 
     </span>
     <span class='ocr_line' id='line_1_97' title="bbox 1059 3758 1807 3838; baseline 0.007 -16"><span class='ocrx_word' id='word_1_518' title='bbox 1059 3760 1209 3822; x_wconf 91' lang='lat' dir='ltr'><strong>concessis</strong></span> <span class='ocrx_word' id='word_1_519' title='bbox 1230 3765 1261 3820; x_wconf 92' lang='lat' dir='ltr'><strong>et</strong></span> <span class='ocrx_word' id='word_1_520' title='bbox 1280 3758 1480 3821; x_wconf 88' lang='lat' dir='ltr'><strong>concedendis</strong></span> <span class='ocrx_word' id='word_1_521' title='bbox 1502 3763 1735 3838; x_wconf 91' lang='lat' dir='ltr'><strong>comprehendi,</strong></span> <span class='ocrx_word' id='word_1_522' title='bbox 1751 3767 1807 3827; x_wconf 91' lang='lat' dir='ltr'><strong>sed</strong></span> 
     </span>
     <span class='ocr_line' id='line_1_98' title="bbox 1058 3850 1809 3934; baseline 0.005 -20"><span class='ocrx_word' id='word_1_523' title='bbox 1058 3869 1181 3930; x_wconf 89' lang='lat' dir='ltr'><strong>semper</strong></span> <span class='ocrx_word' id='word_1_524' title='bbox 1202 3852 1240 3914; x_wconf 90' lang='lat' dir='ltr'><strong>ab</strong></span> <span class='ocrx_word' id='word_1_525' title='bbox 1260 3850 1319 3912; x_wconf 93' lang='lat' dir='ltr'><strong>illis</strong></span> <span class='ocrx_word' id='word_1_526' title='bbox 1341 3851 1451 3929; x_wconf 84' lang='lat' dir='ltr'><strong>excipi,</strong></span> <span class='ocrx_word' id='word_1_527' title='bbox 1473 3853 1585 3932; x_wconf 82' lang='lat' dir='ltr'><strong>easque</strong></span> <span class='ocrx_word' id='word_1_528' title='bbox 1611 3871 1735 3934; x_wconf 90' lang='lat' dir='ltr'><strong>semper</strong></span> <span class='ocrx_word' id='word_1_529' title='bbox 1755 3871 1809 3918; x_wconf 90' lang='lat' dir='ltr'><strong>va·</strong></span> 
     </span>
     <span class='ocr_line' id='line_1_99' title="bbox 1059 3945 1806 4025; baseline 0.001 -16"><span class='ocrx_word' id='word_1_530' title='bbox 1059 3947 1134 4009; x_wconf 91' lang='lat' dir='ltr'><strong>lidas</strong></span> <span class='ocrx_word' id='word_1_531' title='bbox 1155 3953 1186 4008; x_wconf 92' lang='lat' dir='ltr'><strong>et</strong></span> <span class='ocrx_word' id='word_1_532' title='bbox 1206 3945 1343 4008; x_wconf 87' lang='lat' dir='ltr'><strong>essicaces</strong></span> <span class='ocrx_word' id='word_1_533' title='bbox 1374 3945 1519 4021; x_wconf 86' lang='lat' dir='ltr'><strong>existere,</strong></span> <span class='ocrx_word' id='word_1_534' title='bbox 1541 3963 1675 4025; x_wconf 92' lang='lat' dir='ltr'><strong>suosque</strong></span> <span class='ocrx_word' id='word_1_535' title='bbox 1702 3948 1806 4025; x_wconf 90' lang='lat' dir='ltr'><strong>plena-</strong></span> 
     </span>
     <span class='ocr_line' id='line_1_100' title="bbox 1059 4036 1805 4120; baseline 0.005 -20"><span class='ocrx_word' id='word_1_536' title='bbox 1059 4041 1121 4102; x_wconf 90' lang='lat' dir='ltr'><strong>rios</strong></span> <span class='ocrx_word' id='word_1_537' title='bbox 1141 4047 1173 4102; x_wconf 92' lang='lat' dir='ltr'><strong>et</strong></span> <span class='ocrx_word' id='word_1_538' title='bbox 1187 4039 1325 4115; x_wconf 91' lang='lat' dir='ltr'><strong>integros</strong></span> <span class='ocrx_word' id='word_1_539' title='bbox 1340 4036 1466 4100; x_wconf 83' lang='lat' dir='ltr'><strong>allectus</strong></span> <span class='ocrx_word' id='word_1_540' title='bbox 1481 4039 1587 4100; x_wconf 91' lang='lat' dir='ltr'><strong>sortiri</strong></span> <span class='ocrx_word' id='word_1_541' title='bbox 1601 4046 1632 4102; x_wconf 89' lang='lat' dir='ltr'><strong>et</strong></span> <span class='ocrx_word' id='word_1_542' title='bbox 1646 4041 1805 4120; x_wconf 83' lang='lat' dir='ltr'><strong>obtinere3</strong></span> 
     </span>
     <span class='ocr_line' id='line_1_101' title="bbox 1058 4129 1807 4212; baseline 0.001 -17"><span class='ocrx_word' id='word_1_543' title='bbox 1058 4133 1165 4212; x_wconf 91' lang='lat' dir='ltr'><strong>sicque</strong></span> <span class='ocrx_word' id='word_1_544' title='bbox 1185 4140 1217 4194; x_wconf 90' lang='lat' dir='ltr'><strong>et</strong></span> <span class='ocrx_word' id='word_1_545' title='bbox 1230 4146 1295 4192; x_wconf 92' lang='lat' dir='ltr'><strong>non</strong></span> <span class='ocrx_word' id='word_1_546' title='bbox 1309 4129 1382 4192; x_wconf 89' lang='lat' dir='ltr'><strong>alias</strong></span> <span class='ocrx_word' id='word_1_547' title='bbox 1397 4145 1453 4207; x_wconf 90' lang='lat' dir='ltr'><strong>per</strong></span> <span class='ocrx_word' id='word_1_548' title='bbox 1466 4147 1678 4211; x_wconf 91' lang='lat' dir='ltr'><strong>quoscumque</strong></span> <span class='ocrx_word' id='word_1_549' title='bbox 1691 4134 1807 4196; x_wconf 91' lang='lat' dir='ltr'><strong>iudices</strong></span> 
     </span>
     <span class='ocr_line' id='line_1_102' title="bbox 1059 4221 1807 4305; baseline 0.003 -19"><span class='ocrx_word' id='word_1_550' title='bbox 1059 4224 1166 4305; x_wconf 91' lang='lat' dir='ltr'><strong>quavis</strong></span> <span class='ocrx_word' id='word_1_551' title='bbox 1187 4223 1368 4286; x_wconf 87' lang='lat' dir='ltr'><strong>auctoritate</strong></span> <span class='ocrx_word' id='word_1_552' title='bbox 1389 4221 1568 4299; x_wconf 89' lang='lat' dir='ltr'><strong>iungentes,</strong></span> <span class='ocrx_word' id='word_1_553' title='bbox 1584 4225 1700 4287; x_wconf 90' lang='lat' dir='ltr'><strong>sublata</strong></span> <span class='ocrx_word' id='word_1_554' title='bbox 1718 4227 1762 4288; x_wconf 91' lang='lat' dir='ltr'><strong>eis</strong></span> <span class='ocrx_word' id='word_1_555' title='bbox 1777 4235 1807 4288; x_wconf 91' lang='lat' dir='ltr'><strong>et</strong></span> 
     </span>
     <span class='ocr_line' id='line_1_103' title="bbox 1059 4315 1808 4393; baseline 0.001 -14"><span class='ocrx_word' id='word_1_556' title='bbox 1059 4333 1169 4380; x_wconf 90' lang='lat' dir='ltr'><strong>eorum</strong></span> <span class='ocrx_word' id='word_1_557' title='bbox 1195 4316 1323 4378; x_wconf 85' lang='lat' dir='ltr'><strong>cuilubet</strong></span> <span class='ocrx_word' id='word_1_558' title='bbox 1351 4315 1459 4393; x_wconf 84' lang='lat' dir='ltr'><strong>quevis</strong></span> <span class='ocrx_word' id='word_1_559' title='bbox 1485 4316 1574 4379; x_wconf 87' lang='lat' dir='ltr'><strong>aliter</strong></span> <span class='ocrx_word' id='word_1_560' title='bbox 1604 4318 1756 4380; x_wconf 90' lang='lat' dir='ltr'><strong>iudicandi</strong></span> <span class='ocrx_word' id='word_1_561' title='bbox 1777 4325 1808 4382; x_wconf 92' lang='lat' dir='ltr'><strong>et</strong></span> 
     </span>
     <span class='ocr_line' id='line_1_104' title="bbox 1059 4407 1808 4488; baseline 0 -16"><span class='ocrx_word' id='word_1_562' title='bbox 1059 4407 1287 4488; x_wconf 89' lang='lat' dir='ltr'><strong>interpretandi</strong></span> <span class='ocrx_word' id='word_1_563' title='bbox 1307 4408 1463 4485; x_wconf 86' lang='lat' dir='ltr'><strong>laenitate,</strong></span> <span class='ocrx_word' id='word_1_564' title='bbox 1483 4408 1611 4472; x_wconf 89' lang='lat' dir='ltr'><strong>iudicari</strong></span> <span class='ocrx_word' id='word_1_565' title='bbox 1633 4419 1664 4473; x_wconf 91' lang='lat' dir='ltr'><strong>et</strong></span> <span class='ocrx_word' id='word_1_566' title='bbox 1685 4412 1808 4473; x_wconf 86' lang='lat' dir='ltr'><strong>deliniri</strong></span> 
     </span>
     <span class='ocr_line' id='line_1_105' title="bbox 1059 4501 1806 4581; baseline -0.003 -14"><span class='ocrx_word' id='word_1_567' title='bbox 1059 4503 1183 4578; x_wconf 88' lang='lat' dir='ltr'><strong>debere,</strong></span> <span class='ocrx_word' id='word_1_568' title='bbox 1205 4509 1236 4564; x_wconf 92' lang='lat' dir='ltr'><strong>et</strong></span> <span class='ocrx_word' id='word_1_569' title='bbox 1257 4501 1283 4562; x_wconf 93' lang='lat' dir='ltr'><strong>si</strong></span> <span class='ocrx_word' id='word_1_570' title='bbox 1304 4515 1391 4563; x_wconf 91' lang='lat' dir='ltr'><strong>secus</strong></span> <span class='ocrx_word' id='word_1_571' title='bbox 1415 4517 1509 4580; x_wconf 89' lang='lat' dir='ltr'><strong>super</strong></span> <span class='ocrx_word' id='word_1_572' title='bbox 1530 4502 1577 4562; x_wconf 91' lang='lat' dir='ltr'><strong>his</strong></span> <span class='ocrx_word' id='word_1_573' title='bbox 1598 4519 1614 4562; x_wconf 94' lang='lat' dir='ltr'><strong>a</strong></span> <span class='ocrx_word' id='word_1_574' title='bbox 1638 4519 1806 4581; x_wconf 91' lang='lat' dir='ltr'><strong>quoquam,</strong></span> 
     </span>
     <span class='ocr_line' id='line_1_106' title="bbox 1059 4594 1808 4674; baseline 0.001 -16"><span class='ocrx_word' id='word_1_575' title='bbox 1059 4595 1168 4674; x_wconf 90' lang='lat' dir='ltr'><strong>quavis</strong></span> <span class='ocrx_word' id='word_1_576' title='bbox 1190 4594 1372 4657; x_wconf 87' lang='lat' dir='ltr'><strong>anctoritate</strong></span> <span class='ocrx_word' id='word_1_577' title='bbox 1399 4595 1534 4656; x_wconf 90' lang='lat' dir='ltr'><strong>scienter</strong></span> <span class='ocrx_word' id='word_1_578' title='bbox 1555 4594 1606 4657; x_wconf 89' lang='lat' dir='ltr'><strong>vel</strong></span> <span class='ocrx_word' id='word_1_579' title='bbox 1627 4597 1808 4674; x_wconf 91' lang='lat' dir='ltr'><strong>ignoranter</strong></span> 
     </span>
     <span class='ocr_line' id='line_1_107' title="bbox 1058 4687 1809 4764; baseline 0.001 -14"><span class='ocrx_word' id='word_1_580' title='bbox 1058 4687 1205 4751; x_wconf 89' lang='lat' dir='ltr'><strong>attentari</strong></span> <span class='ocrx_word' id='word_1_581' title='bbox 1231 4687 1408 4764; x_wconf 90' lang='lat' dir='ltr'><strong>contigerit,</strong></span> <span class='ocrx_word' id='word_1_582' title='bbox 1437 4688 1563 4750; x_wconf 90' lang='lat' dir='ltr'><strong>irritum</strong></span> <span class='ocrx_word' id='word_1_583' title='bbox 1591 4699 1622 4750; x_wconf 92' lang='lat' dir='ltr'><strong>et</strong></span> <span class='ocrx_word' id='word_1_584' title='bbox 1642 4688 1736 4751; x_wconf 89' lang='lat' dir='ltr'><strong>inane</strong></span> <span class='ocrx_word' id='word_1_585' title='bbox 1758 4691 1809 4753; x_wconf 90' lang='lat' dir='ltr'><strong>de·</strong></span> 
     </span>
     <span class='ocr_line' id='line_1_108' title="bbox 1059 4781 1491 4862; baseline -0.002 -18"><span class='ocrx_word' id='word_1_586' title='bbox 1059 4781 1227 4844; x_wconf 91' lang='lat' dir='ltr'><strong>cernimus.</strong></span> <span class='ocrx_word' id='word_1_587' title='bbox 1490 4859 1491 4862; x_wconf 8' lang='grc' dir='ltr'><strong>Ἴ</strong></span> 
     </span>
    </p>

    <p class='ocr_par' dir='ltr' id='par_1_10' title="bbox 1057 4871 2039 5972">
     <span class='ocr_line' id='line_1_109' title="bbox 1099 4871 2039 4958; baseline 0.006 -24"><span class='ocrx_word' id='word_1_588' title='bbox 1099 4874 1169 4949; x_wconf 72' lang='lat'><strong>§5-</strong></span> <span class='ocrx_word' id='word_1_589' title='bbox 1192 4871 1262 4935; x_wconf 92' lang='lat' dir='ltr'><strong>Non</strong></span> <span class='ocrx_word' id='word_1_590' title='bbox 1284 4873 1475 4936; x_wconf 89' lang='lat' dir='ltr'><strong>obstantibus</strong></span> <span class='ocrx_word' id='word_1_591' title='bbox 1493 4874 1676 4937; x_wconf 90' lang='lat' dir='ltr'><strong>recolendae</strong></span> <span class='ocrx_word' id='word_1_592' title='bbox 1690 4890 1809 4938; x_wconf 89' lang='lat' dir='ltr'><strong>memo·</strong></span> <span class='ocrx_word' id='word_1_593' title='bbox 1840 4893 2039 4958; x_wconf 64' lang='lat' dir='ltr'><strong>norogauooon-</strong></span> 
     </span>
     <span class='ocr_line' id='line_1_110' title="bbox 1059 4951 1973 5030; baseline 0.002 -1"><span class='ocrx_word' id='word_1_594' title='bbox 1059 4968 1124 5029; x_wconf 88' lang='lat' dir='ltr'><strong>riae</strong></span> <span class='ocrx_word' id='word_1_595' title='bbox 1145 4965 1316 5029; x_wconf 86' lang='lat' dir='ltr'><strong>Clementis</strong></span> <span class='ocrx_word' id='word_1_596' title='bbox 1338 4966 1394 5027; x_wconf 87' lang='lat' dir='ltr'><strong>PP.</strong></span> <span class='ocrx_word' id='word_1_597' title='bbox 1411 4967 1448 5029; x_wconf 86' lang='lat' dir='ltr'><strong>X.</strong></span> <span class='ocrx_word' id='word_1_598' title='bbox 1466 4965 1564 5028; x_wconf 92' lang='lat' dir='ltr'><strong>literis</strong></span> <span class='ocrx_word' id='word_1_599' title='bbox 1580 4968 1612 5028; x_wconf 94' lang='lat' dir='ltr'><strong>in</strong></span> <span class='ocrx_word' id='word_1_600' title='bbox 1627 4967 1724 5029; x_wconf 86' lang='lat' dir='ltr'><strong>torma</strong></span> <span class='ocrx_word' id='word_1_601' title='bbox 1741 4969 1808 5030; x_wconf 88' lang='lat' dir='ltr'><strong>bre·</strong></span> <span class='ocrx_word' id='word_1_602' title='bbox 1827 4951 1973 4994; x_wconf 60' lang='lat' dir='ltr'><strong>terrorum.</strong></span> 
     </span>
     <span class='ocr_line' id='line_1_111' title="bbox 1059 5056 1808 5136; baseline 0.003 -17"><span class='ocrx_word' id='word_1_603' title='bbox 1059 5061 1106 5121; x_wconf 89' lang='lat' dir='ltr'><strong>vis</strong></span> <span class='ocrx_word' id='word_1_604' title='bbox 1128 5057 1348 5135; x_wconf 91' lang='lat' dir='ltr'><strong>incipientibus</strong></span> <span class='ocrx_word' id='word_1_605' title='bbox 1373 5056 1578 5122; x_wconf 82' lang='lat' dir='ltr'><strong>Sacroscucti</strong></span> <span class='ocrx_word' id='word_1_606' title='bbox 1608 5059 1808 5136; x_wconf 83' lang='lat' dir='ltr'><strong>apostolatus</strong></span> 
     </span>
     <span class='ocr_line' id='line_1_112' title="bbox 1058 5149 1810 5215; baseline 0 -1"><span class='ocrx_word' id='word_1_607' title='bbox 1058 5151 1135 5214; x_wconf 90' lang='lat' dir='ltr'><strong>datis</strong></span> <span class='ocrx_word' id='word_1_608' title='bbox 1155 5149 1206 5212; x_wconf 93' lang='lat' dir='ltr'><strong>die</strong></span> <span class='ocrx_word' id='word_1_609' title='bbox 1227 5165 1316 5212; x_wconf 83' lang='lat' dir='ltr'><strong>xxvi.</strong></span> <span class='ocrx_word' id='word_1_610' title='bbox 1340 5151 1520 5213; x_wconf 90' lang='lat' dir='ltr'><strong>novembris</strong></span> <span class='ocrx_word' id='word_1_611' title='bbox 1541 5167 1682 5214; x_wconf 83' lang='lat' dir='ltr'><strong>uncuxx.</strong></span> <span class='ocrx_word' id='word_1_612' title='bbox 1704 5169 1738 5214; x_wconf 94' lang='lat' dir='ltr'><strong>ac</strong></span> <span class='ocrx_word' id='word_1_613' title='bbox 1759 5153 1810 5215; x_wconf 93' lang='lat' dir='ltr'><strong>de·</strong></span> 
     </span>
     <span class='ocr_line' id='line_1_113' title="bbox 1057 5242 1810 5322; baseline 0.003 -16"><span class='ocrx_word' id='word_1_614' title='bbox 1057 5253 1143 5307; x_wconf 90' lang='lat' dir='ltr'><strong>creto</strong></span> <span class='ocrx_word' id='word_1_615' title='bbox 1164 5243 1288 5322; x_wconf 89' lang='lat' dir='ltr'><strong>capituli</strong></span> <span class='ocrx_word' id='word_1_616' title='bbox 1304 5243 1458 5321; x_wconf 90' lang='lat' dir='ltr'><strong>generalis</strong></span> <span class='ocrx_word' id='word_1_617' title='bbox 1472 5242 1588 5306; x_wconf 89' lang='lat' dir='ltr'><strong>ordinis</strong></span> <span class='ocrx_word' id='word_1_618' title='bbox 1602 5247 1712 5308; x_wconf 90' lang='lat' dir='ltr'><strong>eodem</strong></span> <span class='ocrx_word' id='word_1_619' title='bbox 1727 5261 1810 5308; x_wconf 93' lang='lat' dir='ltr'><strong>anno</strong></span> 
     </span>
     <span class='ocr_line' id='line_1_114' title="bbox 1059 5336 1811 5412; baseline 0 -12"><span class='ocrx_word' id='word_1_620' title='bbox 1059 5336 1232 5400; x_wconf 73' lang='lat' dir='ltr'><strong>vallisoleti</strong></span> <span class='ocrx_word' id='word_1_621' title='bbox 1253 5336 1412 5412; x_wconf 90' lang='lat' dir='ltr'><strong>celebrati,</strong></span> <span class='ocrx_word' id='word_1_622' title='bbox 1435 5353 1493 5399; x_wconf 91' lang='lat' dir='ltr'><strong>neo</strong></span> <span class='ocrx_word' id='word_1_623' title='bbox 1514 5353 1578 5399; x_wconf 94' lang='lat' dir='ltr'><strong>uon</strong></span> <span class='ocrx_word' id='word_1_624' title='bbox 1599 5337 1752 5401; x_wconf 91' lang='lat' dir='ltr'><strong>similibus</strong></span> <span class='ocrx_word' id='word_1_625' title='bbox 1774 5339 1811 5400; x_wconf 94' lang='lat' dir='ltr'><strong>li·</strong></span> 
     </span>
     <span class='ocr_line' id='line_1_115' title="bbox 1059 5429 1810 5494; baseline 0 -2"><span class='ocrx_word' id='word_1_626' title='bbox 1059 5431 1134 5492; x_wconf 88' lang='lat' dir='ltr'><strong>teris</strong></span> <span class='ocrx_word' id='word_1_627' title='bbox 1163 5437 1285 5492; x_wconf 92' lang='lat' dir='ltr'><strong>sanctae</strong></span> <span class='ocrx_word' id='word_1_628' title='bbox 1316 5429 1484 5492; x_wconf 90' lang='lat' dir='ltr'><strong>memoriae</strong></span> <span class='ocrx_word' id='word_1_629' title='bbox 1511 5431 1556 5492; x_wconf 89' lang='lat' dir='ltr'><strong>Pii</strong></span> <span class='ocrx_word' id='word_1_630' title='bbox 1577 5431 1634 5492; x_wconf 86' lang='lat' dir='ltr'><strong>PP.</strong></span> <span class='ocrx_word' id='word_1_631' title='bbox 1659 5430 1710 5494; x_wconf 84' lang='lat' dir='ltr'><strong>Vl.</strong></span> <span class='ocrx_word' id='word_1_632' title='bbox 1734 5432 1810 5494; x_wconf 93' lang='lat' dir='ltr'><strong>inci-</strong></span> 
     </span>
     <span class='ocr_line' id='line_1_116' title="bbox 1059 5521 1811 5600; baseline 0 -17"><span class='ocrx_word' id='word_1_633' title='bbox 1059 5523 1216 5600; x_wconf 89' lang='lat' dir='ltr'><strong>pientibus</strong></span> <span class='ocrx_word' id='word_1_634' title='bbox 1237 5522 1310 5586; x_wconf 83' lang='lat' dir='ltr'><strong>Etsi</strong></span> <span class='ocrx_word' id='word_1_635' title='bbox 1333 5521 1492 5598; x_wconf 75' lang='lat' dir='ltr'><strong>cupimus,</strong></span> <span class='ocrx_word' id='word_1_636' title='bbox 1509 5523 1585 5586; x_wconf 90' lang='lat' dir='ltr'><strong>datis</strong></span> <span class='ocrx_word' id='word_1_637' title='bbox 1600 5523 1650 5592; x_wconf 85' lang='lat' dir='ltr'><strong>die</strong></span> <span class='ocrx_word' id='word_1_638' title='bbox 1668 5539 1719 5586; x_wconf 85' lang='lat' dir='ltr'><strong>xv.</strong></span> <span class='ocrx_word' id='word_1_639' title='bbox 1738 5524 1811 5586; x_wconf 89' lang='lat' dir='ltr'><strong>maii</strong></span> 
     </span>
     <span class='ocr_line' id='line_1_117' title="bbox 1059 5615 1810 5695; baseline 0 -17"><span class='ocrx_word' id='word_1_640' title='bbox 1059 5631 1227 5679; x_wconf 88' lang='lat' dir='ltr'><strong>unccxcu.</strong></span> <span class='ocrx_word' id='word_1_641' title='bbox 1251 5615 1379 5695; x_wconf 90' lang='lat' dir='ltr'><strong>aliisque</strong></span> <span class='ocrx_word' id='word_1_642' title='bbox 1394 5615 1608 5679; x_wconf 83' lang='lat' dir='ltr'><strong>Romanorum</strong></span> <span class='ocrx_word' id='word_1_643' title='bbox 1623 5617 1810 5679; x_wconf 82' lang='lat' dir='ltr'><strong>Pontificum</strong></span> 
     </span>
     <span class='ocr_line' id='line_1_118' title="bbox 1058 5709 1810 5788; baseline 0.001 -19"><span class='ocrx_word' id='word_1_644' title='bbox 1058 5709 1329 5788; x_wconf 89' lang='lat' dir='ltr'><strong>praedecessorum</strong></span> <span class='ocrx_word' id='word_1_645' title='bbox 1364 5714 1545 5771; x_wconf 90' lang='lat' dir='ltr'><strong>nostrorum</strong></span> <span class='ocrx_word' id='word_1_646' title='bbox 1579 5709 1810 5772; x_wconf 90' lang='lat' dir='ltr'><strong>constitutioni·</strong></span> 
     </span>
     <span class='ocr_line' id='line_1_119' title="bbox 1058 5800 1811 5880; baseline -0.003 -17"><span class='ocrx_word' id='word_1_647' title='bbox 1058 5802 1128 5876; x_wconf 92' lang='lat' dir='ltr'><strong>bus,</strong></span> <span class='ocrx_word' id='word_1_648' title='bbox 1150 5817 1182 5863; x_wconf 90' lang='lat' dir='ltr'><strong>ac</strong></span> <span class='ocrx_word' id='word_1_649' title='bbox 1203 5801 1332 5880; x_wconf 89' lang='lat' dir='ltr'><strong>praelati</strong></span> <span class='ocrx_word' id='word_1_650' title='bbox 1360 5800 1477 5863; x_wconf 89' lang='lat' dir='ltr'><strong>ordinis</strong></span> <span class='ocrx_word' id='word_1_651' title='bbox 1503 5807 1535 5862; x_wconf 92' lang='lat' dir='ltr'><strong>et</strong></span> <span class='ocrx_word' id='word_1_652' title='bbox 1561 5801 1722 5880; x_wconf 90' lang='lat' dir='ltr'><strong>quibusvis</strong></span> <span class='ocrx_word' id='word_1_653' title='bbox 1744 5801 1811 5862; x_wconf 91' lang='lat' dir='ltr'><strong>aliis</strong></span> 
     </span>
     <span class='ocr_line' id='line_1_120' title="bbox 1059 5892 1811 5972; baseline 0.001 -18"><span class='ocrx_word' id='word_1_654' title='bbox 1059 5893 1129 5957; x_wconf 91' lang='lat' dir='ltr'><strong>licet</strong></span> <span class='ocrx_word' id='word_1_655' title='bbox 1150 5907 1304 5971; x_wconf 82' lang='lat' dir='ltr'><strong>expressa,</strong></span> <span class='ocrx_word' id='word_1_656' title='bbox 1326 5892 1472 5972; x_wconf 89' lang='lat' dir='ltr'><strong>peculiari</strong></span> <span class='ocrx_word' id='word_1_657' title='bbox 1495 5901 1526 5956; x_wconf 88' lang='lat' dir='ltr'><strong>et</strong></span> <span class='ocrx_word' id='word_1_658' title='bbox 1547 5893 1708 5958; x_wconf 91' lang='lat' dir='ltr'><strong>individua</strong></span> <span class='ocrx_word' id='word_1_659' title='bbox 1723 5909 1811 5963; x_wconf 89' lang='lat' dir='ltr'><strong>men·</strong></span> 
     </span>
    </p>
   </div>
   <div class='ocr_carea' id='block_1_9' title="bbox 0 0 2374 6976">
    <p class='ocr_par' dir='ltr' id='par_1_11' title="bbox 0 0 2374 6976">
     <span class='ocr_line' id='line_1_121' title="bbox 0 0 2374 6976; baseline 0 0"><span class='ocrx_word' id='word_1_660' title='bbox 0 0 2374 6976; x_wconf 95' lang='lat' dir='ltr'><strong> </strong></span> 
     </span>
    </p>
   </div>
  </div>
 </body>
</html>
