4740 6962
93 547 244 626 1111111
824 629 825 634 ¹
935 559 1077 622 caeneus
1098 557 1164 620 xiv.
1745 538 1801 617 lor
1852 553 1905 609 un.
1919 549 1950 610 o.
1971 533 2041 609 1111

102 713 186 780 ruptor
199 721 256 768 oue
311 696 329 770 §
349 693 378 754 3.
403 691 446 756 nc
461 699 617 774 praeterea
639 693 754 756 eisdem
770 694 904 756 alumnis
919 694 952 756 11
967 709 1020 754 ou-

86 766 254 886 lssssssfflffi
273 786 395 850 iuslibet
409 802 520 850 eurum
535 788 645 850 mortis
660 786 801 864 articulo,
815 789 839 848 si
855 803 930 849 vere
944 802 1019 865 quo-

85 871 254 980 fficiam?
272 897 330 960 que
352 880 547 959 poenitentes
568 888 599 942 et
621 879 764 954 confessi,
777 897 810 942 ae
831 896 915 942 sacra
936 895 1019 942 com·

87 991 132 1033 uras
151 985 251 1042 rusum,
272 975 422 1037 munione
453 973 571 1047 resecti,
594 972 656 1047 vel,
685 981 839 1050 quatenus
866 971 894 1032 id
921 971 1020 1034 facere

85 1035 253 1150 fflfflugrssl
271 1067 488 1146 nequiverint,
518 1065 628 1128 saltem
656 1066 782 1129 contriti
812 1079 925 1128 nomen
951 1065 1018 1128 lesu

84 1141 333 1254 3ffi31b⁰⁵⁹m⁰f02
355 1160 382 1221 si
403 1160 575 1238 potuerint,
598 1159 646 1220 sin
669 1159 786 1232 minus,
802 1157 894 1220 corde
909 1160 1019 1221 devote

271 1253 496 1328 invocaverint,
518 1252 689 1332 plenariam
711 1253 853 1314 omnium
883 1261 1018 1331 peccato-

270 1361 341 1408 rum
360 1361 492 1409 suornm
508 1335 738 1422 indulgentiam
753 1354 784 1408 et
799 1345 1018 1408 remissionem

268 1440 511 1502 misericorditer
533 1439 564 1500 in
580 1438 713 1501 Domino
734 1439 896 1512 concessit,
920 1445 1018 1516 utque

268 1531 301 1594 11
319 1532 473 1612 paschate,
489 1532 612 1610 praevia
623 1531 837 1594 sacramentali
852 1530 1017 1593 confessio·

266 1645 319 1703 ne,
347 1628 576 1691 sanctissimum
608 1625 816 1688 Eucharistiae
844 1638 1016 1686 sacramen·

266 1731 335 1783 tum
347 1721 380 1782 in
391 1720 526 1800 cappella
537 1719 611 1782 dicti
625 1717 747 1794 collegii
763 1717 916 1779 sumendo
930 1731 1017 1794 prac-

265 1821 355 1893 cepto
380 1813 532 1876 Ecclesiae
561 1812 792 1885 satisfacerent,
821 1809 961 1884 indulsit,
983 1827 1017 1872 ac

265 1907 339 1969 alias
361 1915 453 1986 prout
475 1908 508 1968 in
537 1903 787 1979 iisdem-literis,
817 1919 949 1982 quarum
972 1911 1017 1965 te·

265 2017 359 2063 nores
380 1999 592 2078 praesentibus
620 2015 675 2076 pro
695 1997 788 2077 plene
809 2007 840 2058 et
861 1995 1016 2058 sufficien-

265 2101 315 2154 ter
336 2093 499 2171 expressis,
522 2109 555 2155 ac
578 2093 616 2154 de
638 2091 734 2153 verbo
755 2092 791 2153 ad
813 2089 945 2152 verbum
967 2089 1015 2150 in-

264 2188 354 2249 sertis
376 2187 482 2248 baberi
504 2185 662 2259 volumus,
675 2184 801 2246 uberius
822 2183 1012 2245 continetur.

83 2291 247 2394 wfflfflreu
304 2280 374 2355 51.
399 2278 461 2341 1101
483 2281 586 2357 itaque
619 2277 701 2340 bone
722 2293 756 2338 ac
784 2276 913 2337 utilitati
935 2276 1016 2336 eius-

33 2429 34 2432 ,
83 2401 245 2456 „mmm
264 2374 337 2434 dem
358 2370 480 2449 collegii
501 2371 665 2434 consulere
685 2369 839 2442 volentes,
866 2383 921 2445 per
942 2368 1015 2428 alias

83 2453 223 2510 “²l⁰⁵¹⁰¹³⁰⁰·
264 2472 385 2528 nostras
400 2467 432 2528 in
448 2465 511 2544 pari
527 2462 625 2526 forma
641 2463 750 2525 Brevis
764 2463 813 2523 die
828 2477 916 2524 xnvr.
934 2476 1013 2523 mar-

264 2558 299 2621 tii
323 2573 497 2622 nocetam.
531 2555 690 2635 expeditas
718 2555 834 2632 literas,
865 2552 1013 2617 dilectum

263 2652 355 2714 filum
370 2660 513 2714 nostrum
529 2651 659 2714 llarium
677 2647 803 2711 1111.
818 2648 1012 2712 cardinalem

264 2745 469 2808 blarefuseum
492 2751 709 2823 nuncupatum
731 2745 763 2805 in
789 2743 930 2805 eiusdem
952 2742 1013 2803 col·

263 2838 337 2914 legii
359 2839 551 2900 visitatorem
573 2837 778 2915 apostolicum
804 2836 957 2912 elegimus
979 2852 1012 2898 ac

262 2931 497 3010 deputavimus,
519 2939 738 3010 assumptaque
763 2947 817 3008 ρε1
844 2944 917 2992 eom
939 2929 1011 2990 visi·

263 3026 382 3086 tatione
404 3025 594 3099 huiusmodi,
617 3023 785 3086 nonnullas
806 3021 938 3102 desuper
960 3021 1010 3082 dc-

261 3120 362 3182 crevit
376 3126 563 3199 opportunas
574 3119 768 3199 provisiones
784 3125 846 3179 tam
858 3116 1011 3178 mittendo

262 3213 349 3276 illius
370 3212 512 3278 alumnos
534 3216 569 3278 ad
589 3213 709 3276 scholas
730 3214 852 3291 collegii
875 3215 1011 3290 Congre-

262 3309 397 3384 gationis
418 3307 655 3388 venerabilium
674 3307 807 3371 fratrum
832 3314 1009 3371 nostrorum

262 3403 293 3468 S.
311 3404 348 3465 R.
367 3404 403 3466 E.
422 3402 629 3466 cardinalium
647 3402 780 3477 negotiis
795 3399 1010 3479 propagandae

261 3498 348 3560 Fidei
370 3497 628 3575 praepositorum,
650 3510 744 3575 quam
765 3512 859 3575 super
880 3510 1010 3558 oecono-

260 3590 343 3652 mico
364 3590 437 3652 dicti
465 3589 588 3665 collegii
616 3587 819 3651 Hibernensis
844 3589 1009 3665 gubernio,

260 3699 294 3744 ac
316 3681 429 3744 deinde
456 3683 566 3759 vigore
596 3681 727 3743 aliarum
750 3681 931 3745 facultatum
952 3682 1009 3743 sibi

260 3777 293 3837 in
317 3775 463 3854 peculiari
485 3775 640 3837 audientia
659 3775 709 3836 die
731 3791 794 3836 1111.
813 3775 917 3854 aprilis
930 3775 1012 3836 eius·

259 3869 332 3931 dem
347 3867 421 3931 anni
433 3883 487 3946 per
502 3885 558 3930 nos
574 3869 776 3944 tributarum,
789 3868 933 3931 liberavit
947 3867 1012 3947 ipse

260 3971 292 4024 et
319 3962 450 4024 absolvit
478 3961 622 4024 alumnos
650 3962 857 4042 praedictosa
884 3960 1010 4024 vinculo

260 4055 433 4120 iuramenti
455 4071 510 4137 per
525 4072 577 4118 eos
592 4055 743 4135 praestiti,
760 4053 904 4134 quodque
920 4061 1009 4116 antea

260 4150 412 4229 praestari
433 4154 621 4224 assueverat,
643 4164 695 4210 eos
717 4155 823 4210 tamen
846 4147 1010 4224 obligando

259 4243 352 4304 alteri
381 4243 569 4318 iuramento,
591 4243 672 4321 quod
702 4241 848 4320 praestari
876 4241 954 4303 solet
976 4241 1009 4302 in

259 4344 434 4399 memorato
468 4336 599 4414 collegio
633 4335 731 4398 dictae
760 4333 1010 4412 congregationis

258 4431 348 4493 iuxta
377 4430 545 4492 formulam
570 4429 789 4508 praescriptam
809 4444 825 4488 a
846 4425 942 4490 felicis
964 4442 1010 4488 re-

259 4523 375 4587 cordat.
404 4524 581 4586 Alexandro
602 4523 658 4584 PP.
688 4522 750 4585 llll.
777 4521 1010 4600 praedecessore

259 4618 370 4681 itidem
385 4624 493 4680 nostro
506 4633 561 4696 per
575 4635 644 4682 suas
659 4618 766 4680 literas
777 4616 960 4696 incipientes
970 4648 1009 4662 -

260 4712 342 4776 Cum
363 4712 441 4774 circa
464 4712 631 4774 iuramenti
652 4710 816 4773 vinculum
834 4711 931 4774 —dic
951 4725 1005 4772 xx.

259 4805 331 4867 iulii
355 4820 452 4868 uena.
484 4804 661 4885 expeditas,
689 4813 781 4883 atque
803 4822 820 4866 a
846 4805 1009 4882 posteriori

259 4899 385 4962 decreto
406 4899 455 4962 die
469 4914 524 4960 xx.
542 4897 712 4961 decembris
728 4913 909 4961 1111111111.
927 4897 1009 4960 edito

259 5007 275 5052 a
296 4993 551 5071 piaememoriae
569 4992 731 5057 Clemente
746 4992 800 5053 PP.
820 4991 872 5054 lll.
883 5007 1009 5070 quoque

260 5088 494 5166 praedecessore
515 5092 622 5148 nostro
643 5085 854 5165 adprobatam,
864 5093 1008 5164 'qnorum

259 5178 403 5242 omnium
430 5187 556 5242 tenores
586 5177 800 5257 praesentibus
830 5192 886 5255 pro
916 5177 1008 5256 plene

260 5280 291 5334 ε1
303 5269 494 5335 sufficienter
505 5271 669 5349 expressis,
681 5288 714 5334 ac
728 5269 766 5332 de
781 5270 877 5332 verbo
892 5268 927 5330 ad
940 5285 1010 5331 ver-

259 5365 336 5428 bum
358 5365 486 5428 insertis
506 5365 613 5427 haberi
634 5363 791 5441 volumuS,
815 5363 941 5428 uberius
963 5365 1007 5428 di-

260 5461 342 5523 citur
363 5459 516 5524 contineri
538 5457 594 5540 (1).

123 5571 243 5629 irruptum
300 5554 320 5628 ἓ
339 5552 369 5613 11.
393 5551 503 5631 Nuper
523 5561 628 5616 autem
650 5568 706 5614 nos
728 5568 852 5632 quoque
868 5551 1009 5633 paralius
1050 5559 1057 5572 ·

84 5619 115 5666 1111
131 5625 244 5682 collegium

31 5709 32 5714 ,
83 5673 244 5727 mmmm„
261 5645 292 5708 11
315 5647 425 5709 eadem
447 5637 546 5708 forma
567 5646 673 5708 Brevis
694 5645 1007 5724 diexv111.septem-

31 5755 33 5806 t
83 5724 322 5802 81111ιὶ9118111111
344 5737 826 5818 1111111111.ε1ρε1111111111111
847 5737 893 5819 (2)
914 5737 1006 5800 colle·

301 5957 332 6020 (lt
347 5956 412 6004 vide
426 5967 475 6002 auo
489 5955 546 6002 loco
560 5955 608 6002 vol.
624 5957 642 6000 l.

1076 693 1162 770 glum
1184 693 1375 774 praedictum
1403 691 1596 758 Hibernense
1623 692 1821 755 immediatae

1075 786 1281 850 iurisdictioni
1310 796 1341 850 et
1362 787 1537 851 auctoritati
1565 786 1705 850 eiusdem
1733 785 1819 847 Marii

1076 880 1245 944 Cardinalis
1266 897 1351 942 nuuc
1373 888 1404 942 et
1427 897 1482 958 pro
1506 887 1645 958 ternpore
1665 879 1698 940 in
1712 893 1821 956 perpu-

1075 981 1165 1037 tuum
1187 974 1390 1036 existentium
1412 973 1551 1036 eiusdem
1574 971 1822 1036 1111111111·-

1075 1067 1193 1130 nalium
1228 1067 1315 1144 regni
1339 1067 1503 1128 Hiberniae
1531 1065 1610 1143 apud
1633 1081 1688 1128 nes
1709 1073 1741 1128 et
1769 1065 1821 1126 Se·

1074 1163 1145 1224 dem
1167 1160 1373 1239 Apostolicam
1389 1168 1600 1239 protectorum
1618 1159 1819 1232 subiecimus,

1073 1253 1193 1334 ipsique
1213 1255 1309 1317 llario
1331 1252 1483 1318 Carrlinali
1512 1250 1690 1316 facultatem
1714 1251 1821 1312 tribui·

1074 1363 1143 1410 mus
1174 1347 1338 1411 amovendi
1367 1347 1404 1410 ab
1426 1346 1511 1409 illius
1542 1346 1697 1424 gubernio
1717 1352 1749 1405 et
1771 1342 1819 1404 ad-

1073 1440 1303 1504 ministratione
1325 1441 1451 1504 elericus
1478 1439 1637 1517 regulares
1662 1438 1822 1501 1111111-

1074 1535 1182 1596 1111111
1205 1536 1363 1598 societatis
1386 1537 1465 1610 lesu,
1482 1535 1570 1598 cuius
1585 1533 1711 1612 quidem
1727 1531 1820 1594 facul-

1073 1629 1142 1690 tatis
1163 1630 1282 1705 vigore,
1305 1645 1363 1692 suo
1390 1630 1513 1692 decreto
1538 1629 1621 1691 edito
1650 1626 1699 1690 die
1721 1643 1816 1688 xxrn.

1072 1723 1255 1800 septembris
1268 1723 1410 1785 eiusdem
1424 1723 1498 1784 anni
1515 1737 1719 1797 succurram,
1736 1739 1818 1784 amo-

1074 1815 1112 1877 tis
1127 1814 1247 1878 clericis
1260 1824 1332 1879 tuno
1344 1815 1538 1892 regularibus
1549 1815 1722 1893 praedictis,
1736 1816 1817 1878 idern

1072 1909 1185 1971 llarius
1207 1909 1376 1973 Cardinalis
1398 1910 1441 1972 eis
1468 1911 1664 1988 presbyteros
1685 1909 1818 1972 saecula·

1073 2019 1120 2066 res
1152 2004 1322 2066 substituit.
1355 2003 1479 2079 lugenti
1511 2011 1667 2082 praetcrea
1697 2003 1816 2077 labore,

1071 2097 1173 2159 studio
1191 2115 1224 2159 ac
1237 2096 1398 2174 diligentia
1415 2101 1604 2158 memoratus
1619 2095 1732 2158 Marius
1748 2096 1818 2158 Gar-

1071 2190 1181 2252 dinalis
1194 2198 1233 2251 et
1254 2190 1395 2252 visitator
1416 2190 1598 2268 apostolicus
1620 2189 1756 2252 restituit
1785 2206 1818 2250 ao

1071 2285 1254 2346 restauravit
1275 2283 1417 2362 antiquas
1439 2282 1678 2345 constitutiones
1692 2283 1814 2344 bome.

1071 2377 1240 2440 cardinalis
1262 2375 1409 2439 Ludovisi
1431 2376 1503 2438 dicti
1529 2375 1651 2451 collegii
1674 2374 1817 2438 fundato-

1070 2472 1130 2546 ris,
1160 2487 1210 2532 eas
1237 2469 1450 2549 praesentibus
1481 2469 1672 2546 temporibus
1701 2484 1735 2530 ac
1758 2469 1816 2529 cir-

1069 2564 1265 2626 cumstantiis
1297 2565 1446 2642 aptando,
1476 2561 1670 2640 superaddita
1702 2560 1816 2622 ibidem

1069 2656 1199 2719 formula
1212 2654 1358 2735 praedicti
1374 2654 1551 2729 iuramenti,
1565 2670 1598 2716 ac
1611 2655 1716 2715 omnia
1731 2669 1817 2730 prae·

1068 2749 1146 2810 dicta
1168 2765 1230 2811 una
1252 2763 1324 2812 cum
1346 2746 1497 2810 relatione
1511 2752 1653 2826 peractae
1675 2763 1748 2808 suae
1770 2747 1815 2808 vi-

1067 2842 1218 2904 sitationis
1240 2843 1328 2905 nobis
1349 2841 1500 2904 exhibuit.

1107 2936 1126 3011 ἓ
1147 2936 1176 2998 d.
1202 2938 1281 2998 (luna
1301 2944 1417 3008 autem,
1433 2933 1512 2998 sicut
1527 2933 1615 2997 nobis
1638 2950 1739 3013 nuper
1760 2951 1813 2996 es·
1870 2943 1953 2986 aanor
1972 2951 2048 2987 nova·

1068 3031 1169 3109 posuit
1190 3031 1271 3092 idem
1293 3029 1405 3092 llarius
1427 3028 1609 3103 Casilinalis,
1622 3028 1815 3092 animatlvcr·
1832 3004 2047 3112 {ffiqei'a'rffffi

1069 3125 1152 3200 terit,
1175 3125 1256 3201 quod
1279 3123 1361 3185 idem
1376 3122 1518 3184 Urbanus
1539 3122 1753 3200 praedecessor
1769 3122 1814 3183 iu·
1832 3101 2048 3201 ffl'asslfffiffil

1069 3225 1118 3280 xta
1134 3217 1339 3297 praeinsertas
1353 3233 1421 3279 suas
1436 3216 1540 3280 literas
1554 3214 1713 3277 facultates
1729 3231 1814 3292 prae·
1832 3211 1954 3307 ggssilffl·
1982 3219 2047 3254 ⁰⁰¹¹·
2088 3265 2093 3272 .

1067 3312 1161 3376 dictas
1172 3309 1358 3373 concesserit
1369 3309 1503 3372 alumnis
1516 3309 1679 3370 memorati
1690 3307 1814 3385 collegii

1068 3403 1098 3468 in
1120 3403 1322 3483 suscipiendis
1344 3403 1436 3464 sacris
1465 3401 1625 3464 ordinibus
1646 3418 1719 3463 cum
1740 3400 1813 3463 solis

1066 3499 1164 3562 literis
1185 3495 1444 3559 testimonialibus
1459 3495 1585 3557 rectoris
1602 3509 1657 3572 pro
1673 3502 1813 3573 tempore

1066 3593 1229 3655 existentis
1250 3590 1324 3653 dicti
1339 3587 1473 3666 collegii,
1489 3603 1601 3666 easque
1623 3588 1735 3651 deinde
1750 3604 1814 3649 me·

1066 3694 1203 3748 moratus
1225 3684 1424 3747 innocentius
1440 3683 1479 3746 ll.
1494 3681 1587 3743 etiam
1603 3682 1814 3759 praedecessor

1065 3780 1127 3842 suis
1159 3779 1259 3842 literis
1290 3779 1452 3859 praedictis
1483 3775 1689 3855 ampliaverit,
1718 3785 1812 3854 atque

1066 3871 1241 3934 extenderit
1263 3885 1326 3932 non
1347 3869 1449 3933 solum
1466 3871 1501 3932 ad
1518 3885 1573 3948 pro
1589 3875 1727 3946 tempore
1749 3869 1813 3930 eri·

1065 3972 1199 4027 stentem
1212 3964 1311 4025 almae
1321 3963 1412 4026 Urbis
1424 3962 1593 4037 llicarium,
1605 3961 1657 4023 sed
1673 3959 1707 4020 ad
1723 3977 1812 4038 quos·

1065 4074 1200 4137 eumque
1228 4058 1302 4119 alies
1331 4056 1496 4135 Episcopus
1521 4055 1652 4132 gratiam
1678 4061 1708 4116 ε1
1730 4070 1812 4118 cont-

1066 4152 1250 4214 munionem
1265 4151 1351 4214 Sedis
1366 4150 1556 4230 spostolicae
1571 4150 1732 4226 babentes,
1749 4165 1812 4211 non

1065 4245 1194 4308 servatis
1215 4245 1308 4308 etiam
1337 4244 1511 4306 interstitiis
1532 4259 1548 4302 a
1569 4259 1653 4306 sacro
1676 4243 1813 4306 Concilio

1066 4337 1249 4401 Tridentino
1279 4335 1491 4416 praescriptis3
1523 4335 1596 4396 bino
1626 4342 1745 4397 attenta
1766 4351 1813 4398 re·

1065 4447 1137 4494 rum
1168 4447 1202 4492 ac
1232 4435 1331 4492 status
1359 4429 1432 4492 dicti
1463 4427 1588 4504 collegii
1620 4427 1811 4501 mutatione,

1065 4526 1187 4588 easdem
1218 4523 1379 4586 facultates
1409 4521 1490 4584 dicto
1520 4522 1634 4584 rectori
1666 4522 1755 4596 alias,
1778 4529 1813 4583 11

1066 4617 1250 4696 ρ11ε1ε1111,
1272 4616 1446 4692 attributas,
1464 4615 1544 4678 idem
1561 4615 1731 4679 Cardinalis
1753 4615 1813 4678 lla·

1065 4712 1129 4774 rius
1150 4711 1207 4773 sibi
1238 4728 1272 4773 ac
1292 4725 1348 4790 pro
1371 4716 1510 4787 tempore
1542 4707 1688 4770 existenti
1711 4713 1814 4786 prote-

1063 4805 1140 4867 ctori
1162 4803 1328 4882 praedicto,
1342 4817 1412 4864 cum
1428 4805 1579 4880 potestate
1600 4815 1725 4878 quoque
1739 4815 1813 4862 con-

1063 4897 1192 4960 cedendi
1226 4897 1348 4959 easdem
1382 4892 1604 4957 testimoniales
1635 4892 1741 4954 literas
1775 4893 1811 4954 iis

1064 4990 1210 5066 alumnis,
1234 4989 1287 5068 qui
1309 4989 1463 5052 curandae
1490 4985 1689 5061 valetudinis,
1716 4985 1812 5046 aliave

1064 5083 1142 5146 iusta
1163 5083 1266 5146 habita
1287 5083 1325 5144 de
1353 5097 1440 5143 causa
1463 5095 1478 5140 a
1501 5079 1630 5156 collegio
1654 5080 1810 5158 praedicto

1064 5184 1137 5240 ante
1158 5184 1316 5240 assuetum
1339 5185 1460 5254 tempus
1483 5173 1694 5249 discesserint,
1716 5179 1810 5252 atque

1063 5272 1098 5334 ad
1121 5270 1197 5332 illud
1213 5269 1380 5346 collegium
1395 5275 1482 5330 entra
1498 5267 1610 5329 urbem
1624 5265 1811 5344 praedictam

1063 5379 1119 5442 pro
1139 5359 1334 5424 absolvendis
1356 5375 1466 5423 eorum
1487 5360 1595 5422 studiis
1616 5375 1650 5421 se
1670 5358 1812 5422 contule-

1063 5457 1147 5531 rint,
1176 5469 1232 5532 per
1261 5469 1318 5517 nos
1350 5451 1507 5530 indulgeri
1533 5452 1708 5532 plurimum
1732 5450 1810 5513 desi·

1062 5550 1166 5612 deret:

1103 5643 1122 5717 5
1144 5641 1172 5703 7.
1190 5639 1252 5703 Nos
1266 5641 1364 5717 igitur
1374 5637 1577 5702 laudabilibus
1588 5637 1727 5701 eiusdem
1739 5637 1809 5701 Gar·
1827 5641 2042 5744 0a⁸0¹l⁰l¹fllald

1063 5735 1173 5798 dinalis
1195 5733 1281 5796 llarii
1302 5733 1393 5806 votis
1416 5740 1569 5810 quantum
1591 5747 1662 5794 cum
1678 5729 1809 5792 Domino
1828 5749 1875 5793 nis.

1102 5951 1134 6008 (2)
1150 5955 1222 5996 11111
1237 5961 1287 5994 noa
1301 5959 1357 6006 sup.
1373 5957 1432 6006 pag.
1449 5948 1493 5994 180.
