4722 6976
293 549 347 609 An.
362 555 393 609 (l.
414 549 484 606 1815

309 3969 479 4017 Prooemium.

533 548 592 616 bal

513 686 668 764 evangelii
691 687 798 751 lumen
819 689 919 752 valeat
940 691 1059 754 aberro.
1080 691 1112 754 ld
1135 697 1170 752 ut
1185 705 1262 752 asse·

512 787 637 859 quatur,
670 778 746 844 duos
767 799 805 844 en
825 783 860 845 ed
886 782 1037 847 Societate
1066 785 1261 864 presbyteros

512 873 664 951 professos
685 891 806 938 necnon
829 877 969 956 quinque
990 877 1040 939 vel
1058 894 1112 939 sex
1127 879 1261 940 novitios

511 982 617 1029 secum
649 968 744 1031 vellet
773 969 935 1045 adducere,
966 978 1000 1034 ut
1031 986 1140 1033 eorum
1171 971 1261 1048 operi

511 1061 670 1138 propagari
693 1060 839 1136 Societas,
862 1073 954 1144 atque
980 1082 1079 1127 unum
1101 1065 1152 1126 vei
1175 1065 1261 1143 plura

511 1153 591 1230 erigi
612 1153 646 1215 in
667 1153 798 1218 dioecesi
819 1157 871 1218 illa
892 1157 1020 1236 collegia
1047 1158 1176 1238 possint.
1200 1158 1260 1220 Nos

511 1245 619 1322 igitur,
642 1247 754 1326 quibus
777 1265 831 1327 pro
854 1249 1049 1329 Apostolatus
1071 1251 1170 1312 nostri
1192 1267 1259 1312 mu·

512 1353 588 1402 nere
608 1341 770 1420 praecipua
798 1341 888 1404 debet
911 1358 978 1406 esse
999 1361 1083 1420 cura,
1107 1353 1142 1407 ut
1163 1345 1183 1405 ii
1207 1345 1259 1422 qui

512 1433 549 1494 in¹
567 1433 702 1497 tenebris
723 1436 832 1496 sedent
854 1445 946 1515 atque
961 1438 994 1499 in
1012 1439 1120 1500 umbra
1138 1438 1259 1513 mortis,

511 1527 546 1589 ad
568 1527 761 1603 agnitionem
778 1529 917 1591 veritatis
932 1531 1135 1607 adducantur,
1151 1530 1260 1592 studiis

510 1619 722 1696 spectatissimi
745 1619 828 1683 illius
843 1621 982 1701 Episcopi
998 1621 1150 1699 inventes,
1167 1639 1260 1699 nego-

512 1712 592 1772 tium
606 1711 664 1774 hoc
679 1713 745 1788 tibi,
759 1714 870 1777 dilecte
884 1715 939 1790 sili,
953 1717 1045 1778 etiam
1061 1725 1153 1795 atque
1168 1717 1261 1779 etiam

511 1807 779 1881 commendamus,
812 1808 1009 1887 petimusque
1032 1817 1077 1884 ut,
1103 1826 1180 1888 quos
1209 1810 1261 1872 iile

512 1903 597 1974 optat
618 1907 689 1960 tuae
711 1898 870 1963 Societatis
892 1899 1045 1975 alumnae,
1062 1903 1115 1982 qni
1135 1903 1259 1982 quidem

512 1989 616 2052 idonei
644 1992 832 2066 indicentur,
855 1999 886 2054 et
907 1995 1061 2058 devovere
1081 2013 1114 2058 se
1135 1999 1261 2059 sanctis-

510 2081 590 2143 simo
611 2083 684 2144 bule
705 2085 789 2160 operi
811 2085 922 2159 velint,
938 2087 1051 2163 eidem,
1067 2090 1090 2150 si
1113 2089 1180 2150 lieri
1196 2105 1262 2168 pos·

511 2173 564 2248 sit,
586 2176 744 2237 concedas.
768 2176 984 2241 Gratissimum
1007 2182 1037 2243 id
1058 2181 1184 2260 quidem
1200 2183 1261 2242 erit

513 2264 601 2327 nobis
621 2275 714 2345 atque
734 2275 893 2348 acceptum
915 2272 988 2346 lieo,
1005 2289 1020 2332 a
1035 2289 1096 2351 quo
1112 2275 1166 2337 tibi
1182 2276 1260 2336 bona

512 2365 620 2420 cuncta
635 2361 836 2438 adprecamur
850 2378 888 2424 etr
903 2367 1004 2440 corde,
1019 2375 1049 2428 et
1063 2367 1260 2443 apostolicam

512 2451 761 2514 benedictionem
781 2465 977 2532 peramanter
998 2459 1208 2536 impertimur.

553 2545 661 2607 Datum
678 2561 716 2608 ex
730 2548 808 2608 Arce
821 2548 996 2627 Gandulpbi
1017 2553 1067 2613 die
1088 2569 1152 2614 xvr.
1177 2564 1260 2616 octo·

512 2638 575 2700 bris
596 2653 771 2714 nooecxv,
797 2642 992 2716 pontificatus
1014 2647 1111 2708 nostri
1127 2662 1177 2708 an.
1195 2661 1259 2709 rvr.

764 2797 1016 2814 ———

853 2925 915 2988 bv.

514 3105 566 3171 Ero
588 3107 795 3188 proventibus
821 3110 971 3176 abbatius
991 3116 1027 3178 dc
1048 3115 1207 3179 Roccudt'o
1230 3123 1260 3180 ct

556 3203 672 3265 tertiae
701 3205 808 3281 portis
840 3206 1070 3282 passionabilis
1106 3209 1260 3272 bonorum

553 3296 843 3360 ecclesiasticorum
857 3300 1037 3376 pensionem
1053 3319 1197 3367 annuum
1210 3305 1260 3367 Se-

553 3389 695 3451 minario
712 3389 1028 3480 Gracco-Albuneae
1040 3405 1191 3476 perpetuo
1206 3402 1260 3464 nd·

553 3485 673 3564 signat.

761 3623 847 3724 erus
870 3658 930 3724 rr.
956 3659 1013 3729 vn.

653 3778 1120 3854 mmmmmmm

553 3960 572 4034 ἓ
596 3957 623 4019 l.
647 3958 681 4020 ln
703 3973 826 4020 summo
841 3959 1027 4036 apostolatus
1042 3963 1126 4040 apice
1142 3967 1260 4029 meritis

513 4051 585 4114 licet
608 4051 778 4128 imparibus
799 4053 959 4115 constituti
985 4057 1147 4119 consulere
1169 4060 1260 4122 debe·

513 4159 595 4218 mus,
619 4159 659 4205 ne
680 4143 880 4207 ecclesiastica
907 4147 1090 4224 seminaria,
1114 4165 1192 4228 quae
1213 4169 1260 4214 re-

433 4234 436 4241 '
514 4235 638 4313 ligionis
664 4235 816 4314 praesidio
847 4245 878 4299 et
909 4239 1103 4303 incremento
1131 4245 1260 4321 provide

296 4525 425 4582 ltxposltlo
439 4534 495 4582 pre-

284 4589 350 4625 cum.

513 4329 656 4391 instituta
670 4335 755 4404 sunt,
773 4338 948 4409 temporum
970 4333 1112 4410 procellis
1127 4336 1260 4400 obruan-

515 4429 579 4485 tur.

554 4517 573 4590 g
594 4515 623 4577 2.
642 4516 687 4578 Er
704 4521 789 4594 parte
800 4515 903 4579 dilecti
915 4517 969 4579 filii
982 4520 1155 4600 presbyteri
1167 4525 1260 4588 l'ran-

514 4609 584 4671 cisci
606 4608 814 4671 Chiarcbiario
835 4612 962 4673 rectoris
988 4613 1146 4678 seminarii
1169 4618 1260 4682 Grae-

514 4702 752 4764 co-lilbauensis
774 4703 806 4778 in
828 4703 952 4765 civitate
963 4703 1179 4771 Panormitana
1194 4727 1260 4774 ere·

514 4794 555 4855 cti
577 4794 753 4873 expositum
775 4793 862 4856 nobis
878 4811 979 4874 nuper
993 4797 1062 4871 luit,
1077 4803 1171 4878 quod,
1188 4821 1259 4866 cum

513 4887 551 4949 ab
570 4901 653 4948 anno
674 4902 828 4950 nnoocrv.
859 4904 909 4950 res
936 4886 1101 4954 familiares
1122 4893 1194 4957 dicti
1215 4914 1262 4960 se-

514 4979 639 5043 minarii
668 4977 708 5042 ob
735 4986 911 5058 temporum
943 4983 1071 5046 iniurias
1102 4987 1141 5048 ita
1169 4989 1260 5052 colla-

514 5089 585 5152 psae
607 5073 826 5148 remanserint,
855 5082 890 5136 ut
915 5075 1031 5138 diutius
1054 5083 1136 5140 stare
1153 5085 1261 5161 nequi·

514 5174 574 5241 ret,
597 5165 686 5228 nobis
702 5173 776 5228 tunc
791 5174 910 5229 armato
931 5169 1032 5231 milite
1052 5173 1258 5253 circumdatis,

514 5255 551 5318 ad
572 5257 766 5320 carissimum
787 5259 820 5322 iu
842 5258 963 5324 Christo
991 5263 1092 5326 lilium
1117 5275 1260 5330 nostrum

513 5349 746 5414 Ferdinandum
759 5352 922 5432 utriusque
935 5352 1056 5418 Siciliae
1067 5373 1174 5435 regem
1190 5377 1262 5423 con-

514 5440 595 5518 fugit
610 5458 712 5520 orans,
728 5451 764 5505 ut
777 5459 833 5522 pro
847 5461 904 5507 sno
918 5457 1079 5524 perspecto
1100 5450 1261 5529 religionis

515 5533 583 5596 zelo
604 5537 830 5598 conservationi
852 5537 926 5601 dicti
940 5539 1098 5604 seminarii
1120 5546 1261 5608 consule-

514 5637 574 5702 ret,
597 5628 661 5705 qui,
684 5644 757 5690 cum
778 5645 817 5692 ex
838 5631 922 5707 regio
951 5635 1068 5696 aerario
1093 5637 1261 5700 subvenire

514 5721 647 5782 minime
668 5721 786 5785 valeret
807 5724 868 5786 iam
888 5725 927 5786 ob
951 5727 1086 5802 publicas
1108 5729 1261 5793 calamita·

515 5819 560 5874 tes
581 5812 647 5874 iere
667 5814 825 5890 exhausto,
848 5832 903 5894 per
923 5818 1058 5897 aliquam
1079 5823 1261 5899 pensionem

515 5920 652 5971 annuam
672 5921 765 5985 super
781 5910 952 5973 redditibus
973 5911 1183 5978 ecclesiasticis
1198 5917 1261 5995 opi·

1040 569 1105 618 tun.
1128 565 1220 616 romb.
1243 565 1284 615 ult
1304 571 1334 615 P.
1358 565 1387 618 Υ.
1412 571 1494 619 PARS
1517 572 1538 617 l.

1317 689 1481 754 tulandum
1506 691 1574 754 lore
1607 693 1740 770 censuit,
1766 693 1792 754 si
1812 692 1843 754 id
1870 693 1957 754 nobis
1984 701 2065 770 post·

1317 797 1408 860 quam
1429 783 1463 844 in
1493 782 1671 846 libertatem
1697 785 1833 847 restituti
1860 800 2011 859 essemus,
2035 791 2065 845 et

1316 874 1390 937 hnic
1410 875 1441 940 S.
1459 875 1531 940 Sedi
1554 878 1728 956 placuisset,
1745 877 1834 940 nobis
1849 876 2064 956 proptereadi-

1317 977 1383 1030 ctus
1414 979 1516 1032 rector
1543 987 1683 1033 asserens
1713 971 2063 1051 marimamsemiuarii

1317 1063 1542 1138 necessitatem,
1566 1063 1729 1125 humiliter
1746 1065 1911 1143 supplicari
1930 1063 2014 1138 lecit,
2030 1072 2071 1126 ut

1317 1154 1418 1216 eidem
1449 1157 1615 1218 seminario
1637 1157 1669 1218 in
1693 1158 1871 1234 praemissis
1891 1163 2064 1237 opportune

1316 1249 1492 1325 providere,
1519 1257 1551 1310 et
1572 1257 1608 1311 ut
1634 1250 1713 1310 inlra
1729 1250 1893 1328 indulgere
1915 1252 1952 1313 de
1977 1251 2062 1314 beni-

1317 1340 1435 1416 gnitate
1465 1341 1628 1420 apostolica
1649 1341 1862 1418 dignaremur.

1356 1435 1375 1510 5
1396 1435 1424 1496 3.
1450 1433 1510 1496 Nos
1526 1435 1623 1511 igitur
1643 1437 1746 1513 ipsum
1765 1444 1977 1514 exponentem
1997 1451 2065 1514 spe-
2081 1457 2186 1555 ,mr
2202 1463 2304 1500 eonce-

1316 1527 1442 1589 oialibus
1463 1527 1568 1604 gratiis
1583 1535 1614 1589 et
1629 1528 1785 1591 lareribus
1800 1530 1944 1609 prosequi
1959 1530 2063 1593 volen-

1318 1627 1373 1694 tes,
1390 1626 1420 1680 et
1434 1619 1609 1696 singulares
1628 1635 1772 1697 personas
1787 1622 1900 1701 quibus
1923 1639 2063 1703 praesen·

1319 1719 1363 1773 tes
1386 1720 1509 1774 nostrae
1530 1710 1638 1775 literae
1660 1712 1809 1788 lavent,a
1831 1715 1992 1793 quibusvis
2012 1734 2063 1788 ev-

1317 1806 1606 1866 communicationis
1627 1813 1658 1867 et
1678 1807 1851 1884 interdicti,
1866 1808 1996 1889 aliisque
2016 1827 2064 1872 ec·

1317 1896 1493 1960 clesiastinis
1525 1900 1675 1973 censuris,
1709 1902 1874 1963 sententiis
1900 1911 1931 1963 et
1958 1904 2064 1982 poenis

1317 1990 1427 2069 quovis
1450 1991 1541 2052 modo
1564 2000 1595 2053 et
1617 2009 1813 2072 quacumque
1828 1996 1865 2056 de
1880 2011 1969 2058 causa
1984 1995 2062 2070 latis,

1317 2083 1433 2160 siquas
1455 2083 1535 2145 lorte
1551 2071 1753 2162 incurrerint,
1775 2087 1867 2150 buius
1884 2095 2008 2151 tanturn
2019 2090 2064 2151 rei

1318 2175 1414 2250 gratia
1429 2175 1624 2238 absolventes
1640 2185 1671 2238 et
1685 2177 1838 2241 absolutas
1859 2179 1927 2242 iore
1938 2196 2064 2243 censen·

1318 2275 1375 2342 tes,
1403 2267 1678 2347 supplicationibus
1703 2271 1881 2336 huiusmodi
1906 2274 2062 2349 inclinati,

1316 2359 1421 2422 lavore
1435 2360 1509 2422 dicti
1531 2363 1689 2424 seminarii
1711 2365 1840 2444 eiusque
1862 2367 2063 2430 alumnorum

1318 2469 1402 2515 nunc
1427 2461 1459 2515 et
1481 2469 1537 2533 pro
1569 2461 1708 2535 tempore
1730 2457 1763 2519 in
1792 2466 1980 2536 perpetuum
1998 2461 2063 2522 erri-

1317 2545 1471 2607 stcntium
1491 2547 1674 2623 pensionem
1700 2563 1836 2612 annnam
1857 2550 2063 2615 ducentarum

1318 2639 1480 2706 unciarum
1495 2655 1659 2702 aurearum
1674 2649 1826 2704 monetae·
1837 2643 1958 2706 Siculae
1968 2661 2064 2723 super

1317 2731 1488 2793 redditibus
1510 2741 1541 2794 et
1562 2734 1766 2811 proventibus
1786 2735 1922 2798 abbatiae
1937 2738 1975 2801 de
1989 2739 2062 2801 iloc-

1317 2821 1410 2898 cadja,
1423 2830 1455 2885 et
1464 2840 1558 2902 super
1572 2825 1724 2889 lructibus
1739 2826 1894 2891 bonorum
1907 2828 2062 2894 stabilium

1317 2917 1593 2980 ecclesiasticorum
1621 2920 1716 2998 ipsius
1742 2923 1831 2997 regni
1857 2921 1979 2985 Siciliae
2003 2929 2063 2985 ter-

1317 3010 1393 3070 tiam
1413 3017 1533 3087 partem
1547 3012 1794 3090 pensionabilem
1812 3014 1995 3078 habentium
2008 3031 2063 3094 per

1317 3104 1505 3180 respectivos
1519 3105 1660 3167 locorum
1674 3105 1853 3170 Ordinarios
1868 3111 2063 3173 statuendam

1316 3203 1347 3258 et
1362 3199 1575 3276 exequendam
1596 3197 1723 3279 (quibus
1738 3215 1793 3276 per
1807 3207 1982 3278 praesentes
1996 3218 2063 3281 spe-

1316 3289 1408 3351 ciales
1434 3291 1470 3352 ad
1500 3291 1530 3353 id
1559 3296 1589 3352 et
1612 3293 1807 3354 necessarias
1838 3293 1997 3358 lacultates
2024 3311 2062 3356 ex

1317 3399 1403 3446 nunc
1425 3393 1516 3462 prout
1531 3399 1570 3444 ex
1593 3393 1667 3447 tunc
1681 3391 1712 3447 et
1727 3403 1743 3448 e
1761 3394 1867 3449 contra
1884 3387 2063 3470 tribuimus)

1316 3478 1445 3538 servatis
1466 3476 1538 3538 alias
1558 3467 1729 3556 servandis,
1749 3481 1787 3542 de
1807 3481 1990 3560 apostolicae
2010 3499 2063 3562 po-

1318 3570 1435 3632 testatis
1450 3569 1657 3648 plenitudine,
1670 3579 1779 3634 tenore
1799 3576 2011 3653 praesentium
2025 3594 2063 3640 ex

1317 3677 1403 3725 nunc
1431 3664 1547 3741 pariter
1573 3672 1667 3742 prout
1693 3681 1732 3727 er
1755 3673 1829 3729 tunc
1854 3683 2061 3745 reservamus,

1316 3757 1535 3819 constituimus
1549 3765 1579 3818 et
1594 3757 1628 3819 in
1650 3765 1836 3837 perpetuum
1852 3761 2059 3838 adsignemus.

1357 3849 1426 3924 §b
1450 3849 1657 3912 bacernentes
1688 3852 1766 3930 ipsas
1794 3865 1972 3933 praesentes
1994 3859 2064 3924 lite·
2079 3876 2296 3978 lamnarum

2079 3989 2134 4032 tum
2147 3985 2270 4034 irritans.

1317 3969 1364 4016 ras
1385 3953 1500 4027 sirmas,
1525 3951 1638 4013 validas
1666 3960 1698 4014 et
1718 3950 1856 4014 efficaces
1876 3955 2062 4024 existerent

1317 4046 1393 4123 iure,
1421 4063 1556 4124 suosque
1584 4044 1737 4126 plenarios
1765 4055 1796 4110 et
1824 4049 1962 4126 integros
1989 4054 2062 4116 elie-

1316 4149 1384 4204 ctus
1397 4139 1500 4202 sortiri
1516 4148 1548 4202 et
1569 4139 1725 4214 obtinere;
1748 4140 1855 4218 sicque
1868 4142 1902 4204 in
1916 4148 2062 4221 praemis·

1316 4237 1357 4298 sis
1377 4252 1433 4314 per
1453 4252 1668 4315 quoscumque
1694 4237 1812 4300 iudices
1838 4244 2011 4309 ordinarios
2031 4258 2062 4312 et

1316 4329 1482 4408 delegatos,
1511 4329 1606 4413 etiam
1634 4344 1796 4394 causarum
1829 4335 1934 4414 palatii
1964 4345 2063 4405 nostri

1315 4427 1472 4508 apostolici
1487 4429 1653 4501 auditores,
1670 4447 1704 4491 an
1719 4431 1847 4494 Sanctae
1867 4430 1954 4496 Sedis
1975 4435 2064 4498 Nun-

1316 4523 1390 4598 cios,
1413 4521 1530 4584 sublata
1552 4522 1595 4584 eis
1616 4531 1646 4584 et
1668 4539 1778 4586 eorum
1804 4526 1932 4590 cuilibet
1955 4533 2063 4607 quavis

1317 4616 1407 4678 aliter
1437 4615 1590 4678 iudicandi
1613 4624 1644 4677 et
1666 4617 1890 4696 interpretandi
1919 4621 2064 4689 facultate

1317 4709 1565 4799 etauctoritate,
1587 4710 1717 4773 iudicari
1740 4717 1771 4771 et
1793 4711 1916 4775 deliniri
1938 4715 2061 4794 debere,

1317 4820 1350 4866 ac
1381 4803 1505 4864 irritum
1528 4810 1559 4864 et
1580 4803 1683 4878 inane,
1708 4804 1734 4865 si
1754 4821 1841 4868 secus
1865 4825 1959 4887 super
1981 4811 2028 4874 bis
2047 4829 2063 4874 a

1317 4910 1474 4975 quoquam
1504 4895 1612 4975 quavis
1643 4898 1825 4960 auctoritate
1853 4901 1988 4966 scienter
2014 4905 2064 4968 vel

1317 4989 1499 5066 ignoranter
1520 4989 1687 5066 contigerit
1708 4993 1864 5056 attentari.

2095 553 2149 612 Au.
2164 557 2200 611 0.
2221 553 2292 609 1816

1357 5081 1426 5157 ne.
1451 5081 1519 5144 Non
1545 5082 1737 5145 obstantibus
1758 5083 1853 5148 ielicis
1880 5089 2063 5154 recordatio·
2095 5107 2297 5170 naqomttocon-
2358 5113 2359 5170 5

1318 5177 1366 5239 nis
1395 5175 1555 5239 Benedicti
1586 5174 1666 5239 XIV.
1692 5179 1931 5256 praedecessoris
1964 5186 2063 5248 nostri
2081 5165 2229 5208 “⁸¹¹⁰mm·

1317 5285 1409 5346 super
1431 5269 1583 5332 divisione
1604 5269 1817 5348 materiarum,
1840 5272 1971 5353 aliisque
1994 5293 2064 5356 apo·

1317 5362 1443 5437 stolicis,
1473 5362 1563 5424 acin
1589 5363 1835 5436 universalibus,
1867 5368 2063 5445 provinciali·

1317 5457 1438 5535 busque
1461 5462 1492 5517 et
1512 5457 1710 5531 synodalibus
1738 5459 1875 5522 conciliis
1901 5459 1990 5525 editis
2012 5479 2064 5540 ge·

1318 5549 1474 5611 neralibus
1501 5549 1551 5610 vel
1578 5550 1760 5628 specialibus
1790 5553 2065 5632 constitutionibus

1318 5647 1349 5702 et
1370 5641 1627 5716 ordinationibus,
1645 5658 1703 5705 nec
1723 5659 1787 5706 non
1809 5645 1907 5708 dictae
1928 5647 2066 5711 abbatiae

1318 5741 1349 5796 et
1359 5733 1490 5796 aliarum
1510 5734 1708 5796 ecclesiarum
1721 5735 1937 5801 fundationum
1952 5747 2004 5803 aut
2015 5741 2065 5804 be·

1317 5828 1501 5890 nebciorum
1513 5828 1691 5892 huiusmodi
1701 5830 2064 5908 pensionabiliumetiam

1318 5918 1511 5995 iuramento,
1541 5921 1777 5984 confirmatione
1804 5923 1982 6004 apostolica,
2013 5926 2066 5990 vel
