4740 6962
911 524 982 570 etus
1003 523 1052 568 PP.
1078 524 1118 568 vt.

244 643 359 722 bospitii
383 651 489 708 tutum
512 645 642 708 habeant
657 653 829 722 receptum,
847 644 899 707 ubi
921 642 984 705 dies

242 755 306 802 suos
325 736 500 801 absolvant.
527 740 561 801 ln
587 738 749 818 principali
778 739 871 802 etiam
899 735 982 812 loco,

243 829 290 892 ubi
310 846 433 906 praeses
460 847 515 892 seu
538 832 669 894 vicarius
702 848 791 894 suam
822 829 986 910 praefiniet

243 923 450 998 residentiam,
468 923 523 986 alia
538 940 663 1002 quoque
684 925 793 988 domus
814 924 864 986 rel
886 922 985 1001 bospi-

243 1017 316 1079 tium
331 1032 406 1079 curn
425 1017 524 1080 tribus
537 1023 598 1080 -aut
612 1017 753 1094 pluribus
769 1018 810 1080 ibi
825 1017 986 1079 commode

241 1108 352 1171 alendis
375 1108 537 1188 religiosis,
561 1110 651 1172 modo
672 1112 814 1189 superius
842 1124 986 1187 expresso

240 1211 270 1265 et
289 1202 323 1263 ad
345 1202 494 1264 eumdem
523 1205 617 1266 linem
640 1205 752 1283 poterit
774 1203 910 1278 institui,
933 1218 987 1264 ne·

241 1303 304 1374 gata
322 1303 428 1360 tamen
443 1296 585 1360 facultate
599 1297 782 1362 admittendi
796 1299 831 1359 ad
847 1295 987 1358 babitum

241 1399 270 1452 at
290 1390 526 1468 professionem,
548 1407 626 1470 quae
641 1407 736 1470 penes
750 1389 906 1452 custodem
924 1398 989 1452 tan·

242 1493 306 1546 tuni
329 1491 488 1563 tamquam
507 1484 702 1562 superiorem
718 1484 777 1546 erit
792 1497 984 1544 remansura.

242 1575 422 1640 Huiusmodi
443 1583 548 1638 autem
568 1576 777 1638 custodiarum
798 1574 987 1638 erectionem

240 1686 310 1739 oum
332 1671 415 1732 idem
428 1669 647 1733 serenissimus
662 1685 728 1745 rer,
743 1669 846 1732 audito
867 1683 924 1728 suo
939 1667 988 1728 ln·

240 1767 361 1828 diarum
393 1763 537 1837 consilio,
574 1763 862 1843 praesentissimum
896 1770 987 1840 atque

240 1857 539 1938 opportunissimum
568 1857 656 1918 malis
677 1855 854 1918 avertendis
881 1863 913 1918 et
940 1871 988 1916 re-

241 1952 348 2028 ligioni
369 1951 528 2027 augendae
556 1951 588 2012 in
614 1951 794 2014 memoratis
820 1949 988 2027 prouinciis

240 2045 416 2108 remedium
447 2060 513 2106 esse
541 2043 749 2118 intellexerit,
779 2042 873 2105 Nobis
902 2042 988 2118 regio

241 2139 369 2199 nomine
389 2137 552 2200 humiliter
572 2137 737 2215 supplicari
764 2137 853 2211 iecit,
880 2143 915 2198 ut
936 2153 989 2196 au·

239 2231 381 2294 ctoritate
402 2230 565 2308 apostolica
597 2231 691 2292 dietas
720 2228 987 2291 missionariorum

240 2324 356 2386 ordinis
371 2323 532 2386 minorum
554 2323 586 2386 S.
597 2323 750 2386 Francisci
765 2321 804 2384 de
818 2322 990 2386 Observan-

240 2421 279 2480 tia
301 2417 465 2492 custodias,
489 2419 572 2480 iuxta
593 2419 721 2481 medum
736 2424 768 2478 et
789 2417 933 2492 iormam,
957 2433 989 2478 ac

240 2514 273 2574 in
294 2512 367 2574 locis
381 2512 523 2589 superius
537 2510 700 2590 expressis,
715 2513 848 2590 erigere,
865 2509 990 2571 erectis·

239 2624 301 2685 que
314 2620 425 2668 omnes
439 2605 551 2682 gratias
564 2612 596 2667 et
609 2605 772 2684 privilegia
788 2603 990 2666 missionariis

241 2699 444 2777 collegiorum
474 2700 510 2760 ad
541 2699 611 2761 lidei
642 2699 895 2778 propagationem
918 2711 990 2759 oon·

241 2810 323 2857 cessa
344 2791 500 2877 impertiri
523 2793 735 2868 dignaremur.

88 2895 145 2940 ricto
156 2897 225 2937 casic-
282 2889 301 2964 ἓ
321 2887 350 2948 b.
368 2885 442 2961 Nos,
459 2886 512 2964 qui
527 2901 583 2964 pro
598 2883 731 2946 iniuncti
746 2883 932 2963 apostolatus
947 2883 991 2945 oi-

44 2969 45 2974 =
82 2951 150 2990 *arom
174 2955 225 2989 tum

78 2999 226 3054 puliniacus
243 2984 311 3045 licio
342 2986 551 3058 praestantem
584 2977 672 3042 istam
704 2977 927 3054 religiosissimi
958 2993 991 3040 ac

84 3065 119 3097 ons
134 3051 226 3113 collegiis

79 3109 200 3152 rideantur.

244 3093 316 3138 rere
337 3072 479 3138 catholici
500 3072 647 3152 principis
662 3071 744 3147 regis
758 3071 904 3149 pietatem
927 3085 990 3132 non

243 3171 334 3232 modo
352 3165 518 3245 complecti
539 3163 591 3227 sed
613 3163 757 3226 omnibus
772 3163 865 3225 etiam
887 3163 991 3240 gratiis

243 3275 274 3326 et
294 3261 452 3324 lareribus
473 3257 615 3336 prosequi
644 3257 796 3335 cupimus
820 3255 992 3334 effusasque

243 3357 321 3434 regii
341 3354 389 3417 sui
404 3352 510 3416 aerarii
529 3351 707 3427 largitiones
727 3350 759 3411 in
774 3350 863 3411 noris
877 3351 992 3430 episeo-

242 3451 362 3530 patibus
384 3455 415 3510 et
436 3445 621 3508 missionum
650 3443 849 3522 praelectoris
870 3444 992 3520 erigen-

242 3545 289 3606 dis
310 3555 498 3619 magnopere
519 3539 552 3600 in
574 3539 705 3600 Domino
726 3539 991 3612 commendamus,

180 3699 182 3702 ,
243 3638 348 3699 audito
383 3631 609 3695 venerabilium
641 3630 772 3692 lratrum
808 3629 993 3693 Nostrorum

244 3729 370 3794 Sanctae
382 3727 538 3790 Romanae
550 3725 700 3788 Ecclesiae
715 3724 925 3788 cardinalium
940 3740 993 3787 ne-

244 3826 336 3904 gotiis
351 3821 566 3900 Propagandae
580 3820 665 3882 Fidei
679 3819 926 3898 praepositorum
941 3835 995 3881 ro·

245 3930 288 3998 to,
310 3918 404 3982 Nobis
426 3931 481 3994 per
502 3915 649 3979 dilectum
678 3914 778 3976 iulium
800 3911 994 3992 Stephanum

245 4014 355 4090 Borgia
386 4009 484 4074 dictae
512 4007 766 4084 Congregationis
792 4007 994 4071 secretarium

245 4107 402 4181 exhibito,
431 4105 532 4181 deque
555 4103 734 4180 apostolicae
756 4100 885 4164 Nostrae
909 4113 995 4181 pote·

245 4203 331 4266 statis
359 4197 572 4280 plenitudine,
600 4195 825 4273 praedictarum
846 4197 995 4262 custodia-

246 4312 329 4371 rum,
351 4301 490 4372 quotque
517 4290 705 4352 necessariae
725 4298 777 4352 aut
805 4303 996 4370 opportunae

247 4391 346 4453 eidem
368 4383 566 4448 serenissimo
588 4383 655 4460 regi
677 4384 759 4445 visae
779 4383 907 4461 luerint,
930 4403 996 4449 ere-

247 4484 364 4546 ctiones
386 4481 417 4540 in
435 4477 614 4562 memoratis
628 4478 787 4539 Americae
801 4482 997 4557 septemtrio·

248 4576 326 4639 malis
347 4570 534 4653 prouinciis,
565 4570 708 4633 virlelioet
729 4572 767 4633 de
788 4572 994 4650 Calipbornia,

249 4670 420 4746 Monterey,
443 4665 572 4740 Sanora,
589 4664 719 4726 Pimeria
733 4667 885 4744 superiori
905 4676 936 4729 et
952 4668 997 4730 in·

250 4761 365 4838 leriori,
388 4759 524 4834 Cinaloa,
549 4759 711 4834 Ossimuri,
728 4775 808 4820 nora
823 4761 995 4837 Cantabria,

250 4857 369 4932 Parral,
398 4854 596 4931 Cbiguagna,
619 4853 823 4930 Turumaras,
853 4869 998 4935 novoque

251 4951 377 5026 dorico,
399 4949 491 5011 salvis
513 4955 616 5009 tamen
639 4947 757 5010 iuribus
776 4947 997 5028 Episcoporum

252 5050 287 5110 de
308 5044 527 5116 duadalmrara,
550 5042 587 5104 de
602 5041 748 5116 Durango
770 5050 800 5103 et
816 5043 852 5104 de
868 5041 996 5118 Sonora,

254 5149 312 5204 tam
340 5137 504 5200 ordinariis
533 5151 627 5214 quana
657 5134 821 5211 delegate,
852 5137 998 5198 modoet

251 5237 348 5298 lorma
361 5232 475 5312 quibus
489 5245 592 5309 supra,
608 5227 676 5290 fieri
695 5229 892 5292 concedimus
907 5241 938 5293 et
953 5231 1000 5292 in·

251 5329 432 5404 dulgemus;
456 5322 629 5400 erectisque
643 5337 751 5384 omnes
765 5323 877 5398 gratias
892 5331 922 5384 et
938 5325 1000 5402 pri·

252 5422 381 5498 rilegia‚
412 5416 613 5480 missionariis
634 5415 850 5492 collegiorum·
865 5418 901 5480 ad
929 5418 999 5480 iidei

252 5511 503 5594 propagationem
532 5509 680 5572 hactenus
704 5524 861 5584 concessa,
891 5511 999 5573 tribui-

253 5624 320 5671 mus
342 5615 373 5669 et
399 5603 615 5683 impertimur3
645 5619 750 5667 euram
778 5604 1000 5669 demandantes

255 5706 397 5784 religioso
419 5704 488 5764 uiro
501 5700 588 5762 iratri
604 5699 800 5764 Emmanueli
819 5701 856 5762 de
874 5701 900 5761 la
920 5699 1000 5777 Vega

255 5797 463 5865 commissario
492 5794 628 5873 generali
658 5795 815 5856 indiarum
847 5795 1000 5856 condendi

254 5891 382 5956 iormam
405 5887 568 5967 regiminis
588 5888 718 5950 istarum
739 5886 948 5949 custodiarum
969 5893 1002 5948 et

361 6039 413 6086 latr.
432 6038 500 6085 l’ont.
516 6035 546 6082 de
563 6036 637 6094 l’rop.
652 6033 713 6081 Fide
728 6033 809 6080 Partis
824 6035 843 6080 l.
858 6033 910 6080 Vol.
927 6033 965 6079 lv.

1711 497 1770 560 aad
1819 491 1919 546 nee.
1941 491 2008 544 rrae

1040 647 1152 703 statuta
1168 641 1199 702 in
1216 641 1252 702 iis
1267 640 1467 714 observanda,
1484 653 1562 717 quae
1577 635 1705 698 interim
1726 632 1789 694 rim

1040 751 1128 796 suam
1150 734 1326 809 obtineant,
1356 735 1453 796 donec
1482 731 1606 794 comitia
1634 726 1790 805 generalia

1041 827 1158 890 ordinis
1179 827 1397 901 celebrentur,
1421 825 1474 887 ubi
1496 823 1665 887 examinari
1686 829 1719 882 et
1739 836 1789 899 ap-

1042 921 1163 1000 probari
1185 920 1353 996 debebunt,
1368 918 1450 982 salva
1465 933 1587 996 semper
1602 923 1790 978 memoratae

1043 1015 1298 1092 congregationis
1319 1013 1356 1076 de
1377 1013 1571 1090 Propaganda
1594 1009 1668 1070 Fide
1688 1015 1791 1071 aucto·

1043 1111 1133 1173 ritate
1155 1127 1188 1172 ea
1209 1109 1343 1187 augendi
1358 1125 1413 1172 seu
1430 1106 1621 1182 moderandi,
1637 1115 1790 1184 quatenus

1043 1221 1119 1283 opus
1147 1205 1241 1266 luerit
1268 1212 1300 1266 et
1321 1203 1418 1281 magis
1440 1202 1472 1264 in
1494 1201 1625 1264 Domino
1646 1197 1792 1276 expedire

1044 1297 1209 1361 videbitur.

1084 1393 1102 1466 5
1123 1393 1152 1452 5.
1177 1389 1331 1454 Volumus
1351 1399 1475 1463 autem,
1499 1398 1533 1452 ut
1557 1397 1616 1452 tarn
1640 1387 1790 1466 praelatae
1827 1394 2024 1472 custodiaeert·

1043 1485 1214 1559 custodiae,
1243 1501 1336 1563 quam
1358 1484 1487 1562 bospitio
1510 1485 1542 1544 in
1564 1483 1599 1544 iis
1621 1481 1790 1556 condenda,
1810 1447 2022 1564 ξξὲῗὲῗμῗιῖἵῖιῗιξ

1043 1578 1139 1656 quoad
1162 1577 1303 1655 regimen
1327 1577 1444 1640 nullius
1466 1577 1642 1656 provinciae
1663 1575 1737 1650 sint,
1760 1581 1791 1634 et
1811 1555 2023 1666 ἕζοξξῗξξῃᾱξῑζξζ

1043 1671 1195 1750 superiori
1217 1671 1355 1748 generali
1370 1671 1493 1733 illarum
1509 1671 1654 1748 partium,
1679 1670 1710 1732 in
1725 1669 1793 1748 qui·
1812 1663 1878 1720 ‘⁰8⁵³
1895 1661 2022 1708 carrione.

1045 1765 1100 1828 bus
1122 1765 1227 1840 luerit,
1244 1763 1422 1828 immediate
1441 1763 1572 1826 subsint.
1590 1763 1726 1825 Praelato
1741 1779 1796 1824 au·

1045 1864 1109 1920 tem
1124 1859 1324 1920 serenissimo
1344 1859 1410 1935 regi
1426 1857 1554 1936 eiusque
1568 1855 1793 1919 successoribus

1045 1950 1221 2014 facultatem
1253 1952 1420 2014 tribuimus
1451 1951 1617 2028 deputandi
1648 1964 1792 2028 personas

1044 2044 1260 2108 ecclesiasticas
1282 2045 1405 2108 idoneas
1432 2044 1490 2106 sibi
1512 2044 1688 2117 benerisas,
1714 2059 1793 2121 quac

1043 2139 1221 2216 apostolicas
1243 2140 1332 2202 basce
1353 2139 1478 2201 Nostras
1499 2138 1603 2200 literas
1617 2137 1792 2200 executioni

1044 2234 1229 2294 demandare
1252 2232 1380 2307 iaciant,
1407 2229 1610 2295 decernentes
1632 2229 1712 2309 quod
1734 2239 1795 2292 sta·

1047 2327 1102 2388 tim
1122 2342 1155 2388 ac
1176 2341 1379 2404 unaquaeque
1393 2341 1432 2388 er
1446 2323 1627 2404 supradictis
1649 2324 1794 2386 custodiis

1045 2429 1145 2483 erecta
1170 2428 1201 2482 et
1229 2419 1372 2482 instituta
1394 2419 1506 2496 luerit,
1536 2435 1591 2497 per
1622 2417 1793 2495 praelatum

1045 2531 1150 2592 regem
1174 2514 1317 2578 ministro
1339 2513 1477 2591 generali
1499 2513 1573 2576 dicti
1594 2511 1717 2577 Ordinis
1738 2528 1793 2590 pro

1045 2615 1185 2687 tempore
1206 2608 1351 2671 existenti
1373 2607 1632 2671 communicetur.

1085 2703 1154 2777 Sss·
1178 2703 1387 2765 [decernentes
1414 2703 1535 2764 easdem
1558 2709 1733 2780 praesentes
1759 2701 1794 2764 li·
1833 2703 2026 2750 clauseramu-

1048 2805 1126 2858 teras
1140 2810 1262 2873 semper
1278 2796 1393 2870 firmas,
1410 2793 1523 2858 validas
1537 2800 1568 2856 et
1583 2795 1716 2858 ellicaces
1730 2794 1794 2856 eri·
1813 2758 1869 2858 iffi
1885 2757 2025 2858 3213?st

1044 2898 1128 2953 stere
1148 2897 1180 2950 et
1194 2890 1269 2966 iore,
1290 2903 1424 2967 suosque
1439 2888 1592 2966 plenarios
1611 2892 1640 2950 et
1655 2887 1794 2964 integros

1047 2983 1174 3046 ellectus
1195 2982 1301 3044 sortiri
1317 2989 1346 3044 et
1361 2981 1514 3057 obtinere,
1530 2999 1564 3042 ac
1580 2980 1649 3056 illis,
1666 2982 1701 3043 ad
1717 2998 1794 3060 quos

1046 3083 1161 3156 spectat
1178 3083 1210 3138 et
1224 3093 1279 3156 pro
1298 3083 1435 3154 tempore
1456 3075 1713 3153 quandocumque
1728 3091 1796 3153 spe-

1048 3172 1152 3245 ctabit,
1175 3171 1207 3231 in
1230 3170 1373 3232 omnibus
1400 3175 1430 3230 et
1451 3184 1507 3247 per
1531 3169 1635 3230 omnia
1656 3168 1795 3246 plenissi-

1049 3280 1098 3326 me
1129 3263 1308 3340 suffragari:
1339 3263 1442 3341 sicque
1472 3263 1504 3323 in
1536 3262 1710 3340 praemissis
1741 3280 1796 3342 per

1048 3373 1259 3438 quoscumque
1270 3355 1384 3418 iudices
1398 3354 1569 3416 ordinarios
1584 3363 1614 3418 et
1629 3355 1795 3432 delegatos,

1048 3453 1141 3514 etiam
1162 3465 1322 3513 causarum
1336 3449 1438 3527 palatii
1452 3449 1608 3526 apostolici
1629 3450 1795 3526 auditores,

1049 3563 1082 3608 ac
1103 3546 1134 3606 S.
1158 3545 1194 3606 R.
1211 3544 1246 3604 E.
1271 3542 1446 3605 cardinales
1467 3542 1560 3604 etiam
1580 3543 1616 3604 de
1632 3542 1726 3604 latere
1740 3542 1795 3604 Le-

1050 3645 1146 3716 gatos,
1161 3646 1192 3699 et
1205 3636 1394 3714 dpostolioae
1405 3635 1490 3698 Sedis
1500 3633 1649 3710 Nuncios,
1660 3635 1797 3714 aliosque

1050 3730 1291 3811 praeeminentia
1302 3735 1332 3790 et
1347 3733 1496 3806 potestate
1507 3727 1673 3804 iungentes
1685 3739 1715 3790 et
1727 3728 1797 3792 lun·

1050 3837 1164 3902 cturos,
1187 3823 1303 3886 sublata
1327 3823 1369 3884 eis
1391 3829 1422 3885 et
1444 3837 1553 3884 eorum
1574 3821 1702 3884 cuilibet
1723 3839 1797 3900 qua-

1050 3923 1097 3983 vis
1118 3919 1207 3982 aliter
1228 3917 1383 3980 iudicandi
1404 3922 1435 3977 et
1457 3915 1682 3994 interpretandi
1704 3915 1798 3978 laeid-

1051 4023 1113 4080 tate
1134 4023 1164 4076 et
1185 4011 1378 4084 alletoritate,
1402 4008 1529 4072 iudicari
1550 4015 1582 4069 et
1602 4009 1726 4070 definiri
1747 4011 1799 4071 de·

1052 4111 1136 4183 bere,
1158 4123 1192 4169 ac
1214 4104 1339 4166 irritum
1361 4109 1392 4164 et
1413 4103 1519 4176 inane,
1548 4102 1575 4162 si
1597 4119 1684 4164 secus
1705 4117 1799 4181 super

1051 4205 1097 4265 bis
1120 4219 1136 4262 a
1157 4213 1313 4280 quoquam
1335 4197 1444 4274 quavis
1464 4196 1645 4258 auctoritate
1665 4196 1800 4258 scienter

1052 4297 1101 4360 rel
1124 4297 1303 4372 ignoranter
1324 4289 1489 4366 eontigerit
1510 4290 1663 4353 attentari.

1092 4392 1110 4466 ἓ
1132 4389 1159 4452 7.
1184 4386 1252 4450 Non
1275 4383 1466 4446 obstantibus
1481 4383 1754 4446 constitutionibus
1770 4392 1801 4446 et
1828 4393 2032 4466 uarpgarrocon-

1052 4478 1297 4546 ordinationibus
1312 4477 1494 4556 apostolicis,
1511 4493 1568 4540 neo
1586 4493 1649 4540 non
1665 4477 1737 4540 dicti
1753 4493 1801 4538 or·
1820 4453 1965 4495 arenarum.

1051 4578 1133 4641 dinis
1154 4575 1247 4637 etiarn
1268 4572 1455 4646 iuramento,
1475 4572 1713 4634 confirmatione
1733 4587 1802 4650 apo·

1053 4671 1168 4744 stoliea,
1192 4667 1241 4728 rel
1267 4665 1375 4744 quavis
1397 4665 1542 4726 firmitate
1565 4665 1622 4726 alia
1652 4664 1803 4726 roboratis

1053 4764 1174 4827 statutis
1189 4768 1219 4822 et
1235 4758 1522 4836 consueturliuibus;
1540 4759 1712 4838 privilegiis
1727 4775 1803 4837 quo-

1053 4875 1124 4938 que,
1154 4854 1282 4917 indultis
1306 4860 1337 4914 et
1362 4851 1460 4914 literis
1480 4851 1654 4930 apostolicis
1678 4853 1708 4914 in
1732 4868 1804 4913 cou-

1055 4952 1184 5014 trarium
1213 4947 1453 5026 praemissorum
1478 4945 1709 5022 quomodolibet
1732 4961 1804 5008 con·

1053 5045 1155 5118 cessis,
1171 5040 1361 5105 confirmatis
1376 5045 1407 5099 et
1423 5038 1590 5099 innovatis.
1608 5039 1724 5114 Quibus
1739 5055 1804 5100 orn·

1055 5138 1147 5200 nibus
1168 5143 1199 5196 et
1220 5131 1353 5210 singulis
1374 5130 1501 5192 illorum
1526 5141 1647 5194 tenores
1662 5147 1804 5209 praesen·

1057 5231 1137 5292 tibus
1159 5245 1213 5309 pro
1235 5227 1326 5307 plene
1338 5234 1371 5288 et
1385 5225 1577 5288 sufficienter
1591 5227 1755 5303 expressis,
1771 5241 1805 5288 ac

1056 5327 1093 5388 de
1115 5323 1210 5386 verbo
1225 5323 1261 5383 ad
1276 5320 1408 5382 verbum
1423 5319 1548 5380 insertis
1562 5319 1721 5394 babentes,
1744 5318 1805 5380 illis

1055 5419 1128 5480 elias
1149 5417 1182 5477 in
1203 5431 1258 5476 suo
1280 5411 1391 5474 robore
1413 5411 1634 5490 permansuris,
1661 5411 1696 5472 ad
1719 5426 1805 5489 prae

1057 5513 1222 5574 missorum
1243 5506 1387 5569 edectum
1406 5507 1461 5567 bac
1478 5505 1544 5566 rice
1558 5505 1718 5567 dumtaxat
1738 5521 1805 5583 spe·

1056 5605 1175 5668 cialiter
1196 5609 1228 5664 et
1248 5615 1391 5678 expresse
1413 5601 1608 5676 derogamus,
1631 5598 1804 5676 ceterisque

1057 5696 1218 5763 contrariis
1239 5694 1498 5773 quibuscumque.

1096 5792 1115 5867 ἓ
1137 5790 1168 5852 8.
1192 5788 1343 5851 Volumus
1359 5795 1475 5862 autern,
1494 5793 1527 5850 ut
1541 5785 1753 5863 praesentium
1769 5785 1804 5846 li·
1832 5797 2036 5846 rrucsnaaanaa

1059 5895 1194 5948 terarum
1226 5880 1427 5960 transumptis
1455 5896 1510 5942 seu
1538 5877 1687 5958 exemplis
1709 5879 1804 5942 etiam
1823 5853 1998 5911 ¹¹⁸⁰⁸¹¹¹¹¹⁰¹¹⁵·

1671 6027 1698 6070 es
