4856 7010
373 501 427 556 Au.
442 503 472 558 (1.
493 503 562 556 1828
614 505 672 570 706

593 643 633 704 111
655 641 775 720 pridem
796 639 972 702 inusserant
994 635 1182 702 cathedralis
1197 631 1341 698 eeclesiae

571 733 868 812 Philadelphiensis
897 732 1024 808 aeditui,
1052 747 1128 810 quos
1155 738 1258 791 tamen
1285 728 1338 791 fel.

593 843 654 892 reo.
682 828 897 906 praedeeessor
928 834 1034 888 noster
1061 823 1133 886 Pius
1157 822 1240 897 1111,
1263 821 1341 885 datis

592 923 627 985 ad
649 921 923 999 hrchiepiscopum
945 919 1203 980 Baltimorensem
1229 916 1339 992 literis,

593 1015 729 1094 graviter
750 1013 934 1094 increpavit,
958 1019 988 1074 et
1009 1015 1044 1074 ad
1066 1012 1181 1074 honam
1202 1010 1339 1087 frugem,

594 1114 628 1172 ut
649 1108 709 1170 citu
730 1125 764 1169 se
785 1107 970 1186 reciperent,
993 1106 1072 1168 serio
1094 1104 1264 1166 admonuit.
1289 1101 1342 1165 Ni-

594 1201 656 1262 hilo
677 1207 782 1262 tamen
798 1200 902 1262 miuus
917 1199 1032 1262 aeditui
1047 1197 1340 1275 Philadelphienses,

594 1293 732 1370 neglecti
760 1293 876 1354 summi
905 1293 1036 1355 Pastoris
1061 1307 1153 1366 voce,
1183 1289 1341 1366 nimiaque

596 1387 733 1466 Episcopi
755 1386 802 1448 sui
825 1385 971 1447 facilitate
986 1385 1083 1458 abusi,
1099 1383 1339 1456 schismaticum,

594 1483 674 1560 quod
697 1481 826 1557 ingressi
849 1478 986 1553 fuerant,
1007 1479 1065 1540 iter
1079 1479 1223 1539 insistere
1238 1490 1341 1552 perre-

596 1583 720 1650 xerunt,
743 1589 842 1652 eoque
863 1571 1017 1649 progressi
1040 1580 1125 1646 sunt,
1149 1574 1183 1632 ut
1204 1583 1341 1630 cenven-

596 1669 713 1731 tiouem
740 1683 811 1728 cum
842 1667 990 1744 Episcopo
1017 1665 1179 1738 iniverint,
1205 1676 1341 1739 eumque

594 1761 628 1822 ad
645 1760 867 1822 admittendam
882 1757 1121 1821 declarationem
1142 1755 1338 1826 induxerint,

593 1871 651 1932 qua
668 1852 832 1931 multiplex
850 1851 1069 1930 Episcoporum
1085 1847 1257 1911 auctoritati
1273 1847 1341 1908 vul-

594 1963 652 2008 nus
674 1947 883 2022 indigitur,et
904 1944 1108 2022 parochorum
1130 1941 1240 2003 electio
1262 1939 1341 2000 aedi·

595 2049 722 2103 tuorum
743 2037 968 2118 quodammodo
996 2037 1118 2114 propria
1141 2034 1338 2096 enunciatur.

593 2133 678 2209 Quod
701 2132 752 2196 ubi
775 2141 880 2194 nestra
895 2133 932 2192 de
946 2129 1144 2208 Propagandi
1166 2128 1239 2191 Eide
1260 2125 1341 2188 Con·

594 2227 744 2305 gregalio,
761 2227 796 2288 ad
812 2225 1022 2287 ministerium
1043 2241 1134 2287 suum
1151 2223 1341 2284 incessanter

593 2323 760 2398 excubans
777 2322 911 2396 rescivit,
927 2336 999 2383 cum
1022 2320 1169 2398 Episcopo
1191 2315 1341 2379 Philadel-

595 2417 726 2496 phiensi,
758 2416 966 2495 quodminus
996 2414 1189 2476 considerate
1217 2412 1339 2488 egisset,

594 2510 765 2588 plurimum
787 2515 894 2587 questa
908 2515 966 2582 est,
983 2515 1013 2569 et
1032 2505 1273 2569 conventionem
1290 2506 1340 2568 de·

593 2602 868 2679 curationemque,
891 2600 930 2662 de
951 2599 1063 2678 quibus
1084 2600 1198 2676 agitur,
1211 2597 1340 2659 omnino

595 2693 825 2774 improbandam
848 2709 915 2756 esse
942 2693 1062 2755 cunctis
1084 2690 1237 2768 suffragiis
1262 2689 1340 2751 iudi-

593 2789 685 2865 cavit,
708 2789 757 2850 cui
780 2803 835 2849 nos
859 2786 971 2848 iudicio
999 2785 1180 2864 apostolicae
1209 2783 1341 2845 auctori-

595 2882 663 2943 tatis
684 2889 809 2942 nostrae
830 2878 926 2941 robur
949 2877 1030 2939 illico
1051 2877 1234 2938 addidimus.
1258 2877 1340 2950 Quae

593 2979 697 3036 autem
719 2973 827 3034 literae
840 2978 947 3033 nostro
964 2978 1037 3033 tune
1052 2971 1181 3032 nomine
1202 2969 1236 3028 ad
1253 2984 1340 3030 eum·

593 3067 664 3128 dem
685 3077 717 3128 et
737 3065 873 3144 reliques
894 3063 1052 3126 Amet-icae
1081 3061 1340 3142 septentrionalis

595 3160 758 3239 Episcopus
778 3159 908 3234 scriptae
930 3156 1071 3230 fuerunt,
1086 3154 1229 3217 iudiciia
1252 3153 1340 3216 nobis

594 3251 769 3314 confirmati
797 3249 948 3324 nunciae,
978 3248 1199 3311 catholicorum
1221 3248 1340 3309 animos

594 3347 705 3409 intime
735 3351 960 3423 penetrarunt:
995 3359 1043 3404 eas
1075 3342 1244 3420 Episcopus
1275 3343 1339 3420 ipse

593 3437 867 3518 philadelphiensis
888 3454 992 3499 coram
1014 3436 1127 3516 popule
1141 3453 1179 3497 ex
1193 3437 1281 3498 altari
1297 3437 1340 3498 le-

593 3535 649 3614 git,
673 3541 704 3596 et
719 3534 751 3594 in
766 3531 913 3594 omnihus
934 3531 1081 3594 dioecesis
1100 3547 1173 3593 suae
1193 3533 1340 3610 paroeciis

595 3627 654 3705 legi
685 3627 784 3691 iussit.
817 3625 950 3689 Publicis
977 3627 1105 3688 demum
1134 3627 1214 3704 typis
1241 3627 1340 3688 editae

594 3722 689 3798 vulgo
710 3721 931 3796 innotuerunt,
946 3725 978 3781 et
993 3735 1031 3780 eu
1053 3735 1089 3780 eo
1113 3727 1253 3798 tempore
1268 3737 1339 3783 con-

593 3815 700 3878 ventio
712 3813 998 3891 Philadelphiensh,
1010 3831 1043 3876 ae
1053 3815 1078 3875 si
1092 3830 1253 3894 nunquam
1265 3815 1340 3878 inita

593 3909 711 3984 fuisset,
733 3908 835 3970 habita
856 3913 913 3970 est.

631 4002 700 4078 52.
724 4001 806 4077 Quae
825 4017 899 4062 cum
919 4001 960 4062 ita
987 4002 1060 4077 sint,
1089 4004 1164 4081 quid
1191 4003 1229 4065 de
1255 4003 1340 4066 Nee

593 4095 824 4158 Aurelianensis
853 4094 1006 4158 Ecclesiae
1032 4096 1162 4160 aedituis
1188 4097 1337 4173 dicemus,

593 4189 646 4268 qui
667 4189 765 4252 audax
787 4187 1103 4266 Philadelphiensium
1118 4190 1234 4253 facinus
1251 4207 1339 4253 rene-

594 4297 666 4344 vare
688 4281 826 4357 student,
842 4282 958 4361 quique
973 4284 1136 4362 apostolico
1158 4284 1270 4347 iudicio
1285 4302 1341 4347 no·

592 4381 657 4437 stro
678 4375 750 4454 ipsis
771 4375 852 4437 haud
873 4383 956 4436 certe
979 4374 1084 4452 ignoto
1106 4377 1272 4455 praefracte
1288 4378 1339 4440 ob-

594 4469 763 4532 nitunturf
789 4467 970 4531 hedituisne
992 4485 1031 4531 an
1058 4472 1215 4551 Episcopis
1237 4473 1340 4537 Eccle-

592 4564 670 4626 siam
691 4575 779 4625 suam
794 4561 936 4625 Christus
950 4566 1117 4641 regendam
1139 4565 1241 4628 dediti
1262 4567 1340 4630 lives

593 4675 633 4721 no
654 4656 770 4719 Pastori
792 4665 971 4733 praeerunt,
995 4672 1057 4720 non
1085 4657 1190 4721 Pastor
1210 4660 1339 4721 ovibust

593 4751 704 4814 Nonne
726 4750 780 4829 qui
807 4750 988 4830 episcopalia
1011 4752 1077 4813 iura
1103 4757 1285 4828 extenuare,
1309 4761 1339 4815 et

594 4842 803 4906 universalem
825 4843 978 4906 Ecclesiae
1002 4842 1194 4922 disciplinam
1215 4847 1340 4909 convel-

593 4938 657 4999 lere
680 4937 867 5011 moliuntur,
889 4937 981 5017 plane
1000 4939 1085 5015 digni
1106 4946 1191 5014 sunt,
1214 4941 1340 5018 inques

591 5032 746 5096 canonicis
766 5029 874 5108 poenis
896 5031 1033 5093 districte
1054 5032 1340 5097 animadvertaturi

1116 517 1179 563 11111.
1203 515 1295 561 Pena.
1320 515 1359 559 1111
1382 515 1410 559 P.
1435 515 1463 560 F.
1490 516 1571 562 PARS
1594 515 1614 560 1.

1397 619 1535 695 nostram
1558 633 1759 712 interponere
1781 640 1811 697 et
1831 635 1976 699 excitatas
1998 634 2063 698 istic
2078 641 2144 697 tur·

1397 727 1448 788 bas
1460 741 1654 804 compescere
1669 745 1702 791 ac
1716 729 1821 791 sedare
1837 728 1987 806 velimus;
2010 743 2065 790 uos
2080 744 2146 790 111-

1398 837 1464 884 rem
1488 822 1549 883 tuis
1571 822 1649 884 votis
1672 820 1876 885 libentissime
1897 835 2054 899 gerentes,
2077 840 2146 904 pro-

1397 915 1533 994 positum
1548 921 1579 976 et
1594 914 1778 993 petitionem
1794 915 1989 978 aedituorum
2001 915 2146 979 Neo-hu·

1397 1008 1621 1070 relianensium
1642 1008 1813 1086 apostolicis
1834 1009 1916 1072 hisce
1938 1010 2037 1072 literis
2057 1011 2147 1088 plane

1397 1102 1607 1180 altissimeque
1636 1103 1856 1180 improbamus,
1883 1110 1914 1165 et
1945 1103 2145 1182 improbanda

1397 1196 1528 1257 omnino
1548 1211 1616 1258 esse
1640 1194 1848 1258 deceruimus.
1879 1197 2045 1275 Postquam
2070 1212 2148 1258 vero

1398 1295 1519 1350 nostres
1534 1289 1712 1352 huiusmodi
1727 1305 1835 1352 sensus
1850 1289 1983 1352 aedituis
2003 1289 2147 1353 Neo-du·

1398 1380 1623 1444 relianensibus
1659 1383 1925 1459 manifestaveris,
1961 1384 2148 1445 confidimus

1397 1489 1449 1535 eos
1471 1474 1539 1538 facti
1561 1476 1609 1536 sui
1632 1478 1828 1552 poenitentes
1848 1479 1883 1538 ad
1907 1475 2043 1538 officium
2066 1476 2148 1538 redi-

1399 1575 1497 1642 turos,
1524 1575 1555 1629 et
1583 1569 1636 1628 sud
1666 1569 1878 1646 resipiscentia
1909 1575 2025 1632 tantam
2056 1568 2147 1630 nobis

1398 1660 1543 1722 allaturos
1558 1677 1624 1722 esse
1635 1660 1794 1739 laetitiam,
1807 1671 1962 1743 quantum
1975 1662 2148 1724 aberrando

1399 1767 1574 1814 maerorem
1598 1754 1782 1816 attuleruut.

1437 1846 1456 1920 ὅ
1477 1846 1506 1906 1.
1531 1845 1563 1908 Si
1585 1854 1688 1922 autem
1704 1848 1868 1923 obstinato,
1880 1849 1961 1927 qaod
1978 1849 2067 1924 absit,
2084 1849 2147 1911 aui·

1398 1955 1448 2000 mo
1460 1939 1548 2000 dictis
1563 1939 1675 2001 nostris
1690 1957 1753 2002 non
1765 1942 2058 2020 obtemperaverint,
2076 1959 2147 2020 per-

1396 2048 1522 2094 suasum
1537 2033 1698 2109 babemus,
1712 2051 1753 2096 ne
1766 2036 1919 2113 sapientes
1934 2036 2060 2115 quidem
2076 2037 2148 2099 ista·

1397 2140 1468 2188 rum
1499 2141 1605 2188 rerum
1634 2126 1830 2206 publicarum
1860 2128 2063 2206 legislatores,
2091 2133 2145 2211 qui

1396 2220 1566 2297 Religionis
1588 2221 1679 2282 etiam
1703 2223 1868 2285 catholicae
1883 2224 2003 2287 cultum
2024 2233 2147 2289 sartum

1397 2322 1512 2378 tectum
1528 2315 1623 2401 ,tucri
1654 2316 1765 2379 debent
1785 2335 1820 2379 ac
1846 2319 1975 2397 volunt,
1998 2321 2146 2399 petitioni

1396 2409 1591 2470 aedituorum
1614 2409 1972 2474 Neo-Aurelianensium
2004 2431 2070 2476 esse
2090 2431 2148 2476 au·

1395 2501 1591 2565 scultatares.
1616 2504 1758 2580 interim,
1775 2521 1846 2567 ven.
1871 2505 1977 2582 frater,
2000 2523 2077 2587 quos
2091 2524 2147 2587 pa-

1397 2597 1470 2656 teris
1493 2595 1525 2657 in
1543 2597 1597 2658 isti
1613 2597 1743 2660 dioecesi
1765 2597 1957 2662 refractarios
1972 2617 2078 2679 argue,
2095 2603 2147 2663 in·

1396 2704 1496 2765 crepa,
1509 2689 1633 2752 obsecra
1646 2691 1678 2751 in
1691 2691 1776 2752 amni
1789 2692 1937 2770 patientta
1951 2703 1982 2755 et
1991 2695 2146 2770 doctrina,

1397 2781 1549 2844 Ecclesiae
1560 2781 1725 2846 eathcltcae
1741 2785 1879 2864 anulique
1893 2795 2021 2850 vexatae
2036 2805 2145 2867 pacem

1397 2891 1429 2938 ac
1444 2874 1703 2956 tranquillitatem
1720 2894 1853 2956 precare,
1868 2895 1996 2957 gregem
2011 2899 2027 2942 a
2043 2883 2147 2944 noxiis

1396 2970 1513 3046 pascuis
1535 2969 1671 3046 retrahe,
1694 2970 1783 3048 lupos
1805 2989 1885 3047 aree,
1902 2975 2063 3052 nostrique
2079 2991 2147 3037 me-

1397 3079 1465 3124 mor
1487 3064 1519 3124 in
1542 3062 1603 3125 tuis
1624 3065 1766 3141 precibus
1788 3071 1863 3126 este.
1886 3065 1969 3140 Quae
1990 3069 2093 3130 omnia
2111 3077 2147 3132 ut

1396 3154 1572 3217 ferventius
1600 3155 1792 3236 alacriusque
1820 3156 1921 3234 facias,
1945 3161 2147 3239 apostolicam

1398 3249 1451 3311 tibi
1473 3250 1623 3328 gregique
1635 3259 1688 3312 tuo
1712 3251 1961 3314 benedictionem
1984 3269 2148 3334 peraman-

1397 3349 1444 3404 ter
1465 3343 1673 3421 impertimur.

1437 3437 1548 3498 Datum
1569 3435 1697 3512 llomae,
1720 3439 1799 3516 apud
1823 3437 1853 3502 S.
1872 3439 1999 3502 Petrum
2019 3443 2078 3504 sub
2091 3459 2147 3505 an·

1395 3530 1471 3592 aulo
1489 3529 1658 3605 Piscatoris,
1671 3531 1721 3592 die
1736 3547 1802 3593 111.
1818 3548 1888 3608 aug.
1904 3549 2145 3612 1111111111,

1395 3623 1591 3703 pontificatus
1616 3625 1715 3685 nostri
1740 3640 1823 3687 auno
1845 3642 1874 3686 v.

1649 3785 1887 3794 ...ψη-...ψῃ-

1699 3909 1841 3974 XXXIX.

1396 4093 1544 4184 Prieefpi
1561 4094 1758 4161 hereditario
1775 4099 1866 4179 regni
1881 4097 2057 4162 Persarum
2069 4114 2147 4179 gru-

1437 4189 1502 4251 tius
1523 4189 1594 4269 epit
1614 4187 1650 4254 ob
1671 4193 1901 4270 coemptionem
1923 4189 1962 4256 11
1983 4192 2083 4254 amilio
2098 4194 2146 4257 11-

1436 4282 1517 4344 1111Ι
1539 4281 1719 4346 Derderfuu
1742 4285 1960 4348 Armeuorum
1976 4285 2146 4367 Praefecto

1435 4390 1624 4446 eoncessum,
1648 4375 1683 4440 ob
1704 4378 1831 4441 aenium
1844 4378 1907 4456 ipsi
1922 4379 2033 4442 dutum
2051 4394 2147 4458 prue-

1436 4467 1566 4531 dicunda'
1583 4469 1806 4551 Evuupeta'um,
1831 4475 1862 4533 et
1883 4470 1919 4535 od
1941 4473 2086 4536 animem
2108 4473 2147 4535 fu

1437 4561 1621 4641 Pontificem
1641 4565 1945 4641 propensissimum·
1962 4565 2146 4644 additisque

1435 4656 2146 4729 muneribus,illicemmeedutmissioneries

1435 4755 1465 4812 et
1487 4749 1661 4813 catholicos
1684 4765 1800 4815 omues.

1416 4935 1593 5004 celsissimo
1616 4933 1745 5020 Principf
1763 4936 1864 5005 dhhas
1880 4935 1975 5006 lfirsa
1994 4936 2123 5022 Principf

1508 5030 1715 5098 haereditario
1739 5027 1833 5116 Regni
1857 5030 2028 5114 Persarum,

592 5127 651 5190 Sed
678 5131 795 5204 quanto
822 5124 1019 5186 aedituorum
1050 5123 1341 5191 Nee-Aurelianen—
1424 5127 1427 5136 ⁴

592 5221 674 5282 sium
686 5218 853 5297 pertinacia
866 5235 918 5280 eor
930 5226 1071 5283 nostrum
1083 5223 1243 5300 sauciavit,
1256 5232 1340 5287 tanto

593 5313 682 5376 nobis
702 5312 846 5374 salamini
863 5320 909 5374 est
923 5319 987 5388 tua,
1010 5329 1081 5374 ven.
1106 5313 1211 5392 frater,
1227 5318 1339 5394 agendi

592 5407 681 5483 ratio,
693 5407 746 5485 qui
769 5405 856 5466 omni
871 5421 928 5483 ope
943 5405 1091 5485 omnique
1113 5405 1273 5486 diligentia
1289 5411 1339 5472 ab·

593 5516 717 5562 normes
739 5499 867 5562 illorum
888 5507 1014 5562 conatus
1029 5515 1210 5580 praecavere
1225 5511 1278 5567 aut
1292 5521 1340 5567 re-

593 5593 726 5655 tundere
746 5593 870 5655 adnisus
893 5608 934 5655 es.

631 5685 650 5759 5
672 5686 699 5746 3.
724 5684 874 5760 Quoniam
889 5702 964 5750 vero
979 5690 1015 5752 ad
1030 5688 1121 5752 dubia
1137 5709 1153 5752 a
1168 5693 1338 5770 mentibus

592 5787 626 5842 ut
647 5778 765 5857 scribis,
795 5781 1012 5859 imperitorum
1040 5784 1212 5861 evellenda,
1241 5793 1338 5865 optas,

592 5889 663 5938 ren.
697 5871 804 5952 frater,
836 5883 871 5936 ut
899 5875 1094 5956 apostolicam
1125 5881 1339 5944 auctoritatem

1655 5218 1729 5286 1.Εο
1751 5219 1810 5289 ΡΡ.
1833 5219 1891 5288 llil.

1597 5405 1773 5476 celsissime
1796 5408 1943 5493 Princeps

1436 5501 1564 5570 salutem
1584 5506 1616 5570 et
1631 5503 1829 5587 apostolicam
1849 5504 2100 5572 benedictionem.

1437 5693 1584 5756 Summos
1612 5694 1764 5758 Ecclesiae
1790 5695 1955 5760 catholicae
1980 5696 2144 5759 Pontifices

1395 5786 1642 5864 praedecessores
1657 5796 1779 5852 nostros
1793 5791 1917 5868 imitati,
1930 5791 1983 5870 qui
1999 5791 2143 5870 frequen-

1396 5885 1442 5944 tes
1463 5881 1590 5961 regibus
1606 5899 1638 5946 ae
1653 5883 1846 5964 principibus
1868 5885 2031 5948 Persarum
2046 5885 2144 5964 incly-
