4722 6976
344 508 398 564 An.
412 510 442 564 0.
464 508 534 565 1805
583 505 643 574 486

348 5421 518 5471 Prooemium.

563 647 706 727 predictis
720 647 895 725 virginibus
910 645 1123 725 praesentibus
1134 651 1165 706 et
1179 640 1304 718 tuturis,

563 747 598 802 ut
617 747 686 821 post
706 739 868 819 expletum
889 739 1036 820 tyrocinii
1058 748 1191 815 tempus,
1209 736 1245 797 ad
1260 751 1306 797 so·

562 834 714 910 lemnem,
729 833 858 896 servatis
873 833 945 894 alias
959 831 1129 905 servandis,
1145 827 1306 908 professio·

563 941 638 988 nem
666 933 823 1000 votorum,
846 925 949 988 addito
970 925 1063 986 etiam
1094 930 1204 1001 quarto
1233 922 1307 983 edu·

562 1017 651 1080 candi
686 1019 802 1097 puellas
836 1018 1017 1097 praesertim
1048 1031 1217 1098 pauperes,
1249 1016 1306 1076 im·

563 1111 740 1189 buendique
772 1127 821 1172 eas
851 1109 1020 1189 praeceptis
1055 1115 1086 1170 et
1121 1108 1305 1171 rudimentis

562 1205 727 1268 catholicae
756 1203 845 1278 bilei,
878 1201 975 1265 libere
1002 1201 1097 1279 recipi
1122 1201 1306 1278 admittique

563 1298 681 1376 possint
708 1305 739 1358 et
766 1296 906 1370 valeant,
935 1295 1117 1357 auctoritate
1144 1303 1175 1355 et
1197 1301 1306 1356 tenore

563 1389 724 1470 praedictis
751 1388 949 1452 concedimus
970 1396 1002 1450 et
1027 1386 1242 1464 indulgemus3
1265 1387 1306 1448 ita

563 1492 680 1557 tamen,
702 1490 737 1545 ut
759 1483 841 1560 ipsae
861 1481 893 1542 in
915 1489 1075 1559 posterum
1095 1480 1153 1542 sub
1173 1479 1306 1541 recensi·

563 1576 600 1638 tis
621 1575 737 1653 regulis
751 1581 783 1635 et
797 1573 1071 1637 constitutionibus
1085 1573 1203 1648 vivere,
1220 1572 1306 1635 Ordi-

563 1671 786 1745 nariorumque
807 1666 1012 1730 iurisdictioni
1029 1667 1165 1740 subesse,
1188 1666 1307 1727 clausu·

562 1778 614 1824 rae
635 1762 718 1839 leges
737 1777 870 1836 servare,
894 1776 951 1822 nec
975 1776 1123 1840 umquam
1145 1767 1305 1839 propterea

561 1854 768 1916 amonasterii
783 1853 887 1931 septis,
900 1852 959 1915 nisl
975 1853 1013 1914 ob
1028 1853 1223 1929 gravissimas
1237 1870 1306 1915 cau·

561 1965 608 2008 sas
629 1948 662 2008 iu
682 1946 957 2009 constitutionibus
978 1960 1134 2023 expressas
1155 1953 1186 2008 et
1207 1948 1306 2008 aiure

561 2040 701 2113 sancitas,
715 2039 820 2114 egredi
833 2038 976 2100 debeant:
991 2037 1131 2115 adquam
1146 2039 1304 2114 enectum,

562 2140 713 2213 quatenus
734 2148 810 2210 opus
830 2131 882 2204 sit,
905 2146 998 2209 snper
1021 2145 1115 2194 onere
1137 2132 1302 2205 invisendi,

561 2228 608 2290 uti
629 2226 833 2304 praemissum
861 2233 917 2297 est,
941 2225 1088 2287 mulieres
1116 2227 1305 2288 nosocomio-

559 2316 1305 2400 rumtntrmascumipsisdtspensamusexpres-

559 2429 603 2487 se,
614 2411 775 2490 literisque
785 2410 1146 2489 praedecessoris,quoad
1158 2429 1237 2475 onus
1247 2416 1305 2476 bu-

561 2505 704 2577 iusmodi,
717 2504 841 2583 penitus
862 2504 1044 2580 derogamus
1068 2521 1100 2566 ac
1122 2504 1304 2582 derogatum

559 2614 626 2661 esse
647 2597 855 2660 decernimus.
885 2595 1008 2659 Eisdem
1030 2596 1138 2672 literis,
1164 2601 1304 2661 caeteris·

559 2707 620 2771 que
640 2691 673 2751 in
695 2690 885 2752 contrarium
907 2687 1090 2752 iacientibus
1104 2705 1168 2750 non
1183 2691 1303 2754 obstan-

559 2785 641 2847 tibus
672 2782 931 2861 quibuscumque.
968 2781 1179 2859 indulgentias
1210 2801 1303 2863 porro

559 2891 668 2938 omnes
688 2881 719 2936 et
742 2873 854 2950 gratias
881 2873 1056 2953 spirituales
1083 2877 1142 2938 iarn
1169 2878 1248 2960 alias¹
1267 2879 1304 2941 ab

557 2970 666 3031 eodem
687 2969 919 3046 praedecessore
940 2967 989 3028 isti
1004 2967 1054 3046 pio
1075 2969 1218 3034 instituto
1232 2989 1303 3034 con·

558 3077 655 3124 cessas
682 3059 833 3138 praedicta
861 3059 1043 3122 auctoritate
1064 3063 1294 3127 confirmamus.

597 3155 708 3216 ilatum
730 3153 843 3214 Itomae
864 3154 902 3214 de
921 3153 1044 3231 speciali
1070 3157 1214 3219 mandato
1236 3175 1304 3220 san·

558 3248 687 3312 ctissimi
710 3247 760 3310 die
781 3262 824 3307 rx.
849 3245 953 3324 aprilis
982 3263 1121 3310 uncccv.
1147 3252 1303 3329 pontifica-

557 3349 607 3405 tus
628 3341 676 3403 sui
697 3355 780 3402 anno
800 3356 842 3401 vr.

813 3498 1052 3512 m

894 3625 963 3688 XX.

558 3815 733 3895 Confirmat
755 3813 937 3876 electionem
952 3812 1101 3874 ministri
1122 3817 1302 3891 provincia-

596 3910 638 3971 lis
652 3915 684 3970 et
700 3906 948 3968 destinationem
971 3905 1081 3968 domna
1100 3907 1301 3985 probationis

595 4009 625 4064 et
640 3998 847 4081 professionis
863 4013 936 4060 cnm
951 3998 1108 4060 erectione
1130 4017 1300 4082 congrego·

597 4095 695 4157 tionis
719 4091 922 4156 Galiciarnm
937 4092 972 4152 in
987 4094 1186 4168 provinciam
1209 4111 1301 4176 repu-

596 4188 708 4260 tarem,
729 4200 788 4264 pro
815 4183 967 4245 ministro
993 4187 1189 4262 provinciali
1213 4188 1302 4252 Gaii·

595 4282 723 4344 ciorum
747 4276 880 4340 Ordinis
904 4277 1016 4341 Sancti
1038 4279 1137 4343 Pauli
1157 4282 1257 4358 primi
1272 4299 1302 4343 e·

563 4365 571 4380 '
594 4374 739 4436 remitae.

554 4558 673 4626 dilecto
699 4556 764 4624 tilio
796 4555 938 4624 llilarioni
967 4555 1135 4626 Bobrcuati
1164 4561 1298 4628 ministro

593 4650 766 4737 prouinciali
791 4650 903 4718 ordinis
932 4649 1059 4718 fratrum
1090 4655 1190 4721 sancti
1213 4653 1297 4723 Pauli

593 4746 674 4829 primi
697 4745 840 4812 eremitae
865 4749 1107 4828 nuncupatorum,

802 4929 889 4998 etus
912 4930 971 4998 ΡΡ.
994 4931 1050 4998 tttt.

825 5118 942 5186 bileote
964 5118 1023 5199 lili,

584 5217 712 5285 salutern
735 5221 767 5283 el
788 5214 986 5299 apostolicam
1012 5215 1263 5284 benedictionem.

590 5409 659 5484 §t
683 5405 854 5484 Religionis
883 5405 986 5480 aelus,
1009 5407 1091 5468 vitae
1117 5424 1151 5468 ac
1172 5423 1296 5469 morum

550 5500 831 5579 boarestas,aliaque
845 5500 1007 5564 laudabilia
1023 5501 1180 5579 probitatis
1191 5508 1222 5562 et
1233 5501 1296 5562 vir-

551 5602 654 5658 tutum
676 5595 798 5670 merita,
819 5610 912 5673 super
934 5593 1046 5673 quibus
1066 5595 1147 5673 apud
1166 5609 1222 5655 nos
1237 5594 1296 5656 sade

551 5687 652 5763 dignis
672 5687 899 5748 commendaris
923 5687 1119 5762 testimoniis,
1133 5701 1188 5747 nos
1203 5687 1295 5748 addu-

497 5773 500 5778 ’
550 5787 638 5854 cunt,
653 5785 689 5842 ut
710 5786 740 5840 te
759 5778 942 5857 specialibus
964 5779 1119 5842 favoribus
1140 5785 1170 5840 et
1191 5777 1296 5854 gratiis

550 5886 773 5957 prosequamur
795 5871 942 5935 liberales.

1081 525 1147 572 lun.
1170 521 1261 571 PONT·
1285 520 1326 568 DE
1346 522 1376 568 P·
1401 521 1430 568 F·
1454 522 1537 571 PARS
1557 524 1580 570 1.

2138 513 2192 566 Au.
2205 515 2232 567 a.
2251 517 2306 572 1805

1402 642 1421 718 5
1442 641 1471 704 2.
1495 641 1677 722 Expositum
1698 643 1850 724 siquidem
1866 643 1955 708 nobis
1976 653 2030 708 tuo
2051 660 2109 708 nu·
2144 663 2316 724 expositione·

1363 749 1418 813 per
1439 737 1567 799 nomine
1594 736 1663 813 luit,
1686 741 1767 818 quod
1789 739 1822 802 in
1850 739 1942 814 binis,
1965 739 2045 802 sicut
2064 757 2109 802 as·
2127 726 2189 764 ⁰⁰¹⁰·

1362 828 1487 904 seritur,
1509 829 1686 893 Austriacae
1708 832 1834 894 ditionis
1854 831 1976 896 Galiciis
1996 839 2064 894 octo
2079 850 2109 896 e-

1362 920 1483 983 xistunt
1503 923 1650 985 coenobia
1670 923 1794 987 Ordinis
1815 924 1947 988 iratrum
1969 923 2000 987 S.
2025 925 2109 988 Pauli

1361 1013 1456 1092 primi
1477 1015 1624 1080 eremitae
1639 1027 1904 1098 nuncupatorum,
1926 1020 2002 1081 olim
2022 1020 2108 1082 unita

1363 1115 1544 1186 partemque
1555 1109 1740 1186 integralem
1752 1113 1917 1174 conflantia
1932 1112 2109 1191 provinciae

1362 1201 1553 1264 Poloniensis
1577 1203 1716 1266 eiusdem
1743 1205 1871 1280 ordinis,
1893 1207 1945 1268 sed
1968 1207 2001 1267 in
2023 1222 2109 1283 prae·

1361 1296 1532 1358 sentiarum
1546 1296 1683 1358 seiuncta
1706 1299 1836 1359 omnino
1851 1299 1889 1360 ab
1903 1316 1935 1361 ea
1952 1297 2109 1376 provincia

1362 1385 1719 1466 obnupe1·asPoloniae
1748 1392 1837 1466 regni
1868 1391 2107 1466 vicissitudines,

1362 1480 1475 1557 quibus
1496 1482 1664 1558 regionum
1695 1483 1824 1546 istarum
1847 1501 1895 1546 res
1917 1491 2109 1562 permutatae

1361 1571 1502 1635 luerunt.
1525 1573 1630 1636 Nibilo
1646 1580 1750 1638 tamen
1765 1576 1871 1638 minus
1881 1577 2037 1639 coenobiis
2051 1576 2107 1638 bu-

1361 1665 1495 1730 iusmodi
1525 1667 1687 1744 apostolica
1718 1677 1765 1730 est
1794 1669 1949 1748 impertita
1980 1669 2108 1732 facultas

1361 1773 1452 1820 suum
1484 1759 1617 1836 eligendi
1649 1761 1873 1839 provincialem
1905 1763 2105 1836 ministrum,

1361 1851 1579 1931 propriamque
1606 1854 1740 1917 babendi
1762 1856 1891 1917 domurn
1919 1856 2108 1934 probationis

1361 1950 1392 2004 et
1413 1945 1563 2020 regularis
1585 1947 1793 2025 professionis,
1816 1965 1952 2028 proque
1973 1949 2106 2010 convon-

1361 2041 1410 2097 tus
1431 2038 1579 2099 Bezoviae
1600 2040 1778 2117 designatus
1793 2042 1971 2118 permansit.
1995 2041 2035 2102 Ut
2055 2059 2108 2103 au-

1363 2135 1424 2190 tem
1448 2129 1515 2192 talis
1546 2131 1683 2207 iacarltas,
1713 2149 1855 2212 quaeque
1880 2132 1993 2194 exinde
2023 2132 2106 2196 illius
2159 2213 2161 2220 y

1361 2223 1469 2299 vigore
1490 2231 1553 2284 acta
1574 2231 1606 2285 et
1626 2224 1794 2288 constituta
1820 2233 1906 2301 sunt,
1928 2226 2106 2289 solidiorem

1361 2316 1454 2378 etiam
1466 2315 1497 2377 in
1510 2321 1669 2394 posterum
1684 2319 1855 2388 sortiantur
1866 2319 2104 2394 observantiam,

1361 2415 1395 2470 tu
1410 2409 1577 2471 ministerii
1590 2410 1637 2471 tui
1652 2409 1720 2472 zelo
1734 2419 1893 2489 permotus
1907 2421 2017 2475 cuncta
2031 2413 2106 2475 baec

1359 2517 1415 2580 per
1436 2519 1492 2566 nos
1513 2503 1674 2582 approbari
1696 2513 1727 2566 et
1748 2506 2054 2587 confirmariatque,
2070 2515 2105 2570 ut

1359 2595 1450 2670 inira,
1473 2613 1597 2675 quoque
1625 2597 1782 2674 indulgeri
1810 2599 2015 2662 vehementer
2033 2615 2105 2660 exo

1359 2699 1436 2769 ptus,
1451 2693 1613 2771 enixisque
1635 2693 1797 2755 humiliter
1818 2695 1958 2774 precibus
1979 2712 1995 2756 a
2017 2695 2106 2758 nobis

1359 2784 1516 2862 efflagitas.

1399 2879 1417 2954 5
1438 2878 1467 2940 3.
1488 2878 1550 2940 Nos
1572 2879 1679 2956 igitur,
1702 2885 1732 2941 te
1749 2881 1932 2958 specialibus
1953 2881 2059 2958 gratiis
2074 2888 2105 2944 et

1360 2969 1514 3034 favoribus
1536 2974 1681 3051 prosequi
1699 2973 1850 3048 volentes,
1867 2980 1897 3037 et
1911 2993 1927 3036 a
1943 2975 2104 3053 quibusvis

1359 3065 1689 3127 excommunicationis
1718 3075 1748 3128 et
1776 3067 1949 3141 interdicti,
1975 3067 2104 3147 aliisque

1360 3157 1570 3220 ecclesiasticis
1585 3158 1736 3233 censuris,
1758 3161 1922 3222 sententiis
1944 3169 1975 3222 et
1994 3163 2103 3240 poeuis

1360 3249 1576 3329 quovismodo
1591 3257 1831 3330 etquacumque
1852 3253 1890 3316 de
1911 3269 2000 3316 causa
2021 3253 2102 3331 latia,

1358 3345 1384 3406 si
1406 3360 1481 3422 quas
1505 3343 1586 3407 iorte
1607 3343 1776 3420 incurristi,
1798 3346 1892 3408 buius
1913 3353 2037 3409 tantum
2057 3349 2102 3409 rei

1360 3437 1457 3516 gratia
1484 3437 1677 3500 absolventes
1698 3447 1729 3500 et
1749 3438 1924 3501 absolutum
1944 3439 2011 3502 iore
2031 3456 2103 3504 cen-

1359 3539 1473 3605 sentes,
1496 3528 1770 3609 supplicationibus
1792 3539 1844 3594 tuo
1866 3533 1994 3594 nomine
2015 3534 2103 3596 nobis

1360 3625 1521 3687 humiliter
1532 3624 1681 3702 porrectis
1691 3624 2037 3700 inclinati,electionem
2047 3645 2102 3692 seu

1359 3717 1523 3780 electiones
1545 3718 1681 3779 ministri
1702 3719 1900 3797 provincialis
1916 3738 1950 3784 ao
1964 3723 2102 3801 designa-

1358 3812 1474 3875 tionem
1493 3811 1604 3872 domus
1623 3811 1814 3887 probationis
1827 3821 1858 3874 et
1874 3813 2102 3892 professionisa

1357 3903 1518 3967 recensitis
1543 3903 1697 3967 coenobiis
1719 3905 1772 3979 sic,
1800 3913 1836 3968 ut
1855 3909 2040 3986 praefertur,
2064 3929 2103 3974 ex

1356 3997 1520 4078 apostolico
1542 3996 1663 4059 indulto
1684 4005 1818 4075 peractas
1835 4002 2018 4066 auctoritate
2032 4021 2102 4084 apo-

1356 4092 1461 4156 stolica
1482 4097 1591 4152 tenore
1612 4091 1824 4169 praesentium
1845 4095 2049 4172 approbamus
2072 4108 2102 4162 et

1355 4187 1586 4260 confirmamus,
1603 4192 1744 4263 ratasque
1765 4195 1796 4247 et
1817 4187 1932 4251 validas
1952 4189 2100 4254 babemus

1355 4289 1386 4344 et
1407 4277 1608 4352 declaramus,
1631 4295 1664 4339 ac
1684 4277 1872 4342 inviolabilis
1885 4283 2039 4346 firmitatis
2054 4302 2102 4346 ro

1355 4376 1414 4438 bur
1436 4371 1496 4434 illis
1521 4371 1693 4446 adiicimus,
1717 4387 1887 4452 omnesque
1908 4392 1942 4438 ao
1961 4377 2100 4454 singulos

1355 4468 1421 4530 sive
1435 4465 1511 4528 iuris
1526 4466 1590 4526 sive
1601 4463 1672 4527 iacti
1683 4464 1832 4543 deiectus,
1844 4467 1869 4529 si
1884 4486 1961 4548 quos
1972 4487 2099 4548 quomo-

1355 4561 1469 4626 delibet
1481 4560 1513 4622 in
1523 4558 2098 4641 praemissisintervenissecontigerit,

1354 4670 1497 4720 sanamus
1522 4661 1615 4732 atque
1640 4653 1837 4730 supplemus:
1861 4654 1972 4720 deinde
1993 4659 2099 4720 eadem

1354 4759 1422 4813 octo
1437 4744 1581 4810 coenobia
1597 4745 1629 4806 in
1642 4745 1803 4824 praedictis
1814 4746 1946 4809 Galliciis
1958 4749 2017 4810 iarn
2033 4767 2100 4813 ere-

1353 4852 1412 4917 cta,
1423 4841 1542 4918 aliaque
1557 4838 1669 4901 ibidem
1685 4835 2054 4918 postmodum'erigenda,
2065 4845 2098 4906 in

1354 4933 1530 5012 regularem
1550 4932 1742 5011 provinciam
1763 4932 1829 5011 pari
1844 4936 2024 4998 auctoritate
2044 4951 2099 5000 no·

1354 5030 1511 5090 minamus
1525 5034 1617 5105 atque
1631 5025 1837 5102 instituimus,
1851 5044 1886 5090 ac
1899 5027 1928 5090 ei
1943 5027 1985 5090 ita
1999 5029 2100 5092 nomi-

1354 5127 1443 5185 natae
1456 5127 1549 5198 atque
1561 5117 1731 5193 institutae,
1745 5129 1780 5182 ut
1792 5121 1991 5199 provincialia
2004 5126 2099 5188 comi·

1354 5215 1394 5277 tia
1416 5213 1583 5286 celebrare,
1606 5227 1639 5273 ac
1660 5213 1767 5274 omnia
1778 5223 1809 5276 et
1822 5215 1957 5292 singula,
1972 5233 2051 5295 quae
2066 5219 2098 5280 in

1353 5307 1414 5369 illis
1429 5307 1514 5367 iuxta
1526 5306 1599 5367 dicti
1610 5304 1727 5367 ordinis
1742 5308 1979 5370 constitutiones
1993 5309 2099 5373 aSede

1353 5401 1409 5463 bac
1429 5399 1598 5478 apostolica.
1613 5399 1791 5477 approbatas
1807 5398 1970 5462 deliberari
1991 5419 2025 5463 ac
2046 5403 2096 5464 de·

1352 5494 1438 5556 cerni
1459 5492 1572 5566 solent,
1595 5500 1670 5554 tunc
1689 5491 1861 5554 deliberare
1881 5501 1973 5572 atque
1994 5496 2098 5557 decer·

1353 5595 1440 5662 uere,
1464 5603 1520 5650 nec
1541 5601 1605 5648 nou
1626 5586 1758 5661 iuribus,
1785 5585 1967 5665 privilegiis,
1990 5590 2097 5664 gratiis

1352 5681 1544 5760 indultisque
1565 5679 1736 5768 universis,
1765 5680 1879 5758 quibus
1907 5683 1981 5743 dum
2010 5680 2097 5743 Polo-

1354 5775 1456 5839 niensi
1477 5777 1574 5838 dictae
1594 5773 1773 5852 provinciae
1794 5773 1882 5835 unita
1896 5781 1962 5835 erat
1977 5781 2007 5836 et
2029 5791 2095 5854 par·

1353 5869 1515 5934 ticularem
1526 5869 1733 5932 constituebat
1744 5870 2030 5950 congregationem,
2044 5888 2098 5936 an·

2136 2902 2217 2964 'lepor
2228 2913 2308 2950 conces-

2122 2964 2205 3001 trours.
