<?xml version="1.0" encoding="UTF-8"?>
<!DOCTYPE html PUBLIC "-//W3C//DTD XHTML 1.0 Transitional//EN"
    "http://www.w3.org/TR/xhtml1/DTD/xhtml1-transitional.dtd">
<html xmlns="http://www.w3.org/1999/xhtml" xml:lang="en" lang="en">
 <head>
  <title>
</title>
<meta http-equiv="Content-Type" content="text/html;charset=utf-8" />
  <meta name='ocr-system' content='tesseract 3.04.00' />
  <meta name='ocr-capabilities' content='ocr_page ocr_carea ocr_par ocr_line ocrx_word'/>
</head>
<body>
  <div class='ocr_page' id='page_1' title='image "./iurispontificii00martgoog_0512.png"; bbox 0 0 4722 6976; ppageno 0'>
   <div class='ocr_carea' id='block_1_1' title="bbox 21 2939 237 3008">
    <p class='ocr_par' dir='ltr' id='par_1_1' title="bbox 21 2939 237 3008">
     <span class='ocr_line' id='line_1_1' title="bbox 21 2939 237 3008; baseline -0.014 -23"><span class='ocrx_word' id='word_1_1' title='bbox 21 2991 22 3008; x_wconf 14' lang='grc' dir='ltr'><strong>χ</strong></span> <span class='ocrx_word' id='word_1_2' title='bbox 70 2939 136 3002; x_wconf 37' lang='grc'><strong>,116116</strong></span> <span class='ocrx_word' id='word_1_3' title='bbox 148 2947 237 2983; x_wconf 83' lang='grc'><strong>666666·</strong></span> 
     </span>
    </p>
   </div>
   <div class='ocr_carea' id='block_1_2' title="bbox 64 4151 245 4248">
    <p class='ocr_par' dir='ltr' id='par_1_2' title="bbox 64 4151 245 4248">
     <span class='ocr_line' id='line_1_2' title="bbox 74 4151 245 4210; baseline 0.012 -17"><span class='ocrx_word' id='word_1_4' title='bbox 74 4151 142 4210; x_wconf 74' lang='lat' dir='ltr'>¹&#39;torpor</span> <span class='ocrx_word' id='word_1_5' title='bbox 154 4159 245 4195; x_wconf 86' lang='lat' dir='ltr'>conces·</span> 
     </span>
     <span class='ocr_line' id='line_1_3' title="bbox 64 4212 130 4248; baseline 0 -2"><span class='ocrx_word' id='word_1_6' title='bbox 64 4212 130 4248; x_wconf 85' lang='grc'><strong>66666.</strong></span> 
     </span>
    </p>
   </div>
   <div class='ocr_carea' id='block_1_3' title="bbox 910 575 1133 626">
    <p class='ocr_par' dir='ltr' id='par_1_3' title="bbox 910 575 1133 626">
     <span class='ocr_line' id='line_1_4' title="bbox 910 575 1133 626; baseline -0.022 -1"><span class='ocrx_word' id='word_1_7' title='bbox 910 575 983 626; x_wconf 78' lang='lat' dir='ltr'>PIUS</span> <span class='ocrx_word' id='word_1_8' title='bbox 1003 575 1053 624; x_wconf 75' lang='lat' dir='ltr'>PP-</span> <span class='ocrx_word' id='word_1_9' title='bbox 1078 577 1133 626; x_wconf 83' lang='lat' dir='ltr'>vlt.</span> 
     </span>
    </p>
   </div>
   <div class='ocr_carea' id='block_1_4' title="bbox 244 684 1009 4414">
    <p class='ocr_par' dir='ltr' id='par_1_4' title="bbox 244 684 1001 2898">
     <span class='ocr_line' id='line_1_5' title="bbox 245 684 991 776; baseline 0.005 -18"><span class='ocrx_word' id='word_1_10' title='bbox 245 684 420 772; x_wconf 87' lang='lat' dir='ltr'>consulere,</span> <span class='ocrx_word' id='word_1_11' title='bbox 443 704 534 776; x_wconf 88' lang='lat' dir='ltr'>atque</span> <span class='ocrx_word' id='word_1_12' title='bbox 559 697 670 761; x_wconf 92' lang='lat' dir='ltr'>idcirco</span> <span class='ocrx_word' id='word_1_13' title='bbox 691 716 707 759; x_wconf 96' lang='lat' dir='ltr'>a</span> <span class='ocrx_word' id='word_1_14' title='bbox 728 699 816 760; x_wconf 91' lang='lat' dir='ltr'>uobis</span> <span class='ocrx_word' id='word_1_15' title='bbox 840 699 991 776; x_wconf 75' lang='lat' dir='ltr'>singulari</span> 
     </span>
     <span class='ocr_line' id='line_1_6' title="bbox 244 791 992 870; baseline 0.004 -19"><span class='ocrx_word' id='word_1_16' title='bbox 244 792 425 870; x_wconf 88' lang='lat' dir='ltr'>studio-per</span> <span class='ocrx_word' id='word_1_17' title='bbox 450 807 519 854; x_wconf 91' lang='lat' dir='ltr'>suas</span> <span class='ocrx_word' id='word_1_18' title='bbox 542 792 646 855; x_wconf 92' lang='lat' dir='ltr'>literas</span> <span class='ocrx_word' id='word_1_19' title='bbox 667 791 879 870; x_wconf 81' lang='lat' dir='ltr'><strong>postulaverit,</strong></span> <span class='ocrx_word' id='word_1_20' title='bbox 907 800 953 868; x_wconf 93' lang='lat' dir='ltr'>ut,</span> <span class='ocrx_word' id='word_1_21' title='bbox 976 811 992 854; x_wconf 96' lang='lat' dir='ltr'>a</span> 
     </span>
     <span class='ocr_line' id='line_1_7' title="bbox 246 884 992 965; baseline 0.003 -20"><span class='ocrx_word' id='word_1_22' title='bbox 246 885 315 946; x_wconf 89' lang='lat' dir='ltr'>iure</span> <span class='ocrx_word' id='word_1_23' title='bbox 344 884 572 963; x_wconf 90' lang='lat' dir='ltr'>metropolitico</span> <span class='ocrx_word' id='word_1_24' title='bbox 599 885 746 963; x_wconf 78' lang='lat' dir='ltr'>praedicti</span> <span class='ocrx_word' id='word_1_25' title='bbox 763 886 992 965; x_wconf 81' lang='lat' dir='ltr'>Archiepiscopi</span> 
     </span>
     <span class='ocr_line' id='line_1_8' title="bbox 246 977 992 1056; baseline 0.008 -20"><span class='ocrx_word' id='word_1_26' title='bbox 246 977 392 1040; x_wconf 78' lang='lat' dir='ltr'>abdicatis</span> <span class='ocrx_word' id='word_1_27' title='bbox 408 978 544 1040; x_wconf 91' lang='lat' dir='ltr'>ecclesiis</span> <span class='ocrx_word' id='word_1_28' title='bbox 565 977 738 1052; x_wconf 79' lang='lat' dir='ltr'>antedictis,</span> <span class='ocrx_word' id='word_1_29' title='bbox 758 979 992 1056; x_wconf 91' lang='lat' dir='ltr'>Leopoliensem</span> 
     </span>
     <span class='ocr_line' id='line_1_9' title="bbox 246 1070 993 1148; baseline 0.004 -17"><span class='ocrx_word' id='word_1_30' title='bbox 246 1070 454 1133; x_wconf 82' lang='lat' dir='ltr'>cathedralem</span> <span class='ocrx_word' id='word_1_31' title='bbox 484 1071 658 1145; x_wconf 91' lang='lat' dir='ltr'>ecclesiam,</span> <span class='ocrx_word' id='word_1_32' title='bbox 688 1088 766 1148; x_wconf 91' lang='lat' dir='ltr'>quae</span> <span class='ocrx_word' id='word_1_33' title='bbox 788 1089 802 1132; x_wconf 90' lang='lat' dir='ltr'>a</span> <span class='ocrx_word' id='word_1_34' title='bbox 824 1071 921 1134; x_wconf 89' lang='grc'><strong>1611616</strong></span> <span class='ocrx_word' id='word_1_35' title='bbox 946 1089 993 1134; x_wconf 93' lang='lat' dir='ltr'>re-</span> 
     </span>
     <span class='ocr_line' id='line_1_10' title="bbox 247 1163 994 1243; baseline 0.004 -20"><span class='ocrx_word' id='word_1_36' title='bbox 247 1163 431 1224; x_wconf 90' lang='lat' dir='ltr'>cordationis</span> <span class='ocrx_word' id='word_1_37' title='bbox 462 1165 576 1225; x_wconf 93' lang='lat' dir='ltr'>loanne</span> <span class='ocrx_word' id='word_1_38' title='bbox 604 1164 679 1242; x_wconf 91' lang='lat' dir='ltr'>Papa</span> <span class='ocrx_word' id='word_1_39' title='bbox 702 1164 812 1227; x_wconf 89' lang='grc'><strong>1111111.</strong></span> <span class='ocrx_word' id='word_1_40' title='bbox 842 1181 994 1243; x_wconf 88' lang='lat' dir='ltr'>persnas</span> 
     </span>
     <span class='ocr_line' id='line_1_11' title="bbox 249 1255 993 1335; baseline 0.004 -19"><span class='ocrx_word' id='word_1_41' title='bbox 249 1255 353 1316; x_wconf 81' lang='lat' dir='ltr'>literas</span> <span class='ocrx_word' id='word_1_42' title='bbox 384 1256 500 1318; x_wconf 85' lang='lat' dir='ltr'>Romae</span> <span class='ocrx_word' id='word_1_43' title='bbox 527 1259 609 1319; x_wconf 92' lang='lat' dir='ltr'>datas</span> <span class='ocrx_word' id='word_1_44' title='bbox 636 1259 747 1335; x_wconf 90' lang='lat' dir='ltr'>quinto</span> <span class='ocrx_word' id='word_1_45' title='bbox 775 1257 922 1320; x_wconf 85' lang='lat' dir='ltr'>kalendas</span> <span class='ocrx_word' id='word_1_46' title='bbox 947 1274 993 1319; x_wconf 92' lang='lat' dir='ltr'>se·</span> 
     </span>
     <span class='ocr_line' id='line_1_12' title="bbox 248 1348 994 1426; baseline 0.003 -17"><span class='ocrx_word' id='word_1_47' title='bbox 248 1349 398 1424; x_wconf 80' lang='grc'><strong>61666616</strong></span> <span class='ocrx_word' id='word_1_48' title='bbox 420 1348 616 1426; x_wconf 82' lang='lat' dir='ltr'>pontificatus</span> <span class='ocrx_word' id='word_1_49' title='bbox 630 1349 678 1412; x_wconf 91' lang='grc'>661</span> <span class='ocrx_word' id='word_1_50' title='bbox 691 1367 773 1412; x_wconf 89' lang='grc'><strong>6666</strong></span> <span class='ocrx_word' id='word_1_51' title='bbox 790 1351 893 1426; x_wconf 90' lang='grc'><strong>166116,</strong></span> <span class='ocrx_word' id='word_1_52' title='bbox 909 1357 994 1411; x_wconf 92' lang='lat' dir='ltr'>ante·</span> 
     </span>
     <span class='ocr_line' id='line_1_13' title="bbox 249 1442 992 1518; baseline 0.004 -16"><span class='ocrx_word' id='word_1_53' title='bbox 249 1458 343 1518; x_wconf 90' lang='lat' dir='ltr'>quarn</span> <span class='ocrx_word' id='word_1_54' title='bbox 375 1445 480 1506; x_wconf 92' lang='lat' dir='ltr'>sedem</span> <span class='ocrx_word' id='word_1_55' title='bbox 511 1442 715 1506; x_wconf 89' lang='lat' dir='ltr'>Halicieosem</span> <span class='ocrx_word' id='word_1_56' title='bbox 748 1443 930 1506; x_wconf 78' lang='lat' dir='ltr'>transferret</span> <span class='ocrx_word' id='word_1_57' title='bbox 961 1444 992 1505; x_wconf 93' lang='lat' dir='ltr'>in</span> 
     </span>
     <span class='ocr_line' id='line_1_14' title="bbox 249 1533 994 1612; baseline -0.001 -17"><span class='ocrx_word' id='word_1_58' title='bbox 249 1533 522 1612; x_wconf 80' lang='lat' dir='ltr'>metropolitanam</span> <span class='ocrx_word' id='word_1_59' title='bbox 537 1535 595 1596; x_wconf 92' lang='lat' dir='ltr'>sub</span> <span class='ocrx_word' id='word_1_60' title='bbox 606 1533 800 1597; x_wconf 89' lang='lat' dir='ltr'>invocatione</span> <span class='ocrx_word' id='word_1_61' title='bbox 811 1536 920 1598; x_wconf 90' lang='lat' dir='ltr'>Beatae</span> <span class='ocrx_word' id='word_1_62' title='bbox 936 1536 994 1598; x_wconf 88' lang='grc'><strong>116-</strong></span> 
     </span>
     <span class='ocr_line' id='line_1_15' title="bbox 249 1627 995 1706; baseline 0.003 -18"><span class='ocrx_word' id='word_1_63' title='bbox 249 1628 313 1688; x_wconf 89' lang='grc'><strong>6166</strong></span> <span class='ocrx_word' id='word_1_64' title='bbox 323 1627 475 1704; x_wconf 82' lang='lat' dir='ltr'>Virginis,</span> <span class='ocrx_word' id='word_1_65' title='bbox 489 1635 562 1690; x_wconf 92' lang='lat' dir='ltr'>tunc</span> <span class='ocrx_word' id='word_1_66' title='bbox 577 1627 677 1690; x_wconf 89' lang='lat' dir='ltr'>luerat</span> <span class='ocrx_word' id='word_1_67' title='bbox 691 1638 791 1690; x_wconf 90' lang='lat' dir='ltr'>erecta</span> <span class='ocrx_word' id='word_1_68' title='bbox 806 1647 840 1691; x_wconf 92' lang='lat' dir='ltr'>ac</span> <span class='ocrx_word' id='word_1_69' title='bbox 851 1629 995 1706; x_wconf 85' lang='lat' dir='ltr'>deinceps</span> 
     </span>
     <span class='ocr_line' id='line_1_16' title="bbox 249 1720 994 1799; baseline 0.005 -19"><span class='ocrx_word' id='word_1_70' title='bbox 249 1721 286 1782; x_wconf 90' lang='lat' dir='ltr'>ad</span> <span class='ocrx_word' id='word_1_71' title='bbox 314 1720 464 1799; x_wconf 92' lang='lat' dir='ltr'>simplicis</span> <span class='ocrx_word' id='word_1_72' title='bbox 495 1721 672 1799; x_wconf 90' lang='lat' dir='ltr'>episcopalis</span> <span class='ocrx_word' id='word_1_73' title='bbox 702 1721 846 1784; x_wconf 92' lang='lat' dir='ltr'>ecclesiae</span> <span class='ocrx_word' id='word_1_74' title='bbox 879 1727 994 1784; x_wconf 89' lang='lat' dir='ltr'>statum</span> 
     </span>
     <span class='ocr_line' id='line_1_17' title="bbox 250 1813 994 1892; baseline 0.001 -16"><span class='ocrx_word' id='word_1_75' title='bbox 250 1813 382 1888; x_wconf 91' lang='lat' dir='ltr'>redacta,</span> <span class='ocrx_word' id='word_1_76' title='bbox 414 1829 499 1876; x_wconf 89' lang='lat' dir='ltr'>nunc</span> <span class='ocrx_word' id='word_1_77' title='bbox 526 1813 629 1875; x_wconf 91' lang='lat' dir='ltr'>denuo</span> <span class='ocrx_word' id='word_1_78' title='bbox 651 1815 683 1876; x_wconf 94' lang='lat' dir='ltr'>iu</span> <span class='ocrx_word' id='word_1_79' title='bbox 712 1815 994 1892; x_wconf 87' lang='lat' dir='ltr'>metropolitanam,</span> 
     </span>
     <span class='ocr_line' id='line_1_18' title="bbox 250 1905 996 1986; baseline -0.001 -17"><span class='ocrx_word' id='word_1_80' title='bbox 250 1908 463 1969; x_wconf 91' lang='lat' dir='ltr'>comunione</span> <span class='ocrx_word' id='word_1_81' title='bbox 487 1907 568 1970; x_wconf 90' lang='lat' dir='ltr'>tituli</span> <span class='ocrx_word' id='word_1_82' title='bbox 589 1905 688 1970; x_wconf 92' lang='lat' dir='ltr'>dictae</span> <span class='ocrx_word' id='word_1_83' title='bbox 718 1910 917 1986; x_wconf 82' lang='lat' dir='ltr'>perantiquae</span> <span class='ocrx_word' id='word_1_84' title='bbox 939 1908 996 1970; x_wconf 92' lang='lat' dir='ltr'>lla·</span> 
     </span>
     <span class='ocr_line' id='line_1_19' title="bbox 251 2000 996 2085; baseline 0 -24"><span class='ocrx_word' id='word_1_85' title='bbox 251 2001 387 2062; x_wconf 89' lang='lat' dir='ltr'>liciensis</span> <span class='ocrx_word' id='word_1_86' title='bbox 406 2000 564 2075; x_wconf 89' lang='lat' dir='ltr'>ecclesiae,</span> <span class='ocrx_word' id='word_1_87' title='bbox 586 2001 675 2064; x_wconf 91' lang='lat' dir='ltr'>cuius</span> <span class='ocrx_word' id='word_1_88' title='bbox 701 2003 894 2085; x_wconf 88' lang='lat' dir='ltr'>territorium</span> <span class='ocrx_word' id='word_1_89' title='bbox 915 2002 996 2062; x_wconf 88' lang='lat' dir='ltr'>intra</span> 
     </span>
     <span class='ocr_line' id='line_1_20' title="bbox 252 2093 997 2172; baseline -0.001 -17"><span class='ocrx_word' id='word_1_90' title='bbox 252 2093 367 2155; x_wconf 82' lang='lat' dir='ltr'>limites</span> <span class='ocrx_word' id='word_1_91' title='bbox 388 2109 460 2154; x_wconf 90' lang='lat' dir='ltr'>suae</span> <span class='ocrx_word' id='word_1_92' title='bbox 481 2093 606 2156; x_wconf 90' lang='lat' dir='ltr'>ditionis</span> <span class='ocrx_word' id='word_1_93' title='bbox 633 2096 725 2156; x_wconf 90' lang='lat' dir='ltr'>modo</span> <span class='ocrx_word' id='word_1_94' title='bbox 746 2095 919 2172; x_wconf 90' lang='lat' dir='ltr'>reperitur,</span> <span class='ocrx_word' id='word_1_95' title='bbox 942 2109 997 2172; x_wconf 91' lang='lat' dir='ltr'>per</span> 
     </span>
     <span class='ocr_line' id='line_1_21' title="bbox 252 2184 997 2260; baseline 0.001 -14"><span class='ocrx_word' id='word_1_96' title='bbox 252 2201 309 2246; x_wconf 92' lang='lat' dir='ltr'>nos</span> <span class='ocrx_word' id='word_1_97' title='bbox 329 2184 481 2260; x_wconf 81' lang='lat' dir='ltr'>erigatur,</span> <span class='ocrx_word' id='word_1_98' title='bbox 504 2199 645 2247; x_wconf 92' lang='lat' dir='ltr'>necnon</span> <span class='ocrx_word' id='word_1_99' title='bbox 674 2187 849 2249; x_wconf 90' lang='lat' dir='ltr'>Keimensis</span> <span class='ocrx_word' id='word_1_100' title='bbox 874 2195 905 2252; x_wconf 89' lang='grc'>61</span> <span class='ocrx_word' id='word_1_101' title='bbox 926 2187 997 2248; x_wconf 86' lang='grc' dir='ltr'><strong>Ρ66-</strong></span> 
     </span>
     <span class='ocr_line' id='line_1_22' title="bbox 251 2278 998 2359; baseline 0.001 -20"><span class='ocrx_word' id='word_1_102' title='bbox 251 2278 405 2339; x_wconf 89' lang='lat' dir='ltr'>miliensis</span> <span class='ocrx_word' id='word_1_103' title='bbox 434 2279 606 2356; x_wconf 86' lang='lat' dir='ltr'>respective</span> <span class='ocrx_word' id='word_1_104' title='bbox 637 2280 822 2359; x_wconf 88' lang='lat' dir='ltr'>episcopales</span> <span class='ocrx_word' id='word_1_105' title='bbox 853 2279 998 2342; x_wconf 90' lang='lat' dir='ltr'>ecclesiae</span> 
     </span>
     <span class='ocr_line' id='line_1_23' title="bbox 251 2371 998 2450; baseline 0.003 -18"><span class='ocrx_word' id='word_1_106' title='bbox 251 2371 392 2433; x_wconf 90' lang='lat' dir='ltr'>eiusdem</span> <span class='ocrx_word' id='word_1_107' title='bbox 407 2387 507 2432; x_wconf 92' lang='lat' dir='ltr'>novae</span> <span class='ocrx_word' id='word_1_108' title='bbox 521 2372 776 2450; x_wconf 87' lang='lat' dir='ltr'>metropolitanae</span> <span class='ocrx_word' id='word_1_109' title='bbox 789 2371 998 2450; x_wconf 89' lang='lat' dir='ltr'>Leopoliensis</span> 
     </span>
     <span class='ocr_line' id='line_1_24' title="bbox 252 2463 998 2540; baseline -0.001 -12"><span class='ocrx_word' id='word_1_110' title='bbox 252 2464 397 2528; x_wconf 89' lang='lat' dir='ltr'>ecclesiae</span> <span class='ocrx_word' id='word_1_111' title='bbox 417 2463 627 2540; x_wconf 75' lang='lat' dir='ltr'>suffraganeae</span> <span class='ocrx_word' id='word_1_112' title='bbox 648 2465 858 2540; x_wconf 88' lang='lat' dir='ltr'>declarentur,</span> <span class='ocrx_word' id='word_1_113' title='bbox 887 2483 920 2528; x_wconf 93' lang='lat' dir='ltr'>ac</span> <span class='ocrx_word' id='word_1_114' title='bbox 947 2466 998 2527; x_wconf 83' lang='lat' dir='ltr'>de</span> 
     </span>
     <span class='ocr_line' id='line_1_25' title="bbox 253 2557 999 2638; baseline 0.003 -20"><span class='ocrx_word' id='word_1_115' title='bbox 253 2573 341 2618; x_wconf 90' lang='lat' dir='ltr'>mum</span> <span class='ocrx_word' id='word_1_116' title='bbox 355 2557 470 2633; x_wconf 82' lang='lat' dir='ltr'>gratiae</span> <span class='ocrx_word' id='word_1_117' title='bbox 481 2563 512 2618; x_wconf 90' lang='lat' dir='ltr'>et</span> <span class='ocrx_word' id='word_1_118' title='bbox 527 2557 645 2619; x_wconf 90' lang='lat' dir='ltr'>indulta</span> <span class='ocrx_word' id='word_1_119' title='bbox 660 2559 823 2636; x_wconf 86' lang='lat' dir='ltr'>praecipue</span> <span class='ocrx_word' id='word_1_120' title='bbox 838 2560 935 2638; x_wconf 91' lang='lat' dir='ltr'>quoad</span> <span class='ocrx_word' id='word_1_121' title='bbox 951 2559 999 2620; x_wconf 92' lang='lat' dir='ltr'>ius</span> 
     </span>
     <span class='ocr_line' id='line_1_26' title="bbox 254 2648 1001 2730; baseline 0.001 -19"><span class='ocrx_word' id='word_1_122' title='bbox 254 2650 477 2712; x_wconf 89' lang='lat' dir='ltr'>nominationis</span> <span class='ocrx_word' id='word_1_123' title='bbox 497 2648 534 2710; x_wconf 91' lang='lat' dir='ltr'>ad</span> <span class='ocrx_word' id='word_1_124' title='bbox 558 2649 626 2711; x_wconf 93' lang='lat' dir='ltr'>illas</span> <span class='ocrx_word' id='word_1_125' title='bbox 644 2659 676 2713; x_wconf 92' lang='lat' dir='ltr'>et</span> <span class='ocrx_word' id='word_1_126' title='bbox 701 2654 736 2714; x_wconf 88' lang='lat' dir='ltr'>ad</span> <span class='ocrx_word' id='word_1_127' title='bbox 764 2652 887 2714; x_wconf 91' lang='lat' dir='ltr'>illarum</span> <span class='ocrx_word' id='word_1_128' title='bbox 916 2667 1001 2730; x_wconf 88' lang='lat' dir='ltr'>prae-</span> 
     </span>
     <span class='ocr_line' id='line_1_27' title="bbox 254 2742 1001 2824; baseline 0 -20"><span class='ocrx_word' id='word_1_129' title='bbox 254 2742 359 2804; x_wconf 91' lang='lat' dir='ltr'>sulum</span> <span class='ocrx_word' id='word_1_130' title='bbox 381 2743 560 2805; x_wconf 90' lang='lat' dir='ltr'>canonicam</span> <span class='ocrx_word' id='word_1_131' title='bbox 581 2744 811 2807; x_wconf 91' lang='lat' dir='ltr'>institutionem</span> <span class='ocrx_word' id='word_1_132' title='bbox 831 2746 1001 2824; x_wconf 88' lang='lat' dir='ltr'>respective</span> 
     </span>
     <span class='ocr_line' id='line_1_28' title="bbox 255 2836 480 2898; baseline -0.004 -2"><span class='ocrx_word' id='word_1_133' title='bbox 255 2836 480 2898; x_wconf 87' lang='lat' dir='ltr'>concedantur:</span> 
     </span>
    </p>

    <p class='ocr_par' dir='ltr' id='par_1_5' title="bbox 254 2927 1008 4112">
     <span class='ocr_line' id='line_1_29' title="bbox 295 2927 1001 3010; baseline 0 -21"><span class='ocrx_word' id='word_1_134' title='bbox 295 2931 314 3004; x_wconf 75' lang='lat'>5</span> <span class='ocrx_word' id='word_1_135' title='bbox 334 2929 364 2990; x_wconf 82' lang='grc'>11.</span> <span class='ocrx_word' id='word_1_136' title='bbox 389 2927 451 2990; x_wconf 87' lang='grc'><strong>1166</strong></span> <span class='ocrx_word' id='word_1_137' title='bbox 471 2930 587 3008; x_wconf 90' lang='lat' dir='ltr'>itaque,</span> <span class='ocrx_word' id='word_1_138' title='bbox 610 2938 786 3010; x_wconf 89' lang='lat' dir='ltr'>temporum</span> <span class='ocrx_word' id='word_1_139' title='bbox 811 2939 842 2993; x_wconf 90' lang='lat' dir='ltr'>et</span> <span class='ocrx_word' id='word_1_140' title='bbox 863 2931 1001 2993; x_wconf 90' lang='lat' dir='ltr'>locorum</span> 
     </span>
     <span class='ocr_line' id='line_1_30' title="bbox 255 3023 1002 3105; baseline -0.001 -19"><span class='ocrx_word' id='word_1_141' title='bbox 255 3023 495 3086; x_wconf 87' lang='lat' dir='ltr'>circumstantiis</span> <span class='ocrx_word' id='word_1_142' title='bbox 510 3032 631 3087; x_wconf 88' lang='lat' dir='ltr'>mature</span> <span class='ocrx_word' id='word_1_143' title='bbox 645 3025 821 3105; x_wconf 87' lang='lat' dir='ltr'>perspectis,</span> <span class='ocrx_word' id='word_1_144' title='bbox 835 3040 1002 3102; x_wconf 86' lang='lat' dir='ltr'>agnoscen-</span> 
     </span>
     <span class='ocr_line' id='line_1_31' title="bbox 257 3115 1002 3195; baseline -0.001 -17"><span class='ocrx_word' id='word_1_145' title='bbox 257 3124 302 3178; x_wconf 86' lang='lat' dir='ltr'>tes</span> <span class='ocrx_word' id='word_1_146' title='bbox 322 3115 427 3195; x_wconf 90' lang='lat' dir='ltr'>piures</span> <span class='ocrx_word' id='word_1_147' title='bbox 448 3131 562 3195; x_wconf 90' lang='lat' dir='ltr'>easque</span> <span class='ocrx_word' id='word_1_148' title='bbox 573 3133 636 3179; x_wconf 91' lang='lat' dir='ltr'>non</span> <span class='ocrx_word' id='word_1_149' title='bbox 658 3118 742 3180; x_wconf 90' lang='lat' dir='ltr'>leves</span> <span class='ocrx_word' id='word_1_150' title='bbox 757 3133 822 3180; x_wconf 91' lang='lat' dir='ltr'>esse</span> <span class='ocrx_word' id='word_1_151' title='bbox 841 3117 1002 3180; x_wconf 83' lang='lat' dir='ltr'>difficulta-</span> 
     </span>
     <span class='ocr_line' id='line_1_32' title="bbox 256 3211 1003 3290; baseline 0 -18"><span class='ocrx_word' id='word_1_152' title='bbox 256 3221 315 3284; x_wconf 86' lang='lat' dir='ltr'>tes,</span> <span class='ocrx_word' id='word_1_153' title='bbox 337 3225 417 3288; x_wconf 92' lang='lat' dir='ltr'>quae</span> <span class='ocrx_word' id='word_1_154' title='bbox 437 3220 640 3290; x_wconf 92' lang='lat' dir='ltr'>opponuntur</span> <span class='ocrx_word' id='word_1_155' title='bbox 666 3211 825 3277; x_wconf 88' lang='lat' dir='ltr'>Kioviensi</span> <span class='ocrx_word' id='word_1_156' title='bbox 847 3211 1003 3290; x_wconf 79' lang='grc'><strong>666161661-</strong></span> 
     </span>
     <span class='ocr_line' id='line_1_33' title="bbox 254 3303 1003 3382; baseline -0.001 -17"><span class='ocrx_word' id='word_1_157' title='bbox 254 3317 348 3381; x_wconf 90' lang='lat' dir='ltr'>scopo</span> <span class='ocrx_word' id='word_1_158' title='bbox 368 3303 405 3365; x_wconf 92' lang='lat' dir='ltr'>ad</span> <span class='ocrx_word' id='word_1_159' title='bbox 432 3305 641 3367; x_wconf 90' lang='lat' dir='ltr'>exercendum</span> <span class='ocrx_word' id='word_1_160' title='bbox 663 3305 710 3366; x_wconf 93' lang='lat' dir='ltr'>ius</span> <span class='ocrx_word' id='word_1_161' title='bbox 730 3321 824 3368; x_wconf 90' lang='lat' dir='ltr'>suum</span> <span class='ocrx_word' id='word_1_162' title='bbox 848 3313 1003 3382; x_wconf 91' lang='lat' dir='ltr'>metropo-</span> 
     </span>
     <span class='ocr_line' id='line_1_34' title="bbox 256 3395 1005 3474; baseline 0.001 -18"><span class='ocrx_word' id='word_1_163' title='bbox 256 3395 380 3458; x_wconf 91' lang='lat' dir='ltr'>liticum</span> <span class='ocrx_word' id='word_1_164' title='bbox 401 3395 434 3458; x_wconf 90' lang='lat' dir='ltr'>in</span> <span class='ocrx_word' id='word_1_165' title='bbox 456 3395 617 3458; x_wconf 85' lang='lat' dir='ltr'>Ruthenos</span> <span class='ocrx_word' id='word_1_166' title='bbox 645 3397 786 3461; x_wconf 87' lang='grc'><strong>1161116166</strong></span> <span class='ocrx_word' id='word_1_167' title='bbox 814 3412 912 3474; x_wconf 82' lang='lat' dir='ltr'>regno</span> <span class='ocrx_word' id='word_1_168' title='bbox 933 3396 1005 3458; x_wconf 91' lang='lat' dir='ltr'>suh-</span> 
     </span>
     <span class='ocr_line' id='line_1_35' title="bbox 256 3485 1004 3566; baseline -0.004 -16"><span class='ocrx_word' id='word_1_169' title='bbox 256 3489 363 3561; x_wconf 89' lang='lat' dir='ltr'>iectos,</span> <span class='ocrx_word' id='word_1_170' title='bbox 383 3495 602 3566; x_wconf 91' lang='lat' dir='ltr'>compertaque</span> <span class='ocrx_word' id='word_1_171' title='bbox 622 3489 802 3552; x_wconf 84' lang='lat' dir='ltr'>necessitate</span> <span class='ocrx_word' id='word_1_172' title='bbox 823 3485 1004 3550; x_wconf 91' lang='lat' dir='ltr'>occurrendi</span> 
     </span>
     <span class='ocr_line' id='line_1_36' title="bbox 257 3581 1004 3659; baseline 0 -17"><span class='ocrx_word' id='word_1_173' title='bbox 257 3581 359 3644; x_wconf 89' lang='lat' dir='ltr'>stabili</span> <span class='ocrx_word' id='word_1_174' title='bbox 381 3581 526 3643; x_wconf 88' lang='lat' dir='ltr'>methodo</span> <span class='ocrx_word' id='word_1_175' title='bbox 548 3583 699 3659; x_wconf 91' lang='lat' dir='ltr'>spirituali</span> <span class='ocrx_word' id='word_1_176' title='bbox 718 3583 937 3646; x_wconf 81' lang='lat' dir='ltr'>Euthenorum</span> <span class='ocrx_word' id='word_1_177' title='bbox 956 3595 1004 3642; x_wconf 93' lang='grc'>66-</span> 
     </span>
     <span class='ocr_line' id='line_1_37' title="bbox 259 3673 1005 3754; baseline -0.001 -18"><span class='ocrx_word' id='word_1_178' title='bbox 259 3673 384 3750; x_wconf 79' lang='lat' dir='ltr'>gimini,</span> <span class='ocrx_word' id='word_1_179' title='bbox 396 3674 550 3754; x_wconf 89' lang='lat' dir='ltr'>apostolici</span> <span class='ocrx_word' id='word_1_180' title='bbox 567 3675 658 3737; x_wconf 88' lang='lat' dir='ltr'>officii</span> <span class='ocrx_word' id='word_1_181' title='bbox 673 3677 770 3738; x_wconf 90' lang='lat' dir='ltr'>nostri</span> <span class='ocrx_word' id='word_1_182' title='bbox 782 3692 848 3738; x_wconf 90' lang='lat' dir='ltr'>esse</span> <span class='ocrx_word' id='word_1_183' title='bbox 858 3675 1005 3737; x_wconf 90' lang='lat' dir='ltr'>duximus</span> 
     </span>
     <span class='ocr_line' id='line_1_38' title="bbox 259 3769 1005 3847; baseline -0.003 -17"><span class='ocrx_word' id='word_1_184' title='bbox 259 3775 331 3830; x_wconf 89' lang='lat' dir='ltr'>vota</span> <span class='ocrx_word' id='word_1_185' title='bbox 351 3783 521 3846; x_wconf 84' lang='lat' dir='ltr'>precesque</span> <span class='ocrx_word' id='word_1_186' title='bbox 541 3769 680 3832; x_wconf 90' lang='lat' dir='ltr'>eiusdem</span> <span class='ocrx_word' id='word_1_187' title='bbox 700 3769 853 3832; x_wconf 82' lang='lat' dir='ltr'>Francisci</span> <span class='ocrx_word' id='word_1_188' title='bbox 875 3769 1005 3847; x_wconf 90' lang='lat' dir='ltr'>impera·</span> 
     </span>
     <span class='ocr_line' id='line_1_39' title="bbox 261 3860 1006 3941; baseline 0 -19"><span class='ocrx_word' id='word_1_189' title='bbox 261 3862 395 3923; x_wconf 88' lang='grc'><strong>1661666</strong></span> <span class='ocrx_word' id='word_1_190' title='bbox 422 3862 504 3937; x_wconf 84' lang='lat' dir='ltr'>regis</span> <span class='ocrx_word' id='word_1_191' title='bbox 531 3862 667 3939; x_wconf 82' lang='lat' dir='ltr'>benigne</span> <span class='ocrx_word' id='word_1_192' title='bbox 693 3863 859 3941; x_wconf 91' lang='lat' dir='ltr'>suscipere,</span> <span class='ocrx_word' id='word_1_193' title='bbox 887 3869 917 3922; x_wconf 92' lang='grc'>61</span> <span class='ocrx_word' id='word_1_194' title='bbox 945 3860 1006 3922; x_wconf 89' lang='grc'><strong>11116</strong></span> 
     </span>
     <span class='ocr_line' id='line_1_40' title="bbox 261 3957 1008 4034; baseline -0.003 -18"><span class='ocrx_word' id='word_1_195' title='bbox 261 3961 417 4032; x_wconf 88' lang='lat' dir='ltr'>quantum</span> <span class='ocrx_word' id='word_1_196' title='bbox 438 3962 620 4032; x_wconf 89' lang='lat' dir='ltr'>opportune</span> <span class='ocrx_word' id='word_1_197' title='bbox 634 3957 664 4018; x_wconf 93' lang='lat' dir='ltr'>iu</span> <span class='ocrx_word' id='word_1_198' title='bbox 685 3957 817 4018; x_wconf 86' lang='lat' dir='ltr'>Domino</span> <span class='ocrx_word' id='word_1_199' title='bbox 844 3968 1008 4034; x_wconf 90' lang='lat' dir='ltr'>possumus</span> 
     </span>
     <span class='ocr_line' id='line_1_41' title="bbox 261 4047 673 4112; baseline -0.005 -4"><span class='ocrx_word' id='word_1_200' title='bbox 261 4047 435 4110; x_wconf 91' lang='lat' dir='ltr'>clementer</span> <span class='ocrx_word' id='word_1_201' title='bbox 455 4047 673 4112; x_wconf 82' lang='lat' dir='ltr'>obsecundare.</span> 
     </span>
    </p>

    <p class='ocr_par' dir='ltr' id='par_1_6' title="bbox 264 4139 1009 4414">
     <span class='ocr_line' id='line_1_42' title="bbox 303 4139 1008 4219; baseline -0.003 -17"><span class='ocrx_word' id='word_1_202' title='bbox 303 4139 372 4215; x_wconf 71' lang='lat'>56.</span> <span class='ocrx_word' id='word_1_203' title='bbox 401 4139 603 4219; x_wconf 84' lang='lat' dir='ltr'>Quapropter,</span> <span class='ocrx_word' id='word_1_204' title='bbox 635 4157 675 4205; x_wconf 92' lang='lat' dir='ltr'>ne</span> <span class='ocrx_word' id='word_1_205' title='bbox 697 4142 728 4204; x_wconf 95' lang='lat' dir='ltr'>in</span> <span class='ocrx_word' id='word_1_206' title='bbox 751 4141 892 4203; x_wconf 91' lang='lat' dir='ltr'>iniuncto</span> <span class='ocrx_word' id='word_1_207' title='bbox 919 4139 1008 4201; x_wconf 92' lang='lat' dir='ltr'>nobis</span> 
     </span>
     <span class='ocr_line' id='line_1_43' title="bbox 264 4233 1008 4311; baseline 0 -15"><span class='ocrx_word' id='word_1_208' title='bbox 264 4233 447 4311; x_wconf 91' lang='lat' dir='ltr'>apostolicae</span> <span class='ocrx_word' id='word_1_209' title='bbox 467 4236 627 4297; x_wconf 90' lang='lat' dir='ltr'>servitutis</span> <span class='ocrx_word' id='word_1_210' title='bbox 653 4235 753 4298; x_wconf 88' lang='lat' dir='ltr'>cilicio</span> <span class='ocrx_word' id='word_1_211' title='bbox 781 4237 886 4298; x_wconf 90' lang='lat' dir='ltr'>deesse</span> <span class='ocrx_word' id='word_1_212' title='bbox 905 4235 1008 4296; x_wconf 91' lang='lat' dir='ltr'>videa-</span> 
     </span>
     <span class='ocr_line' id='line_1_44' title="bbox 266 4327 1009 4414; baseline 0 -26"><span class='ocrx_word' id='word_1_213' title='bbox 266 4343 349 4401; x_wconf 91' lang='lat' dir='ltr'>mur,</span> <span class='ocrx_word' id='word_1_214' title='bbox 371 4327 542 4390; x_wconf 88' lang='lat' dir='ltr'>venerabili</span> <span class='ocrx_word' id='word_1_215' title='bbox 564 4328 651 4391; x_wconf 88' lang='lat' dir='ltr'>tratri</span> <span class='ocrx_word' id='word_1_216' title='bbox 674 4337 781 4391; x_wconf 92' lang='lat' dir='ltr'>nostro</span> <span class='ocrx_word' id='word_1_217' title='bbox 798 4329 933 4414; x_wconf 75' lang='lat' dir='ltr'>Antonio</span> <span class='ocrx_word' id='word_1_218' title='bbox 954 4327 1009 4389; x_wconf 87' lang='lat' dir='ltr'>Ga-</span> 
     </span>
    </p>
   </div>
   <div class='ocr_carea' id='block_1_5' title="bbox 234 4419 1009 4499">
    <p class='ocr_par' dir='ltr' id='par_1_7' title="bbox 234 4419 1009 4499">
     <span class='ocr_line' id='line_1_45' title="bbox 234 4419 1009 4499; baseline 0 -19"><span class='ocrx_word' id='word_1_219' title='bbox 234 4494 236 4498; x_wconf 34' lang='grc'><strong>,</strong></span> <span class='ocrx_word' id='word_1_220' title='bbox 265 4419 356 4480; x_wconf 90' lang='lat' dir='ltr'>brieli</span> <span class='ocrx_word' id='word_1_221' title='bbox 376 4420 613 4499; x_wconf 71' lang='lat' dir='ltr'>archiepiscopo</span> <span class='ocrx_word' id='word_1_222' title='bbox 635 4421 785 4496; x_wconf 86' lang='lat' dir='ltr'>Patrensi,</span> <span class='ocrx_word' id='word_1_223' title='bbox 801 4427 893 4498; x_wconf 91' lang='lat' dir='ltr'>atque</span> <span class='ocrx_word' id='word_1_224' title='bbox 914 4419 1009 4481; x_wconf 90' lang='lat' dir='ltr'>eccle·</span> 
     </span>
    </p>
   </div>
   <div class='ocr_carea' id='block_1_6' title="bbox 264 4512 1015 6002">
    <p class='ocr_par' dir='ltr' id='par_1_8' title="bbox 264 4512 1015 6002">
     <span class='ocr_line' id='line_1_46' title="bbox 264 4512 1010 4578; baseline 0.001 -5"><span class='ocrx_word' id='word_1_225' title='bbox 264 4513 382 4575; x_wconf 90' lang='lat' dir='ltr'>siarum</span> <span class='ocrx_word' id='word_1_226' title='bbox 397 4512 600 4576; x_wconf 75' lang='lat' dir='ltr'>viterbiensis</span> <span class='ocrx_word' id='word_1_227' title='bbox 615 4523 646 4578; x_wconf 93' lang='lat' dir='ltr'>et</span> <span class='ocrx_word' id='word_1_228' title='bbox 661 4514 863 4576; x_wconf 73' lang='lat' dir='ltr'>&#39;tuscanensis</span> <span class='ocrx_word' id='word_1_229' title='bbox 875 4514 1010 4576; x_wconf 89' lang='lat' dir='ltr'>invicem</span> 
     </span>
     <span class='ocr_line' id='line_1_47' title="bbox 265 4608 1011 4688; baseline 0.007 -22"><span class='ocrx_word' id='word_1_230' title='bbox 265 4615 417 4684; x_wconf 89' lang='lat' dir='ltr'>perpetuo</span> <span class='ocrx_word' id='word_1_231' title='bbox 438 4608 584 4670; x_wconf 87' lang='lat' dir='ltr'>canonice</span> <span class='ocrx_word' id='word_1_232' title='bbox 602 4609 762 4672; x_wconf 92' lang='lat' dir='ltr'>unitarum</span> <span class='ocrx_word' id='word_1_233' title='bbox 778 4609 937 4688; x_wconf 86' lang='lat' dir='ltr'>Episcopo,</span> <span class='ocrx_word' id='word_1_234' title='bbox 953 4627 1011 4673; x_wconf 90' lang='lat' dir='ltr'>nec</span> 
     </span>
     <span class='ocr_line' id='line_1_48' title="bbox 266 4701 1012 4780; baseline 0.007 -21"><span class='ocrx_word' id='word_1_235' title='bbox 266 4714 327 4760; x_wconf 92' lang='lat' dir='ltr'>non</span> <span class='ocrx_word' id='word_1_236' title='bbox 339 4707 447 4761; x_wconf 90' lang='lat' dir='ltr'>nostro</span> <span class='ocrx_word' id='word_1_237' title='bbox 459 4706 490 4762; x_wconf 89' lang='lat' dir='ltr'>et</span> <span class='ocrx_word' id='word_1_238' title='bbox 500 4701 783 4780; x_wconf 72' lang='lat' dir='ltr'>sedisapostolicae</span> <span class='ocrx_word' id='word_1_239' title='bbox 792 4703 913 4766; x_wconf 91' lang='lat' dir='ltr'>Nuncio</span> <span class='ocrx_word' id='word_1_240' title='bbox 922 4703 1012 4767; x_wconf 84' lang='lat' dir='ltr'>Vien-</span> 
     </span>
     <span class='ocr_line' id='line_1_49' title="bbox 265 4795 1012 4878; baseline 0.015 -25"><span class='ocrx_word' id='word_1_241' title='bbox 265 4807 321 4854; x_wconf 91' lang='lat' dir='ltr'>nae</span> <span class='ocrx_word' id='word_1_242' title='bbox 347 4795 489 4857; x_wconf 80' lang='lat' dir='ltr'>nustriae</span> <span class='ocrx_word' id='word_1_243' title='bbox 513 4799 737 4874; x_wconf 89' lang='lat' dir='ltr'>commoranti,</span> <span class='ocrx_word' id='word_1_244' title='bbox 759 4814 815 4878; x_wconf 91' lang='lat' dir='ltr'>per</span> <span class='ocrx_word' id='word_1_245' title='bbox 835 4809 1012 4878; x_wconf 89' lang='lat' dir='ltr'>praesentes</span> 
     </span>
     <span class='ocr_line' id='line_1_50' title="bbox 265 4887 1012 4973; baseline 0.009 -26"><span class='ocrx_word' id='word_1_246' title='bbox 265 4887 490 4951; x_wconf 89' lang='lat' dir='ltr'>committimus</span> <span class='ocrx_word' id='word_1_247' title='bbox 501 4897 533 4951; x_wconf 89' lang='lat' dir='ltr'>et</span> <span class='ocrx_word' id='word_1_248' title='bbox 543 4891 779 4966; x_wconf 90' lang='lat' dir='ltr'>mandamus,ut</span> <span class='ocrx_word' id='word_1_249' title='bbox 790 4893 855 4955; x_wconf 91' lang='lat' dir='ltr'>sive</span> <span class='ocrx_word' id='word_1_250' title='bbox 867 4909 922 4973; x_wconf 91' lang='lat' dir='ltr'>per</span> <span class='ocrx_word' id='word_1_251' title='bbox 932 4911 965 4956; x_wconf 93' lang='lat' dir='ltr'>se</span> <span class='ocrx_word' id='word_1_252' title='bbox 973 4894 1012 4955; x_wconf 92' lang='grc'>61-</span> 
     </span>
     <span class='ocr_line' id='line_1_51' title="bbox 265 4981 1012 5061; baseline 0.011 -21"><span class='ocrx_word' id='word_1_253' title='bbox 265 4995 304 5041; x_wconf 85' lang='lat' dir='ltr'>re</span> <span class='ocrx_word' id='word_1_254' title='bbox 319 4995 375 5058; x_wconf 93' lang='lat' dir='ltr'>per</span> <span class='ocrx_word' id='word_1_255' title='bbox 389 4981 479 5046; x_wconf 91' lang='lat' dir='ltr'>aliam</span> <span class='ocrx_word' id='word_1_256' title='bbox 492 4997 655 5061; x_wconf 88' lang='lat' dir='ltr'>personam</span> <span class='ocrx_word' id='word_1_257' title='bbox 677 4985 911 5047; x_wconf 90' lang='lat' dir='ltr'>ecclesiasticam</span> <span class='ocrx_word' id='word_1_258' title='bbox 926 4988 962 5048; x_wconf 90' lang='lat' dir='ltr'>ab</span> <span class='ocrx_word' id='word_1_259' title='bbox 976 5003 1012 5048; x_wconf 92' lang='lat' dir='ltr'>eo</span> 
     </span>
     <span class='ocr_line' id='line_1_52' title="bbox 266 5071 1013 5154; baseline 0.012 -22"><span class='ocrx_word' id='word_1_260' title='bbox 266 5071 302 5133; x_wconf 92' lang='lat' dir='ltr'>ad</span> <span class='ocrx_word' id='word_1_261' title='bbox 317 5075 374 5134; x_wconf 92' lang='lat' dir='ltr'>hoc</span> <span class='ocrx_word' id='word_1_262' title='bbox 385 5075 556 5154; x_wconf 89' lang='lat' dir='ltr'>specialiter</span> <span class='ocrx_word' id='word_1_263' title='bbox 571 5077 840 5154; x_wconf 84' lang='lat' dir='ltr'>subdelegandam,</span> <span class='ocrx_word' id='word_1_264' title='bbox 851 5079 1013 5141; x_wconf 91' lang='lat' dir='ltr'>certiorato</span> 
     </span>
     <span class='ocr_line' id='line_1_53' title="bbox 266 5167 1013 5242; baseline 0.008 -15"><span class='ocrx_word' id='word_1_265' title='bbox 266 5167 353 5242; x_wconf 89' lang='lat' dir='ltr'>prius</span> <span class='ocrx_word' id='word_1_266' title='bbox 364 5169 535 5232; x_wconf 90' lang='lat' dir='ltr'>venerabili</span> <span class='ocrx_word' id='word_1_267' title='bbox 556 5169 651 5232; x_wconf 89' lang='lat' dir='ltr'>etiarn</span> <span class='ocrx_word' id='word_1_268' title='bbox 665 5169 759 5233; x_wconf 87' lang='lat' dir='ltr'>tratre</span> <span class='ocrx_word' id='word_1_269' title='bbox 773 5181 879 5234; x_wconf 90' lang='lat' dir='ltr'>nostro</span> <span class='ocrx_word' id='word_1_270' title='bbox 894 5172 1013 5234; x_wconf 90' lang='lat' dir='ltr'>Eraclio</span> 
     </span>
     <span class='ocr_line' id='line_1_54' title="bbox 267 5259 1012 5344; baseline 0.008 -24"><span class='ocrx_word' id='word_1_271' title='bbox 267 5259 430 5322; x_wconf 86' lang='lat' dir='ltr'>Lissonsks</span> <span class='ocrx_word' id='word_1_272' title='bbox 440 5261 592 5325; x_wconf 85' lang='lat' dir='ltr'>Ecclesiae</span> <span class='ocrx_word' id='word_1_273' title='bbox 601 5263 755 5326; x_wconf 88' lang='lat' dir='ltr'>Plocensis</span> <span class='ocrx_word' id='word_1_274' title='bbox 766 5263 1012 5344; x_wconf 82' lang='lat' dir='ltr'>hrchiepiscopo,</span> 
     </span>
     <span class='ocr_line' id='line_1_55' title="bbox 267 5355 1014 5432; baseline 0.008 -20"><span class='ocrx_word' id='word_1_275' title='bbox 267 5360 360 5432; x_wconf 90' lang='lat' dir='ltr'>atque</span> <span class='ocrx_word' id='word_1_276' title='bbox 382 5355 416 5415; x_wconf 92' lang='lat' dir='ltr'>in</span> <span class='ocrx_word' id='word_1_277' title='bbox 435 5357 693 5432; x_wconf 89' lang='lat' dir='ltr'>praesentiarum,</span> <span class='ocrx_word' id='word_1_278' title='bbox 717 5363 834 5418; x_wconf 89' lang='lat' dir='ltr'>attenta</span> <span class='ocrx_word' id='word_1_279' title='bbox 855 5358 1014 5420; x_wconf 90' lang='lat' dir='ltr'>vacatione</span> 
     </span>
     <span class='ocr_line' id='line_1_56' title="bbox 267 5447 1014 5527; baseline 0.005 -19"><span class='ocrx_word' id='word_1_280' title='bbox 267 5447 524 5527; x_wconf 90' lang='lat' dir='ltr'>metropolitanae</span> <span class='ocrx_word' id='word_1_281' title='bbox 535 5449 708 5512; x_wconf 84' lang='lat' dir='ltr'>llioviensis</span> <span class='ocrx_word' id='word_1_282' title='bbox 723 5448 860 5512; x_wconf 89' lang='lat' dir='ltr'>eiusdem</span> <span class='ocrx_word' id='word_1_283' title='bbox 872 5450 1014 5512; x_wconf 89' lang='lat' dir='ltr'>ecclesiae</span> 
     </span>
     <span class='ocr_line' id='line_1_57' title="bbox 267 5540 1014 5622; baseline 0.007 -22"><span class='ocrx_word' id='word_1_284' title='bbox 267 5547 298 5601; x_wconf 91' lang='grc'>61</span> <span class='ocrx_word' id='word_1_285' title='bbox 319 5540 466 5603; x_wconf 82' lang='grc'><strong>6116666616</strong></span> <span class='ocrx_word' id='word_1_286' title='bbox 479 5541 739 5619; x_wconf 91' lang='lat' dir='ltr'>administratore,</span> <span class='ocrx_word' id='word_1_287' title='bbox 755 5543 884 5606; x_wconf 91' lang='lat' dir='ltr'>titulum</span> <span class='ocrx_word' id='word_1_288' title='bbox 905 5559 1014 5622; x_wconf 90' lang='lat' dir='ltr'>peran-</span> 
     </span>
     <span class='ocr_line' id='line_1_58' title="bbox 270 5635 1014 5715; baseline -0.003 -17"><span class='ocrx_word' id='word_1_289' title='bbox 270 5637 372 5715; x_wconf 91' lang='lat' dir='ltr'>tiquae</span> <span class='ocrx_word' id='word_1_290' title='bbox 394 5637 539 5700; x_wconf 83' lang='lat' dir='ltr'>ecclesiae</span> <span class='ocrx_word' id='word_1_291' title='bbox 553 5637 732 5700; x_wconf 80' lang='lat' dir='ltr'>haliciensis</span> <span class='ocrx_word' id='word_1_292' title='bbox 747 5653 762 5697; x_wconf 94' lang='lat' dir='ltr'>a</span> <span class='ocrx_word' id='word_1_293' title='bbox 777 5635 1014 5715; x_wconf 88' lang='lat' dir='ltr'>metropolitana</span> 
     </span>
     <span class='ocr_line' id='line_1_59' title="bbox 268 5727 1014 5808; baseline -0.008 -12"><span class='ocrx_word' id='word_1_294' title='bbox 268 5732 395 5796; x_wconf 90' lang='lat' dir='ltr'>ecclesia</span> <span class='ocrx_word' id='word_1_295' title='bbox 417 5731 591 5806; x_wconf 90' lang='lat' dir='ltr'>Kioviensi,</span> <span class='ocrx_word' id='word_1_296' title='bbox 606 5730 657 5792; x_wconf 92' lang='lat' dir='ltr'>cui</span> <span class='ocrx_word' id='word_1_297' title='bbox 677 5730 798 5808; x_wconf 90' lang='lat' dir='ltr'>pridem</span> <span class='ocrx_word' id='word_1_298' title='bbox 819 5728 927 5790; x_wconf 91' lang='lat' dir='ltr'>unitus</span> <span class='ocrx_word' id='word_1_299' title='bbox 947 5727 1014 5790; x_wconf 90' lang='lat' dir='ltr'>lne-</span> 
     </span>
     <span class='ocr_line' id='line_1_60' title="bbox 269 5820 1015 5908; baseline -0.013 -17"><span class='ocrx_word' id='word_1_300' title='bbox 269 5836 327 5904; x_wconf 87' lang='lat' dir='ltr'>rat,</span> <span class='ocrx_word' id='word_1_301' title='bbox 349 5827 514 5908; x_wconf 91' lang='lat' dir='ltr'>apostolica</span> <span class='ocrx_word' id='word_1_302' title='bbox 529 5832 633 5887; x_wconf 91' lang='lat' dir='ltr'>nostra</span> <span class='ocrx_word' id='word_1_303' title='bbox 654 5823 711 5884; x_wconf 93' lang='lat' dir='ltr'>sibi</span> <span class='ocrx_word' id='word_1_304' title='bbox 733 5821 870 5898; x_wconf 83' lang='lat' dir='ltr'>delegata</span> <span class='ocrx_word' id='word_1_305' title='bbox 885 5820 1015 5882; x_wconf 90' lang='lat' dir='ltr'>auctori·</span> 
     </span>
     <span class='ocr_line' id='line_1_61' title="bbox 269 5915 1014 6002; baseline -0.015 -16"><span class='ocrx_word' id='word_1_306' title='bbox 269 5931 342 6002; x_wconf 88' lang='lat' dir='ltr'>tate,</span> <span class='ocrx_word' id='word_1_307' title='bbox 353 5921 485 5985; x_wconf 87' lang='lat' dir='ltr'>servatis</span> <span class='ocrx_word' id='word_1_308' title='bbox 494 5917 664 5993; x_wconf 89' lang='lat' dir='ltr'>servandis,</span> <span class='ocrx_word' id='word_1_309' title='bbox 676 5915 832 5994; x_wconf 85' lang='lat' dir='ltr'>disiungat</span> <span class='ocrx_word' id='word_1_310' title='bbox 842 5930 875 5976; x_wconf 94' lang='lat' dir='ltr'>ac</span> <span class='ocrx_word' id='word_1_311' title='bbox 883 5922 1014 5995; x_wconf 90' lang='lat' dir='ltr'>separet,</span> 
     </span>
    </p>
   </div>
   <div class='ocr_carea' id='block_1_7' title="bbox 1714 547 1775 624">
    <p class='ocr_par' dir='ltr' id='par_1_9' title="bbox 1714 547 1775 624">
     <span class='ocr_line' id='line_1_62' title="bbox 1714 547 1775 624; baseline -0.049 0"><span class='ocrx_word' id='word_1_312' title='bbox 1714 547 1775 624; x_wconf 84' lang='lat' dir='ltr'>ast</span> 
     </span>
    </p>
   </div>
   <div class='ocr_carea' id='block_1_8' title="bbox 1048 697 1799 2080">
    <p class='ocr_par' dir='ltr' id='par_1_10' title="bbox 1048 697 1798 1878">
     <span class='ocr_line' id='line_1_63' title="bbox 1049 697 1794 776; baseline 0.003 -18"><span class='ocrx_word' id='word_1_313' title='bbox 1049 713 1105 758; x_wconf 91' lang='lat' dir='ltr'>nec</span> <span class='ocrx_word' id='word_1_314' title='bbox 1135 713 1199 759; x_wconf 90' lang='lat' dir='ltr'>non</span> <span class='ocrx_word' id='word_1_315' title='bbox 1228 705 1412 760; x_wconf 86' lang='lat' dir='ltr'>memoratas</span> <span class='ocrx_word' id='word_1_316' title='bbox 1443 698 1584 760; x_wconf 89' lang='lat' dir='ltr'>ecclesias</span> <span class='ocrx_word' id='word_1_317' title='bbox 1609 697 1794 776; x_wconf 89' lang='lat' dir='ltr'>episcopales</span> 
     </span>
     <span class='ocr_line' id='line_1_64' title="bbox 1049 790 1794 870; baseline 0.001 -19"><span class='ocrx_word' id='word_1_318' title='bbox 1049 790 1186 853; x_wconf 85' lang='lat' dir='ltr'>Rutheni</span> <span class='ocrx_word' id='word_1_319' title='bbox 1210 790 1290 853; x_wconf 92' lang='lat' dir='ltr'>ritus</span> <span class='ocrx_word' id='word_1_320' title='bbox 1315 790 1565 870; x_wconf 88' lang='lat' dir='ltr'>Leopoliensem,</span> <span class='ocrx_word' id='word_1_321' title='bbox 1596 790 1794 852; x_wconf 87' lang='lat' dir='ltr'>Keimensem</span> 
     </span>
     <span class='ocr_line' id='line_1_65' title="bbox 1048 884 1795 960; baseline -0.001 -15"><span class='ocrx_word' id='word_1_322' title='bbox 1048 891 1080 945; x_wconf 92' lang='grc'>61</span> <span class='ocrx_word' id='word_1_323' title='bbox 1103 884 1350 947; x_wconf 88' lang='lat' dir='ltr'>Premisliensem</span> <span class='ocrx_word' id='word_1_324' title='bbox 1373 894 1461 945; x_wconf 88' lang='lat' dir='ltr'>antea</span> <span class='ocrx_word' id='word_1_325' title='bbox 1479 884 1617 946; x_wconf 89' lang='lat' dir='ltr'>eiusdem</span> <span class='ocrx_word' id='word_1_326' title='bbox 1640 891 1795 960; x_wconf 91' lang='lat' dir='ltr'>metropo-</span> 
     </span>
     <span class='ocr_line' id='line_1_66' title="bbox 1050 975 1795 1052; baseline -0.005 -13"><span class='ocrx_word' id='word_1_327' title='bbox 1050 978 1162 1040; x_wconf 91' lang='lat' dir='ltr'>litanae</span> <span class='ocrx_word' id='word_1_328' title='bbox 1184 976 1328 1038; x_wconf 89' lang='lat' dir='ltr'>ecclesiae</span> <span class='ocrx_word' id='word_1_329' title='bbox 1349 976 1523 1038; x_wconf 87' lang='lat' dir='ltr'>Kioviensis</span> <span class='ocrx_word' id='word_1_330' title='bbox 1544 975 1751 1052; x_wconf 78' lang='lat' dir='ltr'>suffraganeas</span> <span class='ocrx_word' id='word_1_331' title='bbox 1779 991 1795 1035; x_wconf 95' lang='lat' dir='ltr'>a</span> 
     </span>
     <span class='ocr_line' id='line_1_67' title="bbox 1050 1057 1794 1149; baseline -0.005 -17"><span class='ocrx_word' id='word_1_332' title='bbox 1050 1057 1244 1149; x_wconf 85' lang='lat' dir='ltr'>quacumque</span> <span class='ocrx_word' id='word_1_333' title='bbox 1271 1069 1487 1148; x_wconf 87' lang='lat' dir='ltr'>superioritate</span> <span class='ocrx_word' id='word_1_334' title='bbox 1512 1077 1544 1132; x_wconf 92' lang='lat' dir='ltr'>et</span> <span class='ocrx_word' id='word_1_335' title='bbox 1572 1069 1794 1147; x_wconf 89' lang='lat' dir='ltr'>metropolitica</span> 
     </span>
     <span class='ocr_line' id='line_1_68' title="bbox 1051 1161 1795 1239; baseline -0.004 -15"><span class='ocrx_word' id='word_1_336' title='bbox 1051 1163 1263 1226; x_wconf 88' lang='lat' dir='ltr'>iurisdictione</span> <span class='ocrx_word' id='word_1_337' title='bbox 1280 1161 1424 1225; x_wconf 83' lang='lat' dir='ltr'>ecclesiae</span> <span class='ocrx_word' id='word_1_338' title='bbox 1438 1171 1467 1224; x_wconf 93' lang='lat' dir='ltr'>et</span> <span class='ocrx_word' id='word_1_339' title='bbox 1483 1162 1710 1239; x_wconf 81' lang='lat' dir='ltr'>Archiepiscopi</span> <span class='ocrx_word' id='word_1_340' title='bbox 1725 1163 1795 1224; x_wconf 81' lang='lat' dir='ltr'>Kio</span> 
     </span>
     <span class='ocr_line' id='line_1_69' title="bbox 1051 1254 1794 1332; baseline -0.003 -14"><span class='ocrx_word' id='word_1_341' title='bbox 1051 1257 1166 1318; x_wconf 83' lang='lat' dir='ltr'>riensis</span> <span class='ocrx_word' id='word_1_342' title='bbox 1187 1263 1272 1317; x_wconf 88' lang='lat' dir='ltr'>extra</span> <span class='ocrx_word' id='word_1_343' title='bbox 1287 1255 1434 1332; x_wconf 90' lang='lat' dir='ltr'>praedicti</span> <span class='ocrx_word' id='word_1_344' title='bbox 1456 1254 1608 1318; x_wconf 85' lang='lat' dir='ltr'>Francisci</span> <span class='ocrx_word' id='word_1_345' title='bbox 1630 1255 1794 1332; x_wconf 91' lang='lat' dir='ltr'>imperato·</span> 
     </span>
     <span class='ocr_line' id='line_1_70' title="bbox 1052 1348 1797 1427; baseline 0.003 -17"><span class='ocrx_word' id='word_1_346' title='bbox 1052 1349 1093 1412; x_wconf 91' lang='lat' dir='ltr'>ris</span> <span class='ocrx_word' id='word_1_347' title='bbox 1114 1367 1148 1411; x_wconf 92' lang='lat' dir='ltr'>ac</span> <span class='ocrx_word' id='word_1_348' title='bbox 1168 1349 1251 1425; x_wconf 84' lang='lat' dir='ltr'>regis</span> <span class='ocrx_word' id='word_1_349' title='bbox 1271 1348 1425 1411; x_wconf 89' lang='lat' dir='ltr'>ditionem</span> <span class='ocrx_word' id='word_1_350' title='bbox 1448 1348 1480 1410; x_wconf 94' lang='lat' dir='ltr'>in</span> <span class='ocrx_word' id='word_1_351' title='bbox 1501 1350 1744 1427; x_wconf 87' lang='lat' dir='ltr'>praesentiarum</span> <span class='ocrx_word' id='word_1_352' title='bbox 1767 1365 1797 1412; x_wconf 92' lang='grc'>6-</span> 
     </span>
     <span class='ocr_line' id='line_1_71' title="bbox 1053 1439 1797 1521; baseline 0.001 -17"><span class='ocrx_word' id='word_1_353' title='bbox 1053 1441 1539 1518; x_wconf 69' lang='grc'><strong>1616166116,66166661,61161166161</strong></span> <span class='ocrx_word' id='word_1_354' title='bbox 1551 1439 1797 1521; x_wconf 90' lang='lat' dir='ltr'>absolvat,atque</span> 
     </span>
     <span class='ocr_line' id='line_1_72' title="bbox 1052 1534 1797 1613; baseline 0 -17"><span class='ocrx_word' id='word_1_355' title='bbox 1052 1536 1084 1596; x_wconf 93' lang='lat' dir='ltr'>iu</span> <span class='ocrx_word' id='word_1_356' title='bbox 1106 1543 1265 1612; x_wconf 89' lang='lat' dir='ltr'>posterum</span> <span class='ocrx_word' id='word_1_357' title='bbox 1285 1543 1437 1612; x_wconf 90' lang='lat' dir='ltr'>separatas</span> <span class='ocrx_word' id='word_1_358' title='bbox 1453 1543 1484 1596; x_wconf 90' lang='lat' dir='ltr'>et</span> <span class='ocrx_word' id='word_1_359' title='bbox 1499 1534 1629 1596; x_wconf 90' lang='lat' dir='ltr'>minime</span> <span class='ocrx_word' id='word_1_360' title='bbox 1649 1535 1797 1613; x_wconf 91' lang='lat' dir='ltr'>archiepi-</span> 
     </span>
     <span class='ocr_line' id='line_1_73' title="bbox 1051 1628 1797 1707; baseline -0.003 -17"><span class='ocrx_word' id='word_1_361' title='bbox 1051 1629 1200 1707; x_wconf 89' lang='lat' dir='ltr'>scopatui,</span> <span class='ocrx_word' id='word_1_362' title='bbox 1224 1645 1257 1688; x_wconf 91' lang='lat' dir='ltr'>ac</span> <span class='ocrx_word' id='word_1_363' title='bbox 1282 1643 1336 1704; x_wconf 90' lang='lat' dir='ltr'>pro</span> <span class='ocrx_word' id='word_1_364' title='bbox 1364 1634 1504 1704; x_wconf 90' lang='lat' dir='ltr'>tempore</span> <span class='ocrx_word' id='word_1_365' title='bbox 1530 1628 1677 1690; x_wconf 83' lang='lat' dir='ltr'>existenti</span> <span class='ocrx_word' id='word_1_366' title='bbox 1703 1629 1797 1706; x_wconf 92' lang='lat' dir='ltr'>ipsius</span> 
     </span>
     <span class='ocr_line' id='line_1_74' title="bbox 1052 1719 1798 1794; baseline -0.001 -10"><span class='ocrx_word' id='word_1_367' title='bbox 1052 1721 1196 1784; x_wconf 87' lang='lat' dir='ltr'>ecclesiae</span> <span class='ocrx_word' id='word_1_368' title='bbox 1218 1719 1391 1782; x_wconf 88' lang='lat' dir='ltr'>Kioviensis</span> <span class='ocrx_word' id='word_1_369' title='bbox 1402 1720 1553 1794; x_wconf 83' lang='lat' dir='ltr'>hntistiti,</span> <span class='ocrx_word' id='word_1_370' title='bbox 1569 1719 1717 1783; x_wconf 90' lang='lat' dir='ltr'>subiectas</span> <span class='ocrx_word' id='word_1_371' title='bbox 1732 1737 1798 1783; x_wconf 90' lang='lat' dir='ltr'>esse</span> 
     </span>
     <span class='ocr_line' id='line_1_75' title="bbox 1053 1816 1196 1878; baseline -0.042 0"><span class='ocrx_word' id='word_1_372' title='bbox 1053 1816 1196 1878; x_wconf 89' lang='lat' dir='ltr'>declaret.</span> 
     </span>
    </p>

    <p class='ocr_par' dir='ltr' id='par_1_11' title="bbox 1054 1908 1799 2080">
     <span class='ocr_line' id='line_1_76' title="bbox 1092 1908 1798 1989; baseline 0 -17"><span class='ocrx_word' id='word_1_373' title='bbox 1092 1911 1161 1985; x_wconf 72' lang='lat'>57.</span> <span class='ocrx_word' id='word_1_374' title='bbox 1185 1909 1411 1989; x_wconf 87' lang='lat' dir='ltr'>Episcopaiibns</span> <span class='ocrx_word' id='word_1_375' title='bbox 1438 1917 1541 1970; x_wconf 91' lang='lat' dir='ltr'>autem</span> <span class='ocrx_word' id='word_1_376' title='bbox 1571 1908 1714 1972; x_wconf 88' lang='lat' dir='ltr'>Ecclesiis</span> <span class='ocrx_word' id='word_1_377' title='bbox 1736 1909 1798 1972; x_wconf 85' lang='grc'><strong>116-</strong></span> 
     </span>
     <span class='ocr_line' id='line_1_77' title="bbox 1054 2001 1799 2080; baseline 0 -16"><span class='ocrx_word' id='word_1_378' title='bbox 1054 2004 1141 2064; x_wconf 94' lang='lat' dir='ltr'>theni</span> <span class='ocrx_word' id='word_1_379' title='bbox 1169 2003 1248 2066; x_wconf 90' lang='lat' dir='ltr'>ritus</span> <span class='ocrx_word' id='word_1_380' title='bbox 1281 2002 1425 2080; x_wconf 91' lang='lat' dir='ltr'>superius</span> <span class='ocrx_word' id='word_1_381' title='bbox 1456 2001 1623 2078; x_wconf 82' lang='lat' dir='ltr'>expressis,</span> <span class='ocrx_word' id='word_1_382' title='bbox 1654 2002 1799 2066; x_wconf 91' lang='lat' dir='ltr'>videlicet</span> 
     </span>
    </p>
   </div>
   <div class='ocr_carea' id='block_1_9' title="bbox 1825 547 2013 612">
    <p class='ocr_par' dir='ltr' id='par_1_12' title="bbox 1825 547 2013 612">
     <span class='ocr_line' id='line_1_78' title="bbox 1825 547 2013 612; baseline 0.005 -3"><span class='ocrx_word' id='word_1_383' title='bbox 1825 557 1878 610; x_wconf 81' lang='lat' dir='ltr'>tn.</span> <span class='ocrx_word' id='word_1_384' title='bbox 1892 558 1922 610; x_wconf 81' lang='lat' dir='ltr'>O.</span> <span class='ocrx_word' id='word_1_385' title='bbox 1944 547 2013 612; x_wconf 77' lang='lat' dir='ltr'>teht</span> 
     </span>
    </p>
   </div>
   <div class='ocr_carea' id='block_1_10' title="bbox 1818 1925 2030 2034">
    <p class='ocr_par' dir='ltr' id='par_1_13' title="bbox 1818 1925 2030 2034">
     <span class='ocr_line' id='line_1_79' title="bbox 1863 1925 2030 1982; baseline -0.006 -12"><span class='ocrx_word' id='word_1_386' title='bbox 1863 1925 2030 1982; x_wconf 80' lang='lat' dir='ltr'>Prosequitur</span> 
     </span>
     <span class='ocr_line' id='line_1_80' title="bbox 1818 1983 1948 2034; baseline 0 -10"><span class='ocrx_word' id='word_1_387' title='bbox 1818 1983 1847 2024; x_wconf 89' lang='lat' dir='ltr'>ut</span> <span class='ocrx_word' id='word_1_388' title='bbox 1863 1989 1948 2034; x_wconf 72' lang='lat' dir='ltr'>supra„</span> 
     </span>
    </p>
   </div>
   <div class='ocr_carea' id='block_1_11' title="bbox 1054 2095 1870 2173">
    <p class='ocr_par' dir='ltr' id='par_1_14' title="bbox 1054 2095 1870 2173">
     <span class='ocr_line' id='line_1_81' title="bbox 1054 2095 1870 2173; baseline 0.001 -16"><span class='ocrx_word' id='word_1_389' title='bbox 1054 2095 1258 2173; x_wconf 86' lang='lat' dir='ltr'>Leopoliensi,</span> <span class='ocrx_word' id='word_1_390' title='bbox 1281 2096 1440 2158; x_wconf 87' lang='lat' dir='ltr'>Keimensi</span> <span class='ocrx_word' id='word_1_391' title='bbox 1461 2103 1493 2157; x_wconf 92' lang='lat' dir='ltr'>et</span> <span class='ocrx_word' id='word_1_392' title='bbox 1514 2095 1734 2171; x_wconf 88' lang='lat' dir='ltr'>Premisliensi,</span> <span class='ocrx_word' id='word_1_393' title='bbox 1757 2097 1800 2158; x_wconf 94' lang='grc'>616</span> <span class='ocrx_word' id='word_1_394' title='bbox 1867 2141 1870 2144; x_wconf 91' lang='grc'>-</span> 
     </span>
    </p>
   </div>
   <div class='ocr_carea' id='block_1_12' title="bbox 1054 2187 1816 5974">
    <p class='ocr_par' dir='ltr' id='par_1_15' title="bbox 1054 2187 1816 5974">
     <span class='ocr_line' id='line_1_82' title="bbox 1054 2187 1801 2268; baseline -0.001 -18"><span class='ocrx_word' id='word_1_395' title='bbox 1054 2206 1070 2250; x_wconf 93' lang='lat' dir='ltr'>a</span> <span class='ocrx_word' id='word_1_396' title='bbox 1091 2191 1314 2267; x_wconf 90' lang='lat' dir='ltr'>metropolitica</span> <span class='ocrx_word' id='word_1_397' title='bbox 1336 2191 1513 2250; x_wconf 88' lang='lat' dir='ltr'>nominatae</span> <span class='ocrx_word' id='word_1_398' title='bbox 1538 2187 1801 2268; x_wconf 90' lang='lat' dir='ltr'>archiepiscopalis</span> 
     </span>
     <span class='ocr_line' id='line_1_83' title="bbox 1054 2281 1801 2346; baseline -0.005 0"><span class='ocrx_word' id='word_1_399' title='bbox 1054 2283 1199 2346; x_wconf 90' lang='lat' dir='ltr'>ecciesiae</span> <span class='ocrx_word' id='word_1_400' title='bbox 1210 2281 1337 2345; x_wconf 91' lang='lat' dir='ltr'>titulum</span> <span class='ocrx_word' id='word_1_401' title='bbox 1353 2282 1479 2343; x_wconf 89' lang='grc'><strong>61166166</strong></span> <span class='ocrx_word' id='word_1_402' title='bbox 1493 2282 1638 2344; x_wconf 89' lang='grc'><strong>666166166</strong></span> <span class='ocrx_word' id='word_1_403' title='bbox 1649 2282 1801 2344; x_wconf 84' lang='grc'><strong>116116166-</strong></span> 
     </span>
     <span class='ocr_line' id='line_1_84' title="bbox 1054 2374 1802 2454; baseline -0.001 -16"><span class='ocrx_word' id='word_1_404' title='bbox 1054 2377 1093 2438; x_wconf 86' lang='grc'>616</span> <span class='ocrx_word' id='word_1_405' title='bbox 1115 2375 1208 2437; x_wconf 85' lang='lat' dir='ltr'>simili</span> <span class='ocrx_word' id='word_1_406' title='bbox 1230 2375 1375 2437; x_wconf 78' lang='lat' dir='ltr'>facultate</span> <span class='ocrx_word' id='word_1_407' title='bbox 1398 2377 1495 2448; x_wconf 92' lang='lat' dir='ltr'>uniat,</span> <span class='ocrx_word' id='word_1_408' title='bbox 1518 2392 1552 2437; x_wconf 91' lang='grc'>66</span> <span class='ocrx_word' id='word_1_409' title='bbox 1575 2375 1731 2454; x_wconf 91' lang='lat' dir='ltr'>perpetuis</span> <span class='ocrx_word' id='word_1_410' title='bbox 1752 2374 1802 2437; x_wconf 89' lang='lat' dir='ltr'>ln·</span> 
     </span>
     <span class='ocr_line' id='line_1_85' title="bbox 1057 2465 1801 2545; baseline -0.001 -15"><span class='ocrx_word' id='word_1_411' title='bbox 1057 2469 1134 2530; x_wconf 94' lang='lat' dir='ltr'>turis</span> <span class='ocrx_word' id='word_1_412' title='bbox 1158 2467 1352 2545; x_wconf 90' lang='lat' dir='ltr'>temporibus</span> <span class='ocrx_word' id='word_1_413' title='bbox 1375 2467 1501 2529; x_wconf 89' lang='lat' dir='ltr'>unitum</span> <span class='ocrx_word' id='word_1_414' title='bbox 1525 2483 1590 2529; x_wconf 88' lang='lat' dir='ltr'>esse</span> <span class='ocrx_word' id='word_1_415' title='bbox 1614 2483 1648 2530; x_wconf 89' lang='lat' dir='ltr'>ac</span> <span class='ocrx_word' id='word_1_416' title='bbox 1669 2465 1738 2529; x_wconf 88' lang='grc'><strong>1666</strong></span> <span class='ocrx_word' id='word_1_417' title='bbox 1749 2468 1801 2530; x_wconf 91' lang='lat' dir='ltr'>de·</span> 
     </span>
     <span class='ocr_line' id='line_1_86' title="bbox 1056 2560 1799 2635; baseline -0.003 -12"><span class='ocrx_word' id='word_1_418' title='bbox 1056 2562 1149 2624; x_wconf 91' lang='lat' dir='ltr'>claret</span> <span class='ocrx_word' id='word_1_419' title='bbox 1175 2579 1208 2623; x_wconf 92' lang='lat' dir='ltr'>ac</span> <span class='ocrx_word' id='word_1_420' title='bbox 1229 2568 1336 2623; x_wconf 92' lang='lat' dir='ltr'>nostro</span> <span class='ocrx_word' id='word_1_421' title='bbox 1358 2561 1487 2621; x_wconf 90' lang='lat' dir='ltr'>nomine</span> <span class='ocrx_word' id='word_1_422' title='bbox 1511 2561 1667 2635; x_wconf 88' lang='lat' dir='ltr'>decernat,</span> <span class='ocrx_word' id='word_1_423' title='bbox 1690 2560 1731 2622; x_wconf 91' lang='grc'>116</span> <span class='ocrx_word' id='word_1_424' title='bbox 1753 2568 1799 2634; x_wconf 90' lang='grc'>61,</span> 
     </span>
     <span class='ocr_line' id='line_1_87' title="bbox 1056 2655 1802 2736; baseline -0.003 -18"><span class='ocrx_word' id='word_1_425' title='bbox 1056 2657 1245 2734; x_wconf 92' lang='lat' dir='ltr'>quicumque</span> <span class='ocrx_word' id='word_1_426' title='bbox 1265 2655 1296 2716; x_wconf 91' lang='lat' dir='ltr'>in</span> <span class='ocrx_word' id='word_1_427' title='bbox 1320 2661 1478 2732; x_wconf 93' lang='lat' dir='ltr'>posterum</span> <span class='ocrx_word' id='word_1_428' title='bbox 1497 2655 1671 2716; x_wconf 80' lang='lat' dir='ltr'>cathedram</span> <span class='ocrx_word' id='word_1_429' title='bbox 1686 2655 1802 2736; x_wconf 85' lang='lat' dir='ltr'>Leopo-</span> 
     </span>
     <span class='ocr_line' id='line_1_88' title="bbox 1057 2747 1802 2824; baseline 0.001 -14"><span class='ocrx_word' id='word_1_430' title='bbox 1057 2749 1190 2810; x_wconf 90' lang='lat' dir='ltr'>liensem</span> <span class='ocrx_word' id='word_1_431' title='bbox 1221 2747 1367 2809; x_wconf 89' lang='lat' dir='ltr'>canonice</span> <span class='ocrx_word' id='word_1_432' title='bbox 1395 2747 1602 2824; x_wconf 86' lang='lat' dir='ltr'>occupaverit,</span> <span class='ocrx_word' id='word_1_433' title='bbox 1626 2763 1686 2808; x_wconf 91' lang='lat' dir='ltr'>nna</span> <span class='ocrx_word' id='word_1_434' title='bbox 1708 2748 1802 2810; x_wconf 93' lang='lat' dir='ltr'>simul</span> 
     </span>
     <span class='ocr_line' id='line_1_89' title="bbox 1057 2838 1803 2919; baseline 0.003 -17"><span class='ocrx_word' id='word_1_435' title='bbox 1057 2849 1258 2919; x_wconf 84' lang='lat' dir='ltr'>urrncupetur</span> <span class='ocrx_word' id='word_1_436' title='bbox 1279 2849 1310 2901; x_wconf 92' lang='lat' dir='ltr'>et</span> <span class='ocrx_word' id='word_1_437' title='bbox 1332 2840 1518 2901; x_wconf 88' lang='lat' dir='ltr'>inscribatur</span> <span class='ocrx_word' id='word_1_438' title='bbox 1541 2838 1750 2917; x_wconf 87' lang='lat' dir='ltr'>Leopoliensis</span> <span class='ocrx_word' id='word_1_439' title='bbox 1772 2849 1803 2904; x_wconf 91' lang='lat' dir='ltr'>et</span> 
     </span>
     <span class='ocr_line' id='line_1_90' title="bbox 1058 2932 1802 3012; baseline -0.001 -15"><span class='ocrx_word' id='word_1_440' title='bbox 1058 2934 1236 2997; x_wconf 77' lang='lat' dir='ltr'>haliciensis</span> <span class='ocrx_word' id='word_1_441' title='bbox 1264 2932 1461 2995; x_wconf 85' lang='lat' dir='ltr'>ecclesiarum</span> <span class='ocrx_word' id='word_1_442' title='bbox 1482 2933 1643 2994; x_wconf 90' lang='lat' dir='ltr'>unitarum</span> <span class='ocrx_word' id='word_1_443' title='bbox 1669 2934 1802 3012; x_wconf 89' lang='lat' dir='ltr'>praesul,</span> 
     </span>
     <span class='ocr_line' id='line_1_91' title="bbox 1058 3025 1804 3104; baseline -0.003 -14"><span class='ocrx_word' id='word_1_444' title='bbox 1058 3036 1089 3090; x_wconf 90' lang='lat' dir='ltr'>et</span> <span class='ocrx_word' id='word_1_445' title='bbox 1109 3027 1222 3090; x_wconf 90' lang='lat' dir='ltr'>deinde</span> <span class='ocrx_word' id='word_1_446' title='bbox 1242 3026 1296 3100; x_wconf 92' lang='lat' dir='ltr'>sic,</span> <span class='ocrx_word' id='word_1_447' title='bbox 1312 3033 1347 3087; x_wconf 94' lang='lat' dir='ltr'>ut</span> <span class='ocrx_word' id='word_1_448' title='bbox 1367 3025 1553 3102; x_wconf 78' lang='lat' dir='ltr'>praefertur,</span> <span class='ocrx_word' id='word_1_449' title='bbox 1571 3025 1674 3086; x_wconf 90' lang='lat' dir='ltr'>onitas</span> <span class='ocrx_word' id='word_1_450' title='bbox 1689 3025 1804 3104; x_wconf 87' lang='lat' dir='ltr'>Leopo-</span> 
     </span>
     <span class='ocr_line' id='line_1_92' title="bbox 1058 3117 1803 3183; baseline 0 0"><span class='ocrx_word' id='word_1_451' title='bbox 1058 3121 1187 3183; x_wconf 90' lang='lat' dir='ltr'>liensem</span> <span class='ocrx_word' id='word_1_452' title='bbox 1202 3126 1235 3179; x_wconf 91' lang='lat' dir='ltr'>et</span> <span class='ocrx_word' id='word_1_453' title='bbox 1249 3118 1455 3180; x_wconf 87' lang='lat' dir='ltr'>Haliciensem</span> <span class='ocrx_word' id='word_1_454' title='bbox 1476 3117 1616 3180; x_wconf 87' lang='lat' dir='ltr'>ecclesias</span> <span class='ocrx_word' id='word_1_455' title='bbox 1630 3117 1665 3178; x_wconf 91' lang='lat' dir='ltr'>ad</span> <span class='ocrx_word' id='word_1_456' title='bbox 1682 3118 1803 3182; x_wconf 90' lang='lat' dir='ltr'>laudem</span> 
     </span>
     <span class='ocr_line' id='line_1_93' title="bbox 1059 3211 1805 3292; baseline -0.003 -15"><span class='ocrx_word' id='word_1_457' title='bbox 1059 3222 1090 3277; x_wconf 90' lang='lat' dir='ltr'>et</span> <span class='ocrx_word' id='word_1_458' title='bbox 1112 3215 1241 3292; x_wconf 77' lang='lat' dir='ltr'>gloriam</span> <span class='ocrx_word' id='word_1_459' title='bbox 1267 3211 1490 3290; x_wconf 92' lang='lat' dir='ltr'>omnipotentis</span> <span class='ocrx_word' id='word_1_460' title='bbox 1517 3211 1583 3287; x_wconf 90' lang='grc'><strong>1161,</strong></span> <span class='ocrx_word' id='word_1_461' title='bbox 1605 3211 1805 3275; x_wconf 83' lang='lat' dir='ltr'>Beatissimae</span> 
     </span>
     <span class='ocr_line' id='line_1_94' title="bbox 1060 3305 1804 3390; baseline -0.004 -19"><span class='ocrx_word' id='word_1_462' title='bbox 1060 3307 1199 3390; x_wconf 78' lang='lat' dir='ltr'>Virginis</span> <span class='ocrx_word' id='word_1_463' title='bbox 1214 3305 1324 3368; x_wconf 84' lang='lat' dir='ltr'>Mariae</span> <span class='ocrx_word' id='word_1_464' title='bbox 1339 3322 1371 3366; x_wconf 91' lang='lat' dir='ltr'>ac</span> <span class='ocrx_word' id='word_1_465' title='bbox 1386 3305 1572 3369; x_wconf 90' lang='lat' dir='ltr'>Sanctorum</span> <span class='ocrx_word' id='word_1_466' title='bbox 1586 3306 1804 3383; x_wconf 76' lang='lat' dir='ltr'>Apostolorum</span> 
     </span>
     <span class='ocr_line' id='line_1_95' title="bbox 1059 3397 1805 3473; baseline -0.001 -10"><span class='ocrx_word' id='word_1_467' title='bbox 1059 3400 1142 3463; x_wconf 90' lang='lat' dir='ltr'>Petri</span> <span class='ocrx_word' id='word_1_468' title='bbox 1164 3407 1195 3462; x_wconf 93' lang='lat' dir='ltr'>et</span> <span class='ocrx_word' id='word_1_469' title='bbox 1215 3398 1311 3473; x_wconf 90' lang='lat' dir='ltr'>Pauli,</span> <span class='ocrx_word' id='word_1_470' title='bbox 1326 3415 1385 3460; x_wconf 92' lang='lat' dir='ltr'>nec</span> <span class='ocrx_word' id='word_1_471' title='bbox 1405 3413 1468 3458; x_wconf 94' lang='lat' dir='ltr'>non</span> <span class='ocrx_word' id='word_1_472' title='bbox 1489 3399 1525 3460; x_wconf 93' lang='lat' dir='ltr'>ad</span> <span class='ocrx_word' id='word_1_473' title='bbox 1548 3397 1617 3461; x_wconf 87' lang='lat' dir='ltr'>fidei</span> <span class='ocrx_word' id='word_1_474' title='bbox 1639 3399 1805 3462; x_wconf 91' lang='lat' dir='ltr'>catholicae</span> 
     </span>
     <span class='ocr_line' id='line_1_96' title="bbox 1061 3488 1806 3565; baseline -0.004 -9"><span class='ocrx_word' id='word_1_475' title='bbox 1061 3493 1290 3565; x_wconf 83' lang='lat' dir='ltr'>exaltationem,</span> <span class='ocrx_word' id='word_1_476' title='bbox 1303 3491 1397 3552; x_wconf 90' lang='lat' dir='ltr'>totius</span> <span class='ocrx_word' id='word_1_477' title='bbox 1411 3488 1574 3551; x_wconf 90' lang='lat' dir='ltr'>militantis</span> <span class='ocrx_word' id='word_1_478' title='bbox 1589 3489 1740 3553; x_wconf 81' lang='lat' dir='ltr'>Ecclesiae</span> <span class='ocrx_word' id='word_1_479' title='bbox 1754 3491 1806 3553; x_wconf 93' lang='lat' dir='ltr'>de·</span> 
     </span>
     <span class='ocr_line' id='line_1_97' title="bbox 1060 3583 1804 3663; baseline -0.003 -13"><span class='ocrx_word' id='word_1_480' title='bbox 1060 3605 1125 3663; x_wconf 90' lang='lat' dir='ltr'>cus,</span> <span class='ocrx_word' id='word_1_481' title='bbox 1154 3587 1187 3648; x_wconf 93' lang='lat' dir='ltr'>in</span> <span class='ocrx_word' id='word_1_482' title='bbox 1215 3583 1354 3648; x_wconf 91' lang='lat' dir='ltr'>ecclesias</span> <span class='ocrx_word' id='word_1_483' title='bbox 1379 3583 1650 3661; x_wconf 90' lang='lat' dir='ltr'>archiepiscopales</span> <span class='ocrx_word' id='word_1_484' title='bbox 1678 3586 1804 3648; x_wconf 89' lang='lat' dir='ltr'>rutheni</span> 
     </span>
     <span class='ocr_line' id='line_1_98' title="bbox 1060 3675 1806 3754; baseline -0.007 -11"><span class='ocrx_word' id='word_1_485' title='bbox 1060 3681 1140 3744; x_wconf 90' lang='lat' dir='ltr'>ritus</span> <span class='ocrx_word' id='word_1_486' title='bbox 1171 3679 1285 3752; x_wconf 92' lang='lat' dir='ltr'>unitas,</span> <span class='ocrx_word' id='word_1_487' title='bbox 1310 3684 1342 3739; x_wconf 94' lang='lat' dir='ltr'>et</span> <span class='ocrx_word' id='word_1_488' title='bbox 1368 3675 1640 3753; x_wconf 90' lang='lat' dir='ltr'>metropolitanam</span> <span class='ocrx_word' id='word_1_489' title='bbox 1666 3692 1721 3754; x_wconf 92' lang='lat' dir='ltr'>pro</span> <span class='ocrx_word' id='word_1_490' title='bbox 1742 3694 1806 3740; x_wconf 93' lang='lat' dir='ltr'>uno</span> 
     </span>
     <span class='ocr_line' id='line_1_99' title="bbox 1063 3768 1807 3851; baseline -0.009 -13"><span class='ocrx_word' id='word_1_491' title='bbox 1063 3772 1309 3851; x_wconf 82' lang='lat' dir='ltr'>hrchiepiscopo,</span> <span class='ocrx_word' id='word_1_492' title='bbox 1321 3771 1374 3847; x_wconf 91' lang='lat' dir='ltr'>qui</span> <span class='ocrx_word' id='word_1_493' title='bbox 1387 3768 1469 3848; x_wconf 91' lang='lat' dir='ltr'>pallii</span> <span class='ocrx_word' id='word_1_494' title='bbox 1482 3775 1513 3830; x_wconf 92' lang='grc'>61</span> <span class='ocrx_word' id='word_1_495' title='bbox 1524 3768 1623 3831; x_wconf 89' lang='grc'><strong>666616</strong></span> <span class='ocrx_word' id='word_1_496' title='bbox 1638 3786 1730 3831; x_wconf 91' lang='lat' dir='ltr'>usum</span> <span class='ocrx_word' id='word_1_497' title='bbox 1741 3786 1807 3831; x_wconf 92' lang='lat' dir='ltr'>mo·</span> 
     </span>
     <span class='ocr_line' id='line_1_100' title="bbox 1063 3862 1806 3942; baseline -0.004 -13"><span class='ocrx_word' id='word_1_498' title='bbox 1063 3883 1098 3929; x_wconf 93' lang='lat' dir='ltr'>re</span> <span class='ocrx_word' id='word_1_499' title='bbox 1109 3864 1418 3942; x_wconf 78' lang='lat' dir='ltr'>archiepiscoporum</span> <span class='ocrx_word' id='word_1_500' title='bbox 1440 3862 1577 3925; x_wconf 91' lang='lat' dir='ltr'>eiusdem</span> <span class='ocrx_word' id='word_1_501' title='bbox 1592 3863 1670 3925; x_wconf 92' lang='lat' dir='ltr'>ritus</span> <span class='ocrx_word' id='word_1_502' title='bbox 1686 3865 1806 3939; x_wconf 92' lang='lat' dir='ltr'>haheat,</span> 
     </span>
     <span class='ocr_line' id='line_1_101' title="bbox 1063 3955 1806 4038; baseline -0.003 -16"><span class='ocrx_word' id='word_1_503' title='bbox 1063 3959 1192 4038; x_wconf 89' lang='lat' dir='ltr'>aliisque</span> <span class='ocrx_word' id='word_1_504' title='bbox 1213 3957 1341 4034; x_wconf 81' lang='lat' dir='ltr'>gaudeat</span> <span class='ocrx_word' id='word_1_505' title='bbox 1363 3955 1551 4034; x_wconf 81' lang='lat' dir='ltr'>privilegiis,</span> <span class='ocrx_word' id='word_1_506' title='bbox 1573 3957 1806 4035; x_wconf 82' lang='lat' dir='ltr'>praerogativis,</span> 
     </span>
     <span class='ocr_line' id='line_1_102' title="bbox 1063 4048 1808 4129; baseline -0.005 -15"><span class='ocrx_word' id='word_1_507' title='bbox 1063 4051 1233 4114; x_wconf 87' lang='lat' dir='ltr'>honoribus</span> <span class='ocrx_word' id='word_1_508' title='bbox 1247 4056 1279 4110; x_wconf 92' lang='lat' dir='ltr'>et</span> <span class='ocrx_word' id='word_1_509' title='bbox 1294 4048 1413 4112; x_wconf 91' lang='lat' dir='ltr'>iuribus</span> <span class='ocrx_word' id='word_1_510' title='bbox 1431 4048 1582 4111; x_wconf 91' lang='lat' dir='ltr'>similibus</span> <span class='ocrx_word' id='word_1_511' title='bbox 1598 4049 1808 4129; x_wconf 77' lang='lat' dir='ltr'>Archiepisoo-</span> 
     </span>
     <span class='ocr_line' id='line_1_103' title="bbox 1064 4140 1809 4225; baseline -0.004 -19"><span class='ocrx_word' id='word_1_512' title='bbox 1064 4147 1110 4225; x_wconf 89' lang='lat' dir='ltr'>pis</span> <span class='ocrx_word' id='word_1_513' title='bbox 1141 4142 1253 4206; x_wconf 90' lang='lat' dir='ltr'>debitis</span> <span class='ocrx_word' id='word_1_514' title='bbox 1274 4149 1305 4203; x_wconf 92' lang='grc'>61</span> <span class='ocrx_word' id='word_1_515' title='bbox 1326 4140 1492 4215; x_wconf 88' lang='lat' dir='ltr'>concessis,</span> <span class='ocrx_word' id='word_1_516' title='bbox 1524 4141 1636 4219; x_wconf 90' lang='lat' dir='ltr'>quibus</span> <span class='ocrx_word' id='word_1_517' title='bbox 1664 4142 1809 4204; x_wconf 89' lang='lat' dir='ltr'>omnibus</span> 
     </span>
     <span class='ocr_line' id='line_1_104' title="bbox 1064 4235 1808 4319; baseline -0.007 -18"><span class='ocrx_word' id='word_1_518' title='bbox 1064 4255 1120 4319; x_wconf 92' lang='lat' dir='ltr'>pro</span> <span class='ocrx_word' id='word_1_519' title='bbox 1142 4245 1283 4316; x_wconf 91' lang='lat' dir='ltr'>tempore</span> <span class='ocrx_word' id='word_1_520' title='bbox 1304 4236 1472 4297; x_wconf 89' lang='lat' dir='ltr'>existentes</span> <span class='ocrx_word' id='word_1_521' title='bbox 1486 4235 1579 4298; x_wconf 91' lang='lat' dir='ltr'>huius</span> <span class='ocrx_word' id='word_1_522' title='bbox 1601 4236 1808 4312; x_wconf 89' lang='lat' dir='ltr'>Leopoliensis</span> 
     </span>
     <span class='ocr_line' id='line_1_105' title="bbox 1065 4328 1810 4407; baseline -0.009 -11"><span class='ocrx_word' id='word_1_523' title='bbox 1065 4341 1095 4396; x_wconf 91' lang='lat' dir='ltr'>et</span> <span class='ocrx_word' id='word_1_524' title='bbox 1105 4330 1284 4395; x_wconf 90' lang='grc'><strong>116116166616</strong></span> <span class='ocrx_word' id='word_1_525' title='bbox 1298 4328 1495 4392; x_wconf 90' lang='lat' dir='ltr'>ecclesiarum</span> <span class='ocrx_word' id='word_1_526' title='bbox 1511 4329 1658 4404; x_wconf 91' lang='lat' dir='ltr'>invicem,</span> <span class='ocrx_word' id='word_1_527' title='bbox 1675 4336 1710 4392; x_wconf 93' lang='lat' dir='ltr'>ut</span> <span class='ocrx_word' id='word_1_528' title='bbox 1724 4345 1810 4407; x_wconf 91' lang='lat' dir='ltr'>prae-</span> 
     </span>
     <span class='ocr_line' id='line_1_106' title="bbox 1066 4422 1809 4500; baseline -0.007 -12"><span class='ocrx_word' id='word_1_529' title='bbox 1066 4427 1180 4500; x_wconf 87' lang='grc'><strong>166166,</strong></span> <span class='ocrx_word' id='word_1_530' title='bbox 1211 4424 1371 4486; x_wconf 90' lang='lat' dir='ltr'>unitarum</span> <span class='ocrx_word' id='word_1_531' title='bbox 1399 4422 1626 4500; x_wconf 85' lang='lat' dir='ltr'>Archiepiscopi</span> <span class='ocrx_word' id='word_1_532' title='bbox 1653 4423 1711 4498; x_wconf 93' lang='lat' dir='ltr'>uti,</span> <span class='ocrx_word' id='word_1_533' title='bbox 1734 4423 1809 4497; x_wconf 88' lang='grc'><strong>1661,</strong></span> 
     </span>
     <span class='ocr_line' id='line_1_107' title="bbox 1066 4515 1810 4599; baseline -0.007 -17"><span class='ocrx_word' id='word_1_534' title='bbox 1066 4519 1159 4599; x_wconf 82' lang='grc'><strong>661161</strong></span> <span class='ocrx_word' id='word_1_535' title='bbox 1169 4527 1199 4581; x_wconf 89' lang='grc'>61</span> <span class='ocrx_word' id='word_1_536' title='bbox 1215 4515 1348 4594; x_wconf 78' lang='lat' dir='ltr'>gaudere</span> <span class='ocrx_word' id='word_1_537' title='bbox 1363 4515 1480 4592; x_wconf 91' lang='lat' dir='ltr'>possint</span> <span class='ocrx_word' id='word_1_538' title='bbox 1495 4523 1526 4576; x_wconf 92' lang='lat' dir='ltr'>et</span> <span class='ocrx_word' id='word_1_539' title='bbox 1537 4516 1661 4577; x_wconf 89' lang='lat' dir='ltr'>veleant</span> <span class='ocrx_word' id='word_1_540' title='bbox 1672 4533 1705 4576; x_wconf 94' lang='lat' dir='ltr'>ac</span> <span class='ocrx_word' id='word_1_541' title='bbox 1716 4517 1810 4578; x_wconf 91' lang='lat' dir='ltr'>etiam</span> 
     </span>
     <span class='ocr_line' id='line_1_108' title="bbox 1066 4608 1810 4687; baseline -0.012 -10"><span class='ocrx_word' id='word_1_542' title='bbox 1066 4614 1210 4686; x_wconf 92' lang='lat' dir='ltr'>debeant,</span> <span class='ocrx_word' id='word_1_543' title='bbox 1237 4608 1399 4687; x_wconf 92' lang='lat' dir='ltr'>apostolica</span> <span class='ocrx_word' id='word_1_544' title='bbox 1429 4615 1533 4670; x_wconf 93' lang='lat' dir='ltr'>nostra</span> <span class='ocrx_word' id='word_1_545' title='bbox 1556 4608 1732 4670; x_wconf 90' lang='lat' dir='ltr'>huiusmodi</span> <span class='ocrx_word' id='word_1_546' title='bbox 1753 4608 1810 4670; x_wconf 91' lang='grc'><strong>61111</strong></span> 
     </span>
     <span class='ocr_line' id='line_1_109' title="bbox 1067 4701 1811 4780; baseline -0.008 -12"><span class='ocrx_word' id='word_1_547' title='bbox 1067 4707 1204 4780; x_wconf 80' lang='lat' dir='ltr'>delegata</span> <span class='ocrx_word' id='word_1_548' title='bbox 1226 4701 1407 4763; x_wconf 90' lang='lat' dir='ltr'>auctoritate</span> <span class='ocrx_word' id='word_1_549' title='bbox 1430 4701 1565 4779; x_wconf 89' lang='lat' dir='ltr'>ipsarum</span> <span class='ocrx_word' id='word_1_550' title='bbox 1595 4709 1705 4762; x_wconf 91' lang='lat' dir='ltr'>tenore</span> <span class='ocrx_word' id='word_1_551' title='bbox 1725 4715 1811 4779; x_wconf 91' lang='lat' dir='ltr'>prae·</span> 
     </span>
     <span class='ocr_line' id='line_1_110' title="bbox 1067 4793 1812 4873; baseline -0.009 -14"><span class='ocrx_word' id='word_1_552' title='bbox 1067 4798 1204 4859; x_wconf 90' lang='lat' dir='ltr'>sentium</span> <span class='ocrx_word' id='word_1_553' title='bbox 1233 4802 1385 4873; x_wconf 89' lang='lat' dir='ltr'>perpetuo</span> <span class='ocrx_word' id='word_1_554' title='bbox 1413 4793 1512 4870; x_wconf 82' lang='lat' dir='ltr'>erigat</span> <span class='ocrx_word' id='word_1_555' title='bbox 1538 4799 1569 4854; x_wconf 94' lang='lat' dir='ltr'>et</span> <span class='ocrx_word' id='word_1_556' title='bbox 1596 4793 1748 4868; x_wconf 91' lang='lat' dir='ltr'>instituat,</span> <span class='ocrx_word' id='word_1_557' title='bbox 1771 4794 1812 4854; x_wconf 92' lang='lat' dir='ltr'>ita</span> 
     </span>
     <span class='ocr_line' id='line_1_111' title="bbox 1068 4885 1813 4966; baseline -0.009 -13"><span class='ocrx_word' id='word_1_558' title='bbox 1068 4898 1104 4953; x_wconf 91' lang='lat' dir='ltr'>ut</span> <span class='ocrx_word' id='word_1_559' title='bbox 1125 4889 1278 4952; x_wconf 90' lang='lat' dir='ltr'>dictarum</span> <span class='ocrx_word' id='word_1_560' title='bbox 1288 4886 1498 4966; x_wconf 88' lang='lat' dir='ltr'>Leopoliensis</span> <span class='ocrx_word' id='word_1_561' title='bbox 1518 4891 1550 4946; x_wconf 94' lang='grc'>61</span> <span class='ocrx_word' id='word_1_562' title='bbox 1572 4885 1750 4948; x_wconf 87' lang='lat' dir='ltr'>Haliciensis</span> <span class='ocrx_word' id='word_1_563' title='bbox 1764 4901 1813 4947; x_wconf 91' lang='lat' dir='ltr'>ec-</span> 
     </span>
     <span class='ocr_line' id='line_1_112' title="bbox 1068 4978 1814 5058; baseline -0.009 -11"><span class='ocrx_word' id='word_1_564' title='bbox 1068 4984 1230 5047; x_wconf 88' lang='lat' dir='ltr'>clesiarum</span> <span class='ocrx_word' id='word_1_565' title='bbox 1245 4981 1405 5044; x_wconf 92' lang='lat' dir='ltr'>unitarum</span> <span class='ocrx_word' id='word_1_566' title='bbox 1420 4979 1575 5058; x_wconf 90' lang='lat' dir='ltr'>praesules</span> <span class='ocrx_word' id='word_1_567' title='bbox 1589 4979 1692 5041; x_wconf 91' lang='lat' dir='ltr'>omnia</span> <span class='ocrx_word' id='word_1_568' title='bbox 1708 4978 1814 5041; x_wconf 87' lang='grc'><strong>61616-</strong></span> 
     </span>
     <span class='ocr_line' id='line_1_113' title="bbox 1070 5071 1813 5155; baseline -0.009 -17"><span class='ocrx_word' id='word_1_569' title='bbox 1070 5076 1141 5154; x_wconf 79' lang='lat' dir='ltr'>gula</span> <span class='ocrx_word' id='word_1_570' title='bbox 1169 5091 1248 5155; x_wconf 92' lang='lat' dir='ltr'>quae</span> <span class='ocrx_word' id='word_1_571' title='bbox 1274 5073 1465 5137; x_wconf 90' lang='lat' dir='ltr'>adsimilem</span> <span class='ocrx_word' id='word_1_572' title='bbox 1497 5073 1657 5134; x_wconf 85' lang='grc'><strong>1161166666</strong></span> <span class='ocrx_word' id='word_1_573' title='bbox 1678 5071 1813 5134; x_wconf 89' lang='grc'><strong>66116616</strong></span> 
     </span>
     <span class='ocr_line' id='line_1_114' title="bbox 1069 5163 1814 5245; baseline -0.011 -13"><span class='ocrx_word' id='word_1_574' title='bbox 1069 5177 1100 5232; x_wconf 89' lang='grc'>61</span> <span class='ocrx_word' id='word_1_575' title='bbox 1121 5168 1200 5232; x_wconf 89' lang='grc'><strong>61166</strong></span> <span class='ocrx_word' id='word_1_576' title='bbox 1222 5168 1473 5245; x_wconf 87' lang='lat' dir='ltr'>hrchiepiscopos</span> <span class='ocrx_word' id='word_1_577' title='bbox 1498 5167 1529 5227; x_wconf 93' lang='lat' dir='ltr'>in</span> <span class='ocrx_word' id='word_1_578' title='bbox 1552 5179 1663 5226; x_wconf 91' lang='lat' dir='ltr'>eorum</span> <span class='ocrx_word' id='word_1_579' title='bbox 1683 5163 1814 5225; x_wconf 89' lang='lat' dir='ltr'>civitati-</span> 
     </span>
     <span class='ocr_line' id='line_1_115' title="bbox 1069 5257 1814 5336; baseline -0.009 -13"><span class='ocrx_word' id='word_1_580' title='bbox 1069 5262 1126 5323; x_wconf 87' lang='lat' dir='ltr'>bus</span> <span class='ocrx_word' id='word_1_581' title='bbox 1141 5271 1172 5323; x_wconf 91' lang='lat' dir='ltr'>et</span> <span class='ocrx_word' id='word_1_582' title='bbox 1186 5259 1373 5323; x_wconf 92' lang='lat' dir='ltr'>dioecesibus</span> <span class='ocrx_word' id='word_1_583' title='bbox 1385 5258 1419 5319; x_wconf 92' lang='lat' dir='ltr'>ad</span> <span class='ocrx_word' id='word_1_584' title='bbox 1431 5257 1684 5336; x_wconf 89' lang='lat' dir='ltr'>archiepiscopale</span> <span class='ocrx_word' id='word_1_585' title='bbox 1698 5271 1814 5318; x_wconf 90' lang='lat' dir='ltr'>munus</span> 
     </span>
     <span class='ocr_line' id='line_1_116' title="bbox 1070 5348 1812 5426; baseline -0.008 -10"><span class='ocrx_word' id='word_1_586' title='bbox 1070 5353 1280 5416; x_wconf 90' lang='lat' dir='ltr'>exercendum</span> <span class='ocrx_word' id='word_1_587' title='bbox 1308 5353 1346 5414; x_wconf 91' lang='lat' dir='ltr'>de</span> <span class='ocrx_word' id='word_1_588' title='bbox 1366 5351 1448 5426; x_wconf 91' lang='lat' dir='ltr'>iure,</span> <span class='ocrx_word' id='word_1_589' title='bbox 1477 5367 1546 5424; x_wconf 91' lang='lat' dir='ltr'>usu,</span> <span class='ocrx_word' id='word_1_590' title='bbox 1575 5348 1812 5422; x_wconf 88' lang='lat' dir='ltr'>consuetudine,</span> 
     </span>
     <span class='ocr_line' id='line_1_117' title="bbox 1069 5442 1815 5525; baseline -0.008 -19"><span class='ocrx_word' id='word_1_591' title='bbox 1069 5454 1123 5508; x_wconf 94' lang='lat' dir='ltr'>aut</span> <span class='ocrx_word' id='word_1_592' title='bbox 1132 5446 1204 5507; x_wconf 91' lang='lat' dir='ltr'>alias</span> <span class='ocrx_word' id='word_1_593' title='bbox 1218 5445 1449 5525; x_wconf 87' lang='lat' dir='ltr'>quomodolibet</span> <span class='ocrx_word' id='word_1_594' title='bbox 1459 5453 1598 5522; x_wconf 88' lang='lat' dir='ltr'>spectare</span> <span class='ocrx_word' id='word_1_595' title='bbox 1613 5451 1643 5505; x_wconf 93' lang='lat' dir='ltr'>et</span> <span class='ocrx_word' id='word_1_596' title='bbox 1657 5442 1815 5522; x_wconf 89' lang='lat' dir='ltr'>pertinere</span> 
     </span>
     <span class='ocr_line' id='line_1_118' title="bbox 1069 5535 1815 5614; baseline -0.007 -14"><span class='ocrx_word' id='word_1_597' title='bbox 1069 5539 1171 5602; x_wconf 89' lang='lat' dir='ltr'>solent</span> <span class='ocrx_word' id='word_1_598' title='bbox 1198 5555 1231 5602; x_wconf 93' lang='lat' dir='ltr'>ac</span> <span class='ocrx_word' id='word_1_599' title='bbox 1261 5538 1386 5612; x_wconf 91' lang='lat' dir='ltr'>debent,</span> <span class='ocrx_word' id='word_1_600' title='bbox 1410 5551 1530 5614; x_wconf 81' lang='lat' dir='ltr'>gerere,</span> <span class='ocrx_word' id='word_1_601' title='bbox 1556 5535 1655 5600; x_wconf 90' lang='grc'><strong>166666</strong></span> <span class='ocrx_word' id='word_1_602' title='bbox 1676 5543 1707 5596; x_wconf 92' lang='grc'>61</span> <span class='ocrx_word' id='word_1_603' title='bbox 1728 5549 1815 5596; x_wconf 90' lang='lat' dir='ltr'>exer·</span> 
     </span>
     <span class='ocr_line' id='line_1_119' title="bbox 1070 5629 1815 5708; baseline -0.011 -13"><span class='ocrx_word' id='word_1_604' title='bbox 1070 5647 1142 5695; x_wconf 91' lang='lat' dir='ltr'>cere</span> <span class='ocrx_word' id='word_1_605' title='bbox 1162 5632 1260 5694; x_wconf 91' lang='lat' dir='ltr'>libere</span> <span class='ocrx_word' id='word_1_606' title='bbox 1274 5647 1307 5693; x_wconf 90' lang='lat' dir='ltr'>ac</span> <span class='ocrx_word' id='word_1_607' title='bbox 1322 5629 1403 5692; x_wconf 89' lang='lat' dir='ltr'>licite</span> <span class='ocrx_word' id='word_1_608' title='bbox 1422 5629 1551 5707; x_wconf 90' lang='lat' dir='ltr'>possint,</span> <span class='ocrx_word' id='word_1_609' title='bbox 1567 5629 1692 5708; x_wconf 90' lang='lat' dir='ltr'>plenam</span> <span class='ocrx_word' id='word_1_610' title='bbox 1706 5635 1737 5689; x_wconf 91' lang='lat' dir='ltr'>et</span> <span class='ocrx_word' id='word_1_611' title='bbox 1752 5642 1815 5688; x_wconf 93' lang='lat' dir='ltr'>om-</span> 
     </span>
     <span class='ocr_line' id='line_1_120' title="bbox 1071 5721 1816 5802; baseline -0.007 -15"><span class='ocrx_word' id='word_1_612' title='bbox 1071 5724 1227 5787; x_wconf 90' lang='lat' dir='ltr'>nimodam</span> <span class='ocrx_word' id='word_1_613' title='bbox 1248 5723 1461 5786; x_wconf 89' lang='lat' dir='ltr'>auctoritatem</span> <span class='ocrx_word' id='word_1_614' title='bbox 1486 5731 1593 5786; x_wconf 91' lang='lat' dir='ltr'>tenore</span> <span class='ocrx_word' id='word_1_615' title='bbox 1607 5721 1816 5802; x_wconf 90' lang='lat' dir='ltr'>praesentium</span> 
     </span>
     <span class='ocr_line' id='line_1_121' title="bbox 1071 5815 1816 5896; baseline -0.005 -16"><span class='ocrx_word' id='word_1_616' title='bbox 1071 5818 1240 5881; x_wconf 90' lang='lat' dir='ltr'>concedere</span> <span class='ocrx_word' id='word_1_617' title='bbox 1261 5823 1292 5878; x_wconf 93' lang='lat' dir='ltr'>et</span> <span class='ocrx_word' id='word_1_618' title='bbox 1309 5815 1462 5896; x_wconf 88' lang='lat' dir='ltr'>impertiri</span> <span class='ocrx_word' id='word_1_619' title='bbox 1485 5824 1591 5879; x_wconf 90' lang='lat' dir='ltr'>nostro</span> <span class='ocrx_word' id='word_1_620' title='bbox 1606 5815 1734 5877; x_wconf 91' lang='lat' dir='ltr'>nomine</span> <span class='ocrx_word' id='word_1_621' title='bbox 1749 5829 1816 5894; x_wconf 90' lang='lat' dir='ltr'>pos·</span> 
     </span>
     <span class='ocr_line' id='line_1_122' title="bbox 1070 5909 1340 5974; baseline 0 -2"><span class='ocrx_word' id='word_1_622' title='bbox 1070 5911 1133 5972; x_wconf 90' lang='lat' dir='ltr'>sint</span> <span class='ocrx_word' id='word_1_623' title='bbox 1154 5918 1185 5972; x_wconf 92' lang='lat' dir='ltr'>et</span> <span class='ocrx_word' id='word_1_624' title='bbox 1208 5909 1340 5974; x_wconf 87' lang='lat' dir='ltr'>valeant.</span> 
     </span>
    </p>
   </div>
   <div class='ocr_carea' id='block_1_13' title="bbox 0 0 2397 6976">
    <p class='ocr_par' dir='ltr' id='par_1_16' title="bbox 0 0 2397 6976">
     <span class='ocr_line' id='line_1_123' title="bbox 0 0 2397 6976; baseline 0 0"><span class='ocrx_word' id='word_1_625' title='bbox 0 0 2397 6976; x_wconf 95' lang='lat' dir='ltr'> </span> 
     </span>
    </p>
   </div>
  </div>
 </body>
</html>
