4808 6988
963 576 1035 627 PIUS
1055 571 1105 626 PF.
1128 572 1185 626 vti.

299 699 446 776 gaudent,
469 707 523 762 aut
543 697 681 778 gaudent
695 697 834 780 quidem,
849 699 901 762 sed
917 714 981 762 non
996 697 1043 760 in-

300 800 400 870 tegro,
421 792 480 856 sub
510 791 665 858 Castrensi
693 791 894 858 ecclesiastica
923 792 1042 858 iurisdi-

298 885 402 947 ctione
423 885 502 949 haud
524 887 845 964 comprehenduntur.
861 888 959 962 Quam
975 886 1044 965 qui·

299 973 370 1039 dem
399 978 626 1056 praefinieudae
655 979 794 1044 eiusdem
823 977 1043 1043 iurisdictionis

299 1071 437 1149 priorem
458 1071 600 1150 regulam
621 1089 720 1152 quum
741 1073 972 1152 amplectimur,
987 1088 1043 1150 pro

270 1152 276 1164 '
298 1168 383 1224 certo
403 1163 566 1240 babemus,
582 1181 640 1228 nec
661 1165 854 1229 maiestatem
873 1174 971 1240 tuam,
987 1181 1044 1228 nec

299 1270 388 1332 reges
408 1261 479 1320 tuos
499 1274 688 1320 successores
709 1256 774 1321 ullo
795 1274 944 1338 umquam
967 1266 1045 1320 tem·

300 1363 373 1426 pore
395 1350 614 1428 permissuros,
631 1358 666 1413 ut
686 1357 751 1413 toto
772 1359 804 1416 et
826 1351 948 1428 integro
969 1350 1042 1413 belli

299 1456 352 1510 aut
372 1443 512 1508 marinae
533 1443 600 1507 loro
622 1443 677 1508 ulli
699 1443 750 1507 alii
771 1445 935 1521 gaudeant,
958 1459 1044 1522 prae-

301 1547 348 1603 ter
368 1556 432 1618 eos,
447 1540 501 1618 qui
516 1554 572 1618 pro
585 1557 621 1603 re
641 1538 770 1601 militari
790 1545 843 1601 aut
858 1536 982 1617 politica
996 1556 1046 1602 re·

300 1633 358 1710 giis
379 1632 565 1696 exercitibus
578 1634 642 1694 sint
659 1631 783 1708 addicti,
799 1633 916 1712 quique
929 1633 1043 1697 borum

280 1725 430 1812 zlamilias
451 1727 652 1802 constituant,
676 1743 708 1789 ac
730 1727 763 1790 in
786 1726 897 1789 borum
918 1742 1045 1790 versen-

300 1827 353 1882 tur
374 1819 536 1882 famulatu.
564 1820 715 1895 Quoniam
737 1836 812 1884 vero
832 1821 858 1882 si
883 1837 992 1883 omnes
1014 1829 1044 1884 et

300 1917 453 1992 quotquot
475 1911 629 1990 praedicto
651 1911 787 1990 gaudent
808 1912 876 1976 loro
892 1912 928 1975 ad
949 1914 1046 1977 eccle·

299 2004 452 2066 siasticam
467 2005 663 2068 castrensem
684 2005 931 2070 iurisdictionem
952 2011 1046 2087 perti·

301 2113 377 2160 nere
397 2099 558 2175 deberent,
581 2115 690 2176 graves
716 2116 861 2182 persaepe
885 2103 1046 2166 orirentur

301 2188 494 2254 difficultates
516 2192 549 2254 iu
569 2193 820 2258 administrandis
834 2196 1045 2275 spiritualibus

300 2284 457 2361 praesidiis
478 2285 633 2364 aliquibus
660 2304 865 2366 personarum
888 2290 1045 2366 classibus,

300 2391 381 2456 quae
401 2393 501 2455 quum
521 2395 577 2457 per
598 2379 701 2443 omnia
715 2382 882 2446 maiestatis
903 2393 976 2448 tuae
996 2401 1043 2447 re·

302 2483 363 2547 gna
382 2477 414 2532 et
441 2471 577 2536 dominia
607 2473 760 2551 dispersae
786 2477 860 2552 sint,
884 2493 948 2540 uon
977 2494 1046 2541 raro

300 2563 333 2626 iu
349 2564 423 2626 locis
437 2565 567 2642 degunt,
584 2567 744 2645 inquibus
766 2585 823 2632 nec
834 2570 890 2633 ulli
905 2573 1046 2635 existunt

302 2660 479 2722 castrenses
500 2659 635 2736 parochi,
651 2677 708 2724 nec
721 2677 773 2724 eos
787 2665 980 2728 constituere
994 2681 1046 2728 ex·

301 2750 396 2830 pedit,
424 2751 548 2828 idcirco,
571 2760 606 2816 ut
632 2754 724 2817 saluti
751 2757 926 2820 animarum
950 2767 981 2822 et
1001 2776 1046 2821 sa·

300 2853 533 2909 crementorum
553 2845 813 2910 administrationi
835 2866 891 2929 pro
913 2853 1046 2917 iniuncti

301 2937 391 3002 uobis
411 2939 570 3017 pastoralis
590 2941 731 3003 muneris
757 2943 968 3009 sollicitudine
989 2963 1047 3008 un·

302 3031 395 3109 dique
415 3031 592 3094 consultum
613 3033 666 3110 sit,
689 3034 834 3098 uolumus
855 3044 886 3099 et
907 3037 1046 3101 decerni·

303 3139 384 3199 mus,
405 3123 486 3204 quod
509 3127 662 3203 generalis
676 3128 783 3205 regula
797 3130 940 3208 superius
961 3147 1046 3212 prae·

302 3219 410 3280 stituta
423 3217 462 3279 de
476 3217 616 3297 personis
630 3219 851 3285 ecclesiasticae
862 3223 1047 3288 iurisdictio-

302 3313 334 3372 ni
346 3311 502 3374 castrensi
513 3312 546 3374 in
558 3321 717 3391 posterum
732 3315 931 3380 subiiciendis
941 3317 1045 3382 locum

304 3418 367 3466 uon
396 3404 504 3466 babeat
525 3405 557 3466 in
585 3405 764 3469 officialibus
789 3408 917 3488 aliisque
943 3427 1047 3488 perso·

303 3499 350 3562 nis
371 3497 406 3561 iis
432 3499 528 3578 copiis
558 3499 728 3578 adscriptis,
754 3517 833 3580 quae
862 3503 992 3567 militiae
1013 3504 1046 3567 in

303 3591 454 3670 llispaniis
476 3599 707 3672 nuncupantur,
723 3596 980 3674 quandocumque
1001 3597 1046 3660 di·

302 3685 344 3746 cti
371 3682 514 3747 officiales
539 3686 699 3764 dictaeque
723 3701 872 3764 personae
892 3689 924 3750 in
953 3690 1048 3752 armis

302 3792 366 3840 non
391 3778 456 3840 sint
485 3777 524 3840 ob
550 3777 673 3857 aliquod
700 3781 867 3842 seruitium
896 3783 1047 3844 maiestati

303 3876 373 3933 tuae
393 3870 622 3950 praestandum,
639 3871 671 3932 in
687 3887 751 3950 quo
767 3879 869 3934 tamen
892 3891 962 3937 casu
977 3873 1047 3938 illae

301 3962 429 4042 quidem
439 3962 1048 4041 personaeiurisdictionicastrensisub

303 4056 399 4118 lectae
419 4063 524 4133 erunt,
539 4053 592 4117 sed
613 4070 677 4117 non
699 4072 807 4119 earum
828 4055 973 4136 familiae,
990 4075 1047 4122 nec

303 4164 409 4212 earum
430 4147 552 4225 lamuli,
568 4149 628 4210 nisi
648 4149 719 4212 illae
734 4165 790 4213 seu
815 4151 864 4213 isti
885 4153 966 4230 ipsas
981 4169 1048 4232 per-

302 4257 392 4304 sonas
411 4250 592 4320 sequantur,
609 4249 640 4304 et
654 4243 777 4320 integro
799 4246 952 4321 gaudeant
967 4245 1045 4325 loro;

303 4342 460 4413 praeterea
475 4352 491 4395 a
505 4334 643 4412 generali
664 4338 816 4413 praedicta
838 4338 945 4415 regula
966 4340 1048 4402 exci-

303 4429 408 4508 pimus
425 4443 652 4508 quemcumque
667 4429 796 4492 militiae
810 4431 978 4508 addictum,
994 4433 1048 4510 qni

305 4530 408 4584 umen
430 4538 447 4583 a
468 4521 554 4598 regio
575 4521 742 4584 maiestatis
758 4531 828 4585 tuae
847 4524 976 4586 servitio
990 4526 1048 4586 im-

305 4615 409 4676 munis
423 4613 475 4690 sit,
490 4613 610 4677 etiamsi
631 4613 754 4693 aliquod
768 4633 784 4677 a
799 4616 913 4695 pietate
928 4624 980 4678 tua
995 4618 1050 4678 sti-

304 4707 452 4787 pendium
479 4707 617 4784 accipiat.
652 4706 831 4784 Excipimus
855 4709 983 4787 insuper
1003 4711 1048 4771 vi·

305 4801 378 4862 duas
389 4800 528 4864 militum
542 4801 786 4880 eorumdemque
802 4799 932 4864 lamilias
943 4813 974 4866 et
987 4819 1049 4866 ser-

304 4909 371 4970 uos,
383 4902 503 4968 nautas,
519 4894 679 4956 naucleros
699 4901 856 4973 praeterea
869 4902 902 4958 et
915 4897 1049 4959 artifices

305 4987 338 5049 in
358 4985 517 5064 cathalogo
538 4985 718 5064 descriptos,
733 4985 832 5049 veluti
853 4989 981 5050 servitio
1002 5005 1050 5053 ar-

305 5080 584 5141 mamentariurum
602 5085 634 5140 et
648 5080 806 5155 regiarum
820 5081 948 5143 navium
964 5097 1050 5144 man-

304 5171 432 5250 cipatos,
455 5171 508 5250 qui
522 5171 580 5232 etsi
603 5171 726 5248 integro
745 5174 897 5247 gaudeant
912 5175 1050 5237 marinae

304 5264 382 5340 loro,
396 5273 498 5327 umen
514 5271 589 5325 tunc
601 5263 706 5326 solum
719 5265 778 5328 sub
788 5264 944 5328 castrensi
959 5267 1050 5329 iuris·

304 5356 437 5419 dictione
456 5364 564 5431 erunt,
577 5372 675 5435 quum
688 5357 725 5418 ad
739 5371 831 5435 opera
848 5359 1047 5438 servitiaque,

303 5449 417 5529 quibus
448 5456 568 5526 vacant,
599 5452 711 5525 vocati,
733 5458 878 5513 consueta
898 5451 1049 5531 stipendia

303 5541 464 5622 percipere
474 5543 634 5623 incipiant,
647 5543 680 5605 in
692 5559 754 5622 quo
766 5553 870 5606 tamen
882 5560 952 5607 casu
964 5545 1051 5607 lami·

305 5635 363 5698 bae
382 5637 530 5716 servique
556 5651 666 5698 eorum
687 5637 723 5698 ad
745 5637 940 5700 castrensem
960 5641 1053 5704 iuris-

305 5729 474 5792 dictlonem
497 5745 560 5793 non
581 5730 794 5809 pertinebunt,
810 5731 870 5793 nisi
885 5741 1051 5797 morentur

306 5821 338 5883 in
360 5822 439 5884 urbe
459 5822 636 5900 provinciae
665 5821 816 5901 principe,
838 5831 892 5885 aut
912 5825 945 5885 iu
972 5825 1049 5902 loco,

306 5913 339 5977 in
360 5929 456 5996 quem
483 5915 652 5976 conuenire
680 5915 754 5978 iussi
780 5915 899 5978 luerint
919 5919 955 5980 ad
981 5933 1050 5996 pre

1098 697 1178 776 prias
1199 694 1446 776 uniuscuiusque
1456 703 1538 760 artes
1552 694 1737 758 exercendas
1751 700 1783 756 ct
1798 695 1845 758 in-

1097 798 1186 868 tegro
1215 790 1281 854 loro
1312 791 1483 870 saepedicto
1512 789 1677 867 gaudeant.
1711 789 1843 851 Demum

1098 884 1155 946 sub
1167 883 1322 946 castrensi
1333 882 1533 947 ecclesiastica
1544 880 1847 946 iurisdictionecom·

1098 976 1251 1054 prehendi
1272 975 1420 1040 nolumus
1442 978 1602 1039 damnatos
1622 974 1658 1036 ad
1680 990 1770 1054 opus,
1791 973 1845 1052 qui

1099 1071 1178 1133 intra
1199 1086 1284 1134 arces
1312 1077 1403 1148 atque
1424 1069 1572 1147 praesidia
1594 1084 1658 1130 non
1680 1068 1845 1130 continen-

1098 1169 1163 1237 tur,
1185 1164 1299 1242 quippe
1321 1163 1375 1241 qui
1396 1161 1552 1225 custodiae
1575 1169 1698 1224 tantum
1718 1175 1807 1222 causa
1829 1177 1844 1220 a

1098 1257 1226 1322 militari
1248 1258 1379 1336 imperio
1400 1256 1549 1333 pendent,
1635 1253 1653 1314 d
1679 1267 1754 1315 vero
1774 1267 1844 1329 per·

1099 1350 1201 1412 tinent
1222 1351 1257 1412 ad
1279 1349 1436 1412 militiam.
1460 1348 1584 1410 Praeter
1621 1363 1653 1410 os
1667 1361 1754 1421 tero,
1770 1361 1846 1424 quos

1099 1443 1157 1506 iuri
1179 1443 1321 1508 militaris
1342 1459 1429 1506 causa
1457 1440 1612 1505 castrensi
1639 1438 1845 1503 iurisdictioni

1098 1539 1223 1602 subesse
1235 1537 1391 1614 volumus,
1400 1535 1436 1599 ad
1449 1536 1590 1600 camdem
1600 1532 1846 1596 iurisdictionem

1099 1633 1281 1714 spectabunt
1311 1647 1419 1696 omnes
1444 1644 1609 1709 personae,
1636 1644 1715 1707 quae
1744 1627 1845 1704 regios

1100 1728 1252 1791 exercitus
1263 1725 1563 1806 sequuntur,elsque
1573 1723 1760 1786 exercitibus
1770 1739 1845 1801 quo·

1099 1837 1234 1901 cumque
1249 1820 1389 1896 nomine,
1401 1835 1456 1880 seu
1473 1816 1575 1890 titulo,
1591 1815 1788 1894 probantibus
1801 1823 1846 1876 ta·

1101 1931 1173 1978 men
1195 1915 1335 1989 ducibus,
1347 1913 1453 1975 aliisve
1467 1909 1657 1974 militaribus
1677 1907 1846 1985 superiori·

1100 2009 1169 2085 bus,
1182 2007 1373 2080 inserviunt,
1384 2004 1504 2069 etiamsi
1515 2000 1688 2080 praedictae
1699 2017 1847 2080 personae

1100 2103 1275 2181 supradicto
1296 2099 1363 2162 loro
1385 2114 1448 2160 non
1471 2097 1642 2174 gaudeant,
1668 2095 1762 2174 idque
1782 2111 1845 2159 ser·

1100 2197 1225 2258 rabitur
1246 2197 1278 2258 in
1299 2211 1370 2257 casu
1385 2194 1609 2270 cuiuscumque
1630 2190 1774 2256 militaris
1795 2209 1847 2254 ex-

1102 2289 1277 2368 peditionis,
1300 2289 1422 2352 tametsi
1451 2288 1555 2366 copiae
1581 2287 1700 2349 luerint
1721 2285 1847 2350 auxilia-

1100 2399 1160 2460 res,
1183 2381 1351 2446 dummodo
1372 2390 1477 2444 tamen
1495 2380 1649 2459 spirituali
1671 2395 1779 2442 earum
1800 2396 1847 2443 re·

1101 2477 1213 2555 gimini
1244 2477 1301 2538 alia
1332 2481 1528 2555 prospectum
1551 2489 1615 2535 non
1642 2474 1683 2536 sit
1714 2473 1846 2548 ratione,

1100 2587 1180 2651 quae
1200 2587 1216 2632 a
1238 2569 1373 2650 presenti
1396 2577 1499 2630 nostra
1521 2565 1722 2645 dispositione
1742 2566 1782 2628 sit
1803 2567 1848 2628 di-

1101 2680 1201 2738 versa,
1230 2662 1280 2726 cui
1311 2661 1460 2738 regimini
1487 2667 1518 2721 et
1545 2658 1751 2737 peculiaribus
1781 2659 1848 2720 eius

1100 2755 1375 2821 constitutionibus
1397 2753 1476 2815 nibil
1497 2751 1670 2815 detractum
1688 2750 1844 2814 volumus.

1101 2852 1147 2914 lld
1168 2850 1309 2912 eamdem
1328 2855 1486 2926 praetcrea
1515 2843 1760 2908 iurisdictionem
1780 2859 1847 2922 spe-

1101 2943 1228 3006 ctabunt
1248 2957 1370 3016 omnes,
1392 2940 1445 3018 qui
1467 2939 1500 3000 in
1530 2937 1661 3000 navibus
1683 2937 1849 3000 maiestatis

1102 3045 1173 3099 tuae
1201 3035 1348 3112 existant,
1377 3032 1519 3112 quamvis
1548 3032 1677 3095 militiae
1699 3048 1762 3094 non
1785 3031 1848 3094 sint

1101 3129 1259 3207 adscripti,
1274 3134 1328 3189 aut
1342 3130 1378 3190 ad
1393 3126 1477 3189 aliud
1498 3126 1716 3205 quodcumque
1732 3123 1847 3199 lorum,

1101 3223 1234 3284 aliamue
1254 3219 1508 3300 ,iurisdictionem
1536 3217 1733 3295 pertineant:
1766 3218 1850 3295 quod

1101 3317 1195 3379 etiam
1216 3313 1333 3377 serrari
1353 3311 1501 3374 volumus
1522 3311 1555 3372 in
1581 3311 1713 3373 naribus
1733 3325 1848 3372 merca·

1102 3408 1201 3484 toriis,
1214 3422 1292 3486 quae
1307 3405 1437 3468 nomine
1449 3404 1557 3466 aerarii
1572 3403 1651 3480 regii
1667 3403 1846 3478 conductae,

1102 3501 1253 3581 praesidio
1273 3499 1403 3562 navium
1425 3496 1591 3560 maiestatis
1606 3503 1678 3560 tuae
1692 3502 1848 3575 protectae

1102 3601 1229 3673 propter
1242 3592 1377 3671 aliquam
1391 3606 1514 3653 causam
1531 3590 1599 3652 sire
1617 3589 1848 3667 expeditionem

1104 3687 1163 3749 iter
1182 3686 1307 3761 iaciant,
1323 3684 1444 3745 etiamsi
1466 3682 1595 3746 bellicae
1616 3698 1721 3758 naum,
1737 3682 1850 3761 quibus

1103 3786 1325 3858 proteguntur,
1337 3777 1500 3840 auxiliares
1511 3777 1575 3838 sint
1586 3775 1754 3838 maiestatis
1765 3781 1848 3848 tuae,

1103 3889 1166 3952 qno
1188 3873 1220 3934 in
1242 3887 1313 3934 casu
1334 3869 1441 3933 eadem
1464 3870 1594 3951 repetita
1618 3869 1848 3946 intelligantur,

1104 3982 1182 4046 quae
1203 3966 1241 4027 de
1262 3964 1355 4042 copiis
1383 3963 1586 4026 auxiliaribus
1613 3963 1756 4041 superius
1777 3978 1849 4025 con-

1105 4060 1278 4124 stituimus.
1309 4055 1456 4120 Eamdcm
1477 4072 1553 4119 uero
1577 4057 1617 4118 ob
1643 4056 1702 4119 loci
1729 4070 1851 4118 causam

1104 4154 1264 4231 regiorum
1286 4151 1465 4213 exrcituum
1479 4149 1613 4212 vicarius
1635 4150 1789 4226 generalis
1803 4150 1849 4212 iu·

1106 4247 1283 4309 risdictione
1304 4251 1412 4307 utetur
1428 4243 1460 4303 in
1475 4259 1596 4318 omnes,
1608 4244 1662 4321 qui
1676 4242 1710 4305 in
1725 4243 1852 4321 quibus·

1105 4354 1240 4418 cumque
1262 4337 1395 4412 arcibus,
1417 4333 1583 4410 fortalitiis,
1610 4335 1743 4404 castellis
1767 4337 1850 4398 stati·

1108 4434 1165 4509 vis,
1179 4429 1437 4505 armamentariis,
1450 4428 1635 4490 nosocomiis
1649 4428 1848 4506 militaribus,

1105 4526 1234 4605 opificiis
1255 4525 1289 4587 in
1311 4537 1405 4585 usum
1428 4521 1472 4584 rei
1492 4519 1649 4596 militaris,
1665 4531 1697 4584 et
1711 4523 1851 4585 nauticae

1106 4619 1272 4681 maiestatis
1291 4623 1363 4678 tuae
1379 4615 1540 4690 institutis,
1557 4614 1695 4692 collegiis
1709 4615 1852 4677 militari-

1106 4713 1163 4775 bus
1183 4715 1431 4786 commorentur,
1447 4710 1478 4771 in
1502 4709 1614 4788 quibus
1635 4709 1777 4772 maiestas
1800 4718 1851 4772 tua

1105 4813 1273 4868 castrenses
1300 4804 1409 4866 babeat
1434 4803 1597 4882 parochos,
1629 4811 1682 4864 ant
1707 4804 1853 4882 expedire

1105 4906 1227 4963 censeat
1258 4897 1437 4960 huiusmodi
1467 4896 1614 4976 parochos
1645 4895 1851 4972 constituere,

1106 4999 1235 5070 excepto
1257 4990 1368 5068 oppido
1390 4989 1481 5068 Septa
1509 4989 1730 5069 praesidiisque
1751 4990 1852 5051 mino

1106 5085 1191 5148 ribus
1213 5084 1246 5146 in
1267 5081 1369 5146 Africa
1390 5081 1611 5157 existentibus,
1626 5082 1738 5161 quibus
1753 5082 1785 5143 in
1808 5081 1853 5144 lo-

1106 5178 1148 5241 cis
1162 5179 1346 5240 eorumdem
1360 5175 1513 5240 Ordinarii
1530 5175 1621 5253 plena
1639 5175 1853 5238 iurisdictione

1105 5269 1264 5346 lruentur,
1285 5285 1344 5349 qua
1365 5270 1514 5331 bactenus
1534 5268 1624 5347 potiti
1651 5276 1737 5346 sunt,
1760 5268 1853 5329 ratio-

1106 5378 1210 5443 neque
1219 5363 1276 5426 loci
1288 5360 1381 5441 potiri
1396 5361 1585 5438 debuerunt,
1597 5377 1714 5440 eaeque
1728 5367 1853 5422 tantum

1105 5472 1256 5536 personae
1277 5454 1437 5517 vicariatui
1458 5454 1615 5518 subiectae
1645 5461 1751 5529 erunt,
1773 5469 1853 5532 quae

1106 5549 1415 5628 comprehenduntur
1434 5548 1492 5608 sub
1506 5547 1572 5609 aliis
1586 5546 1703 5623 regulis
1725 5561 1854 5623 genera-

1106 5641 1186 5705 libus
1207 5658 1223 5702 a
1243 5639 1333 5704 nobis
1352 5640 1541 5704 constitutis.
1567 5640 1601 5702 ln
1623 5639 1690 5702 allis
1710 5655 1786 5702 tero
1805 5657 1854 5703 ar·

1106 5733 1202 5809 cibus,
1215 5731 1380 5808 lurtalitiis,
1392 5732 1524 5795 castellis
1537 5731 1668 5809 stativis,
1681 5747 1854 5795 armamen-

1107 5824 1202 5900 tariis,
1225 5825 1420 5900 nosocomiis,
1437 5825 1565 5904 opificiis
1585 5833 1617 5887 et
1638 5824 1777 5901 collegiis
1796 5825 1855 5887 mi-

1106 5918 1247 5980 litaribus
1261 5917 1406 5996 praelatis
1416 5919 1577 5981 vicariatui
1592 5919 1746 5982 suberunt
1759 5919 1853 5984 etiam

1766 545 1827 622 batt
1875 548 1975 614 auo
1995 541 2065 614 reta
