4754 6966
344 480 535 556 1001000
586 484 643 570 tos

564 643 733 705 modernus
745 646 912 728 Episcopus
929 650 1079 727 Cynensis
1095 653 1125 714 in
1142 653 1309 716 Commen-

562 735 632 796 dam
653 739 688 800 ad
710 741 758 801 sui
774 741 871 804 vilarn
893 760 931 805 ex
950 746 1148 808 concessione
1163 753 1194 810 et
1209 749 1309 828 dispo-

561 828 673 892 sitione
695 833 866 908 apostolicis
888 837 922 899 ad
945 853 1088 914 praesens
1110 840 1246 914 obtinet,
1270 858 1307 903 ex

561 921 645 984 illius
670 941 800 1003 persona
824 932 1008 993 commenda
1038 931 1216 996 huiusmodi
1245 953 1309 997 ces-

560 1021 647 1077 sante
668 1019 779 1094 quovis
808 1023 899 1083 modo
920 1025 1094 1100 vacaverit,
1124 1027 1306 1104 pensionem

559 1123 697 1171 annuam
727 1112 765 1173 ab
792 1115 879 1175 omni
907 1116 1024 1178 decima
1055 1126 1086 1178 et
1112 1120 1221 1196 quavis
1248 1120 1305 1182 alia

559 1201 722 1267 fructuum
753 1217 838 1284 parte
859 1225 892 1269 ac
914 1209 982 1270 aliis
1014 1211 1174 1288 quibusvis
1205 1213 1307 1274 oneri·

560 1293 617 1356 bus
629 1305 660 1358 01
676 1297 925 1377 impositionibus
946 1305 1108 1366 ordinariis
1123 1314 1154 1367 01
1168 1314 1304 1369 extraor-

558 1388 698 1467 dinariis,
715 1393 808 1456 etiam
829 1395 925 1471 vulgo
947 1396 1173 1460 Bonctcucnzo
1194 1409 1226 1460 01
1247 1401 1305 1462 Co·

560 1487 644 1544 tosto
673 1495 725 1549 aut
751 1487 824 1549 alias
846 1489 955 1568 quovis
985 1491 1076 1552 ruodo
1101 1494 1303 1570 nuncupatis,

557 1578 650 1638 etiarn
673 1596 728 1658 pro
743 1585 936 1659 reparatione
951 1592 981 1646 et
996 1584 1105 1647 labrica
1122 1587 1304 1647 monasterii

556 1672 776 1750 secundodicti,
800 1690 857 1738 nec
879 1693 942 1738 non
964 1679 1096 1740 cruciata
1118 1688 1234 1754 sancta,
1251 1694 1303 1740 ex-

558 1765 713 1841 peditione
736 1777 843 1829 contra
865 1771 990 1846 Turcas,
1014 1771 1153 1834 infideles
1176 1779 1206 1834 et
1233 1773 1304 1834 bae-

492 1845 501 1866 '
556 1859 668 1920 reticos
690 1869 721 1922 et
742 1877 797 1938 pro
820 1863 986 1927 Seminarii
1015 1881 1186 1944 puerorum
1207 1867 1304 1928 eccle-

554 1951 666 2014 siaslici
699 1953 886 2017 Salernitani
915 1967 945 2020 01
978 1958 1081 2019 0100010
1110 1958 1301 2021 Triremium

555 2048 795 2108 manutentione
821 2058 910 2110 etex
935 2053 1043 2128 quavis
1071 2051 1128 2112 alia
1160 2055 1299 2130 urgenti,

555 2140 775 2214 urgentissima
807 2149 837 2204 et
869 2145 906 2204 de
937 2147 1118 2207 necessitate
1146 2147 1222 2208 iuris
1250 2148 1300 2209 vel

555 2230 624 2292 lacti
647 2234 849 2310 exprimenda
878 2253 978 2312 causa,
1002 2240 1143 2315 quamvis
1166 2242 1202 2300 ad
1225 2255 1300 2318 quo-

552 2340 688 2403 rumque
717 2328 895 2406 Principum
927 2331 1117 2406 instantiam,
1146 2334 1298 2395 intuitum

552 2426 583 2479 et
598 2422 906 2500 contemplationem,
924 2432 955 2486 et
970 2442 1025 2504 pro
1040 2443 1148 2488 eornm
1164 2445 1198 2490 ac
1213 2426 1299 2489 Sedis

509 2575 511 2578 ,
552 2514 744 2590 apostolicae
755 2519 989 2581 necessitatibus
1004 2520 1054 2581 vel
1065 2521 1138 2583 alias
1153 2525 1299 2586 canonice

550 2615 603 2668 aut
625 2607 662 2668 de
685 2608 765 2670 lacto
788 2625 873 2672 nunc
899 2612 1061 2690 impositis,
1083 2623 1114 2676 et
1135 2632 1191 2694 pro
1221 2626 1298 2680 tern-

551 2715 625 2778 pore
656 2701 889 2779 quomodolibet
917 2705 1128 2784 imponendis,
1158 2718 1189 2771 01
1216 2711 1298 2776 siin

551 2793 802 2870 impositionibus
824 2796 1002 2860 huiusmodi
1029 2803 1194 2879 pensiones
1215 2807 1297 2886 ipsae

549 2886 723 2966 specialiter
754 2890 804 2951 vel
833 2891 1020 2968 generaliter
1041 2907 1235 2975 00000010ος
1265 2909 1296 2964 01

549 2986 695 3042 caveatur
714 2997 858 3062 expresse
879 2988 959 3062 quod
983 2987 1018 3048 ad
1039 2989 1171 3054 decimas
1194 3003 1225 3055 01
1239 2995 1296 3057 0110

549 3088 644 3135 onera
672 3075 850 3138 huiusmodi
877 3081 1064 3156 pensionarii
1090 3084 1146 3163 ipsi
1173 3089 1296 3166 pensio·

549 3181 605 3227 nes
629 3183 699 3228 suas
728 3172 929 3246 quantumvis
960 3184 1117 3254 exemptas
1146 3179 1295 3244 babentes

549 3275 603 3337 pro
618 3265 682 3321 rata
696 3262 883 3338 pensionum
898 3283 1027 3328 suarum
1039 3271 1239 3335 contribuere
1253 3283 1295 3336 te-

463 3391 468 3404 .
548 3355 764 3429 000010ος001
780 3371 872 3418 onera
890 3360 1068 3424 huiusmodi
1084 3380 1138 3442 pro
1156 3374 1295 3447 tempore

547 3447 714 3508 existentes
735 3451 944 3514 secundodicti
970 3453 1148 3520 11000010011
1169 3461 1294 3526 abbates

548 3539 663 3617 absque
684 3555 737 3618 spe
759 3541 872 3620 aliquid
895 3562 1034 3624 unquam
1056 3569 1071 3611 a
1093 3551 1173 3615 dicto
1196 3557 1294 3622 Colle·

547 3632 599 3708 gio
614 3633 774 3709 repetendi
790 3643 844 3697 aut
859 3653 898 3698 ex
910 3642 1053 3704 terminis
1068 3648 1226 3722 pensionis
1238 3669 1293 3732 per

546 3735 722 3802 praesentes
744 3731 959 3810 reservandae,
982 3735 1188 3812 deducendae,
1212 3747 1294 3809 inte

545 3833 600 3894 gre
621 3820 727 3882 subire
748 3822 892 3898 debeant,
915 3843 949 3889 00
969 3838 1067 3908 peste,
1089 3833 1290 3917 1000000110,

545 3919 747 3990 terraemotu,
763 3917 911 3994 siccitate,
928 3923 1104 4002 sterilitate,
1120 3929 1289 4010 alluvione,

543 4005 671 4068 incursu
701 4009 853 4087 militum,
877 4012 1116 4096 depopulatione
1143 4041 1289 4102 agrorum

543 4108 574 4160 01
596 4102 805 4166 devastatione
820 4121 854 4166 ac
869 4105 1029 4172 lructuum
1042 4116 1137 4178 etiam
1148 4122 1289 4184 omnium

542 4193 707 4256 amissione
721 4213 754 4258 ac
769 4215 967 4280 quocumque
988 4205 1048 4267 alio
1070 4225 1140 4271 casu
1160 4213 1289 4277 lortnito

542 4294 573 4349 et
597 4287 756 4366 inopinato
772 4307 805 4351 ac
827 4294 1074 4377 quibuscumque
1088 4303 1155 4364 aliis
1170 4307 1202 4368 in
1218 4325 1289 4372 con·

544 4383 673 4443 trariuuu
695 4387 927 4461 quomodolibet
949 4394 1202 4471 contingentibus
1224 4419 1287 4466 000

542 4474 747 4551 obstantibus,
761 4479 872 4556 quibus
887 4485 1033 4547 omnibus
1048 4497 1078 4549 et
1089 4491 1221 4568 singulis
1232 4512 1288 4574 pro

542 4568 733 4631 renunciatis
754 4571 915 4649 habeatur,
931 4581 1072 4642 00011000
1090 4583 1180 4646 titulo
1194 4587 1288 4650 dona-

542 4659 636 4722 tionis
664 4678 759 4739 purae
780 4672 811 4726 et
832 4666 1052 4748 irrevocabilis,
1075 4691 1154 4754 quae
1175 4680 1287 4745 dicitur

543 4753 609 4814 deri
632 4755 712 4818 inter
733 4758 831 4834 vivos,
848 4761 969 4824 etiamsi
986 4770 1161 4844 praemissis
1175 4783 1206 4835 et
1221 4776 1286 4837 aliis

540 4847 695 4910 similibus
726 4854 854 4914 cautelis
882 4858 1057 4933 specialiter
1083 4871 1114 4923 01
1141 4883 1285 4944 expresse

540 4941 720 5017 derogatum
748 4945 798 5018 sit,
824 4947 871 5008 vel
895 4949 928 5008 in
955 4961 1114 5028 posterum
1136 4960 1284 5038 derogare

540 5035 820 5115 contingat,utque
842 5043 949 5117 pensio
971 5060 1026 5122 per
1049 5061 1222 5124 praesentes
1237 5073 1284 5116 rc·

538 5129 687 5189 servanda
716 5147 754 5191 ex
779 5135 888 5210 quavis
916 5153 1003 5200 causa
1035 5142 1129 5206 etiam
1156 5147 1283 5212 iuridica

538 5225 569 5279 et
592 5219 740 5298 legitima,
765 5226 813 5302 pia
834 5244 867 5290 ac
894 5231 1089 5310 privilegiata
1109 5248 1140 5300 ct
1161 5243 1281 5319 speciali

538 5321 611 5374 uota
632 5315 724 5390 digna
746 5321 828 5380 etde
850 5325 1031 5387 necessitate
1048 5329 1124 5392 iuris
1145 5334 1196 5394 vel
1211 5334 1282 5398 lacti

538 5407 666 5468 omnino
687 5411 899 5490 exprimenda,
916 5423 1067 5496 nequead
1085 5435 1282 5501 praetensum

538 5498 852 5579 inadimplementum
879 5525 990 5572 eorum
1019 5530 1155 5591 quorum
1181 5536 1279 5596 causa,

538 5600 571 5652 ut
588 5593 679 5670 inira,
695 5610 884 5677 reservatur,
901 5605 936 5664 ad
954 5605 1110 5669 minorem
1125 5627 1279 5674 summam

537 5687 654 5762 reduci,
677 5691 845 5768 annullari,
859 5695 909 5757 vel
923 5698 1098 5777 invalidam,
1114 5719 1216 5782 neque
1230 5706 1281 5766 ad-

537 5793 646 5840 versus
670 5781 901 5864 inlrascriptum
928 5791 1279 5873 inadimplementuma

536 5886 593 5952 pro
614 5880 755 5953 tempore
776 5879 930 5944 existente
945 5886 1155 5952 secundodicti
1176 5891 1278 5954 Mona·

1086 519 1151 580 iun.
1175 535 1265 582 ronr.
1289 532 1330 581 un
1351 527 1379 581 r.
1404 521 1434 582 r.
1458 539 1541 584 vans
1563 525 1584 584 l.

1365 656 1453 718 sterii
1480 657 1597 732 abbate,
1621 675 1675 721 seu
1703 661 1967 727 commendatario
1989 666 2039 728 vel
2061 668 2109 730 ad-

1368 749 1577 812 ministratore
1604 751 1771 831 quidquam
1797 757 1895 835 excipi
1924 759 2010 821 nuito
2042 760 2110 822 iure

1366 842 1516 920 nulloque
1538 847 1627 906 modo
1644 847 1750 924 possit,
1767 851 1819 911 sed
1840 867 1964 930 semper
1978 859 2009 914 et
2024 855 2109 915 omni

1366 942 1505 1012 tempore
1527 939 1650 1014 integre
1672 947 1703 1000 et
1724 941 1838 1019 absque
1854 943 1915 1004 ulla
1938 945 2030 1007 etiam
2053 948 2110 1008 mi·

1365 1028 1450 1088 nirna
1481 1029 1690 1093 diminutione
1720 1033 1884 1110 debeatur,
1913 1053 1947 1098 ac
1974 1037 2047 1100 alias
2075 1041 2106 1101 in

1364 1120 1509 1182 omnibus
1530 1130 1562 1183 et
1583 1139 1640 1201 per
1661 1127 1764 1187 omnia
1790 1136 1821 1190 01
1846 1131 1975 1192 omnino
1999 1135 2108 1209 quovis

1363 1213 1455 1298 modo
1483 1217 1635 1278 vacaverit
1664 1219 1771 1294 pensio
1799 1237 1900 1283 annua
1922 1226 2019 1300 quoad
2043 1242 2106 1287 om-

1364 1305 1413 1367 nia
1435 1306 1541 1384 libera,
1568 1311 1719 1372 immunis
1746 1322 1777 1374 et
1799 1324 1940 1393 exempta
1969 1317 2055 1379 mille
2076 1329 2107 1381 et

1363 1398 1536 1462 biscoctum
1558 1404 1738 1465 ducatorum
1756 1416 1901 1470 monetae
1914 1409 2014 1486 Regni
2030 1411 2105 1473 Nea-

1362 1492 1489 1568 politani
1511 1510 1605 1571 super
1626 1497 1771 1559 omnibus
1792 1508 1824 1560 01
1843 1501 1975 1578 singulis
1995 1520 2104 1568 secun-

2142 525 2196 583 An.
2212 531 2248 582 0.
2272 529 2345 580 1764

1361 1583 1474 1647 dodicti
1502 1587 1677 1650 Monasterii
1704 1590 1870 1668 fructibus,
1899 1595 2047 1659 reditibus
2073 1609 2105 1662 01
2160 1609 2165 1620 ”

1361 1680 1562 1754 proventibus
1588 1684 1678 1743 certis
1699 1691 1730 1744 et
1752 1685 1889 1762 incertis,
1912 1689 2104 1754 0110100100-

1360 1786 1415 1848 per
1437 1772 1592 1835 1111001100
1620 1779 1783 1853 pensiones
1804 1796 1928 1843 annuae
1948 1783 2014 1845 aliis
2035 1802 2103 1864 per·

1359 1865 1442 1926 sonis
1454 1877 1629 1931 reservatae
1644 1871 1788 1946 existant,
1801 1891 1876 1951 quas
1891 1883 2102 1953 praesentibus

1359 1958 1463 2020 baberi
1485 1960 1630 2022 volumus
1645 1979 1700 2041 pro
1718 1981 1874 2043 expresso,
1890 1979 1942 2031 aut
1958 1972 1989 2034 in
2005 1985 2102 2050 poste-

1359 2067 1428 2112 rum
1451 2053 1613 2132 apostolica
1645 2060 1827 2122 auctoritate
1851 2066 2005 2128 reservari
2031 2085 2103 2131 con·

1359 2145 1469 2222 tingat,
1493 2149 1593 2210 eidem
1616 2149 1753 2227 collegio
1773 2160 1805 2214 01
1828 2171 1883 2232 pro
1905 2175 1942 2220 eo
1962 2161 2100 2225 eiusdem

1358 2238 1488 2315 Collegii
1510 2248 1541 2302 et
1569 2243 1826 2320 congregationis
1854 2252 2025 2327 praedictae
2051 2272 2103 2318 su-

1357 2333 1471 2408 periori
1501 2349 1555 2412 pro
1588 2343 1729 2415 tempore
1757 2339 1918 2419 existenti,
1942 2353 1995 2407 aut
2016 2348 2101 2411 illius

1356 2429 1546 2501 procuratori
1562 2428 1597 2489 ad
1614 2432 1670 2492 troc
1685 2432 1723 2492 ab
1737 2434 1848 2495 eodem
1859 2438 2019 2514 superiore
2032 2458 2101 2520 spe·

1356 2517 1431 2580 ciale
1454 2520 1632 2584 mandatum
1661 2525 1798 2601 babenti,
1815 2542 1869 2604 per
1884 2530 1957 2592 dicti
1984 2533 2099 2597 Nicolai

1356 2609 1479 2671 Xaverii
1503 2612 1642 2691 Episcopi
1663 2631 1854 2681 successores
1875 2628 2100 2690 monasterium

1354 2704 1608 2768 secundodictum
1630 2724 1685 2786 pro
1707 2721 1846 2790 tempore
1868 2721 2099 2794 quomodolibet

1354 2795 1541 2873 obtinentes,
1555 2810 1609 2863 aut
1623 2801 1707 2864 111100
1718 2802 1836 2868 1000100
1847 2808 2097 2893 subcollectores,

1353 2904 1407 2949 000
1420 2889 1696 2970 administratores,
1709 2896 1804 2960 etiam
1815 2915 1870 2978 pro
1882 2910 2023 2984 ternpore
2035 2910 2098 2970 exi-

1352 2991 1480 3059 stentes,
1504 2985 1593 3047 annis
1614 2988 1745 3065 singulis
1767 2991 1798 3053 10
1817 2993 1942 3056 civitate
1957 2997 2097 3079 Neapoli-

1355 3083 1422 3136 tana
1443 3076 1560 3140 duabus
1585 3081 1763 3159 aequalibus
1787 3085 2010 3153 solutionibus:
2036 3111 2097 3157 una

1353 3168 1496 3231 videlicet
1512 3172 1544 3232 in
1562 3172 1683 3236 Domini
1695 3177 1793 3238 nostri
1807 3177 1875 3242 lesu
1888 3183 2002 3246 Gbristi
2014 3196 2044 3250 et
2055 3189 2098 3251 01-

1354 3271 1416 3322 1000
1431 3263 1636 3329 solutionibus
1652 3269 1829 3333 huiusmodi
1844 3274 1875 3335 in
1892 3275 1994 3340 Sancti
2010 3279 2096 3344 Ioan-

1351 3355 1399 3416 nis
1421 3355 1574 3434 Baptistae
1595 3362 1794 3426 nativitatum
1809 3364 2045 3452 lestivitatibus;
2063 3375 2095 3439 in

1351 3448 1445 3510 altera
1468 3467 1507 3512 ex
1530 3462 1604 3516 tunc
1625 3456 1766 3533 proxima
1781 3460 1932 3525 dictarum
1947 3465 2097 3532 testivita-

1352 3551 1420 3603 tum
1442 3545 1535 3606 etiam
1559 3547 1640 3610 bisce
1660 3553 1871 3626 praesentibus
1886 3565 2095 3642 protempore

1350 3638 1498 3699 existenti
1512 3642 1720 3706 secundodicti
1732 3645 1909 3711 Monasterii
1920 3654 2032 3734 abbati,
2044 3659 2094 3720 vel

1350 3731 1623 3810 commendatario,
1646 3743 1699 3798 aut
1720 3755 1901 3820 oeconomo,
1922 3763 1978 3810 000
1999 3753 2094 3813 admi-

1349 3823 1509 3886 nistratori
1532 3827 1662 3890 miuime
1680 3831 1841 3910 intimatis,
1855 3853 1889 3898 ac
1902 3844 2093 3917 possessione

1349 3931 1403 3994 per
1424 3935 1614 3983 successores
1635 3927 1806 4001 praedictos
1835 3931 1935 3994 babita
1957 3935 2007 3998 vel
2027 3953 2092 4000 non

1349 4010 1448 4072 babita
1466 4029 1500 4074 ac
1516 4012 1570 4074 lite
1583 4031 1778 4098 quacumque
1793 4023 1925 4103 desuper
1939 4031 2093 4093 movenda

1347 4104 1500 4166 dictorum
1516 4123 1728 4172 successorum
1743 4117 1918 4193 sumptibus
1933 4128 1963 4181 et
1978 4136 2092 4201 expen-

1346 4195 1387 4256 sis
1398 4200 1529 4261 omnino
1541 4207 1763 4282 prosequenda,
1776 4225 1810 4270 ac
1820 4225 2093 4295 quorumcumque

1345 4289 1405 4350 alio
1426 4292 1649 4371 impedimento
1665 4300 1758 4360 etiam
1774 4301 1915 4378 legitimo
1930 4310 2091 4372 00101010-

1346 4393 1394 4445 cto
1406 4401 1461 4463 pro
1474 4393 1612 4466 tempore
1623 4393 1855 4467 quomodolibet
1866 4401 2013 4475 praestito
2025 4419 2089 4465 non

1344 4477 1496 4554 obstante,
1509 4489 1539 4542 et
1549 4482 1591 4543 sic
1601 4487 1771 4546 successive
1784 4489 1822 4549 de
1833 4505 1914 4552 0000
1926 4493 2089 4566 inannum

1344 4581 1375 4633 et
1398 4574 1532 4634 termino
1544 4575 1576 4636 in
1592 4579 1774 4654 terminum,
1792 4583 1901 4660 vigore
1924 4597 2089 4653 10100000-

1343 4669 1489 4728 rumdam
1520 4671 1741 4748 praesentium,
1765 4689 1823 4737 nec
1844 4678 1927 4756 alias,
1950 4682 2088 4763 alioquin

1343 4775 1487 4836 praesens
1508 4765 1677 4825 reservatio
1699 4769 1784 4829 nulla
1799 4770 1849 4832 sit.
1868 4773 1912 4834 Eo
1928 4776 1992 4854 ipso
2007 4779 2087 4841 inte·

1343 4867 1409 4928 gri),
1425 4863 1588 4933 postquam
1611 4865 1714 4920 tamen
1738 4868 1962 4930 monasterinm
1976 4887 2087 4935 secun·

1341 4948 1498 5009 dedictum
1520 4965 1559 5009 ex
1581 4967 1710 5029 persona
1728 4954 1866 5019 eiusdem
1889 4959 2005 5025 Nicolai
2028 4967 2086 5029 Xa-

1342 5041 1418 5099 verii
1431 5041 1568 5120 Episcopi
1582 5045 1648 5106 eius
1660 5051 1842 5111 commenda
1854 5066 1990 5119 cessante
2002 5075 2084 5122 vaca·

1341 5135 1423 5195 verit
1437 5143 1468 5195 et
1483 5151 1546 5197 non
1562 5137 1646 5215 alias,
1661 5154 1718 5200 nec
1732 5149 1821 5205 antea
1837 5150 2083 5230 persolvendam,

1339 5228 1502 5304 apostolica
1524 5233 1705 5295 auctoritate
1730 5240 1882 5314 praedicta
1904 5249 2085 5310 earumdem

1341 5325 1449 5382 tenore
1471 5326 1682 5399 praesentium
1697 5335 1856 5408 perpetuis
1871 5333 1986 5399 tuturis
2010 5349 2083 5402 tem·

1340 5405 1463 5490 poribus
1485 5434 1692 5497 reservamus,
1715 5427 1934 5490 constituimus
1959 5435 2083 5496 010001-

1338 5522 1480 5585 000000,
1496 5513 1650 5575 010111000
1671 5517 1775 5594 itaque
1796 5525 2083 5589 100000100100000-

1337 5603 1557 5666 cundodictum
1589 5618 1754 5685 vacaverit,
1786 5618 1820 5672 ut
1848 5615 2023 5691 praefertur
2052 5618 2111 5685 01

1337 5701 1555 5762 reservationis
1570 5705 1747 5766 huiusmodi
1763 5707 1846 5769 locus
1861 5709 1958 5774 lactus
1973 5715 2079 5792 luerit,

1335 5805 1391 5868 per
1413 5795 1535 5857 easdem
1556 5809 1732 5874 praesentes
1747 5803 1977 5883 constituimus
1995 5824 2080 5886 prae·

1335 5887 1466 5960 cipimus
1488 5898 1517 5949 et
1540 5893 1721 5954 mandamus
1749 5898 1842 5973 quod,
1872 5909 1995 5974 praeter
2022 5921 2082 5968 nu·
