1421 1946
165 247 182 259 Δι.
187 245 198 258 Ο4
207 244 235 257 17⁷1

577 246 648 258 CLEHENS
660 247 691 258 imi.

249 277 264 292 in
275 276 346 292 manibus
363 277 419 292 nostris
430 279 485 296 sponte
501 277 556 292 factam
567 278 582 291 et
592 280 620 295 per

248 304 274 315 nos
284 300 366 315 admissam
377 300 443 315 Pastoris
451 300 505 316 solatio
516 300 588 315 destituta
596 304 619 315 re-

248 322 321 343 periatur.
333 323 363 339 Nos
374 323 391 338 ad
402 323 469 339 celerem
482 325 497 339 et
508 323 568 339 reticem
579 323 619 338 eius-

247 347 281 362 dem
292 346 364 362 ecclesiae
378 347 483 366 provisionem
494 347 509 362 in
521 351 550 366 qua
566 346 619 362 nullus

247 371 306 389 praeter
320 374 348 385 nos
359 370 386 385 bac
397 370 431 385 viee
442 374 459 385 se
473 370 578 385 intromittere
593 373 619 389 po·

247 394 276 409 tuit
291 393 325 409 sive
340 395 395 413 potest,
412 393 517 409 reservatione
527 395 543 409 et
557 393 619 409 deci-eto

246 416 356 432 obsistentibus
369 417 450 436 praedictis
465 416 533 436 paternis
547 421 564 432 ac
577 416 618 432 solli-

245 440 279 456 citis
289 440 344 456 studiis
358 440 466 458 intendentes,
478 442 511 459 post
521 440 618 455 deliberatio-

246 467 282 479 uam
292 468 338 483 quani
349 463 368 479 de
375 463 477 483 praesidendo
484 463 535 479 eidem
546 463 618 479 ecclcsiae

246 491 327 506 personam
339 486 393 502 utilem
409 491 426 502 ac
437 487 531 502 fructuosam
545 490 581 502 eum
592 490 618 501 ve-

245 510 340 525 nerabilibus
351 510 423 525 [iatritius
434 510 489 525 nostris
501 510 516 526 S.
525 510 543 525 R.
553 510 570 525 E.
582 510 617 525 Gai·-

245 532 399 552 tlinalibus‘negotiis
410 533 517 553 l’iopassanrlae
523 533 565 549 Fidei
575 537 618 552 prae-

245 557 297 576 positis
308 556 390 572 babuimus
397 556 495 575 diligentem,
503 557 566 572 demum
577 556 594 572 ad
603 558 617 571 te

236 580 362 599 >Pi-aesoyieruin
373 580 466 598 Ai'menum,
477 580 503 599 qui
514 580 552 595 olim
563 580 579 595 iu
590 580 617 595 liac

244 604 284 619 alma
294 604 335 619 Urbe
345 606 396 619 nostra
404 603 468 622 Collegii
479 603 536 619 Urbani
544 603 617 619 alumnus

244 627 292 645 suisti.
300 629 316 642 et
324 627 379 642 Doctor
386 627 402 642 in
408 631 449 642 sacra
455 626 543 645 Theologia,
549 631 565 642 ac
572 626 617 641 modo

244 651 260 666 in
271 650 334 666 civitate
344 650 416 670 Alepensi
427 650 530 665 Missionarius
542 649 616 669 Apostoli-

243 678 276 693 eus,
284 675 326 689 etex
337 673 407 693 legitimo
419 673 518 689 matrimonio
528 675 616 693 procreatus

243 701 260 713 ac
270 697 287 712 in
299 697 368 716 legitima
378 698 428 712 aetate
438 697 537 715 constitutus,
544 696 616 712 omnibus

243 722 277 737 aliis
290 720 389 740 qualitatibus
401 721 478 740 praeditus
490 720 548 738 existis,
562 722 578 736 et
591 720 615 736 cui

243 745 282 764 apud
294 749 322 760 nos
333 745 351 760 de
367 744 407 759 vitae
418 744 499 762 munditia,
513 744 588 763 probitate
599 748 616 758 ai:

242 769 324 784 honestate
334 772 402 786 morum,
411 767 466 787 pietate
477 770 492 782 ei
503 767 585 782 catholicae
593 771 616 782 re-

244 792 306 811 ligionis
321 791 360 809 zelo,
371 795 388 806 ac
398 791 502 810 spiritualium
520 790 615 810 providentia

243 817 258 831 et
272 814 382 834 temporalium
396 814 538 834 circumspectione,
552 814 616 834 aliisque

243 838 348 858 multiplicum
360 837 437 853 virtutum
448 837 492 853 ilonis
500 838 530 853 {lde
541 838 585 856 digna
594 840 615 853 te-

242 862 316 877 stimonia
324 861 430 881 perhibentur,
437 861 521 876 direximus
528 861 581 876 oculos
588 865 616 876 no-

242 888 283 900 strae
294 885 356 903 inentis,
367 885 424 904 quibus
435 885 507 900 omnibus
518 884 568 900 debita
579 889 615 900 con-

242 908 336 924 sideratione
351 908 423 928 pensatis,
436 910 451 923 te
461 913 469 923 a
480 908 560 927 quibusvis
571 912 615 923 exco-

243 932 361 950 municaiionis,
377 931 482 951 suspensionis
498 933 514 946 et
530 931 614 950 interdicti,

241 955 307 975 aliisque
317 954 422 970 ecclesiasticis
429 955 517 973 sententiis,
524 955 592 970 censuris
600 957 615 970 et

242 979 295 999 poenis
306 983 314 994 a
325 979 359 994 iure
370 978 395 993 vel
406 978 424 993 ab
435 978 499 994 homine
509 978 563 998 quavis
573 982 615 994 oeca-

241 1002 285 1018 sione
296 1002 321 1017 vel
331 1006 376 1017 causa
391 1001 430 1020 latis.
441 1002 454 1017 si
465 1002 520 1021 quibus
531 1002 615 1022 quomodo—

242 1026 280 1041 libet
290 1025 374 1041 innodatus
385 1025 446 1044 existis,
458 1026 476 1041 ad
488 1026 560 1041 ellectum
572 1029 614 1045 prae-

241 1049 310 1065 sentium
321 1049 401 1064 dumtaxat
411 1049 547 1068 consequendum,
559 1050 614 1065 narum

241 1076 282 1088 serie
297 1071 394 1087 absolventes
405 1074 420 1087 et
430 1072 517 1088 absolutum
533 1072 565 1088 [oie
579 1077 614 1088 een·

241 1097 299 1114 sentes,
305 1095 356 1111 eidem
364 1095 488 1115 Metropolitanae
495 1096 570 1111 Ecclesiae
576 1096 614 1111 Mai·—

242 1119 295 1134 dinen.
308 1118 328 1134 de
340 1122 404 1138 persona
418 1120 443 1134 tua
457 1119 500 1134 nobis
511 1122 527 1134 et
542 1119 614 1135 tratribus

242 1142 299 1157 nostris
313 1141 394 1161 praedictis
408 1142 427 1157 ob
442 1144 505 1158 tuorum
519 1142 613 1162 exigentiam

242 1165 335 1181 meritorum
345 1167 411 1184 accepta,
420 1166 439 1181 de
446 1165 512 1181 iratrum
523 1166 613 1181 eorumdem

241 1188 306 1204 concilio
317 1188 407 1204 auctoritate
418 1189 499 1208 apostolica
508 1189 613 1208 providemus,

242 1214 288 1231 teque
304 1211 326 1227 illi
342 1212 357 1227 in
373 1212 464 1231 Episcopum
481 1213 583 1232 praeficimus,
599 1215 614 1228 et

242 1235 326 1254 Pastorem,
337 1239 396 1254 curam,
409 1235 480 1254 regimen
491 1238 507 1251 et
517 1236 613 1252 administra-

242 1258 301 1274 tionem
313 1258 360 1279 ipsius
371 1258 446 1274 Ecclesiae
459 1259 543 1275 Mardinen-
556 1260 570 1275 in
583 1260 613 1279 spi-

242 1282 322 1297 ritualibus
337 1283 352 1297 et
367 1282 477 1301 temporalibus
492 1282 560 1302 plenarie
572 1287 613 1298 cniu-

242 1305 324 1324 mittendo,
331 1305 346 1320 in
354 1305 381 1320 illo
388 1305 414 1325 qui
422 1305 447 1321 ‹lat
458 1307 514 1324 gratias
525 1308 540 1321 et
548 1306 614 1325 largitur

242 1329 308 1348 praemia
314 1328 460 1348 eonii‹lentes.qiioil
467 1329 613 1348 dirigentettomino

242 1354 283 1367 actus
294 1354 328 1367 tuos
336 1352 419 1368 Ecclesiam
427 1353 518 1372 praedictam
527 1353 611 1369 Mai-dinen.

241 1375 269 1391 sub
280 1377 307 1390 tuo
317 1375 358 1391 {elici
369 1375 446 1395 gubernio
457 1378 521 1395 regetur
531 1377 590 1393 utiliter
598 1380 613 1393 et

242 1403 313 1418 prospere
323 1398 428 1418 dirigenti-,ac
435 1402 477 1418 graia
488 1400 504 1415 in
515 1400 572 1416 eisdem
583 1401 613 1421 spi-

241 1422 322 1438 ritualibus
332 1424 348 1438 et
360 1423 470 1442 temporalibus
481 1423 552 1443 suscipiet
564 1424 613 1440 incre-

242 1448 297 1461 menta.
310 1446 365 1465 iugum
375 1446 423 1465 igitur
436 1446 497 1462 Domini
510 1447 541 1462 tuis
552 1447 614 1467 imposi—

242 1471 274 1484 tnm
279 1469 350 1484 humeris
357 1472 427 1489 prompta
433 1470 515 1486 devotione
521 1471 612 1490 suscipiens,

241 1497 298 1511 euram,
307 1493 378 1512 regimen
388 1495 404 1508 et
413 1493 561 1509 administrationem
570 1499 613 1514 prae>

241 1515 286 1531 dictas
297 1516 318 1532 sic
329 1520 400 1532 exercere
411 1516 472 1532 studeas
482 1517 553 1536 sollicite,
565 1518 612 1533 tideli-

242 1541 264 1555 ter
270 1543 286 1555 ac
294 1540 384 1559 prudenter,
391 1542 408 1555 ut
416 1540 436 1556 Ec
495 1545 519 1560 psa
526 1541 610 1557 Mardiiien.

242 1563 339 1581 gubernatori
354 1563 418 1583 provido
428 1566 444 1579 ct
455 1564 533 1580 fructuoso
546 1565 611 1580 admini-

241 1587 300 1602 stratori
307 1587 372 1606 gaudeat
377 1591 394 1602 se
399 1587 503 1606 commissam,
510 1590 563 1607 tuque.
570 1592 612 1608 prae>
625 1597 627 1603 v

291 1623 317 1634 hir.
327 1623 361 1635 Peru.
369 1623 385 1635 a«
393 1624 429 1639 Pmp.
438 1624 468 1636 ride
475 1624 516 1636 nattis
524 1625 532 1637 i.
541 1624 567 1636 vei.
576 1625 595 1636 ivv

983 243 1011 259 169

649 278 672 291 ter
684 276 755 292 eoelestis
768 277 875 293 retributionis
887 277 979 297 praemium,
993 281 1020 292 no-

648 301 695 315 sti-ain
706 301 722 315 et
733 300 828 319 Apostolicae
841 299 884 316 Sedis
897 300 1020 316 benedictionem

648 324 663 338 et
674 323 739 342 gratiam
750 323 806 339 exinde
820 324 894 344 consequi
908 324 988 340 merearis.
999 324 1020 340 Ac

648 345 675 361 alia
686 350 726 366 quae
737 346 753 362 in
766 348 800 362 tuae
811 347 924 363 commoditatis
935 351 1021 366 augumen-

648 371 681 384 tum
688 369 742 385 cedere
749 372 819 389 possunt,
826 370 931 386 favorabiliter
938 370 1021 386 intenden-

648 395 676 411 tes,
688 393 721 412 tibi,
737 395 754 409 ut
764 398 772 408 a
786 394 871 409 venerabili
885 394 932 410 tratre
947 394 1020 409 Michaele

647 416 692 432 Petro
703 416 728 432 lll.
740 416 826 433 Pati-iareim
840 418 945 433 Armenorum
958 417 1020 433 Ciliciae

647 440 741 459 provinciae.
750 440 866 460 Mesopotamiae
877 441 894 456 ad
906 441 1020 461 beneplacitum

648 462 693 478 huius
705 463 769 479 Sanctae
779 463 822 479 Sedis
829 464 955 479 administratore
963 464 1019 482 accitis,

647 488 662 501 et
673 486 689 501 in
701 486 729 502 boc
741 486 762 502 illi
774 487 879 503 assistentibus
889 487 949 503 duobus
960 487 1020 507 Episco-

647 509 677 528 pis,
692 510 717 525 vel
732 509 764 525 loco
778 514 833 526 eorum
848 511 908 526 duobus
926 510 1020 530 presbyteris

646 532 746 552 secularibus,
757 537 785 549 seu
796 533 863 549 cuiusvis
876 534 938 550 Ordinis
948 536 964 549 et
975 533 1019 549 lusti-

648 556 677 571 tuti
683 556 791 575 Regularibus,
799 557 863 576 gratiam
869 559 885 573 et
892 557 1019 573 cummunionem

646 579 695 595 (lictae
706 579 749 595 Sedis
762 580 860 598 habentibus,
874 584 931 596 muniis
941 584 1019 596 eonsecra-

647 602 693 618 tionis
707 603 775 622 recipeie
789 603 837 619 libere
850 604 903 623 possis*
918 604 979 623 ipsique
993 604 1019 619 Pa-

647 626 722 641 triurcliae
739 629 755 642 ut
766 627 832 646 receptis
843 631 850 642 a
862 629 877 642 te
892 627 926 642 fidei
938 627 1019 643 catholicae

647 649 741 668 profess-ioue
752 649 793 665 iuxta
808 650 880 665 articulos
891 650 950 670 pridem
961 655 968 665 a
980 650 1019 666 Sede

646 672 731 691 Apostolica
747 673 831 692 propositos
842 678 858 689 ac
873 675 925 689 nosti-o
938 675 953 689 et
964 674 1018 689 Rorna-

646 700 675 711 nae
686 696 761 711 Ecclesiae
769 697 832 712 nomine
841 696 917 712 tiilelitatis
928 697 988 712 debitae
995 701 1019 712 so-

646 719 673 734 lito
689 719 786 738 iuramento,
805 724 862 735 munus
879 720 973 739 praedictum
991 721 1018 736 tibi

645 743 735 758 auctoritate
747 746 797 759 nostra
809 744 899 763 impendere
910 744 951 759 licite
962 744 1017 763 valeat,

645 765 706 785 plenam
713 768 729 781 et
736 766 799 782 liberam
808 768 861 782 tenore
869 767 974 786 praesentium
982 771 1017 782 con-

644 789 714 804 cedimus
725 789 817 805 facultatem.

664 812 674 831 ὅ
684 812 698 827 2.
711 812 787 828 Volumus
794 815 846 828 autem
854 815 869 829 et
881 814 972 829 auctoritate
983 818 1017 834 apo-

644 835 697 851 stolica
707 836 796 855 statuimus,
804 839 850 856 atipie
857 837 961 856 decernimus,
970 838 1016 857 quod,

645 858 674 873 nisi
686 859 751 879 receptis
762 864 769 874 a
781 862 795 875 te
806 864 834 879 per
845 860 947 876 Patriarcliam
958 861 1017 881 praedi-

644 884 687 897 ctum
698 882 786 898 iuramento
796 887 813 899 ac
823 883 858 898 fidei
869 883 963 903 professione
974 888 1017 904 prae-

644 905 694 924 dictis,
709 906 749 921 idem
762 906 848 921 l‘atriarclia
859 910 917 922 munus
928 907 1015 923 liuiusmodi

645 929 671 944 tibi
687 929 782 949 impendere,
794 934 810 945 ac
824 932 840 945 tu
852 930 889 946 illud
903 930 925 946 sic
939 931 1016 951 suscipere

644 953 784 972 praesumpseritis,
792 953 841 968 dictus
848 953 933 969 Patriarclia
940 958 947 969 a
955 954 1016 974 pontili-

644 976 679 991 calis
690 976 735 992 oflicii
746 976 824 995 exercitio,
834 978 850 992 et
861 979 891 992 tam
902 978 934 997 ipse
944 982 990 997 quam
999 980 1016 994 tu

644 1003 651 1014 a
662 1000 740 1018 regimine
754 1002 769 1015 et
783 1000 926 1020 administratione,
942 1003 973 1016 tam
986 1002 1016 1021 spi-

644 1022 724 1038 ritualium
735 1027 781 1042 quam
793 1024 906 1043 temporalium.
916 1024 1015 1040 ecclesiarum

644 1048 730 1062 vestrarum
738 1050 808 1066 suspensi
817 1047 850 1062 sitis
861 1051 879 1062 eo
887 1048 923 1067 ipso.
936 1048 1015 1064 Praeterea

644 1069 725 1088 volumus,
744 1072 760 1085 ut
775 1070 873 1089 professionis
889 1071 924 1086 fidei
940 1076 948 1086 a
964 1073 979 1087 te
994 1072 1016 1087 sic

642 1093 707 1108 emissae
718 1095 733 1108 et
744 1093 828 1109 iuramenti
839 1098 847 1108 a
855 1096 870 1109 te
880 1095 948 1114 praestiti
959 1095 1015 1111 foi-inas

643 1116 659 1131 iu
673 1115 750 1136 publieain
764 1119 779 1132 et
790 1117 895 1133 authenticam
906 1118 971 1134 [ui-mam
981 1119 1015 1134 sine

643 1140 703 1155 mendis
715 1140 779 1155 redactis
792 1140 811 1155 de
824 1141 871 1156 verbu
882 1141 899 1156 ad
911 1141 977 1157 vai-bum
988 1146 1015 1162 pei·

644 1165 676 1178 tuas
688 1166 758 1183 patentes
766 1163 817 1179 literas
824 1165 851 1179 tuo
859 1164 909 1183 sigillo
921 1165 987 1180 munitas
997 1166 1014 1181 ad

643 1191 671 1202 nos
682 1191 708 1206 per
720 1186 800 1206 proprium
812 1187 887 1203 nuntium
901 1191 959 1207 quanto
969 1189 1015 1204 citius

643 1210 720 1225 destinare
731 1214 808 1230 procures.
826 1210 860 1226 Nou
874 1211 970 1227 obstantibus
980 1216 1015 1231 apo-

642 1233 699 1249 stolivis
709 1238 726 1249 ac
737 1234 753 1249 in
764 1234 878 1249 universalibus
889 1235 1015 1254 provincialibus-

643 1261 673 1277 que
684 1259 699 1272 et
710 1257 809 1276 smodaiibus
819 1257 888 1273 conciliis
896 1258 940 1274 editis
950 1262 1014 1278 genera-

643 1280 682 1296 libus
700 1280 725 1296 vcl
742 1280 832 1300 specialibus
847 1281 983 1298 constitutionibus
998 1286 1013 1298 et

642 1303 770 1322 ordinationibus,
782 1304 877 1324 eaeterisque
889 1306 970 1320 contrariis
981 1306 1014 1325 qui-

643 1328 742 1347 [tuscumque

663 1351 717 1366 Datum
732 1351 796 1369 ltomae,
810 1351 849 1370 apud
864 1351 879 1367 S.
894 1352 956 1367 itai-iam
969 1353 1014 1368 Maio-

643 1379 682 1393 ieiii,
693 1375 722 1390 suh
734 1374 791 1390 annulo
799 1375 879 1390 t’iscatoris
892 1376 916 1391 ilie
928 1380 954 1391 xx,
963 1377 1013 1392 martii

642 1402 736 1417 Miscet-itu,
748 1398 845 1418 pontitlcatus
856 1400 905 1415 nestri
918 1404 959 1415 anno
969 1405 993 1416 iii.

813 1495 844 1511 xit.

641 1542 715 1561 Separat,
722 1542 770 1557 iuxta
779 1542 849 1560 ruoilum,
856 1547 865 1558 t!
873 1543 955 1562 provincia
964 1543 979 1559 S.
987 1543 1014 1559 Di-

660 1566 697 1581 ituri
705 1565 793 1585 Colquiiim
801 1566 895 1581 missionum
905 1567 920 1582 S⁴
929 1566 1014 1582 From-ixei

660 1589 678 1604 dc
689 1589 769 1607 Pactumeiu,
784 1589 869 1608 veqviidum
881 1590 930 1605 iuxta
942 1594 1013 1606 numnam

946 1627 960 1638 η

1036 243 1063 256 An,
1070 243 1085 257 0.
1096 243 1129 257 1771

1034 816 1113 828 noctarii-ste
1121 819 1133 827 a·

1026 829 1088 843 potinum
1093 830 1133 843 amvi-

1026 842 1094 867 galrntllxM
1103 845 1132 854 mn-
