4734 7004
655 995 657 998 ,
767 851 1014 1018 illlis
1073 848 1583 1020 Podllllcll

556 1121 695 1278 Dm
741 1165 1501 1284 PROPAGANDA
1543 1171 1793 1279 12an

882 1433 1123 1539 Fames
1164 1435 1471 1520 PRIMA

1052 1637 1305 1650 m

993 1869 1233 1972 ottulfus
1261 1873 1358 1956 ΧΙΙΙ.

166 2129 253 2184 ιιι.
269 2130 349 2184 1758
604 2093 879 2188 ¹(lONSTl'lliTlO
900 2121 922 2184 l.
1056 2189 1062 2204 ‚
1202 2135 1295 2184 suum
1323 2123 1564 2206 chirographum
1594 2131 1761 2209 concessit,
1794 2133 1950 2212 permisit·
1980 2131 2169 2186 tn.c.1rae

1202 2231 1274 2294 que,
1296 2222 1332 2278 ut
1352 2216 1521 2295 hospitium
1543 2217 1673 2286 Sanctae
1689 2224 1785 2288 Rosae
1799 2225 1838 2288 de
1852 2226 1949 2306 Ocopa

382 2312 664 2396 'cuiroprapunn
694 2307 931 2390 Hispaniarum
960 2308 1046 2389 repis
1076 2323 1149 2370 con·
1203 2320 1418 2392 nuncupatum
1445 2314 1518 2378 dicti
1547 2315 1681 2395 Ordinis,
1703 2320 1801 2384 situm
1822 2321 1855 2385 in
1877 2321 1950 2400 ipsis

436 2409 553 2490 firmat
579 2406 616 2470 de
643 2404 801 2467 erectione
833 2401 966 2482 hospitii
996 2399 1028 2464 S.
1049 2399 1149 2464 lineae
1203 2405 1318 2468 linibus
1346 2413 1511 2494 terrarum,
1535 2426 1632 2488 quas
1638 2412 1779 2476 incolunt
1807 2415 1949 2478 infideles

437 2504 478 2566 de
492 2503 590 2581 Ocapa
605 2500 641 2562 in
651 2497 755 2564 indiis
771 2494 1023 2559 accidentalibus
1039 2496 1073 2557 in
1088 2494 1148 2557 ool·
1202 2498 1326 2563 illarum
1355 2489 1502 2596 partium,
1531 2505 1736 2582 erigeretur
1728 2524 1760 2570 ιιι
1781 2508 1949 2587 collegium
1991 2497 1994 2504 “

438 2595 560 2676 leqium
579 2593 771 2655 missionum
787 2605 846 2670 pra
862 2587 1044 2668 infidelibus
1058 2588 1148 2655 Indis
1202 2592 1267 2655 sire
1287 2584 1491 2659 seminarium
1512 2598 1749 2676 apostolicum·
1741 2619 1773 2664 ιιι
1795 2619 1857 2680 quo
1878 2603 1950 2666 mis

440 2686 603 2753 Peruenis
624 2685 666 2750 ad
686 2683 778 2764 pidem
799 2681 994 2746 adducendis
1015 2681 1073 2764 (l).
1202 2685 1410 2751 sionarioram
1431 2689 1525 2767 ipsius
1540 2689 1663 2754 Ordinis
1678 2697 1885 2758 communitas
1900 2697 1950 2759 de·

1203 2787 1266 2857 gat,
1281 2782 1335 2858 qui
1351 2782 1466 2844 ibidem
1482 2785 1629 2848 ludorum
1645 2785 1786 2850 idiomata
1802 2790 1949 2868 ediscere,

592 2853 778 2928 OLEMENS
801 2853 862 2923 ΡΡ.
888 2851 957 2922 ΧΙΙΙ.
1202 2873 1237 2936 ad
1253 2873 1296 2934 eis
1310 2876 1592 2970 evangelizandum
1606 2888 1727 2958 praesto
1741 2899 1819 2957 esse,
1834 2891 1866 2946 et
1882 2900 1951 2962 pro·

541 2984 578 3052 qq
598 2982 731 3052 qurum„
753 2979 796 3048 pgr
826 2978 1006 3048 memoriam,
1204 2970 1326 3033 ximnm
1346 2972 1461 3035 babere
1482 2975 1600 3052 possint
1622 2974 1724 3038 locum
1746 2985 1853 3056 aptum
1868 2995 1951 3042 com·

1203 3066 1405 3145 modumque,
1428 3082 1491 3145 quo
1511 3084 1567 3146 pro
1590 3076 1730 3148 tempore
1750 3075 1895 3136 secedant
1915 3073 1949 3134 ad

179 3174 341 3224 moretm
440 3163 510 3241 sl.
540 3163 703 3227 Militantis
734 3159 888 3224 Ecclesiae
916 3156 1066 3236 regimini
1094 3171 1148 3236 per
1202 3175 1272 3222 suas
1293 3162 1442 3224 curandas
1463 3161 1686 3238 aegritudines,
1707 3172 1737 3228 et
1759 3166 1796 3228 ab
1813 3167 1950 3230 exantla-

398 3256 588 3321 inoiiabilem
609 3255 734 3319 divinae
753 3253 898 3316 bonitatis
912 3249 1147 3324 abundantiam,
1204 3253 1242 3314 lis
1262 3253 1419 3316 laboribus
1442 3271 1509 3316 sese
1531 3257 1724 3335 recreandos,
1748 3268 1838 3339 prout
1860 3261 1952 3325 babe-

397 3351 488 3416 nullo
505 3349 577 3414 licet
591 3349 779 3412 meritorum
794 3355 974 3410 nostrorum
988 3342 1147 3420 sudragio,
1204 3353 1255 3409 tur
1276 3347 1309 3410 in
1330 3349 1416 3426 regio
1446 3349 1651 3430 cbirograpbo
1679 3354 1796 3416 tenoris
1817 3371 1949 3434 sequen-

397 3444 622 3523 praesidentes,
644 3441 867 3546 religiosorum
896 3439 1038 3502 virorum
1066 3436 1149 3499 altis-
1202 3439 1253 3515 tis,
1275 3440 1649 3510 videlicetc-llEX-
1666 3445 1745 3509 Oum
1766 3448 1851 3512 inter
1872 3467 1951 3513 non·
2007 3451 2125 3500 aetenae
2145 3461 2181 3498 ra

396 3538 471 3601 simi
500 3537 656 3617 obsequiis
685 3536 744 3599 sub
770 3533 857 3598 suari
890 3529 1081 3610 religionis
1074 3545 1147 3608 rugo
1202 3533 1303 3596 nullas
1325 3535 1485 3616 variasque
1505 3541 1658 3618 expositas
1679 3543 1912 3620 praetensionos
1933 3561 1948 3604 ι
1967 3504 2182 3624 {iiffmffliffr'a'i

398 3631 657 3711 mancipatorum,
681 3629 883 3708 uberesque
876 3644 908 3690 m
935 3624 1071 3690 Ecclesia
1092 3624 1146 3688 Dei
1201 3625 1296 3689 iralre
1325 3629 1454 3710 losepbo
1476 3631 1514 3695 de
1536 3633 1648 3697 Sancto
1669 3636 1805 3698 Antonio
1826 3637 1949 3700 Ordinis
1968 3611 2180 3722 ffissfflffl

397 3724 530 3802 inactus,
552 3725 726 3804 adspirante
747 3722 875 3804 superni
889 3719 1005 3784 laveris
1019 3718 1146 3794 auxilio,
1201 3720 1360 3784 Minorum
1375 3724 1407 3788 S.
1424 3725 1589 3801 Francisci,
1606 3735 1637 3790 et
1651 3730 1861 3792 commissario
1877 3731 1950 3794 mis·

397 3819 540 3900 prolerre
560 3820 676 3896 iugiter
696 3817 904 3894 satagentium
926 3811 1095 3877 commodis
1116 3819 1148 3873 et
1200 3815 1296 3878 sionis
1321 3817 1408 3880 Cerri
1429 3819 1467 3880 de
1488 3817 1515 3880 ιι
1536 3817 1599 3898 Sel,
1622 3823 1727 3899 lanua,
1750 3823 1897 3887 Ouanuco
1919 3833 1949 3886 et

397 3913 539 3978 felicibus
559 3912 592 3975 in
614 3911 663 3973 ria
685 3911 905 3974 mandatorum
931 3907 1056 3972 Domini
1077 3923 1147 3986 pro·
1202 3909 1447 3989 Caramarquilla
1476 3914 1543 3976 eius
1573 3913 1680 3978 Ordini
1701 3918 1948 3996 commendatae,

398 4007 556 4085 gressibus
586 4007 723 4070 libenter
754 4004 966 4080 consulimus,
999 4003 1079 4064 siout
1110 4002 1145 4063 ad
1200 4002 1398 4082 supplicasset
1419 4021 1555 4086 quoque,
1578 4017 1613 4071 ut
1635 4010 1668 4072 in
1688 4010 1857 4089 collegium
1876 4015 1949 4076 mis·

397 4103 627 4182 Omnipotentis
642 4103 697 4166 Dei
712 4102 855 4181 gloriam,
871 4098 1031 4177 religionis
1047 4099 1147 4162 incre·
1200 4099 1406 4163 sionariorum
1421 4103 1623 4181 apostolicum
1639 4104 1677 4166 de
1689 4103 1886 4186 Propaganda
1900 4109 1948 4174 Fi-

398 4207 556 4277 mantum,
576 4207 608 4262 el
628 4200 803 4262 animarum
817 4196 950 4260 salutem
965 4195 998 4258 in
1015 4191 1146 4254 Oomino
1200 4192 1239 4256 de
1258 4198 1500 4262 confirmaretur
1520 4201 1691 4280 hospitium
1712 4204 1840 4267 Sanctae
1854 4205 1949 4268 Rosae

398 4294 546 4374 expedire
565 4295 766 4358 arbitramur.
1201 4295 1239 4357 de
1260 4294 1369 4373 Ocopa,
1392 4310 1431 4356 eu
1451 4311 1488 4356 eo
1509 4296 1580 4374 qnia
1607 4296 1741 4360 dubitari
1762 4314 1827 4361 non
1847 4307 1949 4404 posset

178 4395 378 4451 meam
439 4389 508 4465 §2
531 4387 653 4466 liuponi
673 4386 828 4466 siquidem
849 4383 937 4448 nobis
959 4381 1148 4462 nuperiecit
1201 4388 1239 4451 de
1260 4388 1343 4451 illins
1365 4389 1546 4452 necessitate
1565 4397 1596 4452 et
1617 4389 1761 4467 utilitate,
1777 4407 1849 4454 cum
1865 4393 1950 4454 ineo

149 4453 379 4550 ffiffimnm
398 4482 529 4545 dilectus
550 4481 633 4544 iilius
654 4479 800 4586 losepbus
820 4477 969 4542 'lorrnbia
984 4477 1080 4539 irater
1093 4491 1148 4537 ex
1201 4489 1262 4544 stet
1284 4481 1478 4561 potissimam
1502 4481 1585 4544 illius
1607 4485 1691 4546 linis
1701 4484 1891 4564 assequutio,
1914 4487 1949 4548 ad

400 4590 503 4654 presse
523 4573 689 4654 professus,
710 4589 744 4637 ac
765 4573 798 4634 in
820 4571 956 4636 R0ma¹1³
977 4570 1070 4634 Curia
1091 4584 1146 4644 lr⁰
1201 4591 1296 4655 quem
1318 4577 1514 4639 destinantur
1536 4577 1734 4654 missionarii,
1757 4579 1850 4662 qui
1833 4595 1872 4640 ex
1887 4581 1950 4642 llu-

398 4667 631 4731 ultramontana
645 4665 759 4730 lamrlra
770 4665 892 4730 Ordinis
904 4665 1061 4726 limorum
1072 4663 1146 4726 San·
1201 4686 1273 4749 rapa
1296 4670 1484 4746 mittantur;
1515 4669 1547 4732 bi
1569 4687 1705 4749 namque
1731 4674 1837 4734 statim
1860 4689 1893 4736 ec
1916 4673 1949 4735 in

397 4761 441 4824 oti
459 4761 612 4824 Francisci
627 4761 665 4824 de
679 4760 880 4825 observantia
894 4765 1145 4837 nuncupatorum
1201 4763 1331 4842 collegio
1352 4766 1415 4826 sint
1431 4765 1605 4842 constituti,
1621 4765 1709 4828 laoile
1724 4768 1871 4832 ludorum
1886 4784 1950 4844 sep-

398 4856 628 4920 commissarius
649 4855 813 4934 generalis,
836 4854 916 4934 quod
937 4869 1009 4917 cum
1029 4852 1147 4916 carissi·
1202 4871 1328 4919 monem
1349 4857 1470 4936 aliaque
1490 4859 1570 4921 scitu
1592 4861 1760 4922 necessarie
1782 4861 1817 4923 ad
1840 4861 1950 4924 buius-

398 4953 523 5015 masin
547 4949 668 5016 Obristo
698 4952 781 5016 dlius
808 4960 913 5016 noster
933 4949 1147 5014 Ferdinandus
1200 4951 1285 5013 modi
1295 4951 1506 5014 ministerium
1518 4953 1728 5016 exercendum
1739 4946 1874 5016 ediscere
1883 4970 1949 5032 pos-

398 5047 617 5125 Hispaniarum
634 5061 690 5109 rex
705 5044 873 5110 catholicus
887 5061 941 5107 sna
955 5058 1147 5123 prosequens
1200 5051 1293 5121 sunt;
1316 5051 1347 5106 et
1368 5046 1440 5124 quia
1456 5045 1626 5124 collegium
1641 5063 1705 5110 non
1721 5046 1814 5124 longe
1829 5046 1950 5110 distata

397 5139 519 5203 lerrida
539 5147 609 5202 rota
636 5156 709 5218 erga
738 5139 975 5203 conversionem
1003 5137 1147 5215 gentium
1201 5136 1286 5214 locis,
1308 5137 1342 5201 in
1363 5139 1475 5218 quibus
1489 5140 1653 5203 missiones
1667 5147 1874 5220 peraguntur,
1892 5140 1948 5219 ipsi

397 5233 435 5297 in
456 5233 619 5295 immensis
646 5249 680 5296 ac
707 5233 819 5296 dissitis
846 5231 993 5294 Pernanis
1014 5229 1147 5307 regioni·
1202 5230 1386 5294 missionarii
1407 5233 1466 5295 sibi
1497 5233 1631 5297 invicem
1653 5249 1762 5296 manus
1783 5233 1949 5296 adiutricos

397 5327 458 5390 bus
478 5327 692 5404 existentium,
714 5328 762 5390 sui
786 5327 862 5404 regii
881 5325 990 5388 aerarii
1005 5325 1147 5403 expensis
1200 5323 1360 5402 praebere,
1375 5341 1415 5388 ex
1432 5325 1563 5404 collegio
1579 5327 1764 5390 necessarios
1779 5342 1947 5402 assumere,

398 5424 437 5486 ad
459 5422 525 5486 illas
544 5431 647 5501 partes
665 5421 847 5502 trequentes
864 5419 1060 5499 copiosisque
1075 5418 1146 5481 mis·
1201 5415 1237 5477 ad
1259 5417 1336 5480 illud
1357 5419 1521 5499 impeditos
1551 5427 1584 5483 et
1604 5421 1745 5483 infirmos
1772 5421 1946 5497 remittere,

396 5517 502 5580 siones
522 5514 732 5596 professorum
753 5514 988 5594 llispanioorum
1004 5513 1079 5576 dicti
1093 5512 1147 5577 Or·
1201 5527 1235 5572 ac
1255 5510 1322 5573 sine
1344 5528 1430 5575 mora
1451 5513 1525 5575 alios
1539 5514 1709 5592 subrogare
1722 5515 1765 5577 ita
1781 5515 1896 5590 valent,
1914 5523 1949 5579 ut

398 5611 482 5675 dinis
502 5611 629 5673 mittere
655 5616 781 5689 pergat3
803 5610 840 5672 ad
860 5606 979 5670 facilius
1000 5622 1075 5669 vero
1096 5609 1147 5670 ad·
1202 5621 1376 5685 numquam
1396 5607 1556 5683 spirituale
1577 5607 1724 5686 pabulum
1746 5607 1829 5670 lndis
1842 5609 1882 5671 sit
1898 5610 1948 5671 de-

398 5704 596 5784 seqnendum
627 5709 689 5766 tam
721 5702 807 5782 pium
838 5701 947 5774 finem,
971 5715 1071 5779 nuper
1093 5717 1148 5781 per
1202 5699 1372 5775 lecturum,
1395 5699 1458 5763 imo
1488 5702 1570 5779 quod
1601 5702 1787 5780 acquisitum
1808 5710 1856 5765 est
1876 5717 1949 5766 con-

441 5945 471 6000 (ι)
486 5943 543 5992 Alia
556 5945 673 5992 Ministri
687 5943 823 5991 Generalis
836 5945 942 5991 decreta
953 5944 1010 5990 uide
1020 5944 1047 5990 in
1058 5947 1142 5991 const.
1197 5949 1290 5991 amane
1303 5947 1451 5996 carnotinae,
1468 5943 1529 5991 ibid.
1541 5955 1598 6002 pag.
1609 5947 1647 6000 ’τις
1658 5947 1784 5990 decumae
1793 5947 1944 5995 catholicae,

397 6013 485 6060 Innoe.
500 6014 540 6059 Xl.
556 6017 664 6070 mont
678 6015 759 6064 nebu.
777 6013 826 6059 rol.
838 6015 868 6060 ιι.
884 6014 908 6058 ιι.
921 6025 970 6071 op,
981 6015 1088 6072 peg.tll;
1102 6017 1145 6060 Ee
1200 6013 1262 6059 ibid.
1278 6023 1336 6071 pag.
1351 6013 1384 6058 ed.
