4750 6980
30 9 160 240 Γ

56 579 205 650 1131111
1701 565 1759 638 tas
1810 573 1997 635 1331133

54 735 217 796 ,33311333
274 711 293 788 5
316 711 363 773 18.
387 713 430 774 Ao
451 711 719 790 suppressionem,
742 708 977 780 eir-tinctionem,
1035 705 1149 782 ptionis
1171 717 1293 772 nostrae
1318 716 1348 772 31
1370 723 1582 774 successorum
1598 719 1778 774 nostrorum

49 788 216 902 ᾗξὲζξῗζιξξῗῖ
234 806 436 880 erectionem,
460 807 701 881 institutionem,
731 803 979 874 declarationem,
1034 800 1402 866 11333331.Ρο31111333
1421 821 1475 883 pro
1492 814 1630 883 tempore
1644 807 1779 870 existen-

49 893 217 1006 ff,‘,³.{¹lf⁰⁵s⁵tt⁰o‘ia⁰al
234 899 501 974 substitutionem,
518 901 782 977 subrogationem,
806 899 978 968 decretum,
1036 894 1114 954 tium
1136 895 1170 956 ad
1193 897 1308 957 summi
1330 898 1515 974 apostolatus
1538 900 1667 977 apicem,
1687 901 1778 962 etiam

50 1005 217 1112 ssgissivissrs‘vea
234 992 475 1066 ordinationem,
507 993 825 1064 dismembrationem,
858 989 980 1052 divisio·
1035 995 1134 1060 motu,
1157 988 1283 1050 scientia
1305 999 1336 1052 et
1353 991 1512 1067 potestatis
1532 992 1726 1069 plenitudine
1740 995 1779 1055 si-

903 583 972 636 eltis
993 583 1043 632 ab.
1066 583 1109 632 vt.

50 1111 164 1163 altarium
184 1107 217 1150 ra·
237 1101 321 1161 nem,
344 1089 581 1164 separationem,
602 1086 854 1158 disiunctionem,
878 1097 980 1143 exem·
1035 1079 1172 1155 milibus,
1196 1082 1286 1144 etiam
1309 1085 1561 1147 consistorialiter
1575 1103 1615 1147 ex
1630 1087 1781 1172 quibusli-

51 1174 107 1220 penb-

236 1180 983 1259 pulonemsuppositionem,subiectionemoon-

236 1275 419 1348 cessionem,
449 1275 700 1352 assignationem,
726 1273 867 1337 licentiae
888 1280 918 1334 et
939 1272 980 1333 la-

237 1369 359 1432 cultatis
391 1370 645 1447 impartitionem,
672 1369 914 1441 concessionem,
938 1365 982 1426 13-

237 1462 373 1536 131133,
397 1479 455 1526 333
476 1478 540 1524 333
562 1462 683 1525 easdem
704 1470 881 1540 praesentes
902 1475 981 1522 sem·

238 1573 292 1634 per
313 1565 343 1617 et
365 1563 515 1634 perpetuo
536 1555 650 1618 validas
671 1563 701 1616 et
723 1555 858 1617 efficaces
873 1569 937 1616 esse
952 1561 982 1614 et

238 1649 314 1724 iore,
336 1667 467 1729 suosque
488 1650 641 1729 plenarios
657 1659 688 1710 et
704 1650 842 1726 integros
857 1649 983 1710 eftectus

238 1744 341 1806 sortiri
362 1752 394 1806 et
415 1744 569 1819 obtinere,
591 1743 682 1804 acab
703 1743 847 1804 omnibus
869 1751 899 1804 et
920 1741 983 1802 sia-

240 1838 320 1915 gulis
341 1840 376 1900 ad
397 1855 474 1915 quos
496 1853 580 1898 nunc
597 1843 713 1915 spectat
728 1845 758 1898 et
772 1853 828 1914 pro
844 1845 982 1913 tempore

240 1932 470 2010 quomodolibet
484 1931 632 2010 spectabit
642 1930 674 1992 in
687 1931 840 2006 1313133,
853 1929 984 1992 firmiter

242 2033 271 2086 et
293 2023 513 2086 inviolabiliter
534 2024 689 2086 observari
711 2023 835 2096 1311313,
848 2040 880 2086 33
898 2022 984 2085 113113

242 2134 389 2195 umquam
405 2125 545 2196 tempore
559 2133 597 2179 ex
611 2133 810 2196 quocumque
823 2116 920 2194 capite
936 2114 985 2176 vel

241 2213 376 2291 qualibet
398 2229 483 2274 causa
505 2212 706 2290 quantumvis
725 2209 851 2274 iuridica
865 2219 895 2272 et
912 2209 986 2284 legi-

245 2308 328 2381 tima,
343 2307 436 2370 etiam
453 2323 491 2367 ex
506 2323 542 2368 eo
553 2307 633 2384 quod
653 2322 756 2368 causae
772 2312 896 2384 propter
910 2321 985 2382 quas

244 2402 367 2462 eaedem
396 2408 570 2477 praesentes
597 2407 797 2473 emanarunt,
820 2397 984 2470 adductae,

244 2497 416 2558 3311133133
426 2494 646 2556 etiustiltoatac
657 2509 720 2554 non
732 2492 859 2565 1331131,
869 2494 905 2554 13
915 2493 985 2554 sub·

245 2591 392 2668 reptionis
413 2588 463 2649 vel
484 2587 673 2666 obreptionis
694 2595 747 2648 aut
771 2586 920 2648 nullitatis
941 2587 987 2647 vi-

247 2685 297 2758 tio,
308 2699 362 2744 seu
380 2681 563 2744 intentionis
580 2688 713 2752 nostrae,
726 2681 775 2742 vel
789 2695 986 2759 quocumque

245 2777 302 2838 alio
323 2775 523 2854 quantumvis
550 2789 681 2851 magno,
709 2773 918 2848 substantiali,
942 2775 987 2834 in·

245 2870 416 2946 excogitato
447 2875 478 2930 31
509 2867 736 2943 inexcogitabili
766 2885 798 2928 ao
825 2867 987 2946 specialem

246 2975 276 3026 31
293 2964 487 3026 individuam
503 2962 695 3023 mentionem
712 2969 742 3022 et
757 2963 988 3038 expressionem

246 3059 427 3136 requirente
448 3053 581 3128 delectu,
600 3071 653 3116 seu
676 3056 767 3116 etiam
790 3073 827 3116 ex
844 3073 890 3130 eo,
907 3058 987 3134 quod

245 3153 277 3214 in
299 3148 484 3229 praemissis,
513 3163 685 3228 eorumque
715 3147 818 3226 aliquo
843 3149 989 3212 solemni·

246 3254 321 3307 tates
340 3254 372 3306 et
394 3243 520 3322 quaevis
534 3241 590 3303 3113
604 3243 752 3303 servanda
768 3249 798 3303 31
819 3243 989 3321 31133133-

246 3341 292 3414 13,
323 3345 443 3400 servata
464 3343 495 3398 et
516 3334 679 3413 adimpleta
702 3350 764 3397 non
787 3333 914 3408 luerint,
937 3345 990 3401 331

246 3448 282 3494 31
304 3445 502 3511 quocumque
513 3428 572 3490 alio
587 3428 685 3508 capite
698 3428 736 3490 de
752 3427 818 3490 1313
834 3429 885 3490 vel
900 3429 988 3505 lacto,

246 3533 297 3588 331
317 3529 431 3587 statuto
452 3522 503 3584 vel
524 3521 750 3584 consuetudine
771 3521 871 3601 aliqua
892 3525 989 3586 resul-

248 3626 343 3693 tante,
365 3634 421 3680 seu
443 3616 536 3678 etiam
568 3615 715 3688 enormis,
744 3617 988 3693 enormissimae,

249 3714 410 3792 totalisque
438 3710 595 3785 laesionis,
622 3715 674 3772 331
705 3726 902 3790 quocumque
931 3711 990 3774 alio

249 3807 360 3882 colore,
377 3811 552 3883 praetextu,
568 3803 686 3882 aliaque
702 3805 820 3864 ratione
835 3804 885 3866 vel
901 3821 989 3869 causa

249 3899 449 3980 quantumvis
464 3898 555 3971 iusta,
572 3895 757 3970 rationabili,
776 3897 913 3972 iuridica,
929 3898 988 3974 pia,

249 3991 452 4072 privilegiata,
474 3991 567 4052 etiam
595 3990 658 4064 tali,
685 4004 762 4068 quae
789 3990 825 4051 ad
845 3990 988 4054 electum

251 4085 414 4148 validitatis
434 4084 675 4162 praemissorum
698 4083 868 4145 necessario
889 4085 991 4162 expri-

251 4181 361 4242 menda
390 4178 480 4252 13131,
503 4185 556 4239 331
582 4177 662 4254 quod
685 4177 722 4240 13
753 4176 915 4239 voluntate
937 4194 990 4240 no-

250 4284 309 4338 stra
331 4281 362 4334 31
383 4272 449 4333 aliis
469 4270 612 4347 superius
634 4270 785 4348 expressis
806 4271 918 4333 nullibi
940 4287 990 4350 ap-

252 4375 371 4448 pareret
394 4363 504 4438 331311,
527 4363 715 4441 impugnari,
733 4364 764 4427 in
779 4365 827 4425 ius
848 4364 898 4426 vel
919 4382 991 4428 con-

251 4462 431 4526 troversiam
440 4459 650 4533 revocari,aut
659 4459 696 4520 ad
707 4457 788 4520 viam
799 4465 830 4520 et
841 4461 991 4522 terminos

253 4558 328 4620 iuris
342 4556 460 4628 reduci,
476 4559 529 4614 aut
543 4551 690 4613 adversus
706 4550 771 4612 illas
786 4553 992 4616 restitutionis

252 4652 283 4714 in
305 4651 477 4725 integrum,
506 4645 683 4723 aperitionis
704 4646 781 4720 oris,
805 4647 991 4710 reductionis

252 4746 286 4807 ad
307 4745 390 4806 viam
411 4749 444 4806 et
459 4739 608 4802 terminos
629 4739 717 4813 iuris,
733 4747 785 4801 aut
800 4739 881 4803 aliud
897 4743 993 4818 quod-

252 4853 385 4916 cumque
406 4835 482 4898 iuris
496 4833 673 4896 huiusmodi
690 4833 740 4894 vel
760 4833 843 4908 lacti,
859 4839 993 4910 331313-

254 4931 310 4992 tiae
331 4929 382 4992 vel
396 4927 542 4998 iustitiae,
560 4925 734 4990 remedium
750 4926 920 5003 impetrari,
937 4943 991 4989 seu

251 5022 482 5103 quomodolibet
500 5022 593 5083 etiam
610 5027 710 5095 motu,
721 5019 849 5082 scientia
863 5027 893 5081 et
910 5027 994 5098 pote·

251 5118 334 5180 statis
356 5114 551 5194 plenitudine
568 5112 722 5176 similibus
735 5103 878 5176 concesse
893 5122 923 5176 et
939 5114 994 5175 im·

253 5217 372 5292 petrato
391 5209 441 5270 vel
462 5215 603 5270 emanato
623 5207 801 5285 quempiam
822 5208 868 5270 uti
887 5224 941 5270 seu
962 5225 995 5270 se

254 5305 351 5366 iuvari
363 5305 395 5366 in
408 5302 519 5366 iudicio
533 5301 584 5363 vel
598 5310 684 5364 extra
695 5301 771 5362 illud
781 5317 879 5378 posse,
893 5320 995 5382 neque

253 5399 373 5460 easdem
387 5383 562 5477 praesentes
583 5394 641 5457 sub
662 5395 823 5473 quibusvis
843 5397 994 5459 similium

254 5492 303 5555 vel
324 5491 521 5553 dissimilium
543 5487 710 5566 gratiarum
735 5492 993 5565 revocationibus,

253 5583 516 5665 suspensionibus,
529 5582 779 5656 limitatiouibus,
797 5584 995 5646 modificatio·

254 5672 996 5753 nibus,derogationibus,aliisquecontrariisdis·

255 5771 454 5850 positionibus
469 5784 524 5847 per
538 5783 748 5848 quascumque
760 5768 864 5830 literas
877 5776 907 5830 et
918 5785 993 5830 333-

254 5865 430 5928 stitutiones
447 5863 636 5943 apostolicas,
649 5870 701 5924 aut
712 5862 912 5924 cancellariae
926 5883 995 5945 apo·

254 5960 377 6022 stolicae
392 5959 523 6036 regulas,
540 5957 633 6020 etiam
648 5957 681 6018 in
696 5957 865 6018 crastinum
880 5974 995 6022 assum·

1036 1173 1086 1235 bet
1108 1175 1206 1236 causis
1227 1182 1258 1237 et
1272 1177 1330 1238 sub
1343 1178 1589 1258 quibuscumque
1612 1181 1780 1243 verborum

1036 1269 1297 1345 expressionibus,
1311 1272 1471 1334 tenoribus
1486 1283 1516 1334 31
1528 1271 1645 1350 131313,
1661 1293 1693 1337 33
1709 1291 1780 1338 333

1036 1359 1196 1439 quibusvis
1217 1360 1360 1424 clausulis
1382 1372 1411 1427 et
1434 1366 1582 1442 decretis,
1605 1368 1726 1430 etiamsi
1748 1367 1779 1428 in

1036 1454 1081 1516 eis
1102 1454 1140 1516 13
1160 1455 1275 1518 eisdem
1297 1459 1516 1535 praesentibus,
1532 1477 1701 1542 earumque
1718 1470 1780 1524 toto

1037 1556 1158 1623 tenore,
1180 1568 1213 1612 33
1234 1551 1300 1612 1313
1320 1553 1458 1629 specialis
1480 1545 1605 1618 mentio'
1620 1559 1672 1618 stat
1685 1556 1781 1620 editas

1036 1651 1068 1704 31
1090 1643 1121 1704 13
1142 1652 1301 1722 posterum
1323 1648 1452 1709 edendas
1474 1650 1705 1728 comprehendi,
1729 1653 1780 1712 sed

1038 1752 1161 1816 semper
1181 1745 1213 1800 et
1234 1740 1362 1801 omnino
1384 1741 1421 1801 ab
1442 1740 1503 1802 illis
1523 1742 1633 1820 excipi,
1655 1751 1686 1806 31
1707 1761 1784 1822 quo·

1038 1829 1095 1892 ties
1116 1830 1185 1892 illae
1199 1833 1398 1906 emanabunt,
1417 1836 1506 1896 toties
1522 1835 1554 1897 in
1570 1836 1737 1914 pristinum
1751 1847 1783 1901 et

1039 1923 1263 1986 validissimum
1293 1943 1325 1988 ac
1347 1943 1420 1988 eum
1447 1928 1477 1990 in
1508 1945 1568 2008 quo
1591 1940 1678 1992 antea
1707 1948 1781 2010 quo·

1039 2019 1206 2080 modolibet
1228 2028 1316 2083 erant
1336 2029 1449 2082 statum
1472 2024 1646 2098 restitutas,
1670 2027 1782 2102 reposi-

1040 2117 1082 2170 tas
1104 2119 1134 2172 et
1156 2110 1293 2188 plenarie
1315 2114 1517 2192 reintegratas
1538 2133 1603 2178 esse
1618 2127 1649 2180 31
1665 2119 1740 2180 1313.

1078 2203 1096 2278 5
1121 2203 1167 2266 19.
1191 2203 1314 2284 Sisque,
1331 2215 1361 2268 31
1377 2209 1538 2285 nonalias,
1555 2226 1609 2288 331
1620 2228 1782 2289 quoscum·
1821 2231 2014 2280 3313113131-

1803 2287 1855 2332 lata
1877 2291 1901 2332 et
1925 2286 2013 2332 deoro-

1803 2345 1858 2386 tum
1873 2339 1986 2386 irritans.

1040 2314 1100 2384 que
1123 2298 1235 2361 iudices
1251 2301 1423 2364 ordinarios
1439 2303 1489 2366 vel
1508 2304 1662 2384 delegatos
1677 2311 1783 2388 quavis

1039 2392 1220 2454 auctoritate
1241 2393 1419 2471 iungentes,
1435 2414 1468 2458 33
1488 2397 1614 2460 Sanctae
1629 2400 1784 2468 Romanae

1042 2485 1192 2547 Ecclesiae
1215 2486 1400 2564 Cardinales,
1417 2491 1509 2552 etiam
1524 2493 1562 2554 de
1581 2493 1676 2556 latere
1691 2497 1784 2574 Lega-

1042 2584 1098 2651 tos,
1115 2578 1344 2654 vice-Legatos,
1361 2581 1520 2661 dictaeque
1535 2583 1620 2650 Sedis
1636 2588 1782 2667 Nuntios,

1041 2673 1178 2750 aliosque
1203 2691 1430 2754 quaestumque,
1453 2681 1561 2757 quovis
1590 2685 1783 2759 auctoritate,

1042 2773 1203 2844 potestate,
1237 2770 1499 2845 praerogativam
1526 2775 1690 2854 privilegio
1716 2778 1784 2840 lun·

1043 2869 1163 2937 gentes,
1174 2878 1208 2922 33
1222 2861 1339 2925 bonore
1354 2871 1385 2924 et
1399 2867 1643 2940 praeeminentia
1664 2870 1787 2948 fulgen-

1044 2963 1100 3028 tes,
1122 2955 1237 3016 sublata
1266 2956 1310 3016 eis
1331 2970 1362 3019 et
1384 2975 1493 3020 eorum
1520 2961 1647 3024 cuilibet
1676 2967 1784 3042 quavis

1044 3049 1134 3110 aliter
1159 3049 1312 3111 iudicandi
1335 3057 1365 3111 et
1391 3051 1618 3130 interpretandi
1646 3057 1786 3120 facultate

1045 3151 1076 3205 et
1097 3144 1278 3206 auctoritate
1301 3143 1332 3204 in
1354 3161 1551 3226 quocumque
1573 3149 1685 3213 iudicio
1708 3155 1786 3216 31111

1045 3253 1240 3317 quacumque
1272 3239 1415 3299 instantia
1449 3241 1633 3306 1311331131
1664 3246 1787 3308 deliniri

1045 3333 1167 3405 debere,
1191 3333 1266 3393 3131
1289 3349 1376 3395 secus
1404 3349 1497 3410 snper
1525 3335 1572 3397 bis
1593 3353 1609 3396 a
1631 3355 1786 3417 quoquam

1045 3425 1152 3504 quavis
1174 3425 1355 3487 auctoritate
1388 3425 1523 3488 scienter
1538 3428 1587 3489 vel
1606 3429 1788 3507 ignoranter

1044 3520 1211 3596 contigerit
1226 3521 1382 3590 attentari,
1400 3520 1524 3583 irritum
1539 3539 1663 3602 quoque
1677 3533 1709 3587 et
1725 3527 1788 3590 ina-

1045 3631 1085 3676 ne
1106 3613 1315 3676 decernimus.

1084 3709 1103 3783 ᾖ
1125 3708 1173 3770 10.
1197 3709 1355 3770 Postremo
1379 3720 1484 3774 autem
1511 3711 1729 3790 desiderantes,
1753 3725 1788 3782 31
1820 3739 1955 3796 nepotatio
1964 3749 2018 3784 oxe-

1806 3795 1902 3892 ῇιὲξοτίε
1919 3797 2019 3849 aposto-

1046 3803 1209 3882 prapmissa
1224 3803 1328 3865 omnia
1343 3803 1535 3882 supernos,
1553 3817 1587 3869 ut
1601 3809 1786 3887 3133131131,

1046 3896 1173 3976 3131113
1193 3895 1336 3974 disposita
1358 3898 1547 3962 3131113313
1569 3903 1604 3962 ad
1631 3919 1724 3966 suum
1746 3904 1788 3968 le·

1046 3992 1146 4054 liciter
1169 3989 1377 4069 perducantur
1398 3992 1553 4069 ellectum,
1571 4001 1601 4056 et
1623 4013 1788 4074 quaecum-

1045 4103 1117 4165 que,
1133 4101 1211 4165 quae
1233 4085 1264 4147 in
1285 4084 1437 4147 similibus
1458 4085 1559 4150 forsan
1581 4092 1721 4154 suscitari
1743 4111 1789 4154 so-

1047 4179 1122 4252 1331,
1136 4177 1287 4240 obstacula
1302 4179 1499 4254 dirimantur,
1512 4182 1584 4245 11133
1598 4185 1789 4263 3133113133

1047 4273 1210 4352 losephum
1239 4271 1422 4350 Episcopum
1450 4273 1734 4344 wladislaviensem
1758 4282 1790 4344 in

1046 4373 1271 4446 exequutorem
1292 4381 1347 4443 pro
1373 4367 1584 4444 exequutione
1608 4374 1788 4436 earumdem

1047 4461 1260 4539 praesentium
1275 4458 1434 4537 apostolica
1449 4462 1628 4525 auctoritate
1641 4468 1790 4544 praedicta

1049 4555 1267 4618 constituimus
1281 4561 1312 4616 et
1326 4554 1524 4632 deputamus3
1541 4557 1704 4637 eidemque
1721 4560 1790 4638 Epi-

1047 4665 1138 4727 scopo
1167 4647 1411 4710 Wladislaviensi
1441 4647 1634 4726 facultatem,
1662 4662 1697 4715 nt
1726 4653 1791 4730 ipse

1048 4757 1276 4822 quamcumque
1297 4757 1459 4819 personam
1480 4742 1676 4820 indignitate
1697 4747 1793 4810 cccle-

1049 4835 1166 4897 siastica
1180 4834 1379 4896 constitutam
1394 4850 1449 4912 pro
1464 4836 1640 4900 huiusmodi
1654 4855 1792 4918 exequu-

1050 4927 1142 4989 tionis
1169 4927 1281 4988 ellectu
1311 4927 1512 5003 subdelegato
1544 4929 1638 4992 libere
1660 4931 1793 4995 31113113

1051 5023 1154 5103 possit,
1175 5039 1208 5084 33
1229 5028 1291 5084 133
1313 5021 1414 5084 31133
1435 5022 1594 5102 Episcopo,
1611 5041 1704 5102 quam
1719 5025 1794 5088 dile·

1050 5119 1105 5182 otis
1127 5117 1220 5180 etiam
1241 5115 1312 5178 filiis
1336 5115 1491 5180 modernis
1513 5116 1596 5178 illius
1624 5119 1737 5182 vicario
1760 5120 1792 5182 in

1051 5211 1262 5292 spiritualibus
1283 5211 1432 5288 generali,
1455 5219 1508 5274 331
1529 5211 1649 5274 officiali
1671 5214 1721 5275 vel
1743 5215 1793 5276 de·

1051 5307 1151 5384 legato
1172 5305 1338 5380 buismodi,
1355 5313 1390 5366 ut
1411 5305 1467 5382 ipsi
1490 5313 1521 5366 et
1535 5321 1645 5368 eorum
1664 5307 1794 5386 quilibet

1050 5414 1144 5477 super
1164 5413 1359 5477 quarumque
1380 5399 1570 5476 oppositione
1591 5400 1703 5463 133313
1724 5417 1795 5463 exe·

1051 5493 1184 5557 cationis
1206 5493 1385 5554 huiusmodi
1406 5493 1636 5570 quomodolibet
1664 5495 1792 5570 oritura,

1051 5587 1180 5650 servatis
1202 5595 1304 5648 tamen
1332 5603 1410 5665 quae
1438 5587 1557 5650 1331131
1584 5590 1622 5650 13
1643 5588 1711 5650 1313
1732 5605 1795 5650 ser-

1052 5681 1160 5755 vanda,
1173 5677 1335 5740 definitive
1346 5679 1552 5755 pronunciare
1564 5679 1661 5742 libere
1670 5697 1795 5759 (quoque

1051 5782 1083 5835 et
1105 5772 1186 5834 licite
1208 5770 1318 5846 valeat,
1334 5771 1411 5834 dicta
1433 5770 1593 5850 apostolica
1615 5775 1796 5837 auctoritate

1053 5867 1188 5944 ipsarum
1205 5873 1312 5926 tenore
1326 5865 1532 5942 praesentium
1554 5867 1751 5930 concedimus
1765 5872 1795 5929 et

1052 5959 1260 6038 impartimur.
