4856 7010
366 528 422 584 An.
435 529 466 584 0.
488 529 556 582 leat
604 528 664 592 682

372 4301 584 4368 borogatlocon·'

356 4363 504 4412 trarlorum.

585 663 757 742 praedictus
779 664 878 727 veluti
898 663 1128 727 administrator
1147 662 1329 744 apostolicus

586 756 728 834 praefuit,
756 757 942 835 peculiarem
973 758 1191 837 propriamque
1212 756 1329 819 dioece-

584 849 645 911 sim
665 851 785 926 erigere
806 857 837 912 et
859 851 1060 924 constituere,
1076 852 1162 913 cuius
1181 849 1267 912 sedes
1288 849 1329 910 sit

586 943 618 1003 in
639 941 763 1005 civitate
777 943 907 1019 betroit,
924 945 1001 1006 fines
1016 954 1117 1007 autem
1134 944 1328 1017 earumdem,

586 1035 817 1113 provinciarum
833 1034 958 1111 limites,
972 1052 1038 1111 nos,
1051 1038 1088 1099 de
1103 1034 1329 1099 venerabilium

586 1127 717 1191 fratrum
739 1139 917 1192 nostrorum
940 1132 971 1194 S.
995 1129 1031 1191 li.
1054 1130 1089 1191 E.
1118 1127 1330 1192 cardinalium

586 1223 722 1300 negociis
743 1224 958 1302 Propagandae
978 1225 1064 1287 Fidei
1084 1223 1330 1304 praepositorum

586 1318 726 1394 oonsilio,
749 1307 841 1380 rebus'
862 1318 1007 1380 omnibus
1023 1324 1143 1380 mature
1157 1316 1328 1395 perpensis,

586 1419 774 1473 memoratae
795 1411 941 1474 dioecesis
955 1413 1143 1476 erectionem
1159 1413 1330 1475 aderitum

586 1504 794 1584 perducimus.
818 1505 875 1566 Per
895 1513 1072 1584 praesentes
1092 1506 1191 1583 igitur
1212 1513 1331 1566 nostras

586 1598 764 1677 apostolicas
787 1599 887 1662 literas
909 1617 947 1661 er
968 1597 1149 1678 apostolicae
1174 1597 1330 1677 potestatis

587 1695 784 1774 plenitudiue
805 1695 978 1772 provincias
999 1694 1151 1771 idicbigan
1177 1701 1209 1755 et
1234 1691 1330 1756 Nord-

587 1801 663 1854 west
695 1792 861 1870 praedictas
896 1790 1083 1868 peculiarem
1114 1790 1333 1870 propriamque

586 1887 749 1948 dioecesim
771 1885 921 1961 erigimus
942 1894 973 1947 et
994 1885 1224 1958 constituimus,
1246 1884 1333 1946 cuius

588 1980 777 2059 episcopatus
798 1980 885 2042 sedes
900 1979 938 2042 sit
958 1979 1131 2042 incivitate
1151 1979 1282 2052 Detroit,
1299 1979 1332 2038 fr·

588 2089 643 2135 nes
664 2079 780 2146 autem,
796 2071 976 2134 earumdem
999 2071 1229 2151 provinciarum
1252 2071 1333 2132 limi-

589 2173 645 2243 tes,
674 2181 746 2229 cum
773 2165 916 2229 omuibus
945 2165 1076 2240 iuribus,
1103 2164 1273 2246 privilegiis
1302 2176 1333 2228 et

589 2258 771 2333 bonoribus,
784 2273 841 2320 uec
856 2274 919 2320 non
936 2259 1082 2320 oneribus
1100 2259 1199 2320 solitis
1215 2267 1246 2321 et
1260 2274 1332 2322 con-

587 2354 701 2424 suetiS,
735 2352 863 2430 aliisque
889 2367 945 2428 per
972 2351 1131 2413 canonicas
1161 2354 1333 2416 sanctiones

588 2447 766 2510 huiusmodi
788 2446 974 2509 dioecesibus
994 2445 1145 2509 concessis
1160 2455 1190 2508 ct
1204 2446 1334 2508 attribu·

589 2543 638 2604 tis.
662 2542 840 2604 Mandantes
867 2547 1026 2618 propterea
1053 2542 1199 2603 omnibus
1219 2549 1250 2602 et
1271 2541 1343 2602 sin·'

589 2635 669 2712 gulis
691 2636 726 2696 ad
747 2651 823 2713 quos
844 2642 970 2712 spectat,
994 2651 1027 2696 ac
1049 2634 1080 2696 in
1104 2633 1245 2696 trituram
1267 2650 1333 2713 spe·

588 2728 693 2803 ctabit,
718 2736 751 2790 ut
773 2729 933 2806 praedictis
948 2728 1197 2806 dispositionibus
1220 2728 1333 2789 nostris

588 2835 621 2880 se
641 2819 817 2893 subiiciunt,
843 2817 971 2897 illasque
991 2826 1130 2882 accurate
1156 2817 1268 2896 exequi
1290 2824 1333 2879 te·

590 2919 722 2975 neantur
744 2927 777 2973 ac
791 2912 933 2976 debeant.

360 3008 573 3109 iaiffuiissiffiff
630 3005 698 3080 §E
723 3000 929 3067 decernentes
953 3007 1004 3066 bas
1026 3013 1202 3083 praesentes
1230 3005 1334 3067 literas

360 3120 415 3162 rum
432 3115 543 3162 irritans.
591 3100 708 3174 firmas,
731 3099 844 3160 validas
859 3108 890 3162 et
904 3099 1040 3162 efficaces
1060 3099 1192 3161 existere
1207 3117 1241 3162 ac
1255 3100 1332 3174 fore,

588 3208 722 3270 suosque
744 3191 899 3270 plenarios
920 3198 950 3254 et
972 3193 1109 3270 integros
1131 3193 1256 3257 effectus
1270 3209 1334 3256 sor-

590 3286 641 3347 tiri
657 3295 687 3348 et
703 3286 858 3360 obtinere,
878 3303 911 3349 ac
935 3286 994 3348 illis
1013 3287 1048 3349 ad
1071 3301 1147 3365 quos
1169 3293 1284 3364 spectat
1303 3294 1333 3350 et

542 3376 545 3380 ’
588 3394 644 3456 pro
667 3387 807 3456 tempore
831 3380 1090 3457 quandocumque
1114 3381 1274 3459 spectabit,
1302 3383 1334 3444 in

588 3472 1333 3551 omnibusetperemniaplenissime-suffragari,

588 3573 619 3628 et
634 3568 672 3628 ab
686 3570 729 3629 eis
742 3566 913 3644 respective
929 3567 1150 3630 inviolabiliter
1164 3567 1332 3647 observare

587 3659 693 3736 sicque
718 3658 751 3720 in
780 3658 953 3736 praemissis
974 3673 1029 3735 per
1053 3675 1266 3738 quoscumque
1287 3662 1333 3724 iu·

588 3750 670 3814 dices
691 3751 862 3814 ordinarios
883 3759 914 3813 et
935 3751 1102 3830 delegatos,
1119 3753 1211 3815 etiam
1233 3771 1334 3818 causa·

588 3864 661 3911 rum
674 3845 775 3924 palatii
792 3843 890 3906 nostri
905 3845 1061 3923 apostolici
1075 3845 1240 3924 auditores,
1256 3851 1335 3912 iudi·

586 3941 696 4008 carlet
709 3939 834 4001 definiri
853 3938 976 4014 debere,
993 3956 1026 4002 ac
1047 3939 1171 4003 irritum
1188 3950 1219 4004 et
1241 3943 1334 4006 inane

588 4035 614 4096 si
638 4050 725 4095 secus
746 4048 839 4110 super
866 4032 915 4094 bis
937 4049 952 4093 a
974 4049 1130 4111 quoquam
1153 4036 1259 4114 quavis
1281 4023 1334 4100 au·

588 4125 731 4188 ctoritate
749 4125 885 4187 scienter
901 4123 951 4186 vel
967 4124 1148 4200 ignoranter
1169 4129 1335 4206 contigerit

588 4218 745 4281 attentari.

630 4315 649 4390 ἓ
669 4316 698 4376 3.
722 4313 792 4388 Νοιι
808 4314 1000 4378 obstantibus
1015 4316 1289 4380 constitutionibus
1302 4326 1334 4380 et

590 4407 837 4471 ordinationibus
852 4407 1036 4486 apostolicis,
1048 4426 1081 4472 ac
1097 4408 1336 4489 ecclesiaeprae·

590 4503 687 4564 dictae
701 4501 794 4562 etiam
812 4500 996 4576 iuramento,
1012 4503 1250 4566 confirmatione
1264 4521 1334 4584 apo-

589 4593 694 4655 stolica
716 4593 766 4654 rel
787 4593 894 4672 quavis
922 4595 1069 4657 firmitate
1099 4596 1156 4658 alia
1185 4597 1334 4661 roboratis

588 4687 710 4748 statutis
745 4694 777 4748 et
812 4688 1104 4764 consuetudinibus,
1145 4691 1335 4770 caeterisque

589 4780 750 4844 contrariis
772 4780 1028 4860 quibuscumque.

628 4875 740 4936 Datum
758 4873 883 4949 Rornae,
904 4875 982 4952 apud
1006 4875 1036 4938 S.
1054 4876 1182 4938 Petrum
1203 4878 1263 4940 sub
1282 4895 1335 4940 an-

590 4966 666 5028 nulo
689 4966 812 5042 Piscat,
833 4967 882 5030 die
906 4982 958 5027 xx.
986 4969 1090 5030 martii
1110 4984 1332 5047 nucecxxrrr,

588 5059 785 5137 pontificatus
807 5061 904 5122 nostri
925 5075 1007 5122 auno
1029 5077 1057 5121 v.

844 5219 1083 5230 —-——

903 5343 1014 5406 xxiv.

590 5527 1121 5610 loscpltnrnfiosutiabepiscoputn
1143 5531 1334 5613 Tenuqrcnsi

629 5625 880 5702 inportandi.
905 5625 945 5686 nd
975 5627 1191 5704 episcopatum
1216 5628 1246 5689 S.
1271 5626 1334 5689 Ln-

629 5717 731 5779 douici
752 5717 787 5777 in
808 5719 955 5781 Amerino
977 5718 1144 5797 foederata
1159 5721 1330 5800 transfert,

630 5815 756 5872 retentu
787 5811 920 5873 interint
949 5812 1235 5875 administratione
1260 5813 1333 5892 Epi-

629 5908 779 5982 scopatus
802 5904 905 5968 Noooe
927 5904 1089 5968 Anroliue.

1105 545 1169 590 tttit.
1194 545 1285 590 PONT.
1309 543 1349 590 DF.
1370 544 1399 588 P·
1423 543 1452 589 F·
1477 541 1560 588 PARS
1582 542 1604 587 l.

1386 657 1555 727 Venerabili
1577 656 1665 726 fratri
1696 657 1821 742 losepbo
1844 655 1951 726 lloeati
1981 657 2131 742 Episcopo

1427 748 1616 836 Tanagrensi
1639 755 1671 819 et
1694 750 1855 820 Ecclesiae
1872 751 1973 820 dorae
1989 751 2130 820 Aureliae

1426 844 1666 1022 malafrena
1688 847 1870 914 auctoritate
1893 847 2064 930 apostolica
2080 846 2131 915 de-

1638 1124 1716 1192 teo
1738 1125 1799 1194 ΡΡ.
1823 1127 1880 1195 llll.

1600 1310 1789 1383 venerabilis
1811 1315 1920 1393 irater,

1420 1405 1548 1474 salutern
1571 1413 1602 1474 et
1624 1407 1823 1491 apostolicam
1846 1411 2097 1482 benedictionem.

1426 1596 1446 1672 ἓ
1470 1596 1496 1657 l.
1520 1598 1621 1674 Quum
1644 1608 1710 1678 post
1731 1609 1868 1678 acceptas
1894 1611 2017 1666 nostras
2038 1604 2071 1666 iu
2094 1605 2135 1666 si·

1389 1690 1455 1752 mili
1476 1690 1574 1752 formi
1590 1691 1692 1754 brevis
1706 1693 1756 1755 die
1771 1709 1862 1756 xvru.
1879 1695 1948 1757 iulii
1970 1697 2066 1777 elapsi
2081 1714 2136 1761 an·
2154 1733 2157 1736 -

1389 1783 1421 1844 ni
1444 1800 1641 1849 uncccxxvr.
1659 1785 1741 1848 datas
1763 1787 1879 1863 literas,
1895 1790 2008 1868 quibus
2024 1790 2134 1854 frater·

1388 1877 1479 1939 nitati
1499 1887 1570 1940 tuae
1590 1879 1821 1958 proponebatur
1837 1883 2052 1961 Episcopatum
2074 1885 2136 1948 No-

1389 1987 1445 2033 vae
1466 1971 1610 2035 Aureliae
1629 1973 1778 2052 accipere,
1801 1983 1847 2050 tu,
1869 1977 2000 2058 supplici
2020 1981 2055 2042 ad
2079 1997 2137 2043 nos

1390 2065 1481 2126 misso
1499 2066 1612 2142 libello,
1625 2083 1658 2129 ac
1669 2066 1767 2132 literis
1778 2068 2017 2149 congregationi
2033 2089 2132 2137 reun.

1388 2155 1520 2219 fratrum
1543 2167 1723 2223 nostrorum
1752 2160 1783 2225 S.
1807 2162 1843 2224 R.
1863 2164 1897 2226 E.
1922 2166 2136 2230 cardinalium

1390 2251 1525 2326 negociis
1547 2252 1760 2332 Propagandae
1781 2254 1866 2317 Fidei
1888 2259 2136 2337 praepositorum

1389 2346 1521 2424 scriptis,
1539 2347 1578 2408 ita
1595 2363 1778 2425 responsum
1793 2347 1914 2414 dederis
1936 2358 1967 2414 et
1982 2351 2137 2416 eiusmodi

1389 2441 1545 2505 rationum
1568 2447 1727 2503 momenta
1755 2445 1944 2520 exposueris,
1972 2455 2006 2508 ut
2031 2453 2137 2511 osten·

1389 2534 1477 2597 deres
1492 2536 1527 2596 ad
1544 2534 1704 2611 religionis
1719 2536 1836 2599 bonum
1851 2538 1883 2598 in
1899 2538 2043 2603 Luisiani
2061 2543 2139 2605 ube-

1389 2630 1453 2690 rius
1474 2645 1507 2690 ac
1528 2627 1647 2691 facilius
1667 2631 1896 2707 procurandum
1918 2633 2047 2697 omnino
2062 2653 2139 2700 con·

1389 2723 1512 2796 ducere,
1544 2722 1569 2783 si
1600 2729 1633 2784 tu
1666 2723 1832 2802 Episcopus
1863 2723 1894 2788 S.
1923 2727 2071 2793 Ludorici
2102 2731 2137 2794 in

1389 2822 1470 2876 statu
1494 2815 1694 2878 biissouriano
1715 2817 1931 2897 potiusquam
1953 2821 2056 2886 Novae
2072 2826 2138 2887 bu·

1390 2908 1482 2970 reliae
1495 2909 1662 2988 Episcopus
1677 2909 1892 2989 deputaveris3
1910 2931 1978 2990 nos,
1990 2917 2137 2982 omnibus

1390 3011 1513 3065 mature
1543 3004 1713 3080 perpensis,
1738 3020 1771 3066 ac
1793 3007 1830 3068 de
1858 3010 2042 3072 eorumdem
2062 3013 2136 3076 Gar-

1390 3096 1540 3160 dinalium
1563 3095 1703 3172 consilio,
1720 3105 1783 3160 tea
1806 3100 1994 3177 Teuagrensi
2015 3105 2087 3166 sede
2101 3106 2136 3167 in

1390 3190 1529 3268 partibus
1550 3190 1736 3266 infidelium,
1753 3208 1846 3270 quarn
1867 3194 1903 3256 ad
1924 3209 2067 3271 praescus
2082 3199 2137 3260 ob·

1392 3283 1482 3358 tices,
1505 3283 1685 3359 transferre,
1707 3293 1739 3348 et
1767 3286 1953 3364 Episcopum
1979 3289 2009 3352 S.
2034 3291 2136 3354 Ludo-

1390 3377 1451 3440 vici
1466 3379 1629 3440 nominare
1640 3386 1733 3458 atque
1747 3380 1911 3444 instituere
1926 3383 2137 3463 decrevimus

1390 3473 1512 3534 retenti
1528 3471 1622 3533 etiam
1637 3491 1653 3534 a
1670 3481 1700 3536 te
1714 3480 1872 3553 tamquam
1887 3476 2139 3544 administratore

1390 3564 1554 3642 apostolico
1575 3567 1705 3629 dioecesi
1726 3566 1831 3630 Norae
1853 3568 2012 3647 Aureliae,
2034 3571 2135 3638 donec

1390 3659 1480 3722 aliter
1502 3659 1576 3722 baec
1598 3661 1628 3724 S.
1654 3659 1744 3724 Sedes
1765 3662 1919 3736 statuerit,
1935 3667 2139 3742 quemadmo-

1390 3755 1465 3817 dum
1489 3753 1586 3816 literis
1607 3755 1779 3833 apostolicis
1799 3756 1960 3834 praedictis
1984 3758 2066 3823 illius
2088 3767 2158 3826 ecs

1389 3847 1498 3910 clesiae
1519 3848 1744 3911 administratio
1766 3851 1821 3913 tibi
1842 3851 1901 3914 fuit
1922 3854 2093 3918 commissa.

1431 3942 1501 4018 §E
1525 3941 1586 4005 Nos
1614 3943 1715 4021 itaque
1739 3951 1768 4006 te
1788 3961 1804 4005 a
1825 3945 1987 4023 quibusvis
2013 3964 2137 4012 excom-

1392 4037 1604 4100 municatione
1617 4044 1677 4100 etc.
1692 4037 1867 4101 absolutum
1881 4037 1946 4101 fore
1960 4051 2135 4120 censentes,

1391 4129 1618 4192 fraternitatem
1649 4137 1734 4191 tuam
1754 4146 1770 4192 a
1792 4133 1980 4208 Tenagrensi
2009 4136 2080 4198 sede
2101 4137 2136 4198 in

1391 4225 1529 4303 partibus
1551 4223 1737 4298 infidelium,
1759 4224 1794 4285 ad
1816 4223 1908 4286 aliam
1934 4222 1966 4287 S.
1989 4225 2137 4292 Ludovici

1392 4319 1423 4379 in
1445 4325 1527 4380 statu
1550 4317 1751 4379 blissouriauo
1771 4324 1838 4378 actu
1852 4326 2011 4383 vacantem
2024 4313 2136 4384 'aucto-

1393 4413 1481 4476 ritate
1503 4413 1664 4490 apostolici
1679 4419 1788 4474 tenore
1803 4415 2013 4489 praesentium
2036 4423 2137 4479 trans-

1392 4507 1532 4580 ferimus,
1555 4505 1654 4568 arilli
1677 4506 1708 4566 in
1731 4504 1917 4584 Episcopum
1938 4510 2136 4584 praeficimus
2168 4563 2184 4590 ,

1391 4608 1422 4662 et
1432 4608 1597 4678 pastorem,
1611 4612 1729 4672 curam,
1743 4599 1885 4675 regimen
1899 4607 1930 4662 et
1941 4601 2138 4666 administra-

1393 4694 1509 4754 tionem
1529 4692 1624 4770 ipsius
1645 4691 1789 4754 ecclesiae
1808 4693 1863 4754 tibi
1878 4693 1910 4754 in
1925 4693 2136 4772 spiritualibus

1391 4795 1422 4849 et
1444 4785 1665 4864 temporalibus
1687 4784 1824 4863 plenarie
1845 4787 2080 4864 committendo,
2102 4807 2138 4853 ac

1391 4892 1548 4961 praeterea
1574 4880 1768 4954 mandamus,
1791 4887 1826 4941 ut
1849 4885 1882 4941 tu
1906 4886 2062 4959 tamquam
2085 4882 2137 4944 ad·

1391 4970 1952 5050 ministratorapostolicusdioecesim
1961 4970 2137 5036 NovaeAu·

1391 5066 1496 5141 reliae,
1519 5065 1617 5127 donec
1638 5061 1729 5125 aliter
1748 5064 1823 5124 baec
1850 5064 2024 5140 apostolica
2044 5065 2137 5130 Sedes

1390 5158 1544 5231 statuerit,
1569 5155 1744 5233 gubernare
1765 5156 1970 5234 prosequaris,
1990 5163 2136 5236 quemad-

1392 5254 1524 5315 modum
1545 5250 1644 5312 literis
1671 5249 1844 5326 apostolicis
1864 5248 1925 5311 diei
1953 5265 2044 5313 xvrrr.
2069 5252 2135 5315 iulii

1392 5346 1484 5425 elapsi
1505 5345 1579 5409 anni
1602 5360 1799 5408 nuecuxxvr.
1824 5343 1907 5406 illius
1928 5343 2071 5407 ecclesiae
2086 5347 2136 5409 ad·

1392 5439 1579 5504 ministratio
1600 5437 1659 5500 fuit
1681 5438 1736 5499 tibi
1757 5438 1930 5500 commissa.

1432 5536 1450 5609 ἓ
1470 5533 1499 5594 3.
1523 5530 1584 5593 Nos
1606 5546 1681 5593 vero
1703 5532 1735 5592 in
1757 5530 1828 5606 illo,
1852 5532 1905 5609 qui
1927 5531 1977 5594 dat
2005 5533 2136 5608 gratiam

1392 5635 1422 5690 et
1443 5625 1573 5701 largitur
1598 5623 1689 5698 dona,
1721 5624 1829 5685 confisi
1859 5626 1952 5701 quod,
1982 5624 2137 5701 dirigente

1392 5719 1523 5782 Domino
1545 5725 1629 5780 actus
1645 5725 1726 5790 tuos,
1745 5717 1878 5796 praefata
1894 5716 2019 5779 ecclesia
2034 5717 2065 5781 S.
2076 5717 2138 5780 Lu·

1391 5812 1490 5875 clevici
1502 5827 1556 5890 per
1567 5818 1637 5873 tuae
1653 5809 1938 5890 circumspectionis
1951 5810 2137 5872 industriam

1391 5914 1422 5968 et
1443 5904 1581 5968 studium
1607 5904 1727 5968 utiliter
1747 5911 1780 5965 et
1801 5911 1945 5982 prospere
1969 5901 2134 5979 dirigetur,

2160 530 2211 583 Aa.
2222 532 2247 584 c.
2262 536 2312 593 1827
