4776 6974
44 11 474 210 v.

60 609 93 659 ιι.
104 603 128 652 C.
147 595 209 648 iret

75 4909 122 4946 bibli.

903 605 973 648 eivs
995 603 1044 647 ιι.
1068 603 1110 646 ιι.
1702 575 1758 638 321
1811 573 1864 628 An.
1879 573 1909 625 (ι.
1931 569 2000 623 1787

237 727 340 788 bendis
362 725 558 801 liuiusmoili3
583 743 639 787 nec
661 741 722 788 uon
746 731 812 786 octo
834 743 871 786 ex
895 738 981 803 prae-

235 819 319 881 dictis
342 819 510 894 beneficiis,
532 821 566 880 ιιι
590 835 733 899 praesens
748 820 772 880 si
788 821 839 896 qui
856 827 886 880 et
902 835 979 896 quae

234 914 293 974 siut
318 913 429 990 quovis
456 915 547 976 modo
574 915 745 990 respective
778 920 918 974 ιιιιιιιιι
950 920 980 973 ιι

236 1005 382 1079 ιιιιιιιιι,
405 1023 460 1068 ιιι
482 1009 589 1084 ‚primo
617 1009 684 1069 loco
706 1015 736 1068 et
757 1007 867 1084 tpuovis
889 1007 979 1076 modo

236 1101 403 1176 respective
425 1101 560 1162 vacaturi
575 1109 605 1162 et
623 1111 775 1176 vacatura,
791 1119 846 1180 per
862 1117 928 1176 rios,
945 1112 980 1164 ut

236 1191 322 1268 iulra,
340 1195 513 1270 respective
532 1196 816 1272 supprimerentur,
832 1205 864 1258 et
880 1196 979 1258 extin-

234 1296 416 1362 guerentur,
440 1288 479 1348 ita
503 1296 536 1348 ut
558 1287 656 1350 dictae
684 1290 807 1351 iriaioris
835 1290 980 1352 ecclesiae

234 1381 428 1444 canonicatus
456 1391 487 1444 et
514 1383 704 1458 praebendae
731 1385 767 1445 ad
796 1384 980 1461 quatuorde-

233 1475 301 1548 cim,
320 1475 468 1536 beneficia
489 1492 564 1537 vero
586 1476 761 1536 huiusmodi
784 1479 819 1537 ad
842 1483 910 1538 octo
932 1493 979 1539 re·

233 1567 367 1644 spective
390 1584 557 1630 numerum
581 1585 635 1645 pro
663 1575 769 1632 exacto
797 1569 893 1648 ipsius
918 1587 980 1631 ma·

235 1662 304 1722 iuris
326 1661 469 1723 ecclesiae
489 1663 629 1738 servitio,
653 1670 745 1741 atque
767 1664 798 1724 in
826 1681 859 1724 ea
888 1665 980 1726 sacris

235 1755 444 1817 functionibus
477 1755 654 1832 divinisque
694 1756 801 1818 ollieiis
835 1759 980 1819 decenter

235 1849 414 1926 peragendis
437 1859 467 1911 et
488 1848 678 1910 celebrandis
706 1851 910 1912 sullicientem
933 1869 980 1912 re·

235 1941 302 2002 duci
324 1941 507 2017 debeantur,
531 1943 628 2003 firmis
657 1952 760 2004 tamen
790 1945 981 2006 remanenti-

235 2034 299 2109 bus,
316 2042 347 2096 et
368 2035 401 2094 in
425 2035 600 2097 huiusmodi
624 2037 804 2099 reductione
819 2053 882 2098 non
897 2055 979 2098 cum-

234 2127 393 2205 prehensis
420 2134 554 2205 quatuor
582 2129 784 2205 dignitatibus
813 2149 846 2192 ac
869 2131 978 2208 viginti

235 2217 355 2281 et‘uua
389 2220 585 2299 cappellauiis
613 2224 793 2301 praedietis:
825 2239 881 2286 uec
916 2241 978 2286 non

235 2314 370 2376 eiusdem
398 2322 584 2391 conventus,
614 2325 644 2379 et
671 2317 806 2379 (luorum
835 2318 980 2396 bospitio·

235 2424 314 2482 runa,
337 2423 395 2469 nec
416 2423 479 2469 uon
501 2410 753 2485 canonicatuum,
775 2419 805 2473 et
833 2413 980 2489 praeben-

234 2503 353 2576 darum,
375 2517 408 2562 ιι
430 2502 651 2566 beneficiorum
670 2505 713 2566 sic
728 2519 782 2581 per
798 2520 865 2579 nos,
883 2514 917 2567 ut
934 2507 979 2566 in-

234 2594 277 2654 lra
307 2595 603 2672 supprimendorum
634 2606 666 2659 et
693 2598 978 2674 extinguendorum

234 2687 409 2750 huiusmodi
436 2689 607 2766 respective
636 2691 726 2766 bona,
756 2690 888 2766 fructus
911 2694 980 2754 red-

234 2782 325 2856 ditus,
342 2788 373 2842 et
388 2791 557 2860 proventus
571 2784 750 2858 seminario,
766 2803 820 2846 seu
836 2786 978 2862 collegio,

233 2893 265 2936 ιι
288 2877 489 2951 xenodochio,
511 2885 542 2939 et
570 2879 637 2955 piae
667 2878 773 2940 domui
805 2880 977 2956 praedictis,

234 2975 267 3030 ut
288 2968 474 3048 praefertur,
497 2972 667 3049 respective
689 2971 853 3036 fundandis
880 2983 911 3036 et
933 2975 980 3036 in-

232 3062 409 3139 stituendis,
431 3081 466 3127 ιι
491 3081 546 3142 pro
571 3064 717 3128 aediliciis
741 3069 776 3128 ad
804 3067 979 3130 huiusmodi

234 3157 376 3218 ellectum
412 3159 489 3235 aptis
523 3165 555 3220 et
590 3161 768 3222 necessariis
799 3170 980 3224 construen-

233 3249 288 3324 dis,
305 3249 496 3328 illorumque
512 3255 761 3330 manutentione,
779 3262 870 3332 prout
886 3257 979 3318 etiam

232 3350 485 3421 praeceptorum,
518 3345 714 3426 aliorumque
742 3349 980 3425 ministrorum,

233 3444 263 3498 et
284 3437 523 3499 inservientium
545 3439 717 3516 stipendiis,
741 3441 869 3520 aliisque
890 3444 980 3504 stabi·

234 3528 369 3592 limentis
398 3547 494 3609 aeque
517 3535 684 3594 necessaria
712 3535 801 3596 modo
830 3541 859 3596 et
882 3535 979 3597 lorma

234 3622 435 3700 infrascriptis
456 3624 694 3702 applicarentur,
717 3629 745 3691 id
767 3636 979 3707 opportunum

235 3735 302 3780 sane
323 3718 404 3781 foret
426 3721 577 3796 medium,
600 3739 661 3800 quo
683 3725 717 3784 ad
740 3725 909 3798 seminarii,
926 3740 980 3794 seu

235 3811 364 3888 collegii,
382 3829 415 3874 ιι
430 3815 625 3885 xenodochii,
641 3824 672 3876 ιι
687 3817 754 3893 piae
770 3817 880 3878 domus
895 3832 981 3894 prae-

236 3905 384 3968 dictorum
408 3907 578 3984 respective
599 3907 813 3970 fundationem
842 3920 872 3970 et
895 3910 982 3971 iusti·

236 4004 386 4066 tutionem
404 4001 581 4078 praedictas,
603 4018 636 4063 ιι
660 4001 827 4064 lucidorum
844 4019 899 4080 pro
914 4003 982 4063 illo-

237 4113 300 4160 rum
336 4097 509 4175 respective
537 4096 734 4158 subsistentia
766 4105 797 4158 et
826 4097 981 4156 dotatione

236 4190 495 4264 necessariorum,
528 4191 726 4267 aliorumque
759 4189 982 4251 stabilimento·

236 4273 302 4346 rum
313 4282 493 4345 huiusmodi
508 4283 772 4345 constructionem
784 4281 903 4343 facilius
915 4297 984 4359 pos·

235 4383 278 4438 set
293 4377 445 4438 deveniri.
463 4377 508 4438 ltd
523 4392 618 4454 quem
632 4377 858 4452 suppressionis
879 4386 910 4438 et
931 4392 981 4453 ap-

236 4469 405 4546 plicationis
415 4469 561 4531 ellectum
576 4469 676 4531 dictus
686 4470 989 4549 losepbuseiusdem'

237 4564 344 4626 llariae
365 4564 544 4625 Franciscae
566 4563 691 4640 reginae
713 4564 909 4626 fidelissimae
929 4580 983 4625 no-

237 4661 318 4720 mine
340 4666 479 4718 nostram
500 4665 532 4718 et
553 4655 640 4719 Sedis
663 4657 851 4734 apostolieae
880 4664 984 4719 auctu·

236 4753 358 4814 ritalem
379 4752 511 4830 desuper
532 4751 720 4829 imploravit.

83 4849 221 4907 muunus-
273 4847 291 4921 §
312 4845 341 4906 3.
362 4844 423 4906 Νιι
446 4846 541 4921 igitur
562 4852 622 4906 tam
645 4847 701 4923 piis
717 4845 855 4908 eiusdem
871 4845 982 4908 Mariae

236 4941 411 5002 Franciscae
432 4941 557 5016 reginae
580 4940 774 5001 fidelissimae
795 4941 874 5003 votis
898 4942 982 5002 obse-

236 5036 368 5098 cundare
380 5033 533 5106 volentes
546 5043 633 5095 motu
648 5035 785 5112 proprio,
803 5042 832 5095 ιι
847 5049 885 5096 ex
900 5045 982 5098 certa

235 5127 371 5202 scientia,
388 5128 487 5204 deque
509 5128 690 5205 apostolicae
704 5131 864 5205 potestatis
886 5128 983 5206 pleni-

237 5221 353 5295 tudine,
377 5235 415 5282 ex
439 5236 523 5282 nunc
551 5220 762 5298 supradictum
790 5230 982 5283 conventum

236 5325 264 5376 et
284 5315 347 5377 duo
368 5315 499 5392 hospitia
521 5316 671 5392 praedicta
694 5332 767 5378 cum
788 5317 932 5379 omnibus
948 5317 982 5377 il-

236 5407 335 5470 lorum
364 5409 483 5483 ciliciis,
513 5409 705 5484 ministeriis,
736 5411 884 5487 omnique
912 5426 984 5472 con-

236 5507 454 5582 ventualitate,
482 5522 653 5583 eorumque
680 5506 851 5582 respective
874 5505 981 5579 titulo,

236 5604 365 5664 essentia
395 5612 424 5664 et
452 5601 722 5673 denominatione,
755 5615 787 5661 ιι
819 5603 913 5663 etiam
944 5615 982 5661 ιι

237 5713 330 5773 nunc,
343 5699 368 5757 si
384 5698 437 5775 qui
453 5704 483 5758 et
495 5713 571 5775 quae
586 5699 697 5775 quovis
712 5697 802 5758 modo
817 5714 911 5775 quem
926 5711 983 5758 uos

236 5792 448 5869 praesentibus
463 5791 567 5852 haberi
590 5790 735 5854 volumus
751 5806 805 5868 pro
820 5791 982 5868 expressis,

237 5887 324 5948 modo
347 5892 490 5946 vacantes
505 5893 535 5946 ιι
551 5885 687 5947 vacantia
709 5886 854 5959 existant,
874 5901 929 5945 seu
945 5901 981 5945 ex

238 5999 320 6045 nuuc
341 5988 436 6059 prout
449 5995 487 6040 ex
503 5986 590 6053 tunc,
607 5985 669 6040 ele
690 5986 808 6053 contra,
831 5985 982 6057 quatenus

342 6129 393 6174 latr.
411 6129 481 6174 Paul.
496 6127 527 6174 de
544 6127 616 6185 l’rop.
633 6126 695 6172 Fide
709 6125 791 6172 Partis
806 6127 824 6174 l.
840 6125 892 6171 vol.
906 6108 948 6172 lli.

1034 726 1136 782 tanaen
1160 720 1203 782 illi
1226 729 1257 782 ιι
1278 720 1328 780 illa
1349 717 1383 780 ad
1407 733 1550 797 praeseus
1579 722 1722 778 vacantes
1750 721 1780 774 ιι

1034 815 1170 875 vacantia
1187 814 1317 875 minime
1333 813 1477 884 existant,
1493 819 1654 890 postquam
1677 817 1779 870 tamen

1033 909 1077 969 illi
1100 915 1130 968 et
1154 907 1203 967 illa
1232 922 1270 968 ex
1298 907 1438 984 personis
1459 921 1511 966 ιιι
1532 913 1563 966 ιι
1583 921 1618 964 ιι
1638 905 1673 964 ad
1696 917 1781 980 prae·

1032 1019 1103 1064 sens
1126 1003 1296 1079 respective
1317 999 1532 1062 obtinentibus
1553 997 1662 1076 quovis
1691 996 1782 1056 modo

1034 1098 1204 1173 respective
1220 1096 1406 1158 vacaverint.
1421 1097 1558 1170 Quatuor
1571 1091 1779 1162 canonicatus,

1036 1192 1225 1268 totidemque
1248 1190 1483 1268 presbyterales,
1500 1206 1532 1248 ιι
1554 1187 1628 1248 alios
1643 1187 1719 1248 duos
1734 1201 1780 1244 ιι-

1034 1286 1197 1346 nonicatus
1214 1284 1403 1362 totidemque
1419 1281 1591 1343 diaconales
1610 1279 1782 1356 respective

1034 1387 1225 1456 nuncupatas
1247 1377 1432 1454 praebendas
1461 1393 1499 1436 ex
1527 1372 1708 1450 supradictis
1737 1371 1782 1430 vi-

1035 1472 1115 1548 ginti
1137 1470 1368 1532 canonicalibus
1389 1479 1420 1530 et
1436 1467 1627 1545 praebendis,
1645 1481 1779 1528 necnon

1033 1574 1102 1628 octo
1117 1581 1152 1626 ex
1170 1564 1328 1626 beneficiis
1342 1562 1516 1641 praedictis,
1533 1561 1720 1638 illorumque
1736 1575 1782 1619 re·

1034 1661 1170 1738 spective
1200 1660 1306 1721 titulos
1332 1658 1502 1731 collativos,
1528 1657 1666 1730 nomina,
1688 1654 1783 1714 alenu-

1035 1755 1231 1828 minationes
1256 1761 1379 1815 naturus
1401 1761 1432 1814 et
1453 1751 1599 1813 essentias
1621 1750 1781 1812 ιιιιοιιιιι-

1036 1857 1136 1923 tuum,
1159 1857 1190 1911 et
1213 1847 1469 1927 praebendarum,
1498 1863 1531 1908 ac
1558 1843 1782 1906 beneliriorum

1034 1945 1262 2017 collativorum,
1279 1944 1319 2004 ιιι
1341 1941 1421 2019 quod
1445 1941 1489 2002 illi
1512 1948 1543 2000 et
1565 1940 1615 2000 illa
1637 1955 1673 2000 ex
1697 1955 1783 1998 ιιιιιιι

1034 2038 1177 2116 deinceps
1199 2037 1357 2115 perpetuis
1377 2035 1492 2096 futuris
1516 2032 1706 2108 temporibus
1720 2029 1784 2092 col·

1035 2131 1120 2193 lativi
1142 2138 1173 2191 et
1194 2129 1335 2190 collativa
1355 2143 1419 2189 esse
1441 2127 1593 2199 desinant,
1610 2131 1640 2186 et
1662 2123 1701 2186 do
1716 2139 1782 2184 cao·

1036 2231 1102 2284 lero
1132 2225 1175 2285 uti
1199 2222 1272 2283 tales
1300 2231 1330 2282 et
1358 2221 1427 2284 talia
1457 2222 1489 2282 in
1518 2219 1644 2280 titulum
1675 2217 1783 2294 quavis

1034 2319 1215 2378 auctoritate
1230 2315 1365 2378 conferri
1387 2321 1439 2374 aut
1462 2313 1632 2392 impetrari,
1646 2311 1694 2371 vel
1711 2310 1783 2369 alias

1034 2411 1072 2472 de
1094 2411 1153 2473 illis
1175 2411 1286 2488 quovis
1307 2409 1399 2470 modo
1420 2408 1512 2468 etiam
1535 2405 1570 2465 ad
1597 2405 1783 2466 nominatio·

1034 2519 1106 2566 nem
1130 2505 1228 2565 dictae
1246 2503 1357 2565 llariae
1371 2501 1550 2563 Franciscae
1565 2500 1691 2575 reginae
1709 2499 1783 2558 lide·

1034 2600 1179 2672 lissimae,
1203 2599 1330 2674 eiusque
1351 2610 1562 2657 successorum
1581 2608 1691 2669 regum
1708 2593 1781 2653 side·

1033 2693 1222 2754 lissimorum
1245 2690 1473 2771 praedictorum
1497 2704 1549 2766 pro
1566 2695 1705 2765 tempore
1720 2685 1784 2746 exi·

1033 2786 1196 2860 stentium,
1214 2784 1394 2847 nullatenus
1409 2798 1557 2860 umquam
1579 2781 1698 2859 disponi
1715 2795 1782 2857 pos-

1033 2882 1082 2956 sit,
1099 2890 1130 2941 el
1144 2881 1168 2940 si
1191 2879 1259 2941 illos
1281 2885 1311 2939 et
1333 2877 1384 2940 illa
1399 2877 1542 2954 deinceps
1557 2875 1619 2938 ullo
1635 2889 1783 2952 umquem

1036 2982 1174 3051 tempore
1195 2972 1329 3035 conlerri
1351 2979 1382 3033 et
1404 2971 1576 3048 impetrari,
1593 2970 1644 3031 vel
1658 2969 1731 3030 alias
1746 2969 1784 3030 de

1034 3067 1094 3128 illis
1113 3067 1223 3145 quovis
1245 3067 1335 3128 modo
1357 3064 1485 3142 disponi
1499 3064 1676 3139 contigerit,
1693 3063 1784 3124 colla-

1036 3163 1146 3232 tiones,
1163 3160 1365 3238 provisiones,
1384 3157 1629 3236 impetrationes,
1646 3163 1677 3218 et
1693 3171 1785 3234 quae-

1036 3254 1080 3314 vis
1103 3253 1177 3314 aliae
1199 3253 1412 3329 dispositiones
1432 3251 1469 3311 de
1491 3249 1552 3310 illis
1573 3265 1628 3327 pro
1645 3255 1784 3326 tempure

1034 3346 1266 3425 quomodolibet
1291 3344 1460 3423 respective
1489 3343 1595 3418 laetae,
1619 3340 1722 3404 nullae
1752 3350 1783 3404 et

1036 3440 1198 3515 invalidae,
1216 3439 1396 3518 nulliusque
1419 3439 1537 3500 roboris
1558 3436 1608 3497 vel
1632 3434 1783 3497 momenti

1036 3535 1179 3608 existant,
1197 3533 1379 3611 neminique
1400 3532 1622 3608 suffragentur,
1641 3546 1699 3592 nec
1721 3529 1786 3591 cui-

1035 3643 1128 3706 quam
1159 3629 1332 3690 coloratum
1364 3625 1492 3687 titulum
1525 3624 1699 3703 possidendi
1731 3624 1785 3683 tri-

1037 3723 1142 3798 buant,
1173 3722 1335 3801 apostolica
1360 3721 1542 3782 auctoritate
1567 3728 1675 3781 tenore
1699 3733 1785 3794 prae·

1035 3817 1172 3878 sentium
1194 3823 1344 3895 perpetuo
1359 3815 1531 3891 respective
1545 3813 1783 3892 supprimimus,

1036 3919 1066 3970 et
1087 3910 1311 3984 extinguimus.

1075 4005 1094 4078 5
1119 4003 1148 4063 ι.
1174 4003 1299 4080 lllisque
1319 4003 1362 4063 sic
1384 4003 1552 4081 suppressis
1574 4011 1604 4064 et
1626 4000 1783 4074 extinctis,
1816 4003 2018 4064 assignatione·

1036 4115 1073 4160 ex
1097 4113 1180 4160 nunc
1202 4111 1311 4159 omnes
1333 4105 1364 4158 et
1385 4096 1524 4173 singulos
1544 4104 1731 4169 conventus,
1755 4101 1785 4155 et
1803 4067 2017 4174 gssi'vssffx'issffsssssi

1037 4193 1169 4254 duorum
1191 4191 1409 4269 hospitiorum,
1425 4209 1457 4252 ac
1479 4190 1504 4251 si
1526 4192 1579 4269 qui
1602 4199 1632 4252 el
1654 4205 1731 4267 quae
1749 4189 1783 4250 ad
1804 4164 2017 4265 ssssffifflssff'e‘u'

1036 4301 1179 4363 praescus
1201 4294 1323 4359 vacent,
1345 4301 1399 4346 seu
1427 4292 1579 4362 quatenus
1600 4283 1645 4344 illi
1675 4291 1706 4344 et
1734 4281 1784 4342 illa

1037 4379 1168 4440 minime
1188 4387 1332 4440 vacantes
1353 4377 1404 4438 vel
1425 4378 1566 4439 vacantia
1583 4377 1729 4450 existant,
1753 4375 1783 4436 ιιι

1037 4481 1189 4534 eventum
1204 4474 1405 4551 praemissum
1424 4481 1557 4548 tantum,
1575 4481 1605 4534 et
1621 4487 1684 4534 nou
1700 4472 1783 4545 alias,

1037 4568 1275 4630 canonicatuum
1303 4575 1334 4628 et
1361 4567 1606 4645 praebendarum
1631 4583 1664 4626 ιι
1694 4567 1785 4628 bene·

1038 4663 1192 4735 liciorum,
1214 4662 1267 4735 sic,
1291 4668 1325 4721 ul
1348 4659 1529 4738 praefertur,
1550 4677 1785 4739 suppressorum

1036 4764 1068 4816 et
1080 4755 1291 4816 extincturum
1304 4754 1474 4832 respective
1489 4753 1621 4830 fructus,
1636 4755 1784 4830 redditus,

1038 4857 1218 4926 proventus,
1245 4863 1304 4921 res,
1329 4847 1544 4927 proprietates,
1571 4849 1783 4922 obventiones,

1038 4951 1068 5004 et
1089 4942 1301 5004 emolumenta
1324 4959 1547 5022 quaecumque,
1565 4943 1699 5021 dictique
1714 4957 1787 5003 con-

1037 5044 1150 5097 ventus
1172 5043 1202 5096 et
1224 5037 1357 5099 duorum
1381 5038 1586 5116 hospitiorum
1616 5037 1787 5115 respective

1037 5130 1116 5190 bona
1147 5128 1271 5190 mobilia
1303 5137 1333 5190 et
1366 5130 1554 5205 immobilia,
1587 5139 1649 5192 tam
1684 5147 1785 5205 sacra,

1037 5239 1129 5303 quam
1152 5223 1288 5302 prolana,
1312 5224 1430 5300 domos,
1454 5226 1570 5301 vineas,
1591 5225 1723 5303 praedia,
1740 5243 1787 5286 ca-

1038 5332 1147 5391 nones,
1164 5318 1391 5396 responsiones
1406 5319 1552 5380 introitus
1568 5327 1599 5380 et
1614 5321 1679 5380 iura
1695 5335 1788 5398 quae·

1037 5425 1172 5489 cumque
1186 5411 1374 5489 ubicumque
1388 5413 1525 5475 locorum
1541 5413 1685 5486 existant,
1697 5413 1788 5473 semi-

1039 5508 1136 5581 nario,
1160 5523 1213 5568 seu
1237 5507 1378 5584 collegio,
1402 5524 1434 5568 ιι
1457 5508 1648 5569 xenodochio
1670 5515 1700 5568 et
1722 5507 1788 5583 piae

1038 5603 1143 5664 donarii
1166 5603 1295 5681 aliisque
1317 5602 1534 5664 stabilimeutis
1556 5602 1730 5678 praedictis,
1754 5609 1788 5662 ut

1039 5698 1212 5774 praefertur
1233 5696 1401 5774 respective
1432 5695 1598 5758 luuvlautlis
1626 5703 1718 5773 atque
1741 5697 1788 5756 in·

1038 5791 1213 5865 stituendis,
1237 5791 1277 5852 ιιι
1300 5790 1379 5868 quod
1404 5791 1493 5852 liceat
1521 5789 1647 5851 illorum
1675 5789 1788 5850 luturis

1039 5885 1217 5946 oeconomis
1238 5901 1293 5946 seu
1314 5883 1467 5962 deputatis
1489 5899 1544 5961 pro
1566 5892 1706 5961 tempore
1736 5899 1788 5943 ex-

1040 5978 1141 6040 lituris
1163 5994 1219 6056 per
1239 5993 1272 6039 se
1292 5977 1344 6040 vel
1374 5977 1469 6038 alium
1491 5993 1545 6040 seu
1567 5976 1640 6038 alios
1666 5992 1786 6051 eorum,

1655 6125 1680 6168 tl
