4856 7010
1805 531 1861 594 7ss
1914 532 1967 586 An.
1981 533 2012 584 0.
2034 530 2102 586 1829

937 893 1046 976 rius
1077 893 1149 972 ΡΡ.
1179 894 1272 974 Vlll.

559 1320 815 1388 cousuiuuuto
836 1323 858 1384 l.
1137 1324 1383 1404 motu-proprio,
1406 1331 1436 1388 et
1463 1340 1502 1387 ex
1524 1334 1606 1388 certa
1635 1327 1761 1389 scientia
1784 1334 1884 1389 matu·

1137 1432 1231 1494 raque
1253 1416 1474 1480 deliberatione
1500 1425 1620 1494 nostra,
1643 1421 1743 1498 deque
1764 1427 1882 1499 aposto-

335 1507 446 1588 Era'pit
474 1507 639 1571 dioecesim
667 1509 839 1574 Alabomoc
866 1511 903 1572 io
932 1509 1079 1574 Americo
1137 1510 1212 1572 licae
1228 1511 1386 1588 potestatis
1401 1511 1609 1589 plenitudiue,
1625 1513 1655 1575 ri
1674 1515 1883 1591 praesentium

373 1599 639 1678 Septentriouoli,
662 1619 790 1681 comque
809 1601 944 1666 subiicit
965 1609 1081 1664 metro-
1136 1601 1298 1664 literarum
1327 1604 1575 1681 apostolicarum,
1596 1611 1694 1668 status
1720 1607 1884 1668 blabamae

371 1693 503 1772 politico
539 1695 610 1757 iuri
648 1693 887 1775 Arcdiepiscopi
926 1697 1082 1760 Bcltimo·
1136 1701 1168 1756 et
1189 1694 1382 1758 Floridarum
1404 1695 1437 1758 in
1456 1697 1710 1776 septentrionalis
1724 1699 1885 1760 americus

373 1787 488 1850 censis.
1137 1788 1305 1866 provinciis
1322 1788 1353 1850 in
1369 1805 1474 1852 veram
1490 1797 1521 1851 et
1536 1790 1660 1868 proprie
1675 1790 1786 1853 dictam
1802 1791 1884 1854 dioe-

1137 1881 1243 1957 cesim,
1266 1880 1353 1944 cuius
1374 1881 1489 1946 limites
1503 1883 1566 1944 sint
1587 1891 1724 1946 statuum
1746 1882 1884 1962 ipsorum

574 1983 660 2054 pius
684 1985 743 2053 ΡΡ,
768 1986 838 2055 vm,
1138 1975 1227 2048 lines
1255 1975 1405 2053 cuiusque
1432 1977 1520 2040 sedes
1547 1992 1613 2038 esse
1640 1977 1748 2040 debeat
1778 1977 1885 2041 civitas

1138 2066 1277 2130 llobiliae
1298 2068 1331 2130 in
1352 2075 1434 2132 statu
1455 2069 1629 2146 Alabamae,
1652 2085 1730 2148 quae
1751 2071 1885 2148 denique

476 2146 511 2214 ld
534 2147 665 2214 luluram
692 2148 736 2214 ill
760 2148 939 2215 memorien.
1137 2159 1217 2238 quod
1239 2162 1275 2224 ad
1298 2161 1345 2225 ius
1373 2161 1637 2241 metropoliticum
1661 2143 1798 2226 subiecta
1820 2179 1885 2225 esse

1137 2253 1245 2317 debeat
1265 2255 1500 2335 archiepiscopo
1515 2272 1571 2334 pro
1588 2263 1727 2334 tempore
1741 2255 1886 2317 Baltimo-

125 2355 297 2402 prooemium.
374 2354 394 2430 5
418 2351 444 2414 l.
470 2353 553 2414 Inter
574 2350 761 2430 multiplices
783 2351 1040 2431 gravissimasque
1054 2369 1083 2414 a·
1139 2348 1232 2420 censi,
1250 2347 1400 2426 erigimus
1420 2356 1452 2412 et
1473 2347 1604 2412 dioecesi
1619 2349 1663 2410 sic
1676 2364 1731 2427 per
1745 2365 1801 2410 nos
1819 2365 1885 2410 ere-

335 2443 504 2522 postolatus
537 2445 635 2507 nostri
668 2461 755 2507 curas
784 2462 847 2508 non
876 2445 1020 2523 exiguam
1048 2461 1083 2507 ea
1139 2449 1204 2504 ctae
1225 2443 1291 2504 iura
1313 2449 1458 2504 consueta
1480 2440 1692 2504 attribuimus.
1708 2441 1886 2504 llandantes

337 2543 422 2600 tenet
443 2543 575 2617 partem,
592 2553 671 2615 quae
685 2537 873 2600 dioecesium
886 2552 941 2614 per
956 2537 1082 2600 uuiver-
1139 2541 1299 2612 propterea
1322 2535 1466 2596 omnibus
1482 2540 1514 2595 et
1528 2533 1661 2610 singulis
1675 2533 1711 2595 ad
1727 2550 1804 2614 quos
1818 2549 1886 2611 spe-

335 2645 406 2694 suin
427 2631 535 2692 orbem
551 2630 786 2693 distributorum
808 2631 933 2709 respicit
947 2637 1080 2692 statum:
1138 2631 1198 2688 ctat
1219 2642 1253 2686 ac
1275 2624 1305 2686 in
1329 2623 1470 2688 loturum
1492 2624 1651 2702 spectabit,
1669 2632 1703 2686 ut
1724 2624 1886 2703 praedictis

334 2721 486 2801 siquidem
499 2737 662 2800 supremae
678 2722 834 2800 potestatis
847 2721 1014 2800 iudiciique
1029 2737 1083 2783 no·
1139 2717 1388 2796 dispositionibus
1414 2717 1528 2779 nostris
1548 2733 1581 2779 se
1606 2715 1782 2794 subiicient,
1805 2715 1885 2780 illas·

335 2815 390 2876 stri
412 2819 459 2875 est
480 2830 578 2876 novos
604 2830 711 2877 aarum
737 2814 851 2876 limites
879 2814 1081 2890 constituere,
1140 2829 1201 2891 que
1220 2821 1361 2875 accurate
1380 2813 1493 2892 exequi
1517 2819 1693 2876 teneantur.

336 2908 384 2970 vel
416 2907 603 2970 constitutos
636 2909 813 2983 immutare,
845 2917 948 2986 prout,
981 2907 1082 2969 habita
1179 2905 1249 2980 §ln
1273 2905 1479 2968 llecernentes
1500 2905 1554 2968 has
1582 2913 1759 2985 praesentes
1782 2905 1886 2968 literas
1925 2927 2119 2974 clausulasus.

339 3009 514 3079 temporum
535 3015 569 3064 ac
583 2999 885 3064 circumstantiarum
900 3001 1030 3075 ratione,
1049 3001 1083 3062 lt·
1139 3014 1262 3076 semper
1283 2999 1397 3076 sirmas,
1423 3000 1537 3062 validas
1552 3008 1583 3062 et
1596 3000 1735 3063 efficaces
1755 3003 1888 3064 existere
1904 2982 1960 3082 {3¹5}
1978 2983 2118 3082 ,ssssissffi'f'

335 3094 451 3156 delium
475 3093 600 3157 utilitati
623 3096 796 3158 conducere
817 3094 1036 3171 dignoscimus
1139 3109 1173 3154 ac
1193 3091 1270 3168 lore,
1293 3109 1427 3172 suosque
1448 3090 1601 3172 plenarios
1616 3102 1647 3157 et
1663 3094 1800 3171 integros
1815 3095 1886 3156 elle·

113 3205 204 3266 ,nstro
218 3215 317 3250 conces·
375 3189 395 3264 ἕ
415 3188 444 3249 2.
461 3188 563 3263 Quum
575 3201 631 3265 per
644 3187 823 3265 apostolicas
838 3186 943 3250 literas
955 3186 1006 3248 lel.
1019 3203 1080 3250 rec.
1139 3193 1206 3248 ctus
1220 3185 1325 3248 sortiri
1339 3195 1370 3248 et
1385 3185 1538 3260 obtinere,
1554 3202 1587 3247 ac
1602 3185 1663 3248 illis
1678 3186 1713 3246 ad
1729 3203 1806 3266 quos
1820 3203 1887 3266 spe-

99 3269 189 3302 ⁵¹⁰¹¹¹³·
337 3279 446 3344 Leonis
469 3279 524 3341 ΡΡ.
541 3279 608 3343 llll.
631 3281 798 3342 decessoris
813 3281 911 3342 nostri
927 3281 977 3344 die
992 3297 1081 3343 xxvi.
1139 3285 1212 3352 ctat,
1228 3286 1259 3341 et
1275 3295 1330 3356 pro
1345 3285 1484 3358 tempore
1498 3282 1759 3360 quandocumque
1773 3289 1888 3361 specta-

336 3373 461 3451 augusti
483 3387 666 3435 unoocxxv.
691 3373 774 3434 datas
794 3373 956 3435 Alabamae
971 3380 1001 3435 et
1016 3374 1084 3436 Flo·
1139 3371 1195 3448 bit,
1207 3372 1240 3433 in
1256 3372 1400 3434 omnibus
1415 3381 1445 3434 et
1456 3388 1510 3451 per
1522 3375 1625 3438 omnia
1637 3373 1814 3451 plenissime
1826 3374 1887 3438 sul-

336 3467 474 3530 ridarum
495 3475 591 3529 status
604 3467 636 3528 in
651 3466 902 3545 septentrionalis
924 3467 1084 3529 Americae
1140 3464 1263 3543 lragari,
1276 3471 1306 3527 et
1316 3465 1353 3528 ab
1363 3466 1407 3527 eis
1419 3467 1591 3546 respective
1601 3467 1823 3530 inviolabiliter
1834 3468 1883 3530 ob-

336 3559 502 3640 proainciis
524 3559 714 3622 llicariatum
737 3558 946 3638 Apostolicum
969 3561 1085 3621 consti·
1139 3559 1273 3634 serrari3
1295 3557 1402 3637 sicque
1417 3559 1449 3620 in
1464 3559 1640 3638 praemissis
1653 3575 1709 3637 per
1724 3576 1888 3638 quoscum·

338 3661 426 3715 tuere
453 3652 613 3715 decretum
643 3652 701 3724 sit,
734 3653 831 3715 donec
861 3654 953 3715 rebus
985 3661 1083 3716 matu·
1139 3667 1201 3731 que
1222 3652 1338 3714 iudices
1360 3651 1532 3714 ordinarios
1554 3659 1585 3714 et
1605 3652 1772 3729 delegatos,
1793 3653 1887 3716 etiam

337 3761 369 3808 re
391 3745 549 3825 perpensis
578 3744 673 3808 iidem
700 3751 797 3808 status
818 3744 852 3806 in
875 3760 970 3808 unam
991 3761 1085 3825 pecu·
1138 3759 1300 3807 causarum
1315 3743 1419 3823 palatii
1434 3743 1532 3806 nostri
1547 3745 1704 3824 apostolici
1719 3745 1887 3820 auditores

338 3839 443 3901 liarem
473 3837 640 3901 dioecesim
672 3837 835 3900 definitive
864 3839 1081 3916 erigerentur;
1139 3837 1322 3901 iudicarict
1351 3837 1474 3902 definiri
1499 3837 1623 3915 debere,
1646 3854 1679 3901 ac
1711 3837 1834 3901 irritum
1857 3845 1888 3900 et

336 3947 498 4011 quumque
512 3931 698 3993 venerabilis
714 3930 948 3994 iraterltliclaael
963 3931 1083 3994 Portior
1139 3931 1244 4006 inane,
1268 3931 1294 3991 si
1314 3947 1401 3994 secus
1422 3945 1517 4008 super
1538 3931 1585 3993 bis
1606 3948 1621 3992 a
1644 3945 1800 4011 quoquam
1816 3947 1888 4010 qua-

339 4025 503 4103 Episcopus
533 4024 653 4088 Olensis
675 4023 867 4103 inpartibus
894 4024 1082 4101 infidelium,
1138 4023 1186 4086 uis
1200 4023 1382 4087 auctoritate
1405 4023 1540 4087 scienter
1556 4024 1606 4086 vel
1620 4023 1802 4101 ignoranter
1816 4040 1888 4086 con·

336 4117 385 4180 cui
407 4118 570 4179 vicariatus
592 4117 645 4179 ille
664 4118 846 4195 apostolicus
861 4134 916 4198 per
932 4133 1083 4181 memora·
1140 4117 1246 4193 tigerit
1267 4117 1423 4179 attentari.
1841 4105 1848 4118 “

338 4217 379 4270 tas
401 4208 568 4271 decessoris
590 4208 695 4270 literas
724 4212 878 4286 gerendus
901 4210 1083 4272 commissus
1179 4209 1247 4285 55.
1271 4209 1341 4272 Non
1369 4209 1561 4273 obstantibus
1592 4208 1777 4288 apostolicis,
1799 4227 1833 4274 ac
1855 4211 1887 4273 in
1915 4232 2120 4296 nerpgauocon-

336 4310 394 4378 est,
407 4302 537 4364 llomarn
549 4302 680 4365 veniens
694 4309 867 4365 accuratam
882 4302 1009 4365 illorum
1024 4309 1084 4364 sta·
1140 4302 1370 4366 universalibus
1391 4301 1693 4382 provincialibusque
1714 4311 1745 4366 et
1758 4305 1888 4384 synoda·
1908 4291 2051 4332 crannum.

339 4405 426 4458 tuum
453 4394 694 4472 descriptionem
716 4401 747 4458 et
772 4412 877 4459 veram
898 4394 934 4457 ad
960 4395 1083 4473 religio·
1141 4397 1220 4460 libus
1247 4395 1384 4460 conciliis
1413 4395 1503 4458 editis
1524 4396 1721 4473 generalibus
1746 4397 1797 4459 vel
1821 4413 1888 4476 spe·

338 4503 409 4552 nem
431 4488 463 4549 in
485 4487 523 4549 iis
543 4487 770 4566 pertinentium
791 4488 1017 4568 expositionem
1032 4505 1084 4552 ex·
1139 4491 1266 4555 cialibus
1282 4489 1555 4554 constitutionibus
1576 4498 1608 4552 et
1629 4490 1886 4569 ordinationibus,

338 4583 542 4660 minuentes
562 4600 621 4663 qua
635 4584 746 4648 notitia
767 4584 856 4663 plena
871 4599 994 4662 eorum,
1007 4601 1084 4665 quae
1139 4584 1329 4662 caeterisque
1348 4582 1510 4644 contrariis
1532 4582 1792 4661 quibuscumque.

336 4679 372 4741 ad
395 4677 555 4754 religionis
578 4678 694 4740 bonum
716 4677 758 4740 ibi
773 4679 1083 4758 promovendumop·
1180 4678 1293 4739 Datum
1310 4675 1437 4750 lloruae,
1455 4675 1536 4754 apud
1553 4674 1584 4738 S.
1605 4675 1734 4739 Petrum
1757 4678 1816 4740 sub
1835 4694 1888 4740 an·

338 4779 482 4850 portuna,
504 4787 538 4834 ac
559 4771 728 4833 necessaria
748 4775 823 4832 sunt
849 4771 970 4835 hauriri
996 4771 1084 4835 lacile
1141 4770 1218 4833 nulo
1239 4768 1410 4846 Piscatoris,
1433 4769 1482 4832 die
1503 4783 1555 4830 xv.
1574 4769 1646 4831 maii
1669 4786 1886 4848 uncoouxuc„

339 4874 449 4943 posset.
474 4863 548 4940 Nos,
568 4865 606 4926 de
627 4863 853 4927 venerabilium
875 4861 1007 4928 fratrum
1028 4882 1083 4927 no·
1140 4864 1337 4942 pontificatus
1358 4860 1458 4926 nostri
1478 4875 1561 4924 anno
1580 4878 1601 4925 1.

339 4963 477 5019 strorum
490 4953 521 5018 S.
533 4955 569 5017 R.
584 4957 617 5017 E.
635 4955 845 5020 cardinalium
862 4958 998 5035 negociis
1012 4957 1084 5019 Pro-

299 5073 302 5081 ·
338 5052 493 5130 pagandae
507 5049 591 5113 Fidei
607 5049 854 5128 praepositorum
864 5049 1006 5126 consilio,
1018 5065 1085 5112 eos-

337 5148 408 5210 dem
419 5153 516 5208 status
531 5145 562 5207 in
576 5158 683 5206 veram
697 5152 728 5206 et
743 5143 866 5224 proprie
877 5145 989 5208 dictam
1003 5145 1084 5208 dioe-

337 5241 444 5316 cesim,
467 5241 555 5302 cuius
577 5239 690 5302 limites
704 5241 766 5303 sint
786 5247 925 5304 statuum
946 5241 1084 5320 ipsorum

339 5333 463 5409 limites,
485 5333 635 5412 cuiusque
655 5333 742 5396 sedes
763 5349 830 5396 esse
850 5333 958 5421 debeat
978 5334 1085 5397 civitas
1498 5336 1534 5400 ll.

339 5427 478 5490 llobiliae
497 5427 530 5490 iu
551 5432 634 5488 statu
655 5427 830 5503 Alabamae,
853 5443 931 5506 quae
951 5426 1085 5506 denique

338 5521 420 5601 quod
441 5522 476 5584 ad
499 5522 547 5583 ius
575 5520 839 5602 metropoliticum
862 5521 997 5584 subiecta
1018 5535 1085 5583 esse
1143 5522 1288 5590 Scribens
1309 5524 1351 5588 ud
1366 5540 1470 5588 manes
1484 5522 1711 5598 Potriorcltas,
1727 5523 1889 5590 Primutes

339 5613 446 5676 debeat
463 5612 700 5693 archiepiscopo
716 5628 771 5692 pro
787 5621 926 5693 tempore
941 5612 1086 5676 Baltimo-
1159 5631 1162 5640 ·
1183 5626 1213 5681 et
1234 5617 1327 5692 alios,
1351 5618 1484 5682 damnat
1511 5617 1814 5699 indifferentismcm
1842 5635 1890 5682 ra-

339 5706 423 5768 rensi
444 5705 651 5770 decrevimus.
1183 5711 1343 5791 lipiosam,
1366 5712 1552 5776 societatem
1575 5709 1726 5776 biblicum
1754 5719 1889 5776 ceteras-

122 5819 320 5882 ¹reposcones·
378 5802 398 5877 ς
418 5799 447 5862 3.
471 5799 533 5862 Nos
546 5801 650 5880 itaque
664 5802 699 5866 ad
714 5801 768 5865 liei
784 5800 1008 5882 omnipotentis
1023 5801 1088 5878 glo·
1183 5820 1241 5881 qaae
1262 5804 1440 5877 societates,
1457 5820 1536 5883 quoe
1558 5803 1605 5867 ret
1627 5821 1739 5870 sacrae
1760 5810 1790 5868 ct
1812 5805 1890 5868 civi-

109 5883 196 5920 Μ’·
340 5895 429 5971 riam,
453 5893 657 5976 fideliumque
683 5894 877 5975 spiritualem
906 5894 1086 5974 utilitatem,
1184 5895 1224 5960 lis
1245 5896 1410 5962 iacturam
1431 5896 1627 5962 moliantur.
