4754 6966
325 532 379 586 An.
394 535 424 586 0.
447 535 514 587 1762
565 533 605 597 90

545 673 757 752 praesentium
772 677 945 740 dumtaiitat
960 680 1223 756 consequendum,
1241 678 1292 740 ba-

545 783 617 828 rum
639 774 749 830 tenore
762 769 956 835 absolventes
977 779 1009 834 et
1029 773 1205 836 absolutum
1227 772 1293 835 lore

546 865 720 936 censentes,
747 863 924 926 huiusmodi
946 865 1222 945 supplicationibus
1245 865 1292 926 in·

546 951 665 1029 clinati,
687 950 914 1032 praeinser'tum
928 959 1090 1023 decretum
1111 959 1292 1022 auctoritaie

547 1049 721 1128 apostolica,
749 1059 858 1115 tenore
890 1056 1101 1133 praesentium
1129 1055 1294 1117 confirma-

547 1160 618 1207 mus
650 1153 681 1207 et
709 1147 930 1225 approbamus,
964 1148 1072 1227 illique
1105 1146 1293 1210 inviolabilis

546 1238 730 1316 apostolieae
751 1239 907 1302 firmitatis
928 1241 1023 1304 robur
1037 1241 1212 1316 adibimus,
1227 1255 1292 1302 om·

546 1347 664 1410 nesque
684 1339 717 1393 et
741 1331 882 1408 singulos
910 1341 973 1396 tam
999 1335 1077 1396 iuris
1107 1349 1200 1412 quam
1221 1331 1293 1393 lacti

548 1425 695 1500 delectus,
717 1425 743 1487 si
764 1425 817 1505 qui
838 1428 969 1505 desuper
989 1426 1224 1507 quomodolibet
1246 1427 1293 1488 in·

550 1518 758 1595 tervenerint,
779 1519 959 1599 supplemus
980 1530 1010 1585 el
1030 1537 1187 1595 sanamus,
1209 1521 1292 1582 salva

549 1614 1293 1692 tamensemperinpraemissisauctoritateCoii·

549 1706 737 1782 gregationis
762 1713 1009 1769 memoratorum
1029 1707 1252 1770 cardinalium.

336 1804 458 1853 ciausuia
472 1807 530 1854 sue·
588 1799 656 1874 56.
681 1800 889 1861 Decernentes
911 1800 1032 1863 easdem
1058 1807 1235 1879 praesentes
1259 1799 1294 1861 li·

317 1859 530 1976 issrt'it’assaaefftflffi
549 1902 628 1956 teras
657 1895 774 1970 sirmas,
799 1893 911 1956 validas
939 1903 970 1957 et
996 1895 1132 1958 efficaces
1161 1895 1293 1957 existere

317 1971 530 2067 {?,⁵³,³„¹,¹,‘,',⁰⁰¹¹“³'
549 1998 580 2050 et
607 1987 691 2064 lore,
718 2004 851 2068 suosque
880 1988 1034 2068 plenarios
1068 1989 1196 2052 enectus
1231 2004 1294 2050 sor·

550 2081 600 2143 tiri
628 2089 659 2144 et
689 2083 843 2159 obtinere,
859 2100 892 2146 ac
922 2082 994 2158 illis,
1024 2082 1058 2144 ad
1081 2098 1159 2162 quos
1180 2089 1294 2160 spectat

548 2181 579 2235 et
600 2189 656 2252 pro
686 2182 828 2253 tempore
858 2175 1118 2255 quandocumque
1148 2173 1295 2253 spectabit

548 2268 583 2328 ad
596 2265 751 2345 laturum,
771 2268 951 2347 plenissime
963 2269 1137 2346 suffragari,
1156 2275 1186 2331 et
1200 2269 1295 2332 abeis

549 2361 722 2440 respective
742 2361 965 2424 inviolabiliter
987 2362 1159 2424 observari:
1190 2363 1294 2441 sieque

548 2455 580 2517 iii
602 2454 776 2532 praemissis
798 2470 853 2534 pei·
874 2471 1088 2536 quoscumque
1110 2456 1225 2519 iudices
1246 2473 1294 2517 or-

547 2548 682 2610 dinarios
703 2555 735 2610 et
757 2548 923 2625 delegatos,
946 2550 1039 2611 etiam
1062 2565 1223 2612 causarum
1245 2565 1295 2628 pa·

548 2641 612 2702 latii
626 2640 783 2719 apostolici
800 2643 965 2719 auditores,
983 2644 1111 2707 iudicari
1127 2653 1157 2708 et
1172 2645 1295 2707 definiri

547 2735 672 2809 debere,
695 2751 728 2796 ac
750 2735 876 2796 irritum
898 2744 928 2797 et
944 2735 1046 2811 inane,
1062 2737 1087 2798 si
1102 2753 1189 2800 secus
1203 2752 1296 2815 super

548 2829 594 2890 bis
614 2845 630 2888 a
651 2844 806 2906 quoquam
828 2828 936 2906 quavis
958 2830 1141 2892 auctoritate
1160 2830 1296 2892 scienter

548 2920 596 2981 vel
626 2921 808 2997 ignoranter
843 2921 1008 2998 contigerit
1039 2923 1195 2984 attentari.
1225 2921 1295 2985 Non

554 3012 745 3075 obstantibus
759 3013 1033 3078 constitutionibus
1048 3021 1079 3077 et
1094 3014 1298 3078 ordinationi-

548 3107 604 3168 bus
628 3104 811 3184 epostolicis,
834 3109 1024 3186 caeterisque
1038 3108 1202 3170 contrariis
1229 3109 1297 3186 qui·

550 3199 754 3277 buscumque.

587 3293 700 3354 Datum
728 3291 854 3367 Romae,
880 3291 958 3370 apud
988 3292 1018 3357 S.
1051 3294 1178 3358 blariani
1205 3296 1297 3358 bleic-

549 3401 627 3460 rem‚
639 3385 698 3447 sub
708 3383 825 3446 annulo
840 3384 1012 3462 Piscatoris,
1025 3387 1075 3449 die
1090 3403 1142 3450 xx.
1156 3389 1295 3452 decemb.

548 3495 728 3553 uoccciiib,
743 3478 939 3557 pontificatus
960 3481 1059 3541 nostri
1080 3497 1163 3544 anno
1177 3499 1206 3542 v.

806 3626 1045 3636 ——0-—0-——4—

839 3720 1005 3786 xxxviii

551 3854 812 3920 Cocioremorutis
828 3859 947 3920 iterum
963 3855 1123 3921 ueteribus
1138 3875 1176 3922 oc
1192 3874 1297 3919 receu-

591 3947 678 4012 tilius
702 3951 839 4014 Senatus
858 3953 963 4014 Veneti
986 3953 1131 4023 decretis,
1146 3968 1218 4014 cuni
1240 3951 1298 4011 boc

589 4043 811 4120 conqueritur,
827 4045 1018 4122 Episcopum
1039 4045 1294 4114 schismaticum,

590 4143 703 4198 contre
725 4136 803 4199 dcte
830 4135 892 4200 sibi
917 4153 1079 4215 respousa,
1105 4138 1141 4199 iu
1167 4137 1298 4200 ecclesie

589 4227 705 4308 prcecd
731 4228 900 4310 &Georqii
926 4231 1186 4293 iurisdictionem
1211 4247 1298 4293 cuer·

590 4322 705 4382 cuisse:
716 4323 818 4384 eidem
825 4322 961 4385 Senatui
974 4329 1193 4400 repraesentet
1205 4341 1296 4388 seuu-

591 4415 701 4478 dclum
725 4417 806 4494 qued
832 4416 905 4477 iude
925 4419 1047 4490 oritur,
1070 4425 1100 4480 et
1123 4418 1297 4481 discrimeu

592 4508 627 4570 iu
646 4509 726 4586 quod
749 4510 863 4572 Giuecc'
883 4509 1117 4584 adducentur,·
1136 4508 1176 4573 cb
1202 4527 1294 4589 eoque

591 4601 694 4680 occipit
715 4599 958 4664 schismaticum
981 4601 1142 4665 tiberialem
1167 4602 1297 4666 ecclesie

592 4695 900 4762 omuiuoivutoeeut,
913 4711 951 4754 ue
971 4695 1204 4758 auctoritatem
1225 4711 1299 4774 cpo-

591 4789 737 4852 scoticum
760 4788 794 4849 ia
815 4785 851 4850 ed
872 4803 906 4848 re
923 4785 1073 4850 adbibere
1088 4794 1226 4868 coutitur
1239 4789 1295 4872 (l).

626 4973 752 5042 Dilectis
775 4972 848 5041 liliis
871 4970 1024 5040 Nobilibus
1048 4971 1127 5041 llirie
1151 4973 1225 5042 Deci

689 5073 721 5134 et
743 5063 937 5150 Reipublicae
961 5064 1164 5147 venetiarum,

742 5214 929 5284 creticus
953 5215 1012 5283 ΡΡ.
1035 5214 1106 5282 lllll.

714 5348 821 5418 iliieeti
843 5351 897 5418 lilii
920 5351 1042 5418 debiles
1065 5349 1139 5428 ilici,

587 5445 716 5512 salutem
738 5449 770 5511 et
791 5444 988 5527 apostolicam
1014 5443 1264 5512 benedictionem.

323 5635 536 5736 „,{‡}g⁰⁰,dg⁰htgg
594 5639 613 5714 ἓ
637 5636 664 5698 l.
688 5635 746 5699 Ubi
767 5634 906 5713 primum
927 5634 1054 5697 allatum
1080 5644 1126 5698 est
1148 5634 1237 5698 nobis
1259 5635 1300 5696 la·

323 5744 422 5790 intruso
439 5743 536 5801 spisso·
554 5739 636 5795 elain
658 5747 674 5790 a
695 5729 812 5791 Senatu
834 5737 937 5789 vestro
959 5727 1080 5790 Graecis
1102 5727 1192 5790 istliic
1218 5744 1301 5789 com·

593 5943 624 6000 (l)
638 5943 702 5989 Vide
715 5943 756 5990 lit.
772 5947 810 5990 te
823 5947 956 5990 esstdims.

1069 555 1249 605 lUllvPON'i'.
1273 559 1313 604 be
1334 559 1363 604 Ρ.
1388 560 1416 606 F·
1442 560 1522 605 ruiis
1545 558 1565 604 i.

2130 533 2189 591 An.
2204 539 2237 590 Ο.
2260 541 2326 592 1763
2363 594 2364 600 ,

1349 678 1543 740 morantibus
1561 681 1745 756 potestatem
1760 675 1895 754 eligendi
1910 674 2046 754 aliquem
2062 673 2093 736 in
2116 698 2152 746 po
2181 684 2336 748 reipuplicae

1350 772 1550 850 Episcopum,
1574 787 1688 851 eosque
1715 769 1904 832 sacerdotem
1927 770 2093 848 quemdam
2114 745 2336 842 Effffissffldffi

1349 865 1478 927 nomine
1498 866 1604 940 Eacea,
1627 864 1680 943 qui
1702 879 1801 926 sacros
1823 862 1946 925 ordines
1968 863 2002 923 in
2016 863 2094 924 sciri·

1348 965 1446 1019 smate
1466 964 1654 1037 susceperat,
1671 956 1813 1019 lutiirum
1837 955 2023 1034 Episcopum
2044 955 2094 1017 de·

1348 1051 1495 1128 signasse,
1509 1050 1576 1113 zelo
1590 1050 1700 1112 domus
1715 1051 1770 1113 Dei
1785 1050 1991 1112 vehementer
2005 1065 2093 1110 exar-

1348 1143 1462 1218 simus,
1485 1151 1577 1223 atque
1598 1145 1650 1220 ed,
1673 1159 1733 1222 qua
1754 1159 1826 1220 erga
1849 1143 1939 1204 istam
1965 1142 2094 1220 petriam

1350 1242 1487 1300 nostram
1508 1239 1638 1316 eiusque
1651 1237 1834 1301 clarissimos
1855 1237 1938 1298 cives
1959 1235 2097 1298 incendi·

1350 1344 1433 1404 mur,
1456 1331 1582 1394 caritate
1609 1331 1773 1406 commoti,
1796 1346 1868 1392 cum
1889 1329 2002 1393 dilecto
2030 1329 2095 1391 filio

1350 1423 1447 1485 nobili
1469 1423 1536 1485 viro
1557 1423 1663 1502 equite
1685 1423 1876 1501 Hieronymo
1897 1421 2027 1484 Ascanio
2047 1420 2095 1483 lu·

1349 1516 1497 1591 stiniano,
1519 1523 1624 1578 vestro
1652 1517 1731 1594 apud
1754 1531 1811 1578 nos
1832 1522 1864 1577 et
1887 1513 2095 1594 Apostolicam

1350 1607 1463 1672 Sedem
1484 1609 1622 1682 Oratore,
1646 1610 1783 1687 graviter
1799 1609 1833 1670 ee
1848 1609 1886 1670 de
1906 1624 1941 1670 re
1962 1622 2097 1684 conque·

1350 1703 1389 1766 sti
1416 1720 1536 1778 sumus,
1560 1709 1590 1766 et
1611 1701 1739 1766 Senatui
1761 1703 1857 1766 eliam
1886 1701 1992 1764 literas
2013 1700 2096 1762 dedi-

1351 1812 1431 1870 mus,
1449 1796 1560 1874 quibus
1575 1796 1673 1875 palam
1695 1795 1836 1871 lecimus,
1852 1801 1966 1874 quauta
1981 1810 2037 1856 nos
2048 1809 2096 1854 ce·

1351 1891 1430 1969 perit
1451 1890 1629 1964 admiratio,
1652 1905 1725 1952 cuin
1752 1899 1888 1952 vestram
1916 1887 2096 1966 Rempubli·

1351 1999 1416 2046 cam
1439 1985 1616 2047 videremus
1630 1984 1667 2047 ab
1689 1983 1723 2045 ea
1744 1983 1898 2045 sententia
1919 1981 2095 2056 descivisse,

1351 2077 1384 2139 in
1406 2093 1466 2156 qua
1488 2077 1576 2140 nullo
1598 2092 1661 2139 nou
1686 2083 1827 2155 tempore
1849 2075 1978 2137 maiores
2000 2073 2096 2137 vestri

1351 2171 1597 2234 constantissime
1619 2177 1869 2250 permanserunt.

1391 2263 1409 2338 ἓ
1431 2263 1459 2324 2.
1484 2262 1529 2324 illi
1546 2262 1630 2324 enim
1644 2263 1811 2326 incoelesiai
1823 2260 1855 2324 S.
1869 2262 2005 2340 Georgii,
2017 2277 2096 2340 quae
2143 2278 2252 2329 quanta
2271 2288 2333 2322 sem-

1351 2357 1383 2418 in
1407 2356 1520 2435 inelyta
1542 2356 1644 2417 vestre
1666 2355 1871 2419 venetiarum
1896 2353 1973 2417 urbe
1995 2356 2096 2435 ponti·
2115 2329 2336 2430 l'fflussveffissssl

1352 2449 1417 2511 sicle
1439 2449 1623 2511 auctoritate
1637 2447 1696 2510 luit
1711 2456 1811 2511 erecta
1828 2448 2024 2526 subiectaque
2039 2448 2096 2509 iui-
2115 2439 2196 2482 ‘⁰⁰¹¹'
2211 2447 2239 2482 ⁵⁰
2260 2437 2334 2484 ⁰¹f¹³⁵

1352 2542 1483 2606 mediate
1497 2543 1690 2623 apostolicae
1704 2543 1787 2616 Sedi,
1804 2541 1973 2621 puritatem
1994 2541 2096 2604 catbo·
2115 2490 2208 2590 §gnffi
2229 2490 2333 2606 θίῗὲὲθτῗῧ

1365 2637 1370 2648 .
1511 2637 1516 2647 .
1649 2636 1655 2647 .
2015 2636 2020 2646 .
2115 2596 2251 2643 catholica
2270 2608 2334 2653 puri·

1352 2637 1426 2699 licae
1448 2637 1520 2699 fidei
1540 2653 1657 2699 servari
1681 2636 1849 2700 voluerunt
1869 2651 1992 2713 semper
2013 2650 2098 2697 inco·
2116 2655 2159 2698 aas
2180 2653 2331 2698 servaretur.

1352 2729 1482 2804 lumem,
1504 2736 1536 2791 et
1557 2729 1759 2793 necessariam
1782 2745 1855 2790 cum
1884 2728 2018 2791 Ecclesia
2039 2728 2097 2790 Ro·

1352 2823 1442 2886 mand
1457 2824 1713 2887 communionem
1729 2822 1878 2898 retineri;
1895 2823 2098 2899 eamdemque

1352 2917 1511 2979 ecclesiam
1521 2934 1538 2977 a
1549 2916 1705 2979 catholicis
1716 2915 1902 2995 cappellanis
1917 2913 2097 2992 gubernari,

1352 3027 1428 3089 quos
1449 3010 1500 3072 vel
1520 3009 1713 3089 Apostolieus
1734 3007 1874 3072 Nuncius
1896 3009 1946 3070 vel
1968 3007 2098 3070 Patriac-

1353 3105 1408 3167 cba
1439 3105 1642 3169 Venetiarum
1670 3105 1707 3168 ad
1736 3121 1880 3168 normam
1910 3105 2098 3182 originariae

1352 3199 1543 3263 fundationis
1558 3208 1592 3263 ut
1613 3199 1778 3264 catholicos
1789 3199 1993 3278 probavisset;
2016 3197 2098 3277 quod

1355 3301 1422 3358 tuin
1437 3308 1477 3354 eit
1491 3293 1715 3356 vetustioribus
1732 3293 1862 3356 decretis
1876 3309 1925 3354 an.
1937 3307 2097 3355 unxxxrv.

1353 3395 1384 3450 et
1405 3403 1543 3462 nexuit,
1567 3394 1635 3450 tiim
1656 3403 1696 3448 eii
1716 3386 1968 3450 recenlioribusa
1982 3387 2098 3450 Senatu

1353 3490 1459 3545 vestro
1485 3481 1577 3546 editis
1602 3497 1684 3544 anno
1714 3495 1857 3544 uncuxx.
1885 3488 1916 3543 et
1937 3495 2094 3543 uuccxxi.

1354 3576 1602 3638 luculentissime
1622 3582 1757 3654 apparet.
1780 3574 1826 3636 dd
1846 3576 1898 3636 lies
1919 3574 2022 3637 literas
2044 3589 2098 3636 ne

1352 3679 1430 3734 stras
1443 3686 1627 3748 responsum
1643 3668 1771 3749 quidem
1788 3669 1915 3732 tulimus
1929 3668 1979 3730 die
1994 3684 2095 3730 xxviv.

1353 3766 1456 3827 martii
1476 3763 1645 3845 superioris
1659 3762 1744 3837 anni,
1761 3762 1793 3823 in
1814 3778 1875 3839 quo
1891 3778 1954 3824 non
1970 3763 2099 3824 omnino

1354 3860 1511 3939 pastoralis
1530 3857 1808 3920 solicitudonostia
1830 3857 1931 3933 potuit
1952 3857 2099 3934 conquie-

1353 3968 1448 4014 scere.
1473 3951 1550 4014 lllud
1573 3951 1659 4012 enim
1681 3949 1814 4011 maxime
1839 3949 2098 4024 desiderabamus,

1353 4052 1389 4106 ut
1409 4043 1571 4106 conlestim
1584 4059 1678 4106 omne
1699 4041 1873 4122 periculum
1888 4048 2098 4119 amoveretur,

1355 4139 1387 4201 in
1409 4151 1470 4216 quo
1491 4136 1672 4199 catholicam
1694 4136 1853 4199 ecclesiam
1877 4138 1992 4200 versari
2014 4135 2098 4200 vide-

1355 4231 1474 4306 bamus,
1491 4245 1532 4292 ne
1554 4229 1585 4290 in
1607 4245 1676 4292 eam
1699 4229 1868 4308 Episcopus
1888 4230 2100 4292 schismaticus

1353 4337 1419 4386 sese
1441 4322 1626 4384 intruderet.
1657 4319 1717 4384 Sed
1738 4331 1844 4384 tamen
1869 4321 2015 4384 uonnibii
2035 4322 2100 4383 ani·

1354 4431 1405 4478 ino
1427 4422 1533 4477 nostro
1556 4405 1790 4493 tranquillitatis
1804 4415 1910 4477 attulit
1930 4414 1997 4476 data
2012 4415 2100 4476 nobis

1355 4510 1488 4574 Senatus
1508 4509 1638 4570 nomine
1660 4509 1747 4583 sides,
1763 4523 1927 4586 nunquam
1949 4508 2100 4586 ioreuta

1354 4604 1508 4668 maiorum
1528 4617 1658 4663 suorum
1672 4601 1828 4664 sententie
1848 4602 2018 4676 recederet,
2031 4609 2100 4664 tum

1354 4698 1448 4760 etiam
1470 4695 1575 4774 ipsius,
1598 4711 1691 4774 quem
1710 4695 1816 4756 Graeci
1838 4694 2024 4774 Episcopum
2039 4695 2100 4757 ele·

1355 4795 1473 4868 gerant,
1496 4789 1607 4866 agendi
1629 4788 1718 4863 ratio,
1735 4789 1800 4867 qui,
1816 4795 1978 4868 postquam
2000 4803 2100 4850 susce·

1354 4893 1406 4965 pto
1427 4891 1607 4964 praetensae
1627 4882 1866 4944 consecrationis
1888 4896 2020 4944 munere
2042 4881 2101 4945 Ve-

1355 4978 1453 5040 netias
1474 4976 1577 5052 rediit,
1594 4975 1713 5038 nullam
1736 4991 1874 5053 unquam
1896 4974 2100 5055 episcopalem

1356 5071 1603 5134 iurisdictionem
1620 5070 1651 5132 iii
1666 5070 1795 5134 Graecos
1809 5071 1866 5133 sibi
1883 5077 2098 5150 usurpaverat.

1356 5165 1397 5226 Ed
1419 5164 1516 5240 igitur
1536 5179 1590 5242 spe
1613 5163 1700 5224 uobis
1723 5162 1845 5239 iniecta,
1867 5163 1942 5225 laiso
1964 5165 2037 5228 buic
2051 5179 2101 5242 pa·

1354 5257 1475 5332 storia
1497 5255 1632 5320 Senatus
1652 5255 1806 5332 religione
1827 5264 1858 5318 et
1879 5257 1939 5320 side
1953 5257 2099 5333 cohibito,

1355 5365 1517 5428 nunquam
1540 5348 1679 5412 laturam
1697 5351 1727 5410 iu
1744 5347 1812 5410 lesu
1829 5350 1943 5412 Christi
1959 5351 2040 5414 ovile
2055 5352 2101 5413 iii-

1355 5443 1500 5506 troeundi
1522 5442 1654 5522 copiam,
1672 5451 1705 5506 ut
1727 5459 1850 5505 veneno
1865 5459 1920 5505 suo
1936 5443 2018 5506 illius
2032 5459 2101 5522 gre·

1356 5533 1402 5613 gis
1423 5553 1497 5598 oves
1523 5539 1683 5613 inliceret,
1710 5536 1862 5617 patienter
1889 5545 2102 5616 opportunum

1358 5640 1478 5707 tempus
1499 5633 1725 5707 expectandum
1746 5631 2004 5706 existimavimus,
2027 5630 2101 5692 dum
2127 5653 2129 5657 ·

1357 5723 1504 5785 validiora
1527 5731 1557 5785 et
1579 5723 1774 5802 Reipublicae
1796 5732 1916 5786 vestrae
1930 5724 2103 5787 rationibus
