4740 6962
326 529 381 583 An.
395 531 425 585 C.
447 533 516 585 1784
565 537 623 602 2874

324 4445 409 4506 'aanor
422 4454 521 4490 conces-

309 4505 396 4542 sionis.

546 675 629 738 modi
650 676 749 752 graeci
768 677 923 740 hulistitis
937 678 970 740 in
985 675 1189 740 Bisiniauensi
1210 675 1292 740 dioe-

544 773 603 834 cesi
619 777 768 849 perpetuo
784 773 945 838 residentis
960 773 1158 852 deputatione
1172 771 1293 835 consul-

545 871 613 927 tum
635 865 734 928 iuerat
754 866 941 930 Graecorum
967 869 998 930 in
1022 868 1157 932 Calabria
1178 867 1292 944 degen-

545 960 625 1020 tium
647 960 808 1023 commodo
823 970 855 1024 et
870 962 1097 1036 emolumento,
1115 961 1154 1023 ita
1169 975 1291 1039 quoque

545 1053 744 1131 deputatione
756 1054 883 1116 alterius
895 1055 1049 1119 hntislitis
1066 1055 1198 1118 titularis
1213 1053 1293 1115 eius·

545 1147 616 1210 dem
638 1149 738 1224 graeci
761 1149 851 1225 ritus,
870 1151 923 1228 qui
947 1152 977 1213 in
992 1151 1094 1214 Sicilia
1117 1150 1195 1211 ultra
1217 1149 1292 1210 Pha-

545 1258 617 1303 rum
639 1241 776 1305 residens
790 1243 1003 1307 Italo-Graecis
1017 1259 1085 1305 eam
1102 1241 1233 1305 insulam
1248 1241 1293 1303 iu·

546 1336 718 1400 colentibus
738 1353 839 1400 sacros
867 1338 992 1400 ordines
1013 1339 1154 1400 conlerrd
1175 1335 1292 1398 valeret

474 1491 477 1500 ,
546 1445 616 1492 oum
649 1429 746 1492 literis
777 1431 1031 1494 dimissorialibus
1059 1431 1292 1495 ordinariorum

546 1523 719 1602 respective
739 1540 889 1601 suorum,
918 1527 1100 1589 eorumdem
1130 1526 1161 1587 in
1182 1526 1290 1587 eodem

546 1615 668 1680 Siciliae
688 1633 786 1695 regno
813 1625 903 1696 atque
931 1618 1032 1681 insula
1052 1627 1290 1692 commorantes,

545 1725 699 1787 aegreque
719 1710 855 1774 lerentes
876 1727 932 1789 pro
952 1713 1045 1774 sacris
1063 1711 1223 1774 ordinibus
1242 1728 1292 1773 su·

543 1804 709 1882 eripiendis
730 1806 860 1882 longum
879 1821 1164 1884 aerumnosumque
1186 1821 1293 1882 aggre-

545 1897 576 1958 di
596 1897 657 1957 iter
677 1899 839 1961 accedendi
861 1899 909 1960 vel
932 1901 967 1962 ad
985 1904 1062 1962 hanc
1077 1899 1220 1962 Nostram
1235 1899 1292 1961 Ur-

546 1989 616 2051 bem
638 1991 689 2053 rel
709 1994 744 2054 ad
771 1993 1018 2056 Bisiuianensem
1039 1993 1215 2066 dioecesim,
1240 1993 1290 2054 uhi

546 2085 658 2149 unicus
678 2087 763 2164 degit
784 2088 921 2150 Antiates
940 2092 1039 2165 graeci
1062 2089 1151 2164 ritus,
1176 2089 1291 2151 iamdiu

545 2180 750 2242 vehementer
770 2183 933 2261 optabant,
964 2183 993 2244 id
1016 2181 1197 2260 nuperrime
1218 2192 1291 2245 sunt

543 2277 697 2339 consecuti
720 2277 833 2355 pietate
861 2293 894 2338 ac
915 2279 1128 2340 munificentia
1152 2279 1291 2340 charissi-

544 2369 585 2429 mi
601 2369 633 2430 in
651 2369 773 2432 Christo
788 2369 845 2431 olii
860 2370 963 2433 Nostri
977 2371 1161 2435 Ferdinandi
1177 2373 1290 2434 utrius-

543 2479 604 2540 que
626 2463 746 2527 Siciliae
767 2464 865 2541 regis,
888 2465 940 2543 qni
964 2473 998 2528 nt
1019 2465 1138 2528 lucilius
1160 2483 1175 2528 a
1198 2466 1291 2529 Nobis

543 2555 698 2618 obtineret
719 2557 951 2634 deputationem
979 2559 1107 2621 alterius
1135 2560 1290 2622 Antislitis

543 2649 678 2712 titularis
699 2651 798 2726 graeci
822 2651 901 2714 ritus
927 2652 958 2713 in
983 2653 1083 2716 Sicilia
1112 2654 1192 2715 ultra
1216 2653 1290 2714 Pha-

454 2779 457 2787 ,
542 2759 614 2804 rum
635 2752 786 2822 perpetuo
807 2747 1012 2822 permansuri,
1033 2747 1074 2808 ibi
1089 2765 1190 2809 sacros
1211 2749 1291 2810 ordi-

543 2852 598 2898 nes
619 2836 759 2900 collaturi
774 2838 954 2900 hominibus
975 2839 1115 2903 eiusdem
1131 2843 1209 2904 ritus
1222 2859 1287 2905 eam

542 2930 678 2993 insulam
690 2930 895 2994 incolentibus
909 2949 981 2996 cum
995 2933 1090 2996 literis
1105 2934 1289 2998 dimissoria-

541 3025 623 3088 libus
644 3025 892 3103 respectivorum
907 3025 1140 3091 ordinariorum
1157 3032 1288 3108 rogarit,

543 3125 578 3180 ut
598 3117 699 3180 eidem
720 3117 861 3179 hulistiti
886 3134 941 3195 pro
966 3126 1104 3198 tempore
1130 3122 1288 3198 existenti,

541 3229 598 3292 pro
618 3213 685 3274 eius
706 3227 842 3287 congrua
856 3211 941 3275 iuxta
961 3213 1143 3291 pontificalis
1158 3217 1289 3292 diguita-

543 3304 580 3365 tis
602 3303 792 3381 exigentiam
807 3310 838 3366 et
851 3307 1123 3383 sustentationem,
1138 3309 1289 3371 abbatiam

542 3398 573 3462 S.
596 3396 709 3459 Mariae
729 3399 767 3459 de
787 3397 858 3460 Gala
872 3398 919 3461 sui
934 3399 1012 3476 regii
1029 3408 1207 3477 patronatus
1221 3419 1289 3480 per-

540 3499 634 3567 petuo
654 3490 877 3566 addiceremus,
893 3508 985 3570 quam
1006 3509 1090 3556 nunc
1111 3495 1231 3558 obtinet
1245 3497 1289 3559 di-

541 3582 638 3645 lectus
654 3583 736 3645 lilius
752 3584 860 3646 Petrus
876 3585 1069 3649 Petrasancta
1083 3588 1115 3649 in
1130 3605 1289 3653 commen-

540 3675 609 3738 dam
631 3676 736 3739 adsui
757 3676 854 3739 vitam
875 3694 913 3740 ex
942 3681 1025 3756 regia
1054 3682 1287 3760 nominatione,

541 3783 598 3830 nec
625 3784 688 3830 non
715 3786 754 3830 ex
780 3771 976 3834 concessione
1004 3781 1035 3836 et
1062 3775 1288 3852 dispensatione

540 3862 711 3940 apostolicis
732 3863 887 3941 praedicto
908 3867 1049 3928 Antistili
1074 3869 1176 3944 graeci
1197 3869 1286 3945 ritus,

541 3961 575 4016 ut
589 3955 775 4032 praefertur,
791 3959 980 4036 deputando,
997 3961 1096 4024 donec
1109 3964 1216 4025 eadem
1237 3965 1287 4028 ab·

542 4050 620 4112 batia
643 4066 750 4114 vacare
774 4053 957 4129 contigerit,
988 4055 1287 4124 administrationem

541 4152 571 4206 et
593 4143 730 4207 redditus
752 4147 886 4208 vacantis
912 4147 1054 4210 henelicii
1082 4147 1112 4211 S.
1137 4150 1286 4214 Pancratii

540 4236 628 4300 latini
649 4238 734 4300 ritus·
749 4239 865 4300 interea
887 4256 902 4300 a
925 4240 1013 4302 nohis
1034 4242 1181 4318 assignari
1200 4249 1287 4322 posse

540 4331 704 4393 consentit.

579 4426 598 4502 5
619 4423 648 4485 5.
673 4423 733 4486 Nos
754 4424 863 4501 igitur,
886 4425 939 4504 qui
955 4435 986 4488 et
1001 4427 1154 4505 piissimae
1169 4431 1286 4508 praedi-

539 4519 579 4578 cli
595 4517 676 4593 regis
690 4517 844 4580 voluntati
859 4519 1067 4583 obsecundare
1081 4531 1113 4585 et
1126 4526 1286 4603 quamplu-

542 4611 628 4674 rimis
650 4611 854 4674 incommodis
875 4621 968 4691 atque
982 4617 1124 4693 expensis
1138 4617 1286 4680 hactenus

540 4705 712 4782 importatis
741 4719 795 4783 prr
822 4704 976 4768 delectum
1004 4709 1159 4771 hntislitis
1186 4713 1285 4789 graeci

539 4799 617 4859 ritus
639 4797 672 4858 in
694 4797 796 4860 Sicilia
818 4799 898 4860 ultra
914 4799 1047 4863 Pharum
1062 4803 1227 4866 residentis
1241 4808 1285 4869 di-

539 4891 626 4953 lectis
653 4891 725 4952 filiis
752 4890 965 4955 italo-Graecis
993 4895 1026 4956 in
1055 4899 1164 4959 eodem
1189 4915 1284 4976 regno

538 4985 802 5047 commorantibus
828 4987 919 5048 sacris
946 4987 1105 5051 ordinibus
1128 4991 1284 5054 initiandis

538 5093 663 5158 parcere
690 5078 895 5140 vehementer
923 5079 1076 5157 cupimus,
1106 5094 1192 5147 nxotu
1215 5101 1285 5162 pro·

537 5171 617 5251 prio,
630 5169 795 5249 auditoque
810 5172 903 5234 etiam
915 5173 1043 5234 oonsilio
1060 5177 1282 5240 venerabilium

536 5263 670 5326 lratrum
690 5263 874 5328 Nostrorum
897 5265 1026 5329 Sanctae
1054 5267 1208 5331 Romanae
1230 5271 1284 5334 Ec·

536 5357 646 5420 clesiae
658 5359 867 5421 cardinalium
878 5358 1028 5438 praelatae
1043 5361 1283 5439 congregationi

536 5453 574 5513 de
603 5451 798 5530 Propaganda
826 5452 900 5515 Fide
931 5469 984 5530 per
1012 5453 1161 5518 dilectum
1182 5457 1283 5519 lilium

536 5543 729 5624 Stephanum
750 5545 860 5624 Borgia
875 5545 1014 5609 eiusdem
1029 5547 1283 5626 congregationis

535 5638 737 5702 secretarium
747 5640 886 5703 exhibito
896 5640 1077 5702 hntistitem
1089 5644 1190 5718 graeci
1204 5644 1282 5707 ritus

536 5734 568 5794 in
591 5732 728 5812 partibus
749 5733 936 5809 infidelium,
959 5735 1012 5813 qui
1027 5739 1107 5814 apud
1122 5736 1281 5800 ecclesiam

535 5826 594 5888 sibi
621 5827 815 5890 commissam
845 5828 937 5908 impia
965 5830 1149 5891 eorumdem
1175 5832 1281 5896 inlide-

536 5919 615 5983 lium
632 5921 674 5984 sic
690 5929 819 5998 cogente
834 5921 999 6000 tyrannide
1015 5923 1219 6002 personaliter
1233 5943 1282 5990 re-

1071 557 1134 601 litu.
1159 556 1250 600 PONT.
1275 555 1315 598 DE
1337 557 1366 600 P·
1390 559 1418 604 lt.
1444 561 1525 608 PARS
1547 565 1568 608 1.
1638 597 1643 608 .

1349 677 1450 742 sidere
1471 698 1535 746 non
1558 685 1676 763 valens,
1700 688 1732 751 iu
1754 705 1851 766 regno
1874 689 1994 754 Siciliae
2016 690 2098 752 ultra

1349 772 1483 836 Pharum
1504 777 1645 856 resideat,
1668 783 1773 861 ibique
1787 783 2005 848 italo-Graecis
2019 783 2097 845 eius-

1350 870 1418 931 dem
1441 874 1529 948 regni
1551 875 1660 937 incolis
1675 878 1892 941 dimissoriales
1905 895 2035 941 suorum
2051 895 2097 940 re-

1349 963 1483 1042 spective
1504 966 1738 1033 ordinariorum
1756 972 1859 1034 literas
1877 971 1933 1034 sibi
1949 973 2097 1034 exhiben-

1351 1056 1431 1118 tibus
1452 1076 1551 1122 sacros
1566 1061 1689 1124 ordines
1704 1065 1737 1126 in
1751 1065 1877 1128 ecclesia
1898 1063 1928 1126 S.
1947 1066 2096 1127 Demetrii

1349 1149 1407 1212 loci
1429 1152 1524 1229 vulgo
1539 1155 1619 1216 dello
1636 1157 1741 1220 Piuno
1760 1159 1994 1221 Panormitanae
2013 1158 2096 1221 dioe-

1350 1243 1425 1305 cesis
1437 1245 1551 1324 absque
1566 1248 1628 1311 ulla
1639 1250 1790 1313 ordinarii
1803 1251 1943 1313 eiusdem
1957 1251 2026 1327 loci,
2041 1254 2096 1314 hr-

1349 1336 1531 1418 chiepisropi
1548 1358 1661 1421 nempe
1675 1344 1895 1418 Panormitani,
1912 1344 2046 1419 licentia,
2064 1345 2095 1406 in

1350 1430 1416 1492 aliis
1438 1449 1511 1495 vero
1533 1437 1668 1500 ecclesiis
1684 1445 1748 1501 tum
1766 1440 2011 1517 Panormitanae,
2029 1449 2095 1504 tum

1349 1525 1479 1588 aliarum
1501 1529 1674 1593 dioecesum
1697 1533 1735 1594 de
1752 1533 1987 1597 ordinariorum
2002 1536 2092 1597 licen·

1351 1617 1389 1677 lia
1411 1619 1564 1695 conlerre,
1588 1629 1680 1701 atque
1701 1626 1773 1687 alias
1788 1628 2005 1690 ecclesiasticas
2027 1629 2097 1693 lun·

1349 1709 1466 1773 ctiones
1488 1713 1587 1788 graeci
1604 1717 1682 1779 ritus
1698 1735 1844 1798 peragere
1859 1722 1969 1797 valeat,
1987 1730 2096 1785 tenore

1349 1807 1561 1881 praesentium
1584 1818 1731 1887 perpetuo
1753 1815 1972 1878 constituimus
1992 1825 2025 1878 et
2046 1818 2096 1878 de·

1349 1903 1504 1975 putamus,
1532 1901 1696 1980 eidemque
1716 1907 1856 1969 hulisliti
1880 1924 1934 1986 pro
1957 1917 2096 1983 tempore

1348 1991 1505 2068 existenti,
1523 2002 1553 2054 et
1568 1995 1721 2058 abeodem
1741 1999 1929 2062 claruissirno
1952 2003 1987 2063 itt
2003 2002 2094 2065 Clari·

1347 2091 1396 2144 sto
1417 2085 1484 2162 filio
1500 2088 1615 2150 Nostro
1631 2091 1835 2154 Frrdiuurtdo
1852 2096 2024 2174 utriusque
2047 2096 2095 2158 Si·

1348 2177 1442 2241 rilioe
1473 2196 1544 2259 repe
1575 2185 1705 2262 eiusque
1734 2175 1972 2251 circumscribas
1997 2191 2095 2252 nortal-

1347 2273 1453 2333 uundo
1476 2275 1583 2350 vigore
1603 2278 1652 2338 sni
1673 2280 1750 2356 regii
1776 2290 1967 2358 patronatus,
1989 2301 2096 2361 supra·

1340 2365 1458 2427 dictam
1480 2367 1630 2430 abbatiam
1652 2371 1683 2434 S.
1700 2373 1811 2436 Mariae
1830 2376 1868 2436 de
1881 2376 1998 2438 Calain
2013 2378 2096 2439 dioe-

1346 2459 1404 2520 cesi
1427 2460 1624 2538 Messanensi,
1647 2480 1739 2541 quarn
1760 2467 1791 2528 in
1808 2484 1950 2546 praeseus
1967 2470 1998 2530 in
2014 2486 2095 2532 com-

1348 2554 1491 2614 mendam
1513 2554 1633 2619 ohtinet
1655 2557 1784 2621 dilectus
1807 2561 1888 2622 lilius
1910 2562 2019 2625 Petrus
2041 2565 2094 2626 Pe-

1347 2653 1507 2721 trasanota,
1524 2665 1596 2711 cum
1612 2666 1719 2714 vacare
1741 2655 1916 2730 contigerit,
1933 2673 2018 2718 nunc
2039 2674 2094 2735 pro

1348 2745 1420 2800 tunc
1432 2750 1580 2818 perpetuo
1595 2742 1779 2820 addicenles,
1797 2747 2030 2829 interinainque
2044 2751 2095 2810 ad-

1346 2832 1606 2896 ministrationem
1626 2840 1916 2919 perceptionemque
1934 2841 2093 2905 huctnum

1347 2928 1482 2988 vacantis
1504 2929 1645 2992 beneficii
1668 2934 1698 2994 S.
1723 2932 1871 2997 Pancratii
1893 2935 1981 2998 latini
2003 2941 2093 3011 ritus,

1346 3019 1486 3097 regiique
1507 3029 1700 3100 patronatus,
1717 3027 1814 3104 queis,
1830 3029 1926 3090 donec
1943 3031 2092 3107 praedicta

1346 3111 1462 3174 abbatia
1491 3131 1599 3176 vacare
1626 3119 1802 3194 contigerit,
1826 3137 1859 3181 se
1886 3122 1969 3184 alere
1996 3123 2093 3184 valeat

1346 3205 1562 3285 propriamque
1584 3210 1768 3286 dignitatem
1792 3215 1881 3290 tueri,
1905 3215 1990 3292 regio
2011 3233 2093 3278 acce-

1345 3297 1437 3360 dente
1458 3315 1623 3380 consensu,
1645 3304 1845 3381 indulgentes
1867 3316 1897 3369 et
1918 3311 2093 3372 condonan-

1346 3400 1401 3466 tes,
1418 3408 1466 3452 eas
1481 3409 1589 3455 omrres
1604 3394 1762 3458 facultates
1777 3400 1973 3464 concedimus
1988 3411 2019 3463 et
2036 3405 2092 3464 im·
2149 3448 2150 3451 ,

1345 3485 1497 3562 partimur
1518 3488 1618 3564 quoad
1639 3506 1736 3551 sacras
1757 3493 1968 3557 ordinationes
1995 3497 2092 3558 llalo-

1344 3577 1531 3640 Graecorum
1563 3582 1650 3658 regni
1680 3582 1800 3646 Siciliae
1833 3573 1913 3649 nitra
1935 3589 2091 3666 Pharum,

1344 3688 1419 3749 quas
1445 3671 1496 3734 lel.
1520 3690 1581 3735 rec.
1605 3675 1749 3738 Clemens
1771 3678 1826 3740 PP.
1852 3681 1916 3743 Xll.
1943 3685 2093 3744 concessit

1345 3767 1482 3828 hnlistiti
1499 3769 1598 3843 graeci
1622 3771 1699 3831 ritus
1721 3771 1753 3832 in
1773 3775 1941 3836 seminario
1963 3779 2092 3840 Corsino

1344 3877 1359 3920 a
1381 3877 1414 3922 se
1435 3861 1467 3921 iu
1491 3861 1627 3924 Calabria
1647 3874 1751 3925 erecto
1771 3867 1896 3943 degenti
1912 3869 1945 3930 in
1959 3871 2022 3932 suis
2041 3889 2092 3932 su-

1344 3970 1398 4032 per
1420 3952 1547 4016 laudatis
1563 3957 1734 4032 apostolicis
1749 3958 1846 4021 literis
1862 3962 1893 4022 in
1908 3962 2007 4024 lorma
2023 3965 2091 4026 Bru·

1344 4047 1409 4122 vis,
1438 4048 1551 4125 quibus
1582 4049 1679 4126 quoad
1702 4053 1910 4116 ordinationes
1932 4059 2091 4119 dumtaxat

1343 4142 1625 4206 italo-Graecorum
1654 4149 1744 4222 regni
1772 4146 1893 4212 Siciliae
1916 4152 1994 4214 ultra
2015 4153 2090 4214 Pha·

1343 4251 1414 4297 rnm
1436 4238 1491 4298 hac
1513 4244 1617 4299 nostra
1645 4249 1794 4318 perpetuo
1823 4243 1954 4306 valitura
1973 4249 2092 4307 'consti-

1344 4330 1464 4390 tutione
1493 4345 1637 4407 expresse
1658 4349 1691 4394 ac
1712 4335 1886 4411 specialiter
1907 4337 2090 4415 derogatum

1343 4421 1505 4497 uolumus;
1536 4423 1644 4486 iisdem
1671 4427 1843 4504 apostolicis
1872 4429 1969 4490 literis
1990 4435 2089 4510 quoad

1342 4514 1458 4594 reliqua
1480 4515 1513 4576 in
1534 4533 1591 4578 suo
1613 4518 1723 4580 robore
1745 4525 1966 4599 permansuris.

1381 4611 1400 4684 ἓ
1420 4611 1450 4672 6.
1474 4609 1543 4671 Non
1564 4611 1755 4675 obstantibus
1769 4618 2043 4681 constitutionibus
2057 4629 2089 4682 et
2108 4629 2316 4728 tiiissiirii‘fffl'n'

1341 4703 1587 4765 ordinationibus
1601 4707 1784 4782 apostolicis,
1796 4713 1999 4788 caeterisque,
2011 4731 2089 4792 quae

1341 4795 1373 4856 in
1395 4795 1535 4874 praelatis
1558 4797 1761 4860 Clementinis
1777 4800 1874 4864 literis
1889 4819 1952 4865 non
1967 4807 2089 4868 obstare

1340 4887 1400 4950 luit
1420 4888 1591 4951 decretum.

1383 4981 1492 5042 Datum
1513 4981 1628 5044 Romae
1649 4986 1727 5062 apud
1751 4985 1781 5048 S.
1808 4987 1934 5050 Petrum
1956 4991 2014 5054 sub
2035 5007 2088 5053 an·

1340 5073 1415 5134 nulo
1427 5074 1584 5136 Piscatoris
1596 5076 1644 5137 die
1657 5094 1697 5137 rx.
1706 5077 1853 5141 februarii
1867 5097 2085 5146 nuccxxxxrv.

1340 5170 1535 5246 pontificatus
1557 5171 1655 5231 nostri
1676 5187 1757 5232 anno
1780 5189 1824 5234 xx.

1651 5553 1769 5617 xcvll.

1337 5736 1564 5817 Presbyterum
1579 5741 1764 5807 illirltueloru
1786 5746 1957 5818 Hudrriclci,
1974 5749 2029 5825 qui
2044 5749 2085 5810 nd

1378 5834 1481 5894 ritum
1503 5833 1678 5896 cutbertum
1700 5841 1890 5910 trrrltsielut,
1914 5849 1943 5902 et
1965 5844 2087 5922 profes-

1376 5927 1496 5989 sionem
1519 5929 1553 5990 in
1577 5927 1695 5994 ordina
1717 5931 1748 5995 S.
1772 5933 1890 5996 Basilii
1912 5935 1954 6000 M.
1978 5936 2085 5998 emise-

2129 551 2189 602 An.
2206 549 2238 602 o.
2264 549 2330 604 1784
