4776 6974
907 600 1048 648 313333.
1072 585 1115 648 111.
1703 565 1762 643 usa
1813 577 2004 636 landaven

237 742 294 804 333
318 741 372 788 vos
393 721 493 791 dicitis
513 743 552 788 311
573 724 684 788 vestris
704 732 736 788 31
750 734 980 787 antecessorum
1035 722 1134 796 iussit,
1157 723 1301 801 33311333
1322 736 1377 784 133
1395 717 1489 784 31133
1504 721 1616 782 vestris
1632 720 1665 782 in
1681 720 1781 782 literis

237 828 414 884 vestrorum
436 823 528 898 gestis
556 821 750 898 repetendos,
772 837 904 898 magnae
926 838 980 884 no·
1035 815 1293 878 commemoratis.

239 918 291 991 bis,
314 923 351 978 ut
363 921 396 976 31
410 915 618 979 decessoribus
633 916 758 990 nostris,
773 931 894 995 semper
908 933 979 980 con·
1076 909 1094 983 ἓ
1115 909 1143 971 3.
1168 910 1283 972 Harum
1302 909 1401 986 prima
1416 915 1461 970 est
1475 907 1686 982 contradictio,
1703 923 1781 984 31133
1801 917 2016 1018 rneffi¹1¹i¹issi¹¹a²3¹

237 1009 377 1072 solationi
398 1009 537 1085 1333331,
560 1017 591 1070 31
612 1009 793 1084 ellecerunt,
811 1017 845 1071 ut
859 1027 916 1073 nos
930 1027 981 1089 pa·
1036 1016 1099 1064 110⁰
1121 1003 1189 1064 sine
1210 1004 1353 1065 dimdium
1375 1001 1867 1082 1101101·111110116311011681·3331
1891 1026 1923 1070 ou
1947 1025 2016 1070 313-

237 1104 374 1181 31133333
395 1102 568 1165 decessores
583 1104 680 1165 nostri
695 1113 850 1182 acceptam
867 1120 981 1167 caram·
1036 1097 1124 1158 dilala
1147 1112 1246 1175 11111111Γ
1267 1105 1312 1158 est
1334 1097 1479 1159 3111613115
1502 1111 1565 1157 ¹¹⁰ss
1586 1094 1781 1157 1101130111θῦ·
1801 1078 2017 1180 ἷξῧὲῗωοὲῧέἶῗζ

237 1213 295 1276 que
316 1195 517 1259 habuerimus
546 1196 705 1260 ecclesiam
733 1207 880 1274 vestram,
901 1199 981 1261 eius.
1034 1205 1101 1251 sem
1122 1191 1223 1265 modu,
1239 1190 1290 1250 sed
1309 1189 1380 1252 illicis
1394 1191 1489 1252 Ellam
1503 1189 1684 1252 Germaniae
1699 1205 1782 1250 nun-
1801 1189 1866 1232 ¹⁰¹st

236 1305 295 1368 333
316 1289 459 1352 3133333
479 1299 511 1352 31
533 1290 611 1352 lilios
632 1291 750 1354 honore
776 1293 979 1367 altecerimus,

235 1390 266 1444 et
286 1384 372 1446 omni
402 1383 665 1446 cumulaverimus
693 1385 927 1448 benevolentiae
947 1403 980 1448 ac

234 1475 328 1538 studii
349 1477 584 1553 significatione.
618 1475 695 1540 Hinc
725 1477 824 1540 locere
851 1479 981 1542 omnino

235 1587 297 1632 non
319 1586 495 1647 possumus,
510 1571 587 1649 3313
606 1572 697 1647 digua
712 1573 981 1634 commendatione

236 1681 289 1726 vos
311 1680 546 1742 prosequamur,
562 1667 643 1744 33311
658 1674 762 1743 333113
781 1666 870 1728 331113
884 1666 980 1729 113313-

236 1758 320 1832 33113,
342 1758 462 1820 331133
484 1775 539 1819 vos
553 1767 673 1836 partem
688 1759 831 1821 habuisse
845 1761 877 1822 in
896 1765 980 1821 tanto

236 1851 397 1913 turbarum
427 1858 525 1925 aestu,
548 1850 601 1929 331
629 1852 783 1928 3333313
805 1852 981 1930 33331311333

236 1945 434 2006 nunciaturas
466 1943 621 2020 efferbuit,
650 1943 713 2006 imo
742 1945 846 2008 turbas
876 1947 981 2008 huius-

235 2037 316 2099 modi
338 2046 370 2099 31
390 2037 536 2100 excitatas
557 2046 588 2100 ct
609 2038 702 2100 nimis
723 2038 776 2101 diu
798 2037 874 2101 lotas
890 2039 982 2102 131333

235 2147 305 2193 333
316 2140 420 2194 vestro
436 2147 498 2192 uon
513 2132 628 2208 exiguo
639 2147 790 2194 moerore.
803 2133 881 2194 Haec
894 2135 980 2196 3313

234 2223 356 2300 collegii
368 2225 464 2285 vestri
475 2226 549 2284 adeo
560 2224 667 2285 eximii
678 2225 863 2302 significatio
874 2241 982 2303 quem-

234 2316 400 2380 admodum
427 2324 527 2379 certos
557 2333 612 2379 nos
640 2317 725 2392 lacit,
756 2335 818 2381 non
846 2320 981 2381 313333-

236 2411 352 2473 133313
378 2411 519 2488 pluribus
541 2411 573 2472 ih
596 2411 682 2472 libris
704 2413 736 2474 13
759 2413 871 2490 vulgus
891 2413 981 2476 editis

235 2505 407 2568 1331113133
429 2503 534 2579 131333,
557 2514 693 2568 3331333
713 2505 981 2569 istamnunciatu-

237 2613 302 2659 ram
323 2598 496 2660 marimum
517 2597 573 2659 sibi
600 2599 706 2660 odium
732 2599 889 2674 conflasse,
912 2615 982 2677 per-

237 2690 308 2752 inde
326 2691 398 2751 acsi
414 2705 541 2752 omnem
556 2690 718 2752 solitarum
733 2690 914 2755 facultatum
928 2709 983 2754 311-

236 2785 360 2846 cesserit
388 2785 528 2856 modum,
550 2783 591 2844 ita
612 2799 698 2862 spem
725 2783 810 2845 luvet
831 2794 980 2862 nostram,

236 2878 313 2953 lore,
336 2883 370 2940 ut
392 2877 473 2938 nihil
493 2877 564 2938 boni
586 2894 602 2938 a
625 2878 723 2952 vobis,
745 2879 798 2957 331
820 2886 883 2940 133
901 2881 981 2941 bono

236 2973 338 3034 animo
359 2971 444 3046 estis,
466 2971 621 3049 expectari
643 2987 706 3032 nou
727 2973 831 3050 possit.

68 3071 219 3169 namtarum
277 3065 296 3140 ᾖ
315 3064 344 3126 1.
365 3062 492 3127 Vestrae
505 3078 579 3126 sane
594 3080 684 3126 curae
699 3080 732 3126 ac
746 3065 980 3143 sollicitudines,

39 3181 40 3234 l
62 3128 219 3238 libidini!
237 3164 361 3236 3333133
375 3173 451 3237 3333
463 3157 498 3218 311
514 3173 570 3219 333
585 3157 715 3220 tidenter
729 3158 905 3235 confugitis,
921 3175 982 3238 333

39 3253 41 3332 ζ
62 3231 220 3330 31ξὲ1311,ᾗῖ
237 3269 255 3314 3
275 3259 376 3314 vestra
398 3251 454 3312 ista
474 3250 604 3313 dioecesi
626 3251 811 3314 divisionem
833 3252 916 3315 illam
935 3269 982 3314 ar-

39 3343 41 3396 l
63 3338 220 3436 &erronum-
237 3345 328 3408 cealis
348 3343 517 3406 ducatuum
543 3343 719 3406 iuliacensis
740 3353 771 3406 et
791 3345 981 3422 Montiensrs,

238 3455 329 3518 quam
349 3437 564 3500 dilectissimus
586 3437 618 3498 in
641 3437 762 3500 Christo
780 3439 862 3500 filius
877 3447 982 3501 noster

238 3534 351 3596 elector
382 3531 533 3610 palatinus
564 3529 620 3593 loci
642 3532 784 3610 33133333
805 3533 980 3608 313113133,

238 3635 274 3689 ut
299 3625 423 3689 lelicem
450 3630 652 3703 3313133333
683 3625 801 3687 exitum
830 3626 980 3701 habeant,

238 3736 302 3798 vos,
324 3729 357 3782 et
377 3717 565 3781 venerabilis
585 3717 691 3792 irater,
708 3727 810 3780 vester
824 3719 982 3797 133111331-

237 3812 615 3894 333333,313313333133113
627 3811 738 3874 331133
750 3812 981 3891 3113333333

239 3907 380 3985 nosipsi.
406 3906 445 3967 Et
465 3921 500 3967 re
520 3904 647 3982 33111331
675 3921 748 3966 vere
776 3905 907 3967 minime
928 3923 982 3967 vos

238 4002 334 4064 latent
355 3998 554 4077 gravissimae
569 3998 639 4060 illae
653 4015 771 4074 causae,
787 4000 899 4078 quibus
914 4016 983 4078 333-

239 4103 339 4156 33133
361 4093 477 4156 3133133
497 4091 650 4170 331311333
671 4093 733 4155 dux
755 4093 899 4155 Bononiae
918 4109 981 4155 non

238 4196 356 4250 vestrae
378 4193 512 4261 tantum,
534 4185 587 4247 sed
607 4185 674 4249 aliis
695 4186 788 4248 etiam
805 4187 983 4265 331333311-

238 4289 382 4343 tanorum
396 4279 531 4341 ecclesiis
545 4286 590 4340 est
604 4277 790 4341 divisionem
803 4279 982 4342 huiusmodi

239 4374 410 4447 minitatus,
433 4379 540 4450 313313
570 4372 739 4450 quassatis
766 4372 927 4435 enucleate
948 4375 981 4433 in

238 4465 457 4529 commentario
471 4464 677 4543 explicantur,
691 4466 773 4543 quod
787 4466 853 4544 ipse
867 4467 902 4528 ad
917 4479 982 4528 om·

238 4575 291 4622 nes
321 4559 526 4637 suffragantes
559 4558 757 4622 comitiorum
787 4558 982 4622 circumlerri

238 4774 453 4832 compositionem
472 4774 691 4831 terminarentur,
706 4777 828 4820 nostrum
846 4773 982 4822 assiduum

239 4847 328 4890 votum
342 4845 393 4898 est,
406 4847 435 4888 31
448 4843 500 4888 buc
518 4853 602 4900 usque
616 4841 675 4898 luit,
693 4853 773 4899 quem
787 4841 814 4887 in
830 4843 909 4887 linem
923 4853 984 4900 333-

240 4922 288 4968 que
298 4909 500 4957 serenissimum
510 4910 741 4968 archiepiscopum
751 4915 779 4956 et
789 4910 931 4956 electorem
942 4921 984 4956 uo·

240 4980 324 5024 strum
345 4976 469 5035 repetitis
489 4976 591 5022 vicibus
612 4976 688 5022 enixe
709 4977 853 5034 implorare
874 4989 927 5023 uon
947 4978 985 5023 in-

240 5045 415 5100 13331333
430 5049 473 5091 331
493 5045 634 5090 1133313133
651 5045 710 5091 eius
723 5047 855 5092 voluntati
869 5047 983 5092 alteram

241 5113 349 5158 81133133
363 5113 437 5158 sedis
451 5112 479 5158 in
493 5113 543 5158 hac
558 5112 599 5158 ria
608 5112 744 5159 amicabili
753 5113 831 5170 313113
840 5115 946 5160 obstare
956 5114 984 5160 in

240 5191 393 5238 responsum
407 5180 564 5237 accepimus.

279 5247 342 5293 Hinc
355 5248 477 5306 quamvis
491 5247 614 5294 dubitare
628 5259 680 5294 non
698 5248 837 5306 possimus,
856 5249 985 5296 sanctita·

243 5313 276 5360 tis
288 5319 397 5362 Vestrae
411 5320 528 5361 mentem
549 5315 660 5362 minime
673 5328 731 5362 esse
745 5318 779 5364 ad
792 5327 985 5375 praememora-

244 5385 297 5428 turu
317 5383 479 5429 desiderium
500 5383 985 5432 Ρ31311113-Β313313333333133133-

243 5452 297 5496 tum
317 5450 484 5506 renunciare,
498 5450 665 5506 potissimum
685 5452 717 5498 ob
732 5452 832 5498 multas
848 5455 983 5510 etgraves

242 5517 414 5573 difficultates,
428 5527 496 5574 quae
516 5517 618 5562 nullum
640 5517 765 5564 videntur
783 5519 934 5576 relinquere
948 5519 985 5566 lo-

241 5595 299 5630 333
312 5583 375 5630 11313
383 5584 514 5631 desiderio
524 5583 715 5640 satisfaciendi;
726 5584 900 5632 nihilominus
910 5586 985 5634 iuxta

243 5652 324 5698 celum
339 5654 459 5698 nostrum
477 5663 541 5709 erga
555 5652 700 5708 ecclesiam,
715 5657 743 5700 31
757 5664 805 5710 333
819 5659 985 5711 praeverten·

243 5717 281 5763 dis
293 5719 503 5778 quibuscumque
517 5719 736 5777 impressionibus
757 5721 909 5776 contrariis,
925 5724 985 5767 san·

243 5785 359 5834 cuiatem
373 5790 495 5833 vestram
509 5787 581 5832 hisce
595 5786 790 5834 ferventissime
808 5788 984 5844 obsecramus,

245 5857 273 5898 nt
285 5852 500 5900 archidioecesim
515 5857 541 5899 et
556 5853 700 5900 Ecclesiam
719 5854 900 5901 coloniensem
914 5856 947 5900 ab
961 5867 986 5901 e·

245 5918 342 5966 laudem
361 5931 529 5978 summopere
547 5921 696 5978 perniciosa
715 5924 742 5967 et
762 5921 909 5980 periculosa
923 5921 987 5967 divi-

246 5986 314 6035 sione
334 5989 435 6036 331133
450 5991 476 6034 31
490 5987 603 6035 liberam
623 5999 788 6046 conservare,
802 5992 851 6035 aut
872 5989 987 6036 133133-

1036 1283 1164 1344 cinturas
1186 1283 1218 1344 in
1240 1282 1458 1358 gravissimum
1482 1281 1674 1360 Apostolicae
1696 1281 1782 1344 Sedis

1036 1385 1066 1438 31
1081 1377 1261 1454 temporarii
1275 1391 1397 1454 333333
1412 1376 1782 1456 33133133133113131333-

1036 1470 1238 1532 13311133
1261 1478 1305 1530 est
1327 1469 1454 1531 violatio
1476 1470 1713 1546 praecipuorum
1737 1470 1781 1530 13-

1035 1564 1117 1625 3133
1140 1563 1335 1642 3113313313
1365 1563 1556 1625 manantium
1579 1570 1610 1624 31
1631 1564 1782 1626 divinitus

1036 1657 1123 1720 nobis
1150 1655 1410 1732 concreditorum,
1432 1672 1575 1735 suprema
1603 1659 1634 1719 in
1658 1675 1713 1720 nos
1736 1659 1782 1718 13-

1036 1751 1216 1813 risdictione
1236 1761 1267 1812 et
1289 1758 1438 1828 potestate
1463 1750 1582 1826 collata,
1606 1761 1667 1812 tam
1689 1766 1783 1828 super

1036 1861 1129 1922 agnos
1151 1861 1243 1924 quam
1264 1859 1358 1922 super
1372 1861 1455 1918 oves,
1472 1861 1539 1919 333,
1556 1844 1637 1923 quod
1654 1847 1686 1906 in
1703 1845 1783 1907 11133

1037 1941 1155 2014 recidit,
1177 1954 1269 2016 super
1290 1939 1419 2016 populos
1447 1955 1543 2016 33333
1564 1955 1596 2000 33
1617 1955 1711 2016 33333
1731 1954 1780 2015 33-

1035 2043 1132 2097 stores
1146 2033 1362 2094 oecumenicae
1376 2031 1536 2107 ecclesiae;
1552 2047 1631 2108 3333
1646 2033 1712 2092 iura
1729 2048 1784 2092 nos

1036 2127 1094 2205 ipsi
1115 2126 1323 2200 exercuimus,
1346 2124 1457 2202 3311133
1484 2124 1656 2186 decessores
1685 2125 1783 2186 riustri

1035 2235 1157 2299 semper
1181 2221 1226 2281 usi
1246 2226 1333 2294 sunt,
1349 2233 1489 2297 quaeque
1510 2219 1634 2297 imperii
1657 2219 1739 2294 leges
1754 2225 1785 2280 ct

1035 2313 1216 2375 concordata
1238 2313 1302 2390 ipsa
1329 2319 1500 2388 agnoscunt
1522 2329 1556 2373 ac
1584 2323 1781 2374 reverentur.

1037 2408 1140 2469 hltera
1163 2417 1303 2470 versatur
1325 2421 1419 2485 33333
1442 2407 1489 2480 iis,
1506 2421 1582 2483 3333
1602 2404 1785 2485 311313333-

1037 2499 1139 2562 1113313
1160 2499 1193 2561 13
1224 2500 1446 2577 Episcoporum
1472 2507 1503 2560 et
1531 2495 1660 2561 Sanctae
1691 2500 1784 2563 ctiam

1038 2593 1123 2656 Sedis
1145 2595 1292 2655 damnum
1315 2599 1533 2670 perpetrantur
1554 2595 1700 2656 adversus
1716 2595 1784 2655 iura

1036 2687 1290 2766 appellationum,
1314 2693 1344 2748 31
1366 2685 1490 2748 1113333
1521 2688 1703 2764 praesertim
1726 2687 1784 2749 dis·

1037 2781 1266 2859 pensationum,
1286 2795 1365 2857 3333
1386 2780 1423 2840 ab
1437 2782 1635 2843 oecumenica
1651 2781 1784 2844 Ecclesia

1037 2874 1091 2934 uni
1114 2874 1252 2934 Romano
1277 2872 1419 2935 Pontifici
1446 2871 1677 2952 adiudicantur;
1701 2877 1784 2938 unde

1036 2965 1224 3028 lamiliarum
1246 2973 1356 3043 331131
1378 2965 1585 3047 1333331111133
1607 2984 1732 3045 33313113
1753 2985 1784 3029 3-

1037 3060 1189 3122 vertitur:
1213 3075 1275 3136 333
1298 3059 1328 3120 13
1351 3058 1595 3121 13331133131333
1617 3061 1710 3122 etiam
1732 3077 1785 3138 ge-

1037 3169 1096 3215 nus
1116 3153 1376 3216 animadvertitur
1391 3165 1521 3228 novum,
1537 3162 1631 3232 atque
1645 3154 1784 3218 insolens

1037 3256 1196 3312 31333333
1223 3246 1362 3325 313333,
1385 3244 1468 3324 quod
1496 3247 1664 3325 praedicari
1692 3247 1783 3310 tradi-

1036 3347 1254 3421 3333333133
1265 3345 1321 3401 est.
1335 3339 1492 3400 Postrema
1504 3341 1698 3416 gravissimas
1709 3358 1784 3420 333-

1037 3437 1115 3499 33133
1141 3434 1377 3514 333313311133,
1406 3435 1487 3513 33311
1510 3435 1592 3497 31133
1618 3452 1651 3497 33
1673 3437 1784 3516 3333131

1037 3531 1220 3594 exhibeatur
1239 3528 1366 3590 cuilibet
1380 3528 1539 3604 religiosae
1555 3528 1705 3591 libertatis
1719 3539 1784 3591 stu·

1037 3627 1124 3688 dium
1151 3623 1253 3697 lallax,
1284 3621 1473 3699 deceptionis
1505 3624 1691 3700 3133313311
1720 3625 1807 3701 ple--

1039 3735 1136 3794 num;
1159 3715 1238 3796 33311
1263 3716 1340 3776 11333
1368 3715 1464 3793 ipsam
1486 3715 1524 3776 ob
1546 3732 1612 3778 rem
1638 3719 1785 3779 domesti-

1037 3831 1069 3875 ca
1091 3812 1257 3888 regionum
1278 3809 1365 3887 33133
1389 3808 1421 3870 13
1447 3809 1612 3871 discrimen
1634 3820 1782 3888 vocetur;

1036 3907 1180 3985 33311333
1195 3903 1419 3966 luctuosissima
1431 3902 1650 3965 discordiarum
1663 3907 1783 3968 semina

1037 4000 1118 4060 inter
1138 4009 1322 4072 supremum
1342 3993 1494 4056 Ecclesiae
1509 4003 1599 4071 caput
1616 4004 1647 4056 31
1662 3990 1783 4074 Episco-

1036 4106 1102 4169 pus,
1113 4091 1196 4151 inter
1207 4087 1369 4164 Episcopus
1385 4093 1416 4148 et
1427 4089 1592 4166 principes,
1604 4089 1687 4150 13133
1697 4090 1782 4166 prin·

1036 4183 1116 4262 cipes
1138 4190 1168 4246 31
1188 4181 1316 4260 3333133
1338 4183 1455 4244 eisdem
1471 4182 1625 4246 subiectos
1639 4191 1783 4246 serantur

1035 4277 1068 4340 in
1090 4275 1213 4352 vulgus.

1076 4370 1143 4446 §la
1168 4370 1245 4432 llaec
1267 4382 1359 4445 porro
1380 4369 1538 4432 33113333
1559 4379 1872 4448 momenmentum
1886 4399 2014 4454 utsupra.

1036 4465 1190 4544 perversis
1210 4463 1393 4541 3333333113
1419 4463 1614 4542 dogmatibus
1641 4467 1782 4544 deprom-

1035 4567 1096 4636 pta,
1118 4558 1144 4618 si
1166 4557 1270 4619 locum
1291 4557 1406 4619 habeut
1426 4559 1526 4636 quoad
1547 4560 1701 4622 dioeceses
1722 4561 1784 4622 ele-

1038 4775 1104 4829 tum‚
1119 4783 1172 4830 quo
1186 4783 1252 4830 opus
1266 4771 1355 4828 luerit,
1365 4775 1445 4829 atque
1455 4771 1592 4819 divisionis
1601 4775 1733 4820 concessio
1745 4789 1785 4832 pe-

1038 4853 1083 4888 nes
1105 4843 1228 4888 Sanctam
1250 4840 1342 4886 Sedens
1363 4840 1433 4886 serio
1454 4845 1605 4897 urgeretur,
1620 4843 1695 4888 nobis
1715 4844 1784 4890 beni·

1037 4909 1165 4966 guissime
1179 4909 1317 4965 indulgere
1332 4909 1466 4966 dignetur,
1476 4913 1506 4954 nt
1520 4910 1679 4966 gravissima
1689 4911 1785 4956 incom-

1039 4975 1123 5032 moda,
1138 4975 1254 5033 pericula
1269 4977 1296 5020 et
1310 4975 1454 5032 dispendia,
1468 4987 1535 5033 quae
1549 4977 1577 5022 in
1591 4976 1727 5024 ecclesiam
1738 4979 1785 5023 hu·

1038 5042 1153 5088 iusnaodi
1168 5045 1305 5099 totamque
1319 5042 1536 5088 archidioecesim
1550 5055 1580 5089 ex
1591 5045 1739 5101 saepedicta
1748 5045 1785 5091 di·

1038 5109 1149 5165 vleioue,
1159 5121 1206 5156 sen
1220 5109 1463 5166 dismembratione,
1473 5111 1622 5156 necessario
1635 5111 1784 5158 redundare

1039 5176 1142 5232 debent,
1157 5176 1278 5235 deinceps
1297 5177 1401 5235 plenius
1416 5189 1544 5236 exponere
1559 5182 1586 5224 et
1599 5180 1783 5226 demonstrare

1038 5246 1190 5292 audeamus.

1078 5315 1108 5358 ln
1121 5313 1197 5360 cuius
1218 5313 1428 5360 submississima
1447 5313 1543 5361 fidncia
1562 5315 1730 5362 beatissimos
1745 5329 1786 5374 33-

1039 5378 1084 5425 1133
1104 5380 1274 5426 devotissime
1294 5381 1486 5438 exosculamur,
1501 5387 1529 5428 31
1550 5383 1654 5439 33133111
1675 5383 1785 5430 affectus

1041 5457 1104 5504 erga
1126 5457 1172 5493 nos
1196 5448 1384 5506 ecclesiamque
1408 5449 1589 5495 coloniensem
1610 5451 1784 5496 continuatio·

1039 5523 1099 5559 nem
1114 5513 1265 5560 humillime
1280 5525 1428 5572 precentur,
1443 5527 1546 5573 semper
1563 5520 1748 5574 permanentes

1119 5609 1275 5656 sanctitatis
1289 5611 1398 5658 vestrae

1199 5719 1320 5767 coloniae
1334 5731 1398 5766 xvia.
1414 5719 1542 5768 februarii
1556 5731 1667 5768 11333113.

1351 5855 1518 5902 devotissimi
1532 5858 1560 5902 31
1573 5853 1719 5902 humillimi

1304 5925 1419 5970 11333331
1433 5927 1460 5969 et
1474 5924 1625 5982 capitulum
1640 5923 1771 5971 Ecclesiae

1338 5993 1554 6048 metropolitanae
1567 5992 1736 6042 coloniensis.
