4832 6978
82 1301 292 1356 ,inprecationi-

69 1359 173 1399 etarnm
198 1355 292 1400 lectio-

69 1417 132 1507 gpsm
147 1412 175 1454 et
195 1411 292 1456 oratio

100 3268 290 3314 Confirmantur

79 3321 239 3384 decretam.
263 3325 289 3366 et

75 3386 258 3420 eoncessiones.

98 5135 240 5182 clausulae
259 5135 291 5180 ei-

75 5190 253 5242 ttoacrssimae,
268 5191 292 5235 et

74 5245 216 5290 irritantes.

975 611 1118 656 oteness
1141 572 1203 656 xlv.

310 748 371 810 que
392 733 475 794 clero
496 735 568 795 dicti
584 737 672 812 regni
687 737 817 797 recitare
832 749 920 812 posse
934 731 1056 792 censui-

313 841 396 900 mus3
421 834 510 888 tenor
540 845 614 888 vero
642 830 802 903 orationis,
826 845 859 890 ao
886 827 1054 887 lectionum

311 917 487 981 huiusmodi
509 931 539 981 et
555 923 682 984 secundi
698 922 792 983 boios
810 920 925 984 decreti
940 927 986 982 est
1002 919 1054 997 qui

310 1012 463 1090 sequitur,
487 1014 647 1078 videlicet:

349 1104 511 1167 Lectiones
544 1124 615 1169 corn
648 1110 791 1171 oratione
823 1106 1055 1185 praetermitti·

310 1215 392 1260 oros.

351 1293 419 1368 §b
444 1295 603 1358 Concessis
628 1295 684 1356 iarn
709 1313 724 1355 a
746 1296 819 1358 Stilo
847 1295 977 1357 bornino
1001 1311 1054 1354 no-

310 1397 373 1450 stro
396 1388 557 1451 Clemente
578 1387 633 1449 Pe.
649 1389 727 1451 xlv.
746 1389 795 1452 die
820 1405 920 1450 xxva.
935 1387 1055 1448 lelnoa·

312 1482 347 1542 rii
370 1485 525 1544 currentis
540 1483 613 1544 onni
637 1483 784 1544 universo
799 1483 881 1544 clero
896 1481 984 1556 regni
1001 1481 1054 1541 l’e-

311 1575 433 1636 ruviani
455 1575 555 1636 ollioio
577 1583 608 1636 et
634 1576 723 1637 missa
745 1577 781 1638 de
810 1575 969 1636 corrtmoni
993 1575 1055 1635 vir·-

310 1668 419 1742 ginnm
443 1667 472 1728 in
496 1668 573 1729 lesto
589 1668 827 1729 translationum
851 1667 1053 1745 reliquiarum

310 1761 437 1823 Sanctae
459 1761 554 1822 llosae
576 1763 716 1825 asaiaco
740 1763 830 1823 Morio
853 1761 985 1836 virginis
1007 1763 1053 1824 Li-

310 1869 417 1916 ntenae
440 1855 565 1932 praelati
589 1855 679 1931 regni
703 1863 848 1932 [intronae
877 1856 1054 1932 principalis

308 1948 366 2008 sub
388 1947 451 2009 ritu
471 1946 666 2024 semiduplici
689 1963 743 2023 pro
765 1949 815 2009 die
830 1965 845 2006 a
862 1947 1055 2008 reverendis-

309 2041 387 2102 simo
412 2039 649 2117 archiepiscopo
673 2039 880 2116 designanda3
904 2039 983 2099 idern
1008 2056 1055 2099 re-

309 2133 551 2194 verendissimus
564 2132 819 2210 drobiepiscopus
831 2133 943 2192 iterum
957 2132 1054 2195 SSriro

309 2226 439 2286 Domino
462 2233 567 2287 nostro
590 2241 645 2304 pro
666 2226 884 2304 approbatione
906 2226 1054 2286 orationis

308 2337 342 2380 ac
364 2319 534 2380 lectionum
557 2319 888 2396 propriaromsecundi
907 2317 1052 2379 nocturni

309 2414 340 2473 in
363 2413 496 2490 praelato
511 2414 610 2475 otllcio
622 2414 852 2474 recitandarum
875 2411 1052 2473 humillime

307 2505 501 2584 supplicavit.
521 2506 557 2568 Et
579 2505 730 2567 Sanctitas
751 2505 810 2566 Sua
832 2505 1052 2582 suprascriptas

308 2600 480 2660 orationem
496 2607 527 2658 et
543 2597 689 2659 lectiones
707 2597 845 2673 proprias
861 2598 897 2658 eb
911 2596 1051 2657 eminen-

310 2693 425 2753 tissimo
441 2699 471 2752 et
483 2691 743 2752 reverendissimo
755 2690 882 2752 domino
897 2690 1051 2752 cardinali

308 2784 475 2848 blarelusco
508 2801 608 2845 seciae
638 2783 767 2845 llituunr
797 2781 1053 2860 congregationis

309 2879 463 2957 praelecto
484 2887 624 2939 accurate
646 2877 759 2938 revisas
788 2884 881 2955 atque
901 2886 1052 2938 correctas

308 2975 445 3048 benigne
461 2971 652 3050 approbavit,
669 2986 782 3048 easque
796 2970 833 3030 ab
848 2980 980 3047 utroque
991 2971 1051 3030 cle-

308 3084 343 3128 ro
363 3064 436 3126 dicti
459 3063 548 3140 regni
571 3063 691 3125 recitari
713 3079 800 3140 posse
821 3062 982 3124 concessit.
998 3063 1052 3123 llio

309 3177 401 3221 xxm.
425 3158 529 3236 aprilis
552 3171 754 3218 nocctxxrn.

347 3254 366 3327 ς
386 3252 416 3311 5.
440 3252 521 3312 Cum
540 3259 658 3323 autem,
674 3250 753 3311 sicut
775 3249 864 3311 nobis
878 3267 979 3327 nrtper
1000 3266 1052 3311 ex-

307 3347 379 3426 poni
396 3344 468 3406 lecit
482 3345 546 3420 ipse
567 3343 694 3404 Didacus
715 3343 872 3405 Antonius
894 3344 1050 3420 brobiepi-

306 3456 427 3518 scopns,
444 3437 610 3516 praemisso
625 3436 740 3510 omnia,
756 3453 819 3513 (quo
840 3437 960 3497 llrmius
980 3438 1052 3498 sub-

306 3535 415 3596 sistant
441 3541 471 3592 ct
497 3538 664 3592 serventur
695 3531 843 3604 exactius,
871 3531 1050 3608 apostolicae

309 3635 433 3689 nostrae
454 3623 699 3686 confirmationis
720 3623 891 3700 patrocinio
913 3641 1051 3686 cominu·

308 3720 368 3783 niri
389 3718 561 3797 plurimum
582 3716 745 3791 desideret,
762 3731 818 3777 uos
840 3720 985 3779 eumdem
1000 3735 1052 3778 cx-

308 3821 473 3893 ponentem
500 3810 681 3888 specialilius
710 3809 815 3886 gratiis
837 3825 869 3872 et
897 3809 1052 3872 lovorilms

308 3907 450 3986 prosequi
462 3905 614 3978 volentes,
627 3912 684 3966 eta
700 3904 860 3982 quibusvis
875 3921 1052 3966 excommo-

308 3999 472 4063 nicationis
493 4004 524 4059 et
557 3996 724 4072 interdicti,
754 3998 883 4076 aliisque
913 3999 1053 4060 ecclesia-

306 4095 389 4156 sticis
405 4093 556 4165 censuris,
572 4093 747 4167 sententiis,
763 4100 796 4152 et
816 4093 921 4170 poenis
943 4093 1052 4170 quovis

309 4188 398 4248 modo
420 4196 451 4248 et
468 4199 666 4264 ,quacumque
687 4186 725 4245 de
739 4201 826 4246 causo
843 4184 922 4260 latis,
937 4186 962 4245 si
978 4202 1053 4262 iquos

308 4280 385 4340 lorte
408 4279 553 4352 incurrit,
571 4279 663 4338 liuius
681 4285 801 4340 tontum
823 4278 868 4339 rei
892 4278 987 4354 gratia
1003 4278 1053 4339 ab·

307 4372 464 4434 solventes
479 4378 510 4432 et
525 4369 698 4431 absolutum
717 4369 781 4432 lore
796 4379 970 4446 censentes,
983 4387 1054 4450 sup

307 4463 610 4544 plicationiboseius
631 4464 760 4524 nomine
775 4463 863 4524 nobis
885 4466 1054 4526 novissimo

307 4577 400 4640 snper
421 4559 478 4620 boo
504 4556 653 4637 porrectis
682 4556 832 4631 inclinati,
863 4557 1052 4634 praeinsertis

307 4655 428 4716 decreta
457 4669 518 4714 uria
547 4666 619 4713 cum
646 4649 785 4711 oratione
812 4659 844 4710 et
871 4649 1053 4711 lectionibus

309 4746 471 4825 praedictis
493 4745 676 4806 auctoritate
698 4752 802 4805 nostra
824 4743 987 4821 apostolica
1011 4751 1054 4804 te·

309 4855 385 4900 nore
407 4837 617 4917 praesentium
646 4835 868 4897 confirmamus
889 4844 921 4898 et
946 4851 1054 4913 oppro-

309 4933 428 5007 bomus,
452 4931 575 5008 illisque
596 4928 782 4990 inviolabilis
804 4930 986 5007 apostolicae
1003 4930 1053 4990 dr-

310 5026 424 5088 mitatis
445 5025 540 5086 robur
563 5024 732 5084 adijcimus.

349 5119 417 5195 §d
442 5119 646 5179 Decerneotes
677 5117 754 5194 ipses
783 5125 958 5193 praesentes
987 5117 1053 5178 lite-

310 5203 493 5284 ros'tirntes,
520 5209 632 5269 validas
653 5218 685 5268 et
710 5209 845 5270 etlicaoes
869 5209 1002 5271 existere
1023 5219 1054 5270 et

311 5304 387 5378 lore,
415 5319 548 5381 suosque
576 5302 728 5380 plenarios
759 5311 789 5364 et
818 5301 955 5378 integros
983 5303 1053 5364 etie-

310 5407 376 5460 ctus
404 5396 508 5458 sortiri
536 5404 566 5457 et
591 5395 750 5469 obtinere,
777 5403 808 5455 et
833 5395 893 5455 illis
918 5393 952 5454 ad
978 5412 1054 5472 quos

309 5498 434 5568 spectat,
451 5499 482 5552 et
494 5505 547 5568 pro
563 5495 702 5566 tempore
713 5489 974 5568 quandocumque
989 5505 1054 5566 spe-

309 5585 412 5660 ctabit,
425 5586 458 5645 in
473 5583 618 5643 omnibus
632 5591 663 5642 et
682 5598 735 5660 per
750 5581 853 5642 omnia
876 5581 1054 5659 plenissime

309 5679 481 5754 subrogari,
503 5694 536 5737 oc
560 5677 597 5736 ab
618 5676 678 5736 illis
704 5675 874 5753 respective
896 5676 1054 5737 inviolabi-

311 5769 380 5832 liter
411 5770 584 5846 observori3
607 5771 712 5847 sicque
735 5769 766 5830 in
799 5770 974 5846 praemissis
1001 5787 1055 5847 per

350 5989 379 6041 (1)
396 5989 432 6031 Ex
448 5986 588 6032 'rabrtlario
604 5987 627 6028 S.
644 5989 735 6040 congr.
751 5985 783 6029 de
797 5987 871 6042 Prop.
888 5985 956 6030 ride.

1113 747 1325 808 quoscumque
1341 731 1455 792 iudices
1466 730 1638 792 ordinarios
1649 738 1680 790 et
1692 727 1857 802 delegatos,

1113 823 1205 884 etiam
1221 840 1380 884 causarum
1399 823 1499 900 palatii
1512 822 1669 900 apostolici
1691 820 1857 891 eliditores,

1114 915 1239 977 iudicari
1272 922 1302 977 et
1324 917 1447 978 definiri
1476 914 1603 987 debere,
1627 933 1659 975 ac
1683 913 1806 975 irritum
1828 919 1858 971 et

1113 1007 1216 1083 inerte,
1232 1009 1255 1069 si
1273 1026 1360 1071 secus
1373 1008 1525 1087 superbis
1539 1027 1554 1067 o
1567 1022 1735 1086 quoquam,
1752 1005 1859 1084 quiuis

1112 1102 1306 1177 auctoritate,
1323 1100 1456 1162 scienter
1478 1100 1527 1161 vel
1550 1101 1743 1176 ignoranter,
1759 1097 1858 1160 conti·

1114 1193 1194 1268 gerit
1215 1195 1370 1255 attentari.

1154 1289 1172 1361 §3
1194 1288 1221 1348 7.
1248 1286 1314 1348 Non
1332 1287 1523 1348 obstantibus
1538 1285 1814 1348 corstitutionum
1829 1290 1859 1345 ct
1886 1297 2090 1396 ffir‘ffifflmn'

1113 1381 1358 1442 ordinationibus
1381 1379 1563 1458 apostolicis,
1577 1378 1765 1456 caeterisque
1787 1354 1887 1442 con-²

1113 1475 1214 1534 trariis
1236 1472 1496 1551 quibuscumque.

1152 1553 1262 1628 Datrrrn
1289 1566 1415 1640 llomae,
1442 1565 1522 1643 apud
1552 1567 1582 1627 S.
1611 1567 1733 1628 Mariam
1766 1566 1857 1628 bloio-

1112 1675 1191 1733 rem,
1204 1659 1261 1720 sub
1282 1658 1399 1720 arinolo
1415 1659 1587 1732 Piscatoris,
1604 1659 1654 1720 die
1669 1674 1760 1719 xvrn.
1780 1659 1856 1719 iunii

1113 1769 1327 1827 nncotxxnr,
1344 1751 1538 1830 pontiticatns
1561 1753 1658 1813 nostri
1679 1769 1761 1813 anno
1783 1769 1810 1811 v.

1426 2131 1537 2194 XXVl.

1113 2319 1146 2378 lo
1161 2318 1247 2388 orbe,
1262 2329 1357 2398 ritqoo
1370 2321 1501 2381 dioecesi
1522 2321 1785 2390 ll'rrrtislvmiensi,
1804 2335 1858 2378 oreo

1151 2429 1212 2472 non
1238 2414 1271 2472 io
1294 2416 1407 2474 ceteris
1431 2415 1621 2474 botrossicoe
1638 2413 1757 2474 ditioni
1781 2415 1857 2474 tortis

1149 2502 1313 2572 subiectis,
1339 2515 1375 2567 ut
1399 2506 1540 2584 fidetium
1558 2504 1765 2566 aedilitatibus
1788 2505 1857 2566 siue

1151 2605 1300 2660 uotorttoo
1321 2601 1440 2660 statutis
1463 2599 1627 2676 dispendio
1643 2602 1803 2668 oeovisotot,
1821 2619 1854 2660 o-

1150 2692 1251 2768 tiquos
1281 2693 1411 2771 festinos
1433 2694 1498 2754 dies
1529 2693 1720 2753 irrtrniooere
1751 2692 1855 2753 dooer-

1149 2785 1198 2848 ot't
1221 2784 1277 2866 (l).

1109 2969 1281 3037 Venerabili
1304 2971 1392 3038 tratri
1415 2972 1553 3040 mauritio
1577 2974 1729 3059 Episcopo
1761 2972 1854 3057 Tybe-

1149 3064 1853 3152 rmmmmmmmmmm

1148 3159 1400 3236 mmmmi

1280 3344 1467 3412 otenens
1491 3347 1591 3413 ΡΑΡΑ
1616 3346 1684 3416 ΧΝ.

1320 3531 1510 3600 Venerabilis
1531 3535 1640 3614 trater,

1142 3626 1322 3692 salutemet
1347 3626 1544 3710 apostolicam
1571 3630 1819 3698 benedictionem.

1150 3818 1298 3878 laternae
1320 3816 1472 3890 claritati,
1484 3834 1542 3894 qua
1558 3819 1775 3883 clnistilidelcs
1791 3840 1855 3884 orn·

1111 3927 1164 3970 nes
1187 3911 1218 3970 in
1242 3909 1373 3971 Domino
1395 3910 1645 3989 complectimur,
1663 3912 1736 3976 illud
1760 3916 1856 3976 maxi-

1110 4018 1160 4063 mo
1182 4011 1425 4064 consentaneum
1455 4003 1591 4078 videtur,
1617 4013 1652 4066 ut
1674 4007 1853 4069 eorumdem

1111 4095 1330 4172 temporalium
1346 4095 1439 4156 etiam
1454 4096 1687 4159 commodorum
1703 4101 1853 4162 rationem

1110 4189 1288 4260 babeamus,
1304 4188 1418 4265 quibus
1440 4191 1621 4265 praesertim
1645 4191 1688 4252 illi
1711 4192 1745 4251 ad
1767 4193 1856 4270 spiri·

1112 4280 1203 4342 tualio
1226 4281 1429 4342 consectando
1452 4282 1519 4344 lieri
1552 4285 1765 4361 propensiores
1797 4286 1856 4346 ala·

1111 4375 1286 4451 crioresque
1309 4374 1434 4450 possint.
1460 4375 1596 4452 Utraque
1611 4377 1695 4438 enirn
1720 4377 1759 4438 ita
1774 4396 1858 4440 com-

1111 4469 1181 4547 poni
1205 4476 1236 4529 et
1257 4469 1403 4530 constitui
1429 4468 1556 4544 debent,
1580 4471 1727 4533 etaltera
1751 4471 1856 4534 abesse

1110 4561 1214 4622 alteris
1237 4571 1405 4639 nequeant,
1428 4563 1481 4624 sed
1503 4569 1610 4625 mntua
1634 4565 1716 4626 inter
1730 4582 1762 4627 se
1780 4575 1856 4628 tern-

1111 4653 1281 4733 peratione,
1298 4654 1395 4732 quoad
1421 4657 1487 4717 lieri
1509 4665 1621 4734 potest,
1639 4659 1772 4721 irvaixime
1787 4677 1852 4738 pro·

1111 4747 1274 4807 vehantur.
1299 4747 1491 4825 Quapropter
1506 4751 1563 4811 etsi
1583 4752 1745 4829 praecipue
1761 4752 1795 4812 ad
1812 4755 1856 4813 di-

1111 4841 1221 4900 vinum
1237 4839 1371 4914 cultum,
1384 4843 1624 4920 animarumque
1640 4844 1784 4918 salutem,
1802 4861 1856 4905 no-

1110 4942 1171 4994 stra
1203 4933 1360 5010 apostolici
1394 4936 1560 4996 ministerii
1589 4936 1763 4998 sollicitudo
1785 4955 1855 4999 con·

1111 5043 1196 5088 versa
1218 5027 1268 5099 sit,
1292 5033 1395 5088 tannen
1419 5027 1577 5090 interdum
1599 5045 1635 5089 ex
1660 5029 1789 5091 minime
1804 5047 1857 5092 ne-

1111 5120 1209 5195 glecta
1237 5120 1456 5197 temporalium
1484 5136 1590 5182 reruni
1613 5123 1854 5199 opportunitate,

1112 5229 1174 5273 non
1187 5211 1285 5273 soloni
1301 5213 1534 5292 impedimenta,
1547 5213 1571 5274 si
1584 5231 1643 5292 qua
1654 5215 1728 5290 sint,
1744 5217 1854 5289 avorti,

1110 5304 1161 5366 sed
1185 5314 1216 5366 et
1239 5305 1336 5366 multo
1358 5307 1477 5384 potiora
1499 5308 1534 5367 ad
1557 5323 1630 5368 enin
1655 5308 1750 5368 tinem
1771 5308 1856 5369 adio-

1111 5406 1216 5459 menta
1242 5401 1412 5476 comparari
1441 5416 1526 5478 posse
1553 5399 1779 5476 cognoscimus.
1812 5403 1856 5463 Ex

1110 5509 1171 5570 quo
1195 5491 1281 5553 lorello
1309 5493 1486 5570 intelligere
1513 5503 1611 5570 potes,
1634 5510 1706 5555 ven.
1726 5493 1778 5568 lr.,
1794 5511 1856 5572 quo

1111 5586 1215 5645 animo
1237 5585 1450 5660 exceperimus
1474 5594 1540 5647 toas
1569 5587 1703 5659 litteras,
1725 5603 1803 5664 (puae
1825 5593 1855 5647 ot.

1112 5677 1233 5738 eximiis
1260 5693 1331 5752 eiua
1365 5678 1395 5739 S.
1430 5678 1508 5740 bario
1540 5678 1651 5741 Sedeut
1683 5679 1856 5740 devotionis

1112 5781 1142 5832 et
1163 5771 1376 5832 observantiae
1408 5771 1686 5848 significationibus
1713 5781 1787 5834 sunt
1809 5791 1856 5834 re-

1783 589 1837 652 191
1888 588 1942 640 An.
1957 590 1987 642 0.
2009 589 2077 642 1773
