4722 6976
316 525 415 582 tuo.
437 530 506 583 retr
555 533 614 600 bot

1057 555 1121 603 run.
1146 557 1236 603 noar.
1259 555 1300 602 ou
1322 557 1350 602 r.
1374 556 1403 602 r.
1428 557 1510 602 rans
1531 557 1553 602 r.
2108 538 2158 590 Aa.
2172 541 2199 593 θ.
2218 542 2271 597 tttt

536 670 622 732 charn
654 673 892 750 praefecerimus
911 684 942 739 et
962 683 1128 754 pastorem,
1157 691 1275 750 curam,
1332 675 1374 737 lio
1395 681 1541 752 utuntur,
1556 674 1630 737 haec
1644 683 1706 737 est:
1724 707 1762 722 -
1777 677 1821 739 Ad
1840 677 1992 738 honorem
2006 674 2080 738 Om-

536 763 690 839 regimen,
706 773 737 828 et
758 767 1056 832 administrationem
1070 770 1166 832 dictae
1187 768 1277 846 patri·
1334 769 1503 846 nipotentis
1535 769 1585 830 Dei
1615 777 1647 831 et
1672 769 1782 832 Beatae
1802 769 1912 832 llariae
1941 768 2080 844 Virginis

535 856 663 918 archalis
693 861 836 924 ecclesiae
867 863 920 925 tibi
948 864 979 926 in
1006 862 1216 941 spiritualibus
1247 869 1278 924 et
1334 869 1365 924 et
1387 861 1572 925 Sanctorum
1597 861 1816 940 Apostolorum
1839 863 1922 925 Petri
1944 868 1974 924 et
1995 861 2079 924 Pauli

537 952 757 1028 temporalibus
779 954 915 1031 plenarie
935 957 1169 1030 committendo,
1188 962 1278 1034 prout
1335 963 1366 1016 et
1387 955 1510 1016 Domini
1532 957 1628 1019 nostri
1650 956 1774 1018 Domini
1790 955 1835 1018 Pii
1857 955 1953 1034 Papae
1969 953 2032 1017 Vll.
2048 963 2080 1017 et

537 1043 569 1106 in
582 1046 695 1107 nostris
707 1046 936 1112 indeconlectis
948 1050 1193 1129 litterisplenius
1206 1064 1280 1110 con·
1335 1047 1366 1110 S.
1379 1047 1414 1110 ll.
1434 1049 1469 1110 E.
1487 1050 1626 1124 nomine,
1639 1065 1696 1112 nec
1717 1065 1781 1112 non
1802 1048 2010 1128 patriarchalis
2031 1064 2079 1110 ec-

538 1136 673 1216 tinctur3
702 1147 734 1202 et
756 1145 952 1220 postmodum
981 1145 1125 1217 Pallium,
1156 1141 1279 1218 insigne
1334 1141 1444 1204 clesiae
1464 1141 1649 1206 Antiochen.
1671 1140 1804 1205 nationis
1825 1141 2081 1204 Graeco-Melchi-

537 1228 680 1294 ridelicet
690 1233 920 1310 plenitudinem
937 1229 1093 1318 past'oralis
1109 1236 1212 1310 ollicii,
1226 1250 1280 1314 pro
1337 1241 1437 1298 tarum
1454 1235 1510 1298 tibi
1524 1236 1704 1298 commissae
1719 1234 1867 1299 tradimus
1882 1234 1935 1300 tibi
1954 1235 2080 1298 Pallium

537 1330 622 1402 parte
644 1330 694 1386 tua
716 1327 804 1388 nohis
824 1328 918 1393 luerit
939 1347 995 1410 per
1013 1333 1158 1394 dilectum
1181 1329 1281 1391 Alium
1337 1329 1375 1391 de
1394 1344 1522 1408 corpore
1537 1331 1615 1393 beati
1631 1330 1713 1392 Petri
1728 1335 1899 1408 sumptum,
1916 1330 2082 1408 plenitudi-

538 1416 713 1500 Philippum
729 1423 902 1488 lnvernizzi
920 1437 1043 1491 nostrae
1062 1424 1281 1490 consistorialis
1338 1436 1411 1483 nem
1433 1422 1576 1485 videlicet
1591 1423 1748 1502 pastoralis
1763 1423 1868 1497 officii,
1884 1430 1918 1484 ut
1934 1423 2031 1485 uteris
2044 1439 2082 1484 eo

538 1511 625 1574 aulae
652 1515 834 1578 advocatum
856 1536 889 1582 ea
919 1537 979 1598 qua
1005 1521 1109 1584 decuit
1137 1519 1281 1582 instantia
1337 1513 1419 1576 intra
1440 1515 1674 1593 patriarchalem
1702 1516 1862 1580 ecclesiam
1885 1525 1969 1577 tuam
1990 1517 2082 1580 certis

539 1605 748 1683 postulatum:
773 1624 828 1671 nos
850 1613 911 1674 tuis
934 1613 1208 1691 supplicationibus
1230 1627 1281 1673 an·
1337 1606 1447 1670 diebus
1474 1609 1528 1687 qui
1555 1611 1777 1688 exprimuntur
1802 1609 1835 1670 in
1862 1607 2032 1686 privilegiis
2052 1609 2082 1670 ei

527 1708 684 1776 nucales,
706 1701 836 1803 Palliurt
860 1706 960 1783 ipsum
975 1706 1013 1769 de
1027 1708 1163 1786 Corpore
1179 1708 1211 1766 B.
1229 1706 1281 1766 Pe·
1337 1701 1374 1760 ah
1395 1702 1565 1780 Apostolica
1588 1703 1666 1766 Sede
1687 1703 1849 1766 concessis.
1865 1733 1885 1748 -
1898 1703 2009 1765 Forma
2028 1720 2080 1765 au·

541 1793 581 1854 tri
602 1803 761 1872 sumptum
791 1814 846 1876 per
866 1799 940 1862 duos
962 1801 1055 1862 etiam
1077 1815 1150 1863 ren.
1174 1799 1283 1860 tratres
1341 1798 1403 1855 lem
1429 1797 1607 1870 iuramenti,
1628 1795 1708 1874 quod
1731 1795 1907 1874 praestabis,
1930 1795 1998 1858 talis
2019 1805 2080 1858 ffll=

540 1893 662 1948 nostros
683 1889 933 1970 Archiepiscopos
954 1895 1001 1955 vel
1026 1891 1233 1972 Episcoposin
1249 1890 1284 1952 il·
1338 1927 1355 1935 -
1370 1891 1434 1966 Ego
1445 1889 1581 1966 ignatius
1592 1889 1723 1952 Chattan
1735 1890 1907 1953 Patriarcha
1920 1890 2082 1954 Antioche-

541 1978 578 2040 lis
600 1982 735 2058 partibus
762 1985 921 2062 degentes,
944 1994 975 2049 et
996 1988 1127 2063 gratiam
1151 1993 1182 2048 et
1201 2001 1283 2048 com·
1340 2001 1398 2046 nus
1426 1982 1559 2044 nationis
1583 1983 1933 2046 Graeco-bleichitarum
1955 1982 2082 2060 electus,

542 2075 725 2138 munionem
741 2077 827 2140 Sedis
842 2080 1032 2157 Apostolicae
1054 2080 1211 2154 habentes,
1228 2077 1282 2140 tibi
1339 2077 1377 2138 ab
1398 2082 1453 2139 hac
1475 2078 1546 2138 hora
1562 2076 1697 2138 inantea
1713 2076 1810 2138 tidelis
1825 2086 1856 2138 et
1871 2077 2018 2139 obediens
2030 2093 2085 2138 ero

540 2167 758 2245 assignandum
769 2185 824 2250 per
837 2171 1089 2238 dilectumetiam
1100 2176 1200 2238 silium
1215 2173 1285 2238 Zac·
1339 2170 1373 2232 B.
1397 2169 1499 2244 Petro,
1522 2167 1713 2248 sanctaeque
1740 2169 1896 2232 llomanae
1921 2170 2083 2248 Ecclesiae,

541 2267 862 2332 chariam-Arseniom
885 2269 1047 2334 Cardaccbi
1068 2269 1208 2332 abbatem
1223 2267 1282 2332 hlo-
1341 2279 1373 2325 ³⁰
1404 2261 1537 2324 Domino
1569 2270 1675 2324 11⁰Sls⁰
1701 2262 1834 2325 DOfflisso
1859 2262 1912 2324 Ρίθ
1939 2263 1994 2325 PP·
2020 2263 2081 2326 Vll·

542 2363 667 2424 nasterii
690 2363 721 2426 S.
744 2365 873 2426 Antonii
902 2364 1122 2428 Maronitarum
1144 2364 1182 2426 cle
1204 2361 1285 2424 Urbe
1340 2355 1705 2434 suisquesucoessoribus
1719 2356 1865 2419 canonice
1885 2356 2083 2419 intrantibus.

542 2457 693 2520 nuncium
716 2467 806 2521 tuum
832 2461 977 2523 donimus
999 2458 1228 2529 destinandum,
1252 2460 1285 2516 ut
1341 2448 1410 2512 Non
1432 2465 1485 2510 ero
1500 2449 1532 2510 in
1548 2448 1675 2512 consilio
1689 2459 1742 2513 aut
1755 2465 1909 2512 consensu
1930 2449 1980 2511 vel
1994 2448 2084 2528 lacto,

542 2551 634 2616 iidem
647 2553 872 2632 Archiepiscopi
885 2554 935 2617 vel
947 2554 1099 2634 Episcopi,
1112 2561 1164 2616 aut
1176 2566 1285 2616 eorum
1342 2549 1376 2606 ul
1397 2543 1494 2605 Vitam
1521 2544 1651 2620 lesdam
1679 2552 1731 2605 {¹1¹1
1752 2543 1942 2618 membrum,
1964 2557 2019 2605 ⁸0¹1
2040 2561 2085 2606 ⁰³·

541 2647 630 2722 alter,
647 2647 721 2710 illud
739 2648 792 2710 tibi
811 2648 868 2711 sub
891 2647 1081 2727 infrascripta
1097 2648 1193 2710 lorma
1215 2645 1287 2707 assi-
1341 2635 1468 2714 llifflllffl'
1479 2634 1557 2737 mala
1568 2635 1720 2714 captione.
1734 2634 1907 2698 COUSffiUffl
1919 2650 1993 2698 “³¹²0
2004 2635 2084 2714 (Ιῦοὒ

543 2749 652 2816 gnent,
669 2757 723 2804 sen
738 2741 884 2820 assignet,
901 2751 931 2804 et
946 2760 962 2805 a
978 2752 1008 2806 te
1029 2751 1136 2806 nostro
1157 2758 1213 2807 seu
1227 2743 1285 2805 llo·
1342 2727 1418 2788 mihi
1447 2727 1595 2790 Csedlluli
1622 2736 1696 2790 sunl
1723 2742 1843 2805 perse,
1866 2734 1919 2789 ³11²
1944 2728 2085 2804 nuncios,

543 2849 652 2897 manae
673 2835 824 2900 Ecclesiae
846 2837 974 2900 nomine
994 2837 1052 2900 sub
1075 2837 1169 2901 altera
1192 2835 1285 2898 etiam
1340 2835 1396 2882 ⁸⁰¹1
1417 2819 1545 2896 litteras,
1561 2821 1597 2882 ad
1611 2835 1722 2882 eorum
1736 2822 1886 2882 damnum
1908 2835 1958 2882 me
1972 2821 2087 2883 Sssisssslfl

544 2927 757 3006 praesentinus
777 2929 892 2994 inserta
914 2930 1012 2992 torma
1027 2930 1183 2994 iratenens
1203 2929 1286 2992 cesi·
1342 2913 1461 3017 nentia
1476 2913 1617 3017 panoan.
1633 2913 1782 3016 lanatum
1797 2912 2016 2976 romanamet
2031 2912 2089 2974 ae

544 3029 593 3085 tae
614 3023 741 3085 solitum
762 3023 973 3088 iuramentum
995 3025 1155 3103 recipiant,
1170 3041 1224 3086 seu
1239 3039 1286 3087 re·
1342 3006 1421 3084 &³¹¹³
1442 3006 1474 3069 S·
1497 3007 1580 3068 ΡθῑΓΙ
1608 3007 1731 3069 ὃὼῦῑθΐ
1750 3021 1794 3068 ⁰¹⁵
1814 3022 1869 3068 9Ρο
1890 3007 1927 3070 ³¹¹
1948 3007 2086 3070 Γθῑῑῦθῦ·

544 3116 645 3197 cipiat.
669 3117 714 3180 lu
729 3125 833 3181 autem
848 3119 941 3182 Pallio
956 3119 1064 3184 eodem
1078 3119 1159 3182 intra
1174 3120 1286 3183 dictam
1343 3101 1418 3164 dum
1439 3110 1469 3164 θῑ
1490 3098 1721 3164 defendendum
1750 3107 1856 3162 ⁰⁰¹¹i1'2
1881 3116 2007 3164 ⁰¹¹¹¹¹ssm
2034 3101 2088 3164 ¹¹⁰·

544 3209 761 3288 patriacbalem
776 3210 933 3275 ecclesiam
950 3220 1036 3276 tuam
1051 3213 1110 3276 illis
1127 3215 1287 3276 dumtaxat

545 3303 727 3384 diebus,qui
749 3308 886 3384 expressi
908 3307 941 3370 in
963 3309 1058 3385 ipsius
1079 3307 1288 3385 patriarchalis

545 3397 690 3462 ecclesiae
719 3399 903 3463 Antiochen.
938 3401 1287 3466 Graeco-Melchltarum

545 3493 676 3556 nationis
703 3494 874 3572 privilegiis
895 3496 1095 3559 continentur
1117 3497 1224 3559 utaris.
1248 3495 1288 3558 Ut

546 3589 642 3663 igitur
656 3588 782 3664 signum
797 3603 859 3652 non
875 3589 1026 3668 discrepet
1043 3589 1207 3668 asignato,
1223 3592 1287 3665 sed,

545 3681 625 3761 quod
638 3681 719 3759 geris
733 3683 882 3759 exterius,
897 3683 1027 3746 interius
1041 3701 1145 3746 serves
1157 3685 1189 3746 in
1202 3700 1290 3746 men-

547 3785 588 3853 te,
606 3775 832 3838 fraternitatem
855 3782 938 3838 tuam
961 3793 1125 3840 monemus
1142 3787 1172 3840 et
1188 3778 1288 3842 horta-

545 3887 618 3932 mor
630 3875 759 3944 attente,
771 3878 923 3948 quatenus
936 3870 1145 3934 humilitatem
1156 3880 1189 3934 et
1202 3871 1291 3934 iusti-

547 3966 620 4026 tiam
642 3962 734 4024 dante
754 3962 885 4026 Domino
905 3963 960 4040 qui
980 3963 1030 4026 slat
1049 3965 1161 4041 gratias
1176 3972 1206 4026 et
1221 3979 1290 4028 mu·

547 4075 621 4120 nera
633 4057 793 4134 elargitur,
804 4059 967 4122 observare
977 4061 1098 4122 studeas
1109 4075 1289 4138 quaesuum

546 4158 672 4213 servant
693 4159 723 4214 et
737 4161 923 4230 promovent
937 4161 1137 4233 servatorem,
1153 4171 1186 4216 ac
1207 4170 1290 4217 eam·

548 4247 618 4306 dem
630 4244 860 4322 patriarchalem
876 4247 1036 4308 eeclesiam
1051 4264 1194 4326 sponsam
1205 4257 1289 4311 tuam

549 4355 638 4402 cures
660 4339 939 4418 sollicite,auctore
961 4341 1101 4417 Domino,
1124 4342 1292 4418 spirituali-

549 4441 598 4495 ter
618 4451 651 4496 ac
674 4434 885 4511 temporaliter
906 4443 1118 4510 augmentare.
1145 4436 1291 4510 Quocirca

550 4526 691 4605 praelatis
719 4527 959 4606 Archiepiscopis
980 4528 1030 4590 vel
1060 4528 1215 4607 Episcopis
1237 4545 1291 4607 per

550 4621 710 4702 apostolica
731 4621 843 4699 scripta
864 4623 1221 4701 mandamus,quatenus
1236 4624 1291 4703 ipsi

550 4715 599 4780 vel
614 4716 691 4779 alter
704 4729 826 4789 eorum,
840 4715 957 4778 dictum
971 4715 1102 4786 Pallium
1115 4717 1199 4779 iuxta
1210 4733 1293 4780 eam-

551 4812 621 4872 dem
642 4809 883 4886 subsequentem
897 4807 1030 4872 sormam
1046 4810 1098 4872 tibi
1114 4817 1225 4874 curent
1238 4828 1293 4874 seu

551 4911 639 4966 curet
659 4902 825 4979 assignare,
841 4909 901 4964 eta
918 4910 949 4964 te
963 4910 1068 4964 nostro
1089 4912 1120 4965 et
1141 4905 1294 4966 Romanae

552 4996 703 5059 Ecclesiae
724 4995 853 5058 nomine
866 4994 925 5056 sub
940 4994 1057 5073 reliqua
1073 4995 1170 5057 torma
1187 4997 1295 5060 huius-

552 5089 634 5151 modi
661 5087 816 5150 hdelltatis
838 5087 958 5150 debitae
982 5087 1108 5149 solitum
1131 5089 1293 5168 recipiant,

552 5183 602 5244 vel
614 5181 690 5243 alter
704 5197 814 5245 eorum
828 5181 965 5260 recipiat,
979 5179 1201 5257 iuramentum,
1215 5181 1295 5244 eius-

552 5277 686 5355 demque
699 5275 768 5336 sica
780 5280 810 5337 te
825 5273 961 5352 praestiti
976 5273 1142 5336 iuramenti
1164 5272 1295 5336 lormam

553 5369 640 5432 nobis
661 5367 697 5430 de
719 5367 816 5430 verbo
829 5369 864 5430 ad
881 5366 1012 5430 verbum
1033 5375 1170 5446 perthas
1191 5376 1298 5447 paten-

1343 3195 1472 3258 minem.
1482 3195 1633 3271 Legatum
1643 3193 1833 3273 Apostolicae
1845 3190 1931 3256 Sedis
1942 3196 1975 3256 in
1986 3199 2088 3260 eundo

1344 3297 1374 3350 et
1395 3288 1553 3350 redeundo
1578 3289 1748 3352 honorilice
1770 3287 1904 3351 tractabo
1925 3298 1956 3351 et
1978 3290 2011 3352 in
2025 3290 2089 3353 suis

1344 3383 1577 3445 necessitatibus
1607 3383 1766 3446 adiuvabo.
1790 3382 1922 3446 Vocatus
1951 3386 1986 3446 ad
2016 3401 2089 3462 syn-

1344 3477 1438 3538 odum
1459 3477 1596 3552 veniam,
1625 3475 1685 3539 nisi
1706 3477 1901 3556 praepeditus
1929 3479 2018 3540 luero
2042 3495 2088 3541 ca·

1345 3571 1453 3633 nonica
1469 3570 1710 3649 praepeditione.
1733 3569 1952 3648 Apostolorum
1967 3572 2089 3635 Limina

1343 3664 1475 3741 singulis
1490 3663 1713 3744 quinquenniis
1732 3665 1872 3741 visitabo,
1888 3673 1941 3728 aut
1956 3680 2011 3742 per
2026 3681 2088 3742 me,

1345 3767 1398 3820 aut
1418 3774 1473 3837 per
1488 3773 1594 3820 meum
1610 3756 1772 3832 nuncium,
1789 3757 1849 3820 nisi
1865 3757 2026 3836 apostolica
2040 3759 2090 3820 ab

1344 3851 1446 3912 solvar
1469 3849 1602 3912 licentia.
1628 3849 1836 3912 Possesstones
1858 3865 1931 3912 vero
1947 3851 1983 3911 ad
2004 3865 2090 3914 men·

1345 3961 1409 4007 sam
1422 3943 1484 4006 mei
1499 3943 1718 4022 patriarchatus
1731 3943 1921 4022 pertinentes
1936 3958 2000 4005 non
2015 3960 2091 4007 ven·

1346 4041 1553 4116 damnaque
1580 4035 1709 4110 donabo,
1734 4051 1837 4115 neque
1864 4037 2089 4115 impignorabo,

1346 4149 1447 4210 neque
1469 4134 1506 4194 de
1528 4146 1611 4193 novo
1625 4129 1789 4194 inleudabo
1811 4129 1863 4192 vel
1883 4129 2092 4209 aliquomodo

1346 4227 1497 4302 alienabo,
1520 4224 1696 4287 inconsulto
1717 4224 1856 4285 Romano
1871 4222 2039 4300 pontifice,
2060 4231 2092 4285 et

1346 4320 1602 4383 constitutionem
1623 4333 1715 4394 super
1736 4315 1944 4394 prohibitione
1965 4317 2092 4378 investi·

1348 4420 1489 4475 lucarum
1502 4413 1655 4474 bonorum
1669 4408 1973 4484 iurisdictionalium,
1989 4411 2025 4470 de
2040 4425 2093 4472 an·

1348 4523 1389 4571 no
1404 4505 1527 4569 Domini
1542 4519 1686 4566 uucsxr.
1699 4504 1825 4576 editam,
1837 4503 1973 4566 servabo.
1984 4501 2033 4566 Sic
2043 4519 2094 4566 me

1347 4600 1427 4663 Deus
1439 4599 1562 4660 adiuvet
1574 4603 1606 4656 et
1617 4595 1691 4658 haee
1702 4595 1811 4658 Sancta
1823 4595 1879 4657 Dei
1892 4595 2095 4672 Evangelia.-

1389 4693 1501 4754 ltatum
1521 4689 1636 4751 Romae
1649 4687 1728 4767 apud
1745 4687 1775 4751 S.
1789 4689 1919 4774 ‘blattam
1933 4689 2093 4768 Maiorem,

1349 4805 1431 4851 anno
1452 4783 1672 4848 incarnationis
1693 4782 1869 4845 bominicae
1890 4797 2093 4860 uocccxvrr„

1349 4885 1458 4962 quinto
1480 4879 1629 4943 kalendas
1659 4875 1795 4954 augusti,
1817 4875 2012 4954 pontificatus
2040 4893 2094 4939 no-

1349 4979 1405 5040 stri
1426 4993 1508 5038 anno
1529 4973 1649 5038 decimo
1669 4978 1786 5033 octavo.

1652 5256 1786 5322 txltlll.

553 5469 599 5525 tes
610 5461 728 5524 litteras
740 5469 793 5523 tuo
803 5461 905 5537 sigillo
920 5461 1056 5523 munitas
1067 5477 1121 5539 per
1135 5462 1297 5538 proprium
1354 5452 1461 5516 Sedcm
1481 5448 1686 5528 episcopalem
1707 5447 1861 5512 Malthace
1880 5447 1987 5526 praeci
2010 5447 2096 5507 ritas

554 5555 705 5618 nuncium
726 5554 935 5633 quantocitius
960 5554 1114 5617 destinare
1140 5569 1294 5632 procures.
1393 5561 1465 5607 com
1496 5543 1646 5621 Capitate
1667 5548 1698 5605 ct
1728 5539 1908 5606 seminario
1937 5540 2097 5628 transfert

554 5651 665 5712 Forma
692 5655 808 5724 autem,
833 5663 893 5726 qua
916 5646 1043 5726 praelati
1073 5645 1298 5726 Arclriepiscopi
1394 5643 1428 5703 io
1450 5639 1599 5718 oppidum
1632 5639 1809 5717 Hcttpwor,
1838 5639 1960 5694 retento
1992 5638 2100 5730 tamer

555 5742 606 5806 rel
627 5741 780 5822 Episcopi,
798 5742 830 5804 in
852 5741 1033 5818 assignando
1055 5741 1110 5804 tibi
1132 5741 1213 5804 dicto
1235 5740 1299 5802 Pal·
1395 5735 1493 5799 titolo
1515 5735 1716 5813 episcopatos
1737 5729 1989 5799 Maalocsienais
2009 5726 2066 5811 (l).

596 5953 626 6012 (l)
641 5956 678 5998 Ex
692 5952 792 5999 contin.
807 5951 874 5998 Bull.
889 5953 962 5998 Rom.
978 5951 1070 6000 collat.
1085 5961 1145 5997 cum
1164 5953 1227 6008 Reg.
1242 5950 1378 5996 nullarum
1393 5946 1543 5994 Abbrerlat.
1558 5943 1651 5991 curiae
1665 5945 1713 5989 etc.
