4754 6966
294 511 348 565 An.
362 512 393 564 O.
414 511 482 562 1763

310 1880 481 1927 Prooemium.

316 3471 399 3520 Dubia
414 3473 440 3518 ln
456 3470 497 3517 Sa·
556 3461 575 3535 S

283 3539 327 3576 eru
350 3529 496 3588 congrega-

281 3583 354 3628 tione
367 3583 496 3638 proposita

282 3650 297 3684 a
312 3633 496 3696 superioribus.

282 3685 498 3745 aliisquereligxo·

283 3746 324 3845 {¹1⁵⁵
331 3742 411 3790 nulus
428 3739 497 3787 ordl-

532 507 571 571 92

817 646 959 711 XXXIX.

515 830 688 910 Confirmet
711 835 881 897 Decretum
903 851 1013 896 sacrae
1035 832 1261 912 Conprequtio·

553 927 605 986 nis
628 927 856 1005 llpiscoporum
877 933 906 989 et
930 926 1142 1006 Reqnlarium
1164 941 1261 1002 super

554 1019 733 1081 ornuimodu
755 1018 958 1082 observantia
982 1017 1260 1081 Constitutiouum

556 1111 689 1174 Ordinis
700 1112 967 1174 Bctbleutitarum
981 1111 1178 1173 arcctoritate
1188 1125 1261 1187 upo-

553 1206 668 1268 stoliea
690 1205 725 1267 in
748 1205 851 1268 ludiis
880 1203 1139 1267 occidentalibus
1167 1203 1261 1264 insti·

556 1300 634 1368 tuti,
659 1315 730 1362 cum
752 1297 916 1377 aliquibus
938 1293 1260 1360 declarationibuset

554 1390 792 1470 provisionibus
814 1391 1013 1469 opportunis.

705 1561 889 1632 ereneus
916 1561 976 1630 PP.
1002 1560 1072 1630 lflll.

647 1689 684 1758 ab
711 1690 841 1756 futuram
872 1685 915 1753 rei
945 1685 1125 1752 memoriam.

554 1868 573 1944 ἓ
595 1866 623 1942 l.
642 1865 829 1932 Sacrosancti
845 1862 1040 1942 Apostolatus
1054 1858 1189 1922 officium
1205 1859 1261 1920 bu·

515 1962 650 2036 militati¹
666 1967 789 2022 nostrae
811 1974 865 2036 per
887 1956 1107 2018 abundantiam
1137 1953 1261 2017 divinae

515 2055 672 2128 bonitatis,
697 2053 785 2115 nullo
799 2051 985 2112 meritorum
1005 2056 1180 2110 nostrorum
1198 2044 1260 2107 suf·

515 2148 624 2224 fragia,
646 2148 812 2219 creditum,
834 2142 1001 2206 salubriter
1031 2141 1154 2218 exequi,
1177 2139 1260 2201 adiu·

516 2249 609 2304 vante
630 2240 774 2314 Domino,
806 2237 923 2313 iugiter
944 2241 1132 2311 satagentes,
1155 2231 1189 2292 ad
1212 2249 1259 2306 ea,

515 2350 571 2413 per
592 2349 671 2412 quae
698 2332 780 2394 felici
807 2344 1017 2409 prosperoque
1041 2326 1258 2402 religiosorum

515 2428 656 2490 virorum
677 2425 734 2487 sub
753 2423 843 2486 suavi
869 2420 1028 2496 religionis
1050 2420 1123 2494 iugo
1146 2417 1261 2479 divinis

515 2519 670 2599 obsequiis
700 2516 946 2594 mancipatorum
974 2512 1122 2589 regimini
1149 2519 1180 2572 et
1204 2525 1261 2587 gu-

515 2615 636 2689 bernio,
659 2612 849 2688 illorumque
875 2605 1105 2685 tranquillitati,
1127 2620 1160 2666 ac
1181 2605 1261 2682 ipso·

516 2723 586 2771 rum
598 2705 744 2769 ordinum
758 2701 921 2764 commodo
933 2705 963 2760 et
980 2699 1174 2761 incremento
1189 2713 1260 2759 con-

515 2800 642 2872 sulitur,
670 2796 805 2857 libenter
828 2791 1033 2866 intendimus,
1056 2790 1260 2868 munerisque

515 2891 614 2957 nostri
641 2888 799 2968 pastoralis
821 2893 922 2962 partes
950 2900 1104 2963 propenso
1129 2884 1260 2962 desuper

514 2985 617 3048 studio
638 2981 883 3059 interponimus
906 2979 985 3040 sicut
1015 2993 1082 3053 nos,
1106 2976 1258 3050 locorum,

515 3093 727 3161 personarum,
752 3079 911 3136 resumet
934 3080 1112 3150 temporum
1133 3070 1261 3150 qualita-

516 3177 597 3238 tibus
608 3180 733 3235 'mature
756 3166 901 3248 pensatis,
917 3167 953 3228 ad
969 3163 1190 3243 omnipotentis
1205 3164 1260 3226 Dei

515 3268 646 3347 gloriam
671 3273 703 3328 et
716 3263 891 3325 animarum
911 3259 1044 3320 salutem
1066 3257 1213 3336 expedire
1228 3257 1260 3318 in

514 3361 647 3427 Domino
668 3357 865 3420 arbitramur.

595 3457 625 3519 2.
650 3447 800 3529 Exposuit
828 3447 979 3525 siquidem
1012 3444 1100 3506 nobis
1129 3443 1260 3508 dilectus

517 3551 598 3613 filius
620 3552 725 3609 noster
753 3541 882 3603 loannes
910 3538 1090 3601 Francisous
1112 3536 1142 3600 S.
1163 3537 1198 3599 R.
1222 3537 1256 3598 E.

515 3643 666 3705 Diaconus
682 3633 850 3700 Cardinafis
865 3629 1026 3693 Banctxieri
1049 3639 1258 3708 nuncupatus,

515 3732 637 3798 Ordinis
658 3729 790 3792 fratrum
819 3723 1077 3786 Bethlemitarum
1099 3738 1260 3802 nuncupa-

515 3837 620 3890 torum
642 3821 805 3902 apostolica
833 3817 1015 3881 auctoritate
1037 3816 1069 3878 in
1091 3815 1184 3878 fndiis
1205 3816 1259 3880 Oc·

514 3917 717 3984 cidentalibus
740 3913 889 3986 instituti,
905 3909 985 3989 apud
1007 3925 1064 3972 nos
1085 3915 1116 3970 et
1131 3909 1260 3988 Aposto-

515 4016 604 4078 licam
615 4014 693 4074 franc
706 4009 849 4072 Sanctam
864 4002 977 4066 Sedem
992 4011 1160 4081 protector,
1177 4003 1257 4082 quod

513 4109 584 4171 alias
606 4121 661 4186 pro
676 4112 762 4182 parte
780 4109 811 4164 et
825 4100 955 4162 nomine
975 4099 1159 4162 dilectorum
1182 4101 1258 4163 lilio-

513 4217 585 4265 rum
606 4199 805 4278 superiorum
829 4202 860 4257 et
888 4193 1019 4255 fratrum
1042 4192 1115 4255 dicti
1137 4193 1258 4256 Ordinis

514 4296 546 4357 in
573 4282 658 4354 sa‘cro
684 4290 913 4369 presbyteratus
941 4286 1051 4350 ordine
1076 4287 1258 4349 constituto·

513 4403 586 4450 rum
600 4384 731 4463 supplex
746 4380 887 4443 libellum
903 4379 1144 4456 Coxrgregationi
1159 4394 1255 4440 xenn.

513 4479 644 4542 fratrum
666 4482 845 4538 nostrorum
866 4472 1006 4535 eiusdem
1028 4472 1059 4535 S.
1078 4471 1114 4533 ll.
1129 4472 1163 4534 Ε.
1189 4475 1259 4537 Car·

513 4572 667 4635 dinatium
689 4567 834 4645 negotiis,
847 4572 879 4627 et
892 4565 1172 4628 consultationibus
1188 4566 1259 4645 Epi·

513 4681 677 4745 scoporum
699 4670 730 4726 et
751 4660 954 4737 Regularium
975 4660 1166 4740 praepositae
1187 4678 1257 4741 por·

513 4767 615 4823 rectus
645 4757 716 4832 fuit,
749 4771 810 4835 quo
839 4754 1051 4834 postulabatur
1076 4755 1257 4818 affirmativa

512 4854 661 4918 resolutio
676 4853 791 4916 borum
806 4849 902 4912 trium
925 4846 1104 4930 dubiorum,
1127 4865 1255 4930 nempe:

513 4951 609 5013 Primi
644 4949 727 5010 «An
749 4942 893 5022 reliqiosi
920 4940 1099 5020 presbyteri
1125 4941 1258 5007 Ordinis

514 5040 731 5108 Bethlemitici
753 5053 898 5100 auersere
918 5038 1043 5115 possint
1065 5053 1185 5100 munus
1209 5035 1259 5099 Se-

514 5137 651 5201 cretarii
666 5131 931 5196 Reuerendissimi
948 5129 1062 5193 Patris
1080 5131 1255 5198 Generalis,

513 5238 543 5295 et
565 5232 701 5312 officium
722 5227 946 5307 procuratoris
968 5226 1126 5306 poneretis
1148 5227 1183 5287 in
1198 5223 1257 5285 llo·

512 5342 610 5389 mana
633 5324 744 5395 Caria,
761 5323 810 5383 ita
825 5327 863 5383 ut
879 5319 1045 5382 electiones
1063 5321 1170 5398 foetae
1183 5316 1257 5381 sub·

512 5419 747 5481 stineanturls
770 5414 904 5478 Secundi
927 5415 1006 5476 «An
1020 5409 1184 5473 electiones
1210 5426 1257 5470 eo·

512 5510 656 5574 cumdem
686 5505 957 5586 presbyterorum,
990 5511 1164 5581 utcumque
1192 5518 1257 5563 non

512 5605 617 5685 sactae
637 5617 694 5680 per
708 5598 867 5678 euprepia
887 5604 1023 5670 secreta,
1039 5597 1166 5662 calidae
1186 5598 1257 5676 fue-

512 5698 633 5760 rtnttxs
655 5694 753 5757 Tertii
781 5694 858 5757 «Au
873 5692 1025 5770 pendente
1040 5690 1256 5753 controversia

511 5805 609 5868 super
642 5785 815 5849 caliditate
849 5783 1042 5846 electionum
1075 5782 1256 5860 praedicta-

512 5899 597 5958 tum,
629 5881 726 5945 liceat
753 5876 947 5958 presbpteris
976 5875 1178 5939 Bethlemitis
1207 5873 1257 5939 ob·

1037 528 1102 573 tun.
1126 527 1217 572 PONT·
1241 525 1282 570 DE
1304 525 1333 569 1³.
1356 524 1387 572 F·
1411 525 1493 571 PARS
1515 525 1536 568 1.

2093 501 2193 556 sne.
2214 500 2304 555 laea
2359 471 2360 476 ’

1318 651 1408 707 terrta
1435 661 1571 708 munera
1605 645 1776 708 secretarii
1804 640 2062 705 reverendissimi

1318 737 1429 800 Patris
1447 737 1611 802 Generalis
1627 739 1663 800 in
1686 737 1832 801 lfomana
1849 736 1952 800 Curia
1973 750 2062 797 ener-

1317 832 1450 893 cerel».

1356 925 1375 1000 S
1395 926 1424 988 3.
1448 925 1507 988 Pro
1528 934 1613 1004 parte
1639 943 1714 988 vero
1739 935 1771 988 et
1802 927 1933 989 nomine
1959 925 2090 1025 dilectil
2122 926 2318 1026 ᾒῖίῗᾶοθοὶοοξ.

1317 1034 1440 1098 quoque
1462 1020 1517 1081 filii
1540 1026 1614 1082 tunc
1635 1019 1797 1082 existentis
1818 1018 2063 1081 Vise-Praefecti
2081 991 2228 1090 effiginam
2246 991 2318 1096 {or-

1317 1111 1470 1188 generalis
1491 1112 1598 1175 Mexici
1631 1119 1663 1174 et
1684 1112 1895 1174 assistentium
1915 1112 1964 1174 sui
1985 1111 2062 1174 diffr-
2081 1095 2317 1197 iissssffssrssgffiffi

1317 1205 1423 1266 nitorii
1444 1206 1572 1284 supplex
1594 1205 1671 1266 alius
1694 1203 1816 1266 libellus
1845 1203 2062 1282 comprobatus
2081 1195 2210 1294 {inserens
2225 1193 2318 1240 Μ·
2359 1199 2360 1202 ’

1317 1297 1415 1359 literis
1437 1297 1625 1360 venerabilis
1646 1296 1749 1360 fratris
1771 1297 1986 1360 Emmanuelis
2006 1296 2062 1360 Ar-

1317 1394 1502 1473 ciriepiseopi
1518 1393 1679 1469 llexicani,
1695 1393 1781 1470 prius
1797 1392 1874 1454 datis
1885 1392 1983 1454 clarae
1998 1408 2062 1454 me-

1280 1545 1282 1550 ,
1318 1488 1433 1549 moriae
1461 1485 1668 1562 Ferdinandn,
1691 1487 1765 1549 dum
1791 1486 1882 1561 vixit,
1905 1487 2063 1564 Hispania-

1317 1597 1389 1642 rum
1411 1581 1488 1656 llegi
1510 1579 1671 1654 catholieo,
1688 1579 1759 1642 inde
1774 1580 1811 1640 ad
1826 1580 1924 1642 bonae
1946 1594 2063 1642 memo·

1318 1674 1380 1735 riae
1393 1673 1582 1736 loaehimum
1603 1673 1677 1736 dum
1699 1675 1816 1751 pariter
1836 1674 1927 1747 vixit,
1946 1689 2063 1736 memo·

1317 1774 1400 1829 ratae
1434 1766 1464 1830 S.
1487 1766 1524 1828 ll.
1549 1766 1584 1827 E.
1620 1766 1814 1830 Gardinatem
1844 1767 2061 1832 Portocarrero

1317 1865 1410 1924 etiam
1433 1872 1660 1941 nuncupatum,
1682 1862 1823 1925 eiusdem
1844 1862 1966 1927 Ordinis
1989 1871 2063 1927 tunc

1317 1965 1536 2036 protectorem,
1560 1956 1661 2019 eidem
1685 1957 1897 2020 Cardinalium
1926 1958 2064 2034 Congre-

1318 2051 1435 2130 gationi
1457 2060 1616 2128 porrectus
1637 2050 1709 2124 fuit,
1728 2065 1789 2129 quo
1804 2050 1982 2131 expositum
1997 2049 2064 2112 fue·

1317 2155 1375 2220 rat,
1397 2146 1431 2207 in
1460 2144 1628 2208 novissimo
1657 2145 1795 2220 generali
1818 2144 1913 2224 ipsius
1941 2145 2063 2209 Ordinis

1316 2239 1450 2317 capitulo
1465 2254 1547 2300 anno
1563 2255 1728 2301 unccsvn.
1753 2239 1917 2314 celebrato,
1934 2240 2063 2303 onrnino

1316 2332 1480 2409 illegitime
1510 2348 1542 2394 ac
1571 2331 1702 2394 nulliter
1727 2331 1898 2395 deventum
1927 2349 1991 2395 esse
2025 2333 2063 2394 ad

1317 2426 1502 2488 electionem
1523 2425 1778 2503 presbyterorum
1793 2427 1956 2488 memorati
1978 2426 2064 2490 Ordi-

1317 2520 1365 2581 nis
1386 2535 1441 2599 pro
1463 2518 1648 2581 muneribus
1668 2519 1837 2581 secretarii
1859 2519 2018 2600 qenerolis
2032 2526 2063 2580 et

1315 2611 1541 2690 procuratoris
1563 2609 1721 2691 quaerelis
1744 2609 1914 2690 ableqoudi
1935 2611 1976 2674 ud
2000 2611 2063 2675 Cu-

1316 2706 1401 2768 riam
1423 2704 1612 2776 Romanam,
1636 2712 1666 2767 et
1688 2703 1771 2767 alias
1790 2704 1992 2783 quamplures
2014 2705 2063 2767 in·

1317 2807 1418 2862 vectes
1433 2815 1500 2861 esse
1517 2798 1678 2860 novitates
1699 2798 1976 2862 constitutionibus
1990 2799 2062 2861 ‹licti

1316 2893 1439 2958 Ordinis
1470 2892 1654 2955 auctoritate
1680 2890 1842 2969 apostolica
1872 2892 2063 2953 confirmatis

1315 2988 1530 3061 adversantem
1553 2989 1716 3062 eapropter
1748 2984 1936 3060 urgebatur,
1958 2983 2062 3046 decer-

1316 3081 1450 3142 nendam
1466 3078 1531 3140 fore
1546 3079 1620 3139 novi
1634 3077 1759 3157 capituli
1774 3077 1927 3154 generalis
1949 3094 2063 3142 convo-

1315 3174 1484 3248 cationem,
1508 3172 1544 3233 ad
1566 3173 1624 3234 froc
1645 3178 1681 3233 ut
1702 3170 1806 3232 omnia
1832 3170 1892 3233 rite
1914 3181 2061 3251 reeteque

1315 3269 1400 3330 iuxta
1422 3265 1554 3328 formam
1579 3271 1610 3327 et
1626 3271 1769 3326 tenorem
1790 3263 1929 3342 ipsarum
1950 3267 2063 3329 consti-

1316 3363 1476 3426 tutionum
1497 3359 1734 3436 perficerentur.
2359 3411 2360 3428 ς

1355 3454 1425 3530 gb.
1449 3450 1564 3514 Eadem
1585 3467 1658 3512 vero
1686 3451 1898 3514 cardinalium
1925 3453 2062 3530 Congre-
2100 3460 2307 3526 sacraconape-

1315 3548 1408 3625 gatio,
1431 3545 1584 3624 exquisito
1611 3544 1695 3624 prius
1717 3551 1790 3606 voto
1819 3546 1914 3624 ipsius
1939 3546 2061 3610 loannis
2080 3515 2305 3616 bibinili‘iiit
2359 3617 2360 3622 ,

1315 3639 1466 3704 francisci
1499 3637 1669 3701 Cardinalis
1703 3644 1735 3699 et
1761 3639 1955 3715 protectoris,
1984 3639 2061 3703 refe·
2080 3621 2305 3722 ffiffflfffiu‘

1314 3743 1403 3797 rente
1436 3731 1607 3794 venerabili
1640 3730 1735 3792 fratre
1767 3739 1875 3793 nostro
1905 3732 2062 3796 l'riderioo

1313 3826 1454 3890 Marcello
1467 3825 1615 3903 Episcopo
1626 3824 1827 3887 Praenestino
1838 3824 1977 3889 eiusdem
1986 3823 2061 3890 San-

1314 3929 1379 3985 ctae
1410 3921 1566 3983 Romanae
1598 3918 1750 3982 Ecclesiae
1774 3917 1929 3981 cardinali
1961 3917 2069 3985 Lente

1315 4022 1505 4095 nuncupato,
1521 4030 1556 4075 re
1569 4021 1691 4074 mature
1705 4027 1868 4090 perpensa,
1887 4014 2056 4093 rescripsit:

1313 4109 1525 4170 «Serventur
1545 4107 1806 4175 constitutiones,
1829 4110 1861 4166 et
1887 4107 1986 4170 iuncte
2007 4125 2061 4169 oo·

1315 4205 1384 4262 tum
1407 4201 1488 4262 dicti
1511 4197 1642 4262 loannis
1672 4198 1839 4260 francisci
1872 4196 2059 4264 Gurdinolis

1313 4299 1343 4355 et
1354 4293 1545 4369 protectoris
1557 4293 1593 4353 in
1607 4289 1765 4364 omnibus,
1781 4309 1800 4352 u
1822 4293 1910 4354 cuius
1925 4301 1997 4356 voto
2013 4295 2060 4357 in·

1312 4384 1470 4447 haerendo
1490 4385 1663 4463 specialiter
1688 4385 1838 4459 decrevit,
1861 4387 2060 4466 ‹reliqiosos

1311 4475 1510 4557 presbyteros
1520 4475 1728 4540 Betblemitas
1739 4493 1885 4539 emersere
1895 4495 1959 4540 non
1969 4495 2060 4557 posse

1313 4587 1447 4634 munera
1470 4569 1640 4634 secretarii
1669 4569 1830 4648 qeneralis
1853 4577 1884 4634 et
1906 4587 2061 4650 procura·

1314 4663 1394 4727 toris
1421 4662 1580 4744 qenerulis
1602 4663 1638 4724 in
1662 4660 1764 4725 Curia
1787 4663 1951 4738 Romano,
1976 4667 2059 4729 ideo-

1313 4769 1370 4835 que
1399 4757 1564 4818 electiones
1592 4756 1772 4818 eorumdem
1799 4755 2059 4836 presbeterorum

1312 4866 1376 4912 non
1397 4848 1619 4914 substinui.»
1641 4849 1722 4912 Cum
1737 4857 1852 4926 autem,
1868 4851 1948 4914 sicut
1960 4852 2059 4915 dietus

1312 4945 1441 5007 loannes
1461 4942 1642 5005 franciscus
1656 4942 1825 5006 cardinalis
1848 4951 1879 5005 et
1900 4951 2060 5022 protector

1312 5038 1402 5101 nobis
1422 5036 1552 5100 subinde
1573 5037 1727 5116 exposuit,
1740 5037 1804 5116 ipse
1825 5039 1986 5101 decretum
2001 5040 2058 5103 hu-

1312 5132 1457 5206 iusmodi,
1480 5147 1542 5210 quo
1557 5131 1679 5194 firmius
1699 5129 1843 5192 subsistat
1865 5137 1897 5191 et
1916 5139 2058 5195 servetur

1313 5225 1460 5298 exactius,
1472 5223 1654 5302 apostolicae
1675 5223 1920 5285 confirmationis
1934 5231 2058 5287 nostrae

1312 5315 1482 5396 patrocinio
1497 5314 1699 5390 communiri,
1712 5314 1841 5392 aliisque
1863 5315 1896 5378 in
1911 5317 2060 5394 praemis-

1311 5411 1352 5472 sis
1373 5425 1428 5488 per
1450 5425 1507 5471 nos
1524 5415 1700 5487 opportune
1721 5404 1887 5486 provideri,
1900 5417 1943 5485 et,
1960 5417 1995 5472 ut
2010 5410 2058 5473 in-

1311 5501 1368 5579 fra,
1385 5501 1542 5579 indulgeri
1557 5515 1756 5578 summopere
1778 5502 1891 5579 cupiat,

1351 5595 1419 5670 §li
1445 5593 1506 5656 Nos
1527 5595 1627 5672 igitur
1646 5593 1729 5655 felici
1754 5609 1963 5673 prosperoque
1984 5595 2057 5658 dieti
2085 5585 2291 5668 suprasolarem
2359 5611 2360 5666 3

1312 5688 1434 5752 Ordinis
1469 5687 1616 5765 regimini
1644 5695 1676 5749 et
1704 5687 1857 5763 gubernio
1890 5688 2057 5752 salubriter
2075 5665 2292 5774 {iffiffirgssssj

1311 5791 1509 5866 prospectum
1529 5796 1596 5842 esse
1618 5781 1798 5859 cupientes,
1822 5781 2056 5861 supplicationis
2075 5773 2112 5818 vn
2156 5781 2237 5816 ΗΘΜ
2256 5783 2290 5818 ¹¹⁰

1312 5874 1406 5954 ipsius
1427 5873 1550 5937 loannis
1564 5872 1721 5935 Francisei
1744 5873 1914 5937 cardinalis
1936 5881 1966 5937 et
1986 5890 2056 5954 pro·
2074 5783 2290 5936 fffflsssiXi‘.
2359 5927 2360 5934 ,
