4750 6980
36 2569 39 2754 Ι

82 553 117 606 tx.
128 545 152 602 d.
170 535 230 597 1198

69 3083 103 3120 tllbl

924 551 995 610 brus
1016 561 1065 610 nn.
1090 557 1131 610 vt.

255 673 312 736 illis
337 675 410 740 alias
432 677 464 740 in
485 691 542 741 suo
567 675 678 742 robore
707 684 933 760 permansuris,
961 682 996 744 ad

254 770 491 846 praemissorum
511 772 657 836 ellectum
676 774 731 835 bac
752 773 818 836 vice
840 776 996 838 dumtaxat

252 863 422 941 specialiter
440 873 471 927 et
485 881 626 946 expresse
644 867 839 944 derogamus,
855 869 996 932 caeteris·

251 971 308 1034 que
330 958 495 1021 contrariis
515 959 771 1038 quibuscumque.

288 1048 401 1112 Datum
423 1050 537 1113 Romae
562 1051 640 1130 apud
662 1051 693 1114 S.
718 1052 843 1116 Petrum
865 1055 922 1116 sub
943 1071 996 1117 an·

252 1139 324 1204 uuio
351 1142 512 1206 Piscatoris
540 1144 589 1206 die
620 1160 677 1206 xri.
707 1143 771 1207 dec.
804 1161 992 1210 uoccxcvu.

250 1236 445 1312 pontificatus
467 1238 564 1301 nostri
586 1253 667 1300 anno
690 1251 783 1302 xxxix.

554 1524 685 1588 cxxnt.

252 1707 451 1772 lactantibus
474 1715 604 1780 rectore,
632 1711 906 1789 alternationibus
933 1711 993 1772 col-

288 1802 362 1881 leqa't'
378 1801 477 1883 Angli
492 1803 638 1866 ciuitatis
659 1801 868 1874 Lisboaacnsa'a
892 1803 992 1880 prici-

287 1893 380 1973 lcqt'u,
403 1912 483 1973 quac
503 1897 588 1958 alius
603 1914 622 1959 n
638 1895 742 1978 seticis
759 1896 992 1960 recordationis

289 1988 437 2068 Gregorio
461 1989 522 2050 XV.
545 1995 575 2050 ct
602 1988 725 2053 urnam
749 1989 826 2054 Viti.
849 1990 991 2052 ulainais

287 2080 367 2142 dicti
381 2079 505 2160 cellapii
522 2099 667 2146 concessu
682 2084 831 2162 (accurat,
845 2084 990 2146 ostendit

287 2173 325 2234 nd
348 2173 429 2236 ulios
452 2174 580 2236 iuuenes
603 2174 730 2255 Araplos,
754 2177 808 2253 qni
832 2177 866 2236 t'a
887 2171 990 2240 boulena

286 2265 413 2344 callepio
428 2268 628 2330 educationis
644 2275 673 2332 et
689 2268 876 2329 studiorum
892 2285 989 2330 causa

284 2373 340 2434 pro
362 2365 499 2434 ternpore
514 2357 810 2430 commorabuntur,
828 2359 901 2422 licet
918 2376 990 2422 coc·

284 2457 409 2512 suetum
431 2451 620 2512 missionum
640 2451 860 2514 incarceratam
882 2468 946 2514 arca
961 2470 989 2514 e·

284 2545 432 2607 mittunt.

493 2713 579 2782 Plbs
602 2716 662 2783 ΡΡ.
691 2717 736 2782 lll.

381 2838 571 2905 adiuturam
599 2839 641 2905 rei
665 2839 845 2908 memoriam.

35 3021 36 3028 ’
79 3019 226 3075 emititur*
281 3014 300 3090 5
322 3014 351 3076 i.
375 3014 496 3092 Exponi
514 3015 601 3076 nobis
618 3031 718 3094 nuper
729 3015 869 3077 iecerunt
884 3013 986 3076 dilecti

243 3109 296 3170 filii
313 3116 414 3171 rector
428 3115 459 3169 et
473 3109 648 3186 superiores
668 3109 789 3185 collegii
804 3109 897 3185 Angli
912 3109 988 3172 San-

241 3210 361 3265 ctorum
382 3201 601 3280 Apostolorum
623 3201 705 3264 Petri
728 3209 759 3263 et
782 3202 867 3264 Pauli
882 3202 987 3264 civita·

242 3297 278 3358 tis
299 3295 510 3372 lisbonensis,
533 3297 615 3376 quod
636 3295 713 3378 alias⁴
729 3295 781 3359 iel.
807 3297 984 3360 recontlre.

241 3392 347 3468 gorius
368 3388 499 3454 PRXV.
517 3399 549 3452 ct
569 3390 710 3454 Urbanus
732 3391 787 3452 PP.
812 3389 888 3453 lllll.
901 3406 986 3469 prae·

241 3483 411 3548 decessores
433 3484 530 3546 nostri
553 3483 751 3562 persuasio
773 3483 866 3546 simili
888 3483 985 3546 torma

241 3577 347 3639 Brevis
362 3577 412 3640 die
433 3593 514 3642 xxxx.
531 3577 715 3656 septembris
738 3578 811 3640 anni
834 3593 981 3642 uocxxrr.

241 3680 270 3734 et
291 3672 342 3734 die
363 3687 428 3732 xrv.
452 3671 586 3735 octobris
614 3687 784 3735 nncxxvn.
815 3673 983 3750 respective

240 3764 395 3843 expeditas
423 3765 526 3827 literas
552 3765 656 3826 omnia
685 3771 717 3826 et
742 3765 864 3842 singula
890 3765 984 3844 privi-

241 3857 329 3934 legia,
352 3858 464 3934 gratias
484 3865 517 3919 et
538 3856 674 3930 indulta,
697 3874 776 3935 quae
796 3858 870 3920 alias
892 3875 908 3919 a
929 3857 981 3920 lel.

241 3949 358 4012 record.
389 3950 535 4028 Gregorio
566 3949 622 4012 PP.
648 3950 724 4012 lllll.
753 3951 984 4028 praedecessore

240 4042 346 4106 itidem
368 4051 474 4105 nostro
495 4042 626 4120 collegio
650 4043 823 4120 Anglicano
844 4045 881 4106 de
902 4043 984 4108 Urbe

239 4137 366 4201 luerunt
388 4151 527 4198 concessa
550 4135 584 4197 ad
600 4135 743 4198 alumnos
764 4137 838 4199 dicti
860 4137 983 4214 collegii

238 4230 331 4307 Angli
346 4229 543 4293 Lisboneusis
558 4228 739 4291 auctoritate
754 4230 916 4306 apostolica
931 4247 983 4292 ex·

239 4323 407 4387 tenderunt
427 4329 520 4400 atque
540 4322 740 4399 ampliarunt,
756 4333 848 4400 prout
871 4323 902 4384 in
917 4339 982 4386 me-

238 4417 362 4478 moratis
393 4415 567 4494 apostolicis
592 4415 690 4477 literis
717 4415 842 4478 uberius
869 4416 983 4480 dicitur

237 4509 400 4572 contineri.
426 4509 504 4572 Cum
526 4514 642 4583 autem,
658 4508 736 4570 sicut
762 4509 869 4572 eadem
890 4526 982 4589 expo·

237 4603 306 4665 sitio
324 4603 545 4680 subiungebat,
562 4611 683 4680 praeter
704 4602 846 4666 alumnos
865 4603 981 4680 Anglos

237 4695 306 4758 dicti
328 4695 462 4772 collegii,
485 4695 539 4774 qui
562 4695 980 4759 iuramentum'missionum

236 4786 320 4850 iuxta
341 4788 480 4850 eiusdem
495 4787 617 4864 collegii
638 4787 815 4866 apostolicas
832 4792 981 4852 conutitu-

237 4881 333 4944 tionus
355 4888 386 4943 et
415 4887 531 4944 statuta
559 4888 712 4958 praestare
740 4888 906 4957 tenentur,
929 4883 980 4944 alii

235 4975 329 5036 etiam
350 4975 481 5036 iuvenes
502 4973 595 5049 Angli
612 4973 644 5035 in
659 4973 766 5036 eodem
782 4974 912 5054 collegio
927 4994 979 5039 ex-

236 5067 399 5145 cipiantur,
419 5066 472 5144 qui
488 5065 558 5127 licet
572 5065 785 5128 iuramentum
801 5067 979 5144 huiusmodi

236 5173 296 5222 non
324 5160 481 5233 emittant,
506 5166 609 5220 tamen
635 5159 753 5238 sperari
774 5165 873 5238 potest
900 5160 977 5238 lore,

235 5259 267 5313 ut
287 5267 381 5330 quam
398 5253 531 5312 maxime
546 5251 663 5314 eisdem
679 5251 875 5314 missionibus
897 5253 975 5331 sint;

236 5344 302 5406 binc
322 5344 487 5405 memorati
511 5351 702 5423 exponentes
723 5344 758 5406 ad
779 5344 870 5406 basse
891 5345 978 5407 inve

234 5452 286 5500 nes
306 5437 425 5514 Anglos
439 5445 607 5501 memorata
622 5435 796 5514 privilegia,
820 5439 932 5514 gratias
947 5447 977 5500 et

232 5529 349 5594 indulta
373 5545 426 5609 per·
446 5546 501 5593 nos
523 5530 661 5609 ampliari
679 5546 878 5610 summopere
899 5531 976 5594 desi·

233 5622 349 5686 derant.
361 5622 455 5686 Nobis
466 5633 626 5704 propterea
640 5623 801 5687 humiliter
811 5625 976 5704 supplicari

232 5715 383 5792 lecerunt,
406 5725 440 5780 ut
463 5718 494 5780 in
516 5717 689 5795 praemissis
710 5726 886 5797 opportune
907 5733 975 5797 pro-

232 5808 346 5885 videre,
369 5805 400 5873 e't
423 5820 457 5872 ut
486 5809 565 5872 inira
590 5809 753 5886 indulgere
775 5811 813 5873 de
835 5810 975 5888 benigni·

233 5907 290 5965 tate
309 5902 472 5984 apostolica
492 5902 704 5980 dignaremur.

1724 551 1783 616 429
1832 551 1886 608 An.
1900 556 1931 610 C.
1954 557 2022 611 taos

1093 685 1155 758 §2
1173 684 1234 747 Nos
1248 685 1345 763 igitur
1356 689 1478 750 eosdem
1490 696 1679 768 exponentes
1689 691 1803 768 specia-
1834 705 1916 764 peior
1935 715 2033 755 eones-

1054 779 1133 842 libus
1149 781 1253 856 gratiis
1268 790 1298 844 et
1313 781 1469 845 favoribus
1491 785 1634 862 prosequi
1649 784 1800 858 volentes,
1821 765 1908 802 ⁵¹⁰⁰¹⁵‘
1967 801 1974 812 ·

1053 881 1085 935 et
1103 872 1228 936 illorum
1243 874 1417 952 singulares
1433 892 1587 955 personas,
1604 891 1739 955 quorum
1754 877 1801 940 in·

1056 972 1161 1041 terest‚
1174 984 1189 1028 a
1201 967 1363 1046 quibusvis
1377 969 1719 1044 excommunicationis,
1735 988 1801 1033 sus·

1054 1059 1210 1136 pensionis
1221 1068 1251 1124 et
1267 1061 1435 1135 interdicti,
1449 1063 1578 1141 aliisque
1589 1062 1799 1126 ecclesiasticis

1052 1153 1202 1227 censorie,
1218 1156 1378 1217 sententiis
1400 1164 1430 1216 et
1452 1155 1559 1233 poeuis
1580 1156 1689 1235 quovis
1710 1155 1800 1218 modo

1053 1253 1083 1307 et
1098 1261 1291 1327 quacumque
1309 1249 1345 1311 de
1366 1266 1453 1311 causa
1476 1250 1554 1327 latis,
1576 1253 1601 1312 si
1623 1270 1697 1332 quas
1722 1253 1801 1316 iorte

1054 1340 1253 1416 incurrerint,
1270 1342 1362 1403 buius
1384 1349 1506 1406 tantum
1522 1345 1566 1406 rei
1585 1347 1681 1422 gratia
1703 1347 1800 1409 absol-

1052 1441 1160 1496 ventes
1178 1443 1209 1495 et
1230 1435 1382 1498 absolutos
1404 1436 1469 1498 iore
1490 1447 1663 1514 censentes,
1683 1440 1798 1519 suppli·

1052 1527 1222 1590 cationibus
1244 1544 1355 1590 eorum
1377 1530 1503 1592 nomine
1526 1532 1613 1593 nobis
1636 1532 1798 1596 humiliter

1051 1623 1200 1696 porrectis
1218 1622 1370 1698 inclinati,
1387 1626 1490 1687 omnia
1512 1633 1541 1686 et
1561 1623 1683 1704 singula
1705 1627 1797 1703 privi-

1052 1713 1141 1790 legia,
1166 1715 1277 1790 gratias
1299 1725 1329 1778 et
1355 1717 1487 1792 indulta,
1512 1728 1545 1781 ut
1574 1719 1797 1796 praetentans

1050 1809 1227 1870 memoratis
1248 1807 1396 1885 Gregorio
1418 1817 1455 1872 et·
1471 1811 1594 1874 Urbano
1623 1814 1796 1890 praedeces-

1049 1901 1168 1963 soribus
1191 1904 1304 1965 nostris
1315 1903 1449 1966 alumnis
1470 1905 1543 1967 dicti
1558 1904 1680 1982 collegii
1702 1905 1794 1982 Angli

1050 1993 1235 2056 Sanctorum
1256 1995 1473 2074 Apostolorum
1497 1998 1577 2060 Petri
1597 2006 1626 2059 ct
1649 2000 1732 2061 Pauli
1755 2000 1795 2060 ci-

1049 2087 1151 2148 vitatis
1174 2087 1369 2150 bisbonensis
1391 2105 1544 2165 concessa,
1561 2092 1596 2152 ad
1612 2090 1686 2153 alios
1702 2093 1794 2153 etiam

1049 2182 1179 2244 iuvenes
1200 2180 1316 2258 Anglos
1338 2187 1471 2256 tantum,
1488 2183 1538 2262 qui
1563 2199 1626 2245 non
1649 2184 1795 2261 praestito

1046 2274 1137 2336 solito
1159 2273 1340 2337 missionum
1363 2274 1540 2338 iuramento
1556 2275 1587 2336 in
1604 2275 1712 2338 eodem
1734 2276 1795 2337 col-

1048 2368 1128 2444 legio
1150 2369 1339 2430 educationis
1361 2385 1393 2431 ac
1414 2369 1588 2432 studiorum
1610 2387 1697 2432 causa
1712 2386 1794 2432 com-

1048 2471 1221 2536 morantur,
1244 2461 1295 2523 vel
1318 2479 1372 2540 pro
1396 2471 1535 2539 tempore
1555 2464 1795 2525 commorabun-

1047 2561 1108 2629 tur,
1131 2554 1310 2617 auctoritate
1339 2555 1500 2633 apostolica
1521 2563 1629 2617 tenore
1650 2570 1792 2631 praesen·

1046 2646 1124 2708 tium
1147 2645 1344 2709 extendimus
1366 2655 1396 2708 et
1418 2647 1611 2726 ampliamus.
2015 2665 2028 2699 r

1085 2739 1103 2813 ἓ
1124 2741 1153 2800 3.
1177 2740 1383 2801 Decernentes
1397 2741 1519 2802 easdem
1535 2751 1709 2818 praesentes
1726 2742 1792 2804 lite·
1831 2754 2025 2805 clauseramus

1045 2849 1092 2894 ras
1112 2848 1235 2909 semper
1258 2834 1373 2906 firmas,
1391 2834 1504 2894 validas
1525 2841 1556 2896 et
1578 2835 1712 2898 efficaces
1727 2837 1790 2898 exi·
1810 2807 1866 2908 {32²1
1884 2810 2024 2911 iffiflfflf’

1044 2935 1128 2989 stere
1143 2935 1172 2989 et
1189 2926 1266 3000 iore,
1282 2942 1415 3006 suosque
1431 2927 1584 3005 plenarios
1599 2935 1630 2989 et
1653 2929 1791 3007 integros

1044 3021 1171 3085 ellectus
1189 3019 1291 3081 sortiri
1308 3028 1339 3082 et
1352 3019 1504 3094 obtinere,
1518 3020 1652 3100 illisque,
1665 3024 1700 3085 ad
1716 3039 1792 3101 quos

1044 3121 1160 3193 spectat
1170 3125 1202 3175 et
1214 3129 1269 3190 pro
1285 3122 1425 3192 tempore
1436 3114 1694 3193 quandocumque
1707 3131 1791 3194 spec·

1045 3208 1132 3282 tabit,
1150 3207 1181 3268 in
1197 3207 1341 3268 omnibus
1362 3213 1392 3268 et
1417 3207 1587 3286 peremnia
1610 3205 1790 3284 plenissime
1819 3287 1823 3293 .

1043 3299 1790 3380 sutiragari3sicqueinpraemissisperquoscum·

1042 3410 1104 3473 que
1125 3395 1240 3458 iudices
1263 3393 1431 3456 ordinarios
1452 3399 1483 3454 et
1508 3391 1674 3469 delegatos,
1697 3395 1789 3456 etiam

1043 3503 1203 3550 causarum
1216 3486 1318 3565 palatii
1335 3485 1432 3546 nostri
1444 3485 1599 3564 apostolici
1622 3487 1788 3562 auditores,

1041 3596 1073 3641 ac
1096 3580 1225 3643 Sanctae
1252 3577 1407 3641 Romanae
1434 3577 1586 3641 Ecclesiae
1611 3580 1789 3644 cardinales

1041 3673 1134 3735 etiam
1157 3673 1194 3736 de
1220 3671 1314 3735 latere
1334 3671 1473 3748 Legatos,
1496 3679 1527 3731 et
1553 3671 1681 3734 Sanctae
1703 3672 1789 3735 Sedis

1041 3765 1189 3841 Nuncios,
1205 3765 1323 3828 sublata
1338 3765 1381 3825 eis
1396 3772 1549 3826 eteorum
1568 3765 1693 3828 cuilibet
1715 3783 1789 3844 qua·

1041 3860 1086 3920 vis
1101 3858 1190 3921 aliter
1220 3856 1372 3920 iudicandi
1391 3866 1421 3920 et
1446 3859 1672 3935 interpretandi
1695 3859 1788 3921 lacul-

1042 3959 1103 4015 tate
1116 3960 1147 4013 et
1167 3952 1360 4026 auctoritate,
1384 3950 1509 4014 iudicari
1532 3958 1564 4012 et
1586 3952 1708 4014 deliniri
1734 3955 1786 4015 de-

1040 4045 1123 4116 bere,
1147 4061 1180 4106 ac
1201 4045 1326 4107 irritum
1347 4054 1378 4104 et
1401 4045 1512 4118 inane,
1538 4045 1564 4106 si
1586 4061 1674 4107 secus
1694 4061 1787 4123 super

1039 4139 1088 4198 bis
1109 4155 1124 4198 a
1146 4153 1303 4216 quoquam
1317 4138 1426 4215 quavis
1447 4139 1628 4201 auctoritate
1651 4139 1786 4200 scienter·

1040 4230 1090 4291 vel
1112 4231 1292 4307 ignoranter·
1314 4229 1480 4306 contigerit
1500 4232 1655 4293 attentari.

1079 4324 1097 4397 ἓ
1119 4323 1147 4384 t.
1172 4321 1240 4384 Non
1261 4322 1453 4384 obstantibus
1468 4323 1740 4386 constitutionibus
1755 4331 1785 4386 et
1817 4350 2017 4406 narogotxoccn.

1038 4416 1284 4478 ordinationibus
1298 4415 1481 4492 apostolicis,
1494 4431 1552 4477 nec
1570 4433 1631 4478 non
1647 4417 1785 4480 eiusdem
1805 4404 1949 4452 anctorum.

1038 4507 1158 4584 collegii
1171 4510 1262 4570 etiam
1274 4509 1460 4583 iuramento,
1469 4509 1704 4572 confirmatione
1716 4526 1787 4590 apo-

1036 4600 1158 4676 stolica,
1184 4599 1235 4663 vel
1261 4601 1369 4679 quavis
1391 4601 1534 4663 firmitate
1556 4600 1611 4662 alia
1637 4603 1785 4666 roboratis

1038 4695 1156 4756 statutis
1171 4701 1202 4756 et
1213 4693 1505 4770 consuetudinibos;
1525 4695 1695 4773 privilegiis
1710 4713 1785 4774 quo·

1037 4804 1107 4866 que,
1125 4785 1252 4850 indultis
1269 4792 1299 4848 et
1314 4785 1410 4848 literis
1431 4787 1602 4865 apostolicis
1618 4790 1784 4867 superiori-

1037 4881 1092 4942 bus
1103 4888 1133 4943 et
1146 4880 1284 4960 personis
1296 4879 1354 4942 sub
1364 4881 1613 4959 quibuscumque
1625 4882 1785 4946 tenoribus

1034 4979 1065 5034 et
1087 4972 1205 5048 formis,
1222 4991 1254 5035 ac
1269 4989 1339 5036 cum
1361 4973 1520 5051 quibusvis
1542 4975 1634 5036 etiam
1655 4975 1784 5052 deroga·

1036 5067 1186 5130 toriamm
1214 5065 1426 5143 derogatoriis,
1452 5067 1581 5146 aliisque
1607 5067 1784 5131 ellicaciori·

1035 5160 1102 5233 bus,
1118 5159 1334 5222 efficacissimis
1358 5176 1392 5221 ac
1414 5159 1544 5223 insolitis
1566 5161 1721 5238 clausulis,
1741 5162 1782 5223 ir·

1034 5248 1258 5332 nitentibusque
1269 5259 1299 5314 et
1316 5252 1381 5314 aliis
1396 5254 1526 5338 decretis
1547 5253 1579 5315 in
1601 5269 1717 5330 genere
1732 5256 1781 5317 vel

1034 5346 1065 5407 in
1087 5345 1198 5427 specie,
1225 5362 1258 5407 ac
1280 5345 1346 5406 aliis
1375 5345 1407 5407 in
1429 5347 1619 5409 contrarium
1636 5348 1781 5426 praemis·

1032 5455 1138 5502 surum
1171 5438 1401 5518 quomodolibet
1432 5441 1602 5513 concessis,
1635 5440 1781 5518 approba·

1034 5531 1071 5594 tis
1098 5539 1129 5593 et
1152 5532 1317 5594 innovatis.
1349 5531 1464 5606 Quibus
1492 5533 1637 5595 omnibus
1658 5541 1690 5596 et
1717 5535 1780 5596 sin·

1032 5625 1113 5700 gulis
1125 5624 1252 5687 illorum
1264 5630 1385 5687 tenores
1398 5625 1610 5703 praesentibus
1622 5642 1677 5705 pro
1690 5626 1781 5705 plene

1032 5725 1062 5778 et
1077 5716 1267 5780 sufficienter
1281 5718 1432 5795 expressis
1447 5734 1480 5778 ac
1494 5719 1532 5781 de
1547 5719 1642 5782 verbo
1661 5720 1697 5782 ad
1712 5735 1782 5782 ver·

1032 5809 1108 5871 burn
1124 5810 1247 5871 insertis
1268 5810 1429 5886 babentes,
1445 5809 1505 5872 illis
1522 5810 1595 5873 alias
1610 5811 1642 5872 in
1661 5828 1718 5874 suo
1733 5829 1780 5874 ro·

1033 5901 1106 5964 bore
1130 5903 1356 5980 permansuris,
1383 5905 1419 5966 ad
1444 5903 1683 5982 praemissorum
1709 5904 1780 5971 elie·
