4734 7004
341 531 396 590 An.
410 535 446 590 0.·
462 537 532 590 1760
580 537 620 600 50

341 683 433 732 Narrat
442 683 543 731 abdica·

328 735 424 782 tionem
450 738 543 785 anuo-
601 678 621 752 5
640 677 669 740 2·
686 678 836 754 Quoniam
852 695 927 742 vero
939 681 1060 746 nullum
1078 681 1109 744 iu
1124 682 1215 745 terris
1230 698 1304 760 gau·

329 789 403 836 cuent
428 791 543 838 Patriar—
562 771 649 834 diuru
676 781 740 848 est,
767 775 846 853 quod
877 776 1083 839 amaritudine
1112 777 1212 854 aliqua
1239 793 1301 840 nou

328 843 543 952 3¹,¹,{,⁰„⁰‘„{,¹¹,¹,'‡21
562 857 793 942 permisceatur,
812 869 890 930 hanc
912 869 970 948 ipsi
992 871 1219 946 aegritudinem
1234 887 1303 950 pro-

328 951 543 1051 giessdffiltlssrlugegpg
562 965 631 1035 pter
661 967 779 1037 peccata
812 967 915 1024 nostra
944 963 1153 1040 persensimus
1180 972 1302 1042 accepto

328 1057 544 1158 ggggqignffl
561 1052 676 1114 nuncio
708 1058 866 1121 divisionis
903 1061 984 1126 inter
1021 1057 1177 1118 nationem
1213 1058 1301 1118 istam

329 1164 421 1228 arcusa
449 1166 543 1213 suaro—
562 1157 743 1234 nuperrime
768 1158 928 1232 subortae,
957 1159 1115 1220 occasione
1142 1157 1303 1220 abdicatio-

329 1222 465 1274 ⁸³²¹⁰¹¹⁰¹³¹·
562 1249 611 1310 ns
625 1249 815 1312 salaardus
837 1251 944 1328 cyuru
965 1254 1058 1314 nurus
1079 1252 1216 1315 nominis
1237 1251 1301 1324 ur,

561 1343 841 1421 consequentisque
863 1344 894 1406 iu
920 1345 986 1405 eius
1007 1345 1109 1406 locum
1138 1345 1302 1408 sacerdotis

561 1436 670 1512 ignatii
691 1437 922 1512 designationis.
947 1438 1031 1513 Quod
1054 1439 1180 1518 quidem
1208 1455 1301 1516 nego-

560 1530 638 1591 tium
652 1546 723 1592 cum
733 1531 962 1594 discutiendum
972 1532 1218 1610 delegaverimus
1228 1549 1304 1596 non-

560 1624 655 1687 nullis
676 1640 771 1687 venn.
794 1626 940 1688 tratribus
961 1626 1074 1689 nostris
1097 1627 1128 1690 S.
1146 1626 1302 1689 Romanae

559 1716 711 1780 Ecclesiae
737 1717 947 1782 cardinalibus
973 1718 1231 1796 congregationis
1253 1719 1303 1783 Fi-

560 1813 608 1873 dei
641 1812 869 1892 Propagandae,
906 1813 1019 1876 auditis
1053 1815 1303 1894 procuratoribus

560 1906 633 1968 hinc
654 1913 685 1967 et
708 1905 780 1967 inde
808 1907 937 1968 Romam
959 1907 1072 1982 missis,
1097 1917 1300 1982 censuerunt,

337 1995 542 2043 patriarchaque
560 1997 668 2076 Cyrilli
699 1999 890 2060 Patriarcbae
924 1998 1147 2062 abdicationem
1183 2000 1302 2063 nullam

327 2049 461 2095 nunciatio
479 2051 541 2098 abs·
665 2092 670 2102 .
710 2093 715 2103 .
831 2093 836 2103 .
957 2092 962 2104 .
1258 2093 1263 2106 ·

328 2104 541 2198 §coapostolus
560 2098 652 2170 atque
664 2103 781 2155 irruam
794 2091 898 2168 luisse,
911 2110 982 2171 qum
993 2092 1100 2156 iactam
1114 2093 1202 2156 nullo
1217 2110 1303 2172 prius

327 2154 401 2270 ,2⁵3ss
414 2156 541 2258 affl&
560 2185 597 2247 ab
618 2185 791 2264 Apostolicd
805 2184 884 2247 Sede
905 2187 1059 2266 permissu
1075 2187 1214 2264 obtento,
1231 2203 1302 2250 cum

327 2263 492 2372 fflptffisqf:
509 2265 540 2311 ⁶⁰
561 2280 633 2341 haec
648 2279 717 2341 dicti
734 2279 925 2343 Patriarcbae
939 2281 1122 2345 electionem
1141 2283 1302 2344 coufirma-

559 2372 662 2446 visset,
677 2389 710 2434 ac
730 2374 854 2450 praevio
875 2383 1022 2438 consueto
1045 2375 1218 2438 iuramento
1239 2375 1302 2452 pal-

559 2465 592 2527 lii
603 2465 721 2528 honore
733 2466 877 2528 eumdem
889 2469 1126 2542 honestavisset:
1140 2471 1204 2550 pari
1216 2472 1302 2532 enim

558 2559 596 2622 de
624 2559 713 2620 causa
739 2575 802 2621 non
831 2560 1001 2624 absimilem
1034 2565 1302 2627 renunciationem

559 2653 677 2733 losephi
700 2655 721 2716 l.
740 2654 964 2718 Chaldaeorum
979 2657 1170 2719 Patriarcbae
1184 2657 1300 2720 nullam

560 2745 743 2826 irritamque
758 2748 816 2810 sub
831 2750 924 2811 finem
941 2751 1100 2828 praeteriti
1122 2753 1234 2816 saeculi
1250 2752 1301 2816 de·

558 2850 735 2905 creverunt.

350 2942 540 2987 Enumerantur
597 2936 616 3010 5
638 2935 666 2996 3.
690 2937 725 2998 lu
742 2937 799 2998 hac
820 2945 923 2999 autem
938 2954 974 2999 eo
990 2937 1115 3014 gravius
1137 2949 1302 3018 peccarunt

326 2993 540 3094 {ffltffiffissffg
559 3028 718 3092 Melchitae
740 3030 879 3109 Episcopi
905 3032 1067 3107 electores,
1090 3049 1161 3096 cum
1183 3036 1219 3097 ad
1241 3035 1302 3097 ele·

326 3101 540 3253 fflfflfflaffl
558 3129 694 3191 ctionem
723 3126 871 3190 devenire
899 3126 991 3188 veriti
1017 3143 1080 3189 non
1105 3128 1185 3204 sint,
1215 3129 1301 3190 nullo

326 3207 539 3308 fflffffl'ssfflffl'
560 3222 661 3284 habito
683 3228 824 3300 respectu
847 3237 949 3300 neque
960 3220 1171 3300 appellationis
1192 3239 1207 3282 a
1229 3240 1301 3302 qua·

558 3323 629 3376 tuor
651 3314 805 3394 Episcopis
829 3317 864 3378 ad
886 3314 1091 3394 apostolicam
1119 3315 1230 3378 Sedem
1251 3315 1302 3377 de-

557 3408 651 3484 latae,
675 3424 777 3489 neque
802 3409 909 3472 aetatis
937 3424 1091 3470 annorum
1119 3408 1232 3486 viginti
1256 3427 1302 3472 se·

557 3511 657 3582 ptem,
678 3519 756 3582 quae
776 3504 850 3580 sola,
873 3511 994 3583 praeter
1015 3511 1130 3579 cetera,
1154 3503 1244 3566 illum
1266 3504 1302 3566 ab

360 3594 471 3640 vacante
495 3603 539 3650 W
558 3599 740 3677 Episcopatu
752 3598 903 3676 repellere
916 3597 1081 3660 debuisset.
1107 3599 1234 3659 lnterim
1250 3615 1303 3660 ve-

325 3645 426 3692 obltum
450 3645 539 3710 quavis

324 3698 462 3800 episcopan
495 3709 539 3745 ec·
558 3708 604 3767 ro,
628 3707 700 3753 cum
726 3689 825 3753 dictus
854 3691 1026 3754 Patriarcha
1058 3690 1201 3768 Cyrillus'
1219 3691 1301 3752 viam

325 3763 539 3870 ἓὲιῗίἐροῖῗὶῗῗιῖῗ
558 3785 724 3848 universae
738 3785 837 3848 carnis
853 3786 1009 3862 ingressus
1024 3783 1129 3859 luerit,
1148 3799 1227 3845 nova
1242 3784 1303 3845 ele-

324 3859 539 3961 }'ssgssssssjsssscssl
557 3878 617 3940 ctio
640 3878 671 3938 in
694 3878 845 3940 eiusmodi
867 3877 1107 3941 circumstantiis
1127 3877 1163 3938 ad
1176 3875 1304 3955 Aposto-

324 3978 438 4068 33:303}
453 3977 539 4066 {3⁰32}
557 3970 646 4033 licam
669 3969 778 4033 Sedem
803 3971 949 4034 devoluta
970 3981 1027 4048 est,
1044 3987 1121 4050 quae
1144 3980 1302 4049 propterea

325 4056 538 4131 llvurss’rmam
556 4067 729 4128 secundum
750 4082 849 4128 sacros
864 4083 997 4129 canones
1012 4073 1042 4126 et
1056 4065 1301 4144 antiquissimam

323 4129 475 4176 ⁰⁰⁰⁵¹¹⁰²¹¹‘¹'
556 4160 815 4222 cousuetudinem
848 4158 1057 4238 patriarchalis
1086 4158 1238 4222 Ecclesiae
1266 4161 1302 4222 de

557 4253 686 4331 persona
700 4253 757 4315 sibi
779 4251 922 4315 benevisd
937 4251 1027 4315 debet
1042 4267 1079 4314 ex
1096 4252 1218 4330 integro
1233 4269 1303 4331 pro·

557 4344 671 4408 videre.

594 4439 664 4514 §b
692 4439 896 4514 Quamobrem
929 4447 1064 4516 urgente
1094 4438 1300 4503 Ecclesiarum

555 4533 697 4595 omnium
719 4531 959 4606 solicitudine,a
981 4539 1138 4611 pastorum
1160 4533 1301 4612 Principe

553 4625 621 4686 Iesu
643 4624 767 4687 Christo
794 4625 968 4686 infirmitati
997 4631 1119 4687 nostrae
1148 4626 1299 4703 imposita,

554 4732 621 4791 nos,
644 4718 697 4797 qui
720 4719 846 4796 paterna
868 4718 995 4780 caritate
1017 4717 1301 4782 Graeco-Melchita·

554 4827 626 4874 rum
648 4811 1031 4875 nationemamantissime
1051 4814 1299 4892 complectimur,

553 4905 750 4967 inhaerentes
771 4905 899 4968 consilio
921 4915 1109 4968 memoratae
1124 4908 1301 4986 Congrega-

553 4999 658 5074 tionis,
682 5013 823 5060 necnon
847 5007 934 5061 motu
959 5000 1084 5078 proprio
1107 5009 1137 5063 et
1158 5019 1196 5062 eu
1217 5003 1299 5064 certa

552 5092 681 5153 scientia
708 5109 741 5153 ac
769 5093 889 5154 matura
921 5093 1142 5156 deliberatione
1173 5095 1298 5171 uostris,

553 5185 652 5264 deque
664 5185 844 5263 apostolicae
854 5187 1011 5264 potestatis
1027 5185 1232 5265 plenitudine,
1249 5189 1299 5250 ab·

552 5277 737 5340 dicationem
755 5278 803 5340 bo.
821 5295 882 5340 me.
900 5279 1090 5343 Patriarcbae
1107 5281 1213 5359 Cyrilli
1229 5281 1299 5344 nul·

553 5373 612 5434 lam
628 5377 659 5433 et
675 5373 793 5434 irritam
814 5373 1015 5450 declaramus
1036 5377 1298 5452 quemadmodum

553 5467 645 5526 etiarn
661 5465 778 5528 dictum
793 5468 982 5528 sacerdotem
999 5468 1154 5546 lguatium
1171 5485 1299 5548 suspen·

552 5574 621 5620 sum
643 5559 680 5619 ab
700 5559 846 5620 exercitio
868 5559 1026 5636 ordinum,
1043 5563 1195 5624 reservata
1210 5565 1299 5626 nobis

552 5651 695 5714 facultate
716 5651 863 5714 eumdem
886 5653 1076 5730 absolvendi,
1093 5665 1257 5735 postquam
1272 5657 1297 5719 is

552 5745 690 5806 sincerae
722 5745 930 5822 poenitentiae
955 5746 1042 5824 signa
1071 5749 1217 5825 ediderit;
1241 5765 1298 5813 nec

553 5851 616 5900 non
639 5836 723 5899 illius
743 5837 926 5902 electionem
949 5840 1067 5903 nullam
1089 5843 1215 5921 pariter,
1228 5842 1299 5904 irri-

553 5936 632 6006 tam,
666 5931 809 6008 inanem,
832 5949 865 5994 ac
891 5933 1010 5995 nullius
1036 5935 1154 5998 roboris
1175 5944 1206 5998 et
1233 5951 1297 5998 mo·

1082 563 1146 610 tuh.
1171 563 1261 608 bour.
1285 562 1325 606 DE
1347 564 1375 608 Ρ.
1399 565 1428 610 tt.
1454 566 1534 612 PARS
1556 569 1576 614 1.

2132 562 2187 619 An.
2200 567 2231 620 0.
2252 569 2330 622 1760

1358 685 1457 746 menti
1472 702 1537 748 esse
1552 693 1583 750 et
1598 689 1664 753 lore
1679 691 1878 770 declaramus,
1891 696 2100 777 annullamus,
2181 713 2342 762 antiocaeni

1359 776 1517 840 irritamus
1538 788 1569 842 et
1589 799 1759 861 cassamus,
1782 787 1956 868 dictamque
1977 791 2101 856 electio·
2119 765 2342 876 ξῖῗὲῗέῗῑῖἶῖὦῗ

1358 884 1430 931 nem
1453 872 1581 950 perinde
1597 877 1701 939 haberi
1723 878 1835 944 debere
1857 883 1888 944 in
1910 885 2055 948 omnibus
2070 874 2145 950 et·et
2168 874 2342 922 ²¹b¹²¹³fi⁸⁰²

2119 929 2273 974 successoris
2290 929 2342 974 ele·

1357 977 1412 1039 per
1442 968 1559 1041 omnia,
1583 971 1661 1032 acsi
1683 987 1844 1053 uunquam
1873 976 1948 1039 iacta
1979 977 2096 1054 luisset,
2118 980 2343 1082 ,03011681ξῖρρῗῆΙί

1356 1057 1472 1134 pariter
1493 1061 1701 1140 deceruimus,
1725 1069 1929 1148 praecipimus
1951 1078 1982 1133 et
2003 1072 2099 1136 decla·
2119 1087 2343 1136 summusronu-

1357 1166 1472 1226 ramus,
1490 1154 1674 1234 nullumque
1697 1159 1744 1221 ius
1765 1170 1795 1224 et
1816 1165 2030 1228 auctoritatem
2045 1182 2100 1244 per
2117 1141 2343 1294 ’88ὲῶἥὶζῖιέὣῖ

1357 1242 1542 1308 electionem
1556 1251 1743 1314 antedictam
1764 1265 1924 1334 praetenso
1939 1260 2037 1322 electo
2052 1277 2100 1322 ac·
2118 1249 2266 1351 ῑξίζξὲῇξῖῗδ
2309 1261 2344 1336 ²:

1356 1337 1507 1415 quisitum
1527 1341 1593 1404 sive
1619 1346 1800 1424 acquisitam
1822 1365 1888 1413 esse
1908 1359 1939 1414 et
1960 1353 2044 1431 iore,
2066 1371 2100 1416 ac
2118 1355 2209 1454 egestae
2245 1358 2343 1415 prou-

1356 1429 1482 1494 irritum
1505 1442 1535 1496 et
1568 1436 1692 1501 inanem
1718 1442 1899 1522 nulliusque
1926 1447 2044 1510 roboris
2065 1465 2099 1511 ac
2118 1420 2196 1456 ⁵⁰¹¹*

1356 1527 1509 1589 momenti
1537 1545 1767 1612 quemcumque
1795 1546 1897 1600 actum
1919 1556 1974 1618 per
1998 1542 2098 1619 ipsum

1356 1626 1555 1697 praetensum
1569 1623 1703 1688 electum
1717 1628 1781 1690 sive
1794 1629 1909 1694 lactum
1921 1640 1973 1696 aut
1988 1633 2100 1698 iacien-

1357 1713 1443 1791 dum,
1461 1716 1724 1792 quemadmodum
1745 1721 1839 1785 etiam
1853 1725 1999 1788 eumdem
2015 1727 2046 1790 iu
2063 1728 2100 1791 iis

1357 1808 1501 1870 omuibus
1523 1818 1554 1872 et
1580 1810 1712 1888 singulis
1733 1815 1770 1876 ad
1791 1817 2026 1894 patriarchalem
2047 1838 2100 1900 po.-

1357 1905 1499 1964 testatem
1521 1910 1552 1964 et
1572 1908 1787 1970 auctoritatem
1807 1914 2015 1989 spectantibus
2034 1931 2101 1976 sese

1357 1993 1501 2072 ingerere
1531 2005 1561 2058 et
1590 1999 1800 2064 intromittere
1829 2006 2011 2082 audentem,
2035 2008 2100 2087 ipso

1357 2087 1436 2151 iacto
1457 2092 1563 2167 poenis
1583 2095 1729 2156 omuibus
1743 2104 1851 2159 contra
1873 2115 1936 2162 uon
1958 2109 2100 2180 parentes

1358 2183 1509 2246 mandatis
1526 2187 1698 2263 apostolicis
1714 2205 1768 2266 per
1782 2207 1882 2254 sacros
1903 2209 2037 2257 canones
2053 2197 2100 2258 iu·

1357 2275 1446 2338 dictis
1472 2283 1502 2338 et
1531 2277 1739 2355 indignationi
1771 2291 1894 2348 nostrae
1928 2287 2098 2353 obnoxium

1357 2388 1471 2436 esseae
1492 2373 1569 2451 lore,
1587 2392 1698 2455 easque
1719 2378 1878 2442 incurrere
1893 2389 1923 2444 et
1939 2382 2099 2448 incursum

1357 2483 1433 2542 esse,
1457 2476 1560 2544 motu,
1584 2471 1729 2546 scientia,
1752 2471 1974 2538 deliberatione
1995 2485 2027 2539 et
2047 2495 2099 2558 po-

1357 2563 1474 2623 testatis
1503 2561 1700 2640 plenitudine
1731 2565 1853 2643 paribus
1885 2569 2098 2649 decernimus,

1356 2656 1521 2717 statuimus
1532 2663 1563 2718 et
1574 2656 1773 2734 declaramus,
1796 2661 1952 2741 ipsiusque
1973 2667 2100 2744 patriar·

1355 2747 1450 2809 chalis
1472 2750 1624 2812 Ecclesiae
1644 2751 1866 2832 Antiocheam,
1890 2757 1941 2832 ita,
1959 2766 1993 2821 ut
2015 2776 2098 2838 prae-

1357 2843 2099 2928 mittitur,vacantis,collationemprovisionem-

1355 2953 1416 3015 que
1442 2939 1732 3017 quomodocumque
1753 2939 1940 3020 taciendam,
1962 2962 2018 3025 pro
2043 2949 2100 3013 hac

1356 3031 1423 3092 vice
1444 3037 1474 3092 et
1494 3032 1561 3093 iure
1577 3032 1737 3108 devoluto,
1760 3035 1848 3098 nobis
1863 3044 1894 3099 et
1909 3039 2098 3117 Apostolicae

1357 3123 1427 3188 Sodi
1448 3124 1621 3203 praedictae
1642 3143 1847 3192 reservamus.

1395 3217 1415 3292 5
1434 3216 1463 3278 5.
1487 3217 1712 3296 Decernentes,
1729 3233 1918 3300 ‚praesentes
1943 3226 2047 3292 literas
2068 3239 2100 3296 et
2136 3243 2259 3292 clausura
2277 3244 2342 3292 suu

1357 3311 1389 3373 in
1411 3311 1455 3372 eis
1475 3319 1620 3374 contenta
1641 3329 1867 3394 quaecumque,
1890 3320 1982 3383 etiam
2003 3339 2040 3386 ex
2062 3296 2339 3400 eo{{²1}¹1'1f⁰r²rt}ss}f⁹'

1357 3406 1437 3483 quod
1454 3385 1648 3486 'quicumque
1670 3409 1702 3471 iu
1717 3411 1891 3485 praemissis
1911 3413 1959 3476 ius
1981 3417 2030 3478 vel
2052 3417 2099 3481 in·

1358 3505 1472 3560 teresse
1493 3499 1650 3575 habentes,
1665 3517 1721 3565 seu
1735 3501 1849 3566 habere
1869 3510 2100 3584 quomodolibet

1358 3592 1604 3671 praetendentes,
1628 3595 1688 3655 illis
1710 3612 1773 3657 nou
1795 3602 2022 3680 consenseriut,
2038 3621 2097 3668 uec

1357 3685 1392 3746 ad
1415 3703 1449 3748 ea
1462 3687 1571 3762 vocati,
1594 3689 1677 3750 citati
1692 3697 1723 3753 et
1737 3692 1845 3769 auditi,
1863 3710 1965 3774 neque
1980 3714 2098 3775 causae,

1357 3787 1482 3858 propter
1502 3797 1578 3859 quas
1599 3791 1775 3858 praesentes
1797 3797 1992 3864 emanarunt,
2016 3793 2100 3854 sutil-

1356 3874 1476 3936 cienter
1496 3875 1652 3952 adductae,
1669 3878 1844 3942 verificatae
1865 3889 1896 3944 et
1917 3884 2100 3948 iustificatae

1357 3970 1485 4045 luerint,
1508 3977 1560 4033 aut
1581 3987 1618 4033 ex
1641 3971 1698 4032 alid
1719 3988 1913 4052 quacumque
1933 3984 2100 4054 quantum·

1357 4065 1403 4126 vis
1424 4064 1514 4138 iusta,
1532 4063 1667 4141 legitima
1682 4073 1712 4127 et
1728 4066 1919 4144 privilegiata
1937 4072 2035 4148 causd,
2051 4089 2100 4136 co·

1356 4157 1433 4233 lore,
1456 4164 1618 4236 praetentu
1640 4164 1670 4218 et
1685 4159 1796 4236 capite,
1809 4160 1903 4222 etiam
1925 4161 1957 4224 in
1971 4179 2099 4242 corpore

1357 4252 1431 4313 iuris
1453 4251 1566 4325 clauso,
1583 4251 1677 4312 etiarn
1692 4255 1840 4328 enormis,
1864 4258 2099 4322 enormissimae

1357 4352 1386 4407 et
1409 4344 1511 4405 totalis
1538 4344 1680 4405 laesionis
1700 4344 1765 4406 ullo
1793 4363 1931 4425 unquam
1961 4358 2101 4430 tempore

1356 4439 1393 4500 de
1413 4437 1622 4515 subreptionis
1643 4437 1692 4499 rel
1720 4439 1910 4517 obreptionis
1932 4451 1985 4506 aut
2007 4445 2101 4508 nulli-

1357 4530 1425 4593 tatis
1447 4531 1535 4606 vitio,
1552 4545 1608 4592 seu
1630 4531 1813 4594 intentionis
1829 4541 1962 4612 nostrae,
1985 4547 2037 4601 aut
2053 4539 2100 4601 in·

1357 4634 1470 4688 teresse
1494 4624 1675 4687 habentium
1697 4640 1882 4703 cousensus,
1904 4628 2001 4692 aliove
2024 4648 2099 4710 quo·

1354 4718 1429 4781 libet
1449 4719 1543 4781 etiam
1565 4719 1766 4796 quantumvis
1787 4735 1899 4799 magno
1914 4732 1946 4785 et
1959 4725 2099 4788 substan-

1355 4811 1430 4885 tiali,
1453 4828 1486 4872 ac
1508 4811 1675 4887 incogitato
1697 4821 1729 4873 et
1750 4812 1995 4892 inexcogitabili,
2020 4819 2100 4880 iudi-

1354 4905 1542 4983 viduamque
1569 4905 1800 4982 expressionem
1828 4909 2018 4986 requirente,
2047 4913 2100 4974 de-

1355 4998 1436 5062 iectu
1467 4999 1578 5074 notari,
1612 5000 1798 5078 impugnari,
1829 5002 1969 5081 infringi,
2002 5015 2099 5068 retra-

1354 5093 1446 5167 ctari,
1470 5093 1502 5154 iu
1527 5093 1574 5153 ius
1601 5091 1649 5153 vel
1676 5096 1919 5158 controversiam
1947 5099 2096 5175 revocari,

1354 5191 1406 5246 aut
1428 5187 1462 5247 ad
1479 5186 1629 5247 terminos
1650 5186 1727 5248 iuris
1748 5185 1864 5263 reduci,
1882 5205 1937 5254 seu
1952 5192 2098 5254 adversus

1354 5276 1420 5339 illas
1440 5279 1619 5357 aperitionis
1641 5279 1713 5354 oris,
1738 5281 1941 5344 restitutionis
1963 5283 1996 5345 in
2018 5283 2099 5346 inte·

1354 5387 1458 5446 grum,
1481 5371 1603 5435 aliudve
1619 5372 1835 5452 quodcumque
1857 5375 1945 5452 iuris,
1962 5377 2032 5440 lacti
2047 5379 2095 5440 vel

1354 5466 1469 5540 gratiae
1492 5465 1665 5529 remedium
1686 5467 1835 5530 intentari
1854 5468 1904 5530 vel
1926 5470 2095 5549 impetrari,

1353 5567 1406 5622 aut
1428 5561 1603 5639 impetrato,
1618 5579 1674 5623 seu
1696 5563 1787 5624 etiam
1809 5571 1908 5640 motu,
1924 5564 2051 5628 scientit
2066 5575 2101 5648 et

1353 5655 1509 5732 potestatis
1531 5653 1728 5734 plenitudine
1746 5657 1868 5734 paribus
1889 5675 2031 5721 concesso
2047 5661 2097 5723 rel

1351 5755 1512 5822 emanato,
1543 5749 1720 5828 quempiam
1742 5749 1773 5810 in
1798 5750 1909 5814 iudicio
1931 5753 1981 5814 vel
2010 5763 2097 5816 extra

1352 5840 1428 5903 illud
1451 5843 1496 5904 uti
1517 5859 1571 5904 seu
1592 5857 1625 5902 se
1651 5842 1759 5904 iuvare
1783 5843 1847 5906 ullo
1875 5849 1967 5909 modo
1995 5863 2094 5926 posse,

1350 5933 1402 5995 sed
1418 5935 1496 6014 ipsas
1511 5942 1687 6014 praesentes
1708 5936 1811 5998 literas
1826 5938 1958 6002 existere
1972 5949 2003 6003 et
2018 5940 2094 6018 iore,
