4740 6962
918 543 989 590 nrus
1010 543 1059 588 on.
1084 540 1126 586 vr.
1717 502 1776 570 ιιι
1828 497 1880 550 Aa.
1895 499 1926 551 ο.
1948 497 2016 550 ιιιι

255 671 323 734 ralis
344 671 588 734 excalceatorum
616 669 721 734 beatae
749 665 860 730 Mariae
892 661 992 739 Virgi·
1021 662 1024 782 l
1050 659 1207 739 propriam
1227 652 1437 734 Apparitionis
1458 652 1574 756 'Beatae
1595 645 1704 710 itariae
1726 643 1796 706 Vir·

253 765 299 828 nis
322 764 360 827 de
383 764 521 826 Mercede
544 760 767 866 redemptionis
788 757 992 861 captivorum,
1021 788 1024 878 γ
1051 751 1132 830 ginis
1153 752 1262 815 edicta
1278 749 1539 865 congregatione,
1556 749 1592 803 ut
1608 737 1793 819 praefertur,

253 857 378 921 nomine
399 857 493 919 etiam
514 858 611 920 totius
631 855 755 920 Ordinis
779 869 852 916 suae
873 849 995 926 religio·
1050 848 1247 927 approbatam
1268 851 1334 906 toto
1355 842 1462 905 Ordinr
1480 837 1686 902 calceatorum
1699 837 1730 892 et
1746 845 1796 892 ex·

253 951 299 1014 nis
320 951 429 1016 Sacrae
456 951 588 1014 Rituum
618 945 860 1027 congregationi
890 957 996 1023 porre·
1051 940 1254 1005 calceatorum
1277 937 1385 1000 Beatae
1406 933 1518 997 Mariae
1539 932 1577 992 de
1594 927 1734 992 Mercede
1750 939 1797 986 re-

252 1055 325 1119 ctas,
346 1045 380 1109 in
402 1046 515 1125 quibus
537 1044 667 1108 demisse
698 1039 937 1120 supplicabatur,
960 1041 994 1096 ut
1051 1033 1237 1113 demptionis
1251 1032 1445 1112 captivorum
1455 1029 1488 1090 in
1499 1023 1631 1110 singulis¹
1643 1021 1715 1084 anni
1730 1019 1796 1082 sab-

252 1142 316 1203 loco
336 1139 447 1202 missae
468 1139 603 1214 votivae,
626 1153 705 1216 quae
725 1132 895 1211 euregniis
910 1127 996 1194 Ordi·
1021 1136 1025 1166 ι
1051 1127 1139 1202 batis,
1172 1133 1206 1188 ut
1235 1124 1419 1206 praefertur,
1452 1134 1637 1194 concessam,
1659 1116 1695 1180 ad
1717 1115 1797 1191 ipsos

252 1235 298 1297 nis
313 1244 345 1297 et
360 1233 534 1314 privilegiis
548 1232 720 1311 respective
732 1225 903 1292 Clementis
915 1222 992 1285 Vltl.
1051 1235 1174 1298 qnoque
1187 1225 1391 1300 exponentes,
1407 1216 1461 1295 qui
1477 1215 1508 1276 in
1524 1213 1611 1276 altari
1626 1209 1797 1291 praedictae

252 1336 281 1391 et
302 1325 419 1390 Urbani
446 1324 524 1389 Vlll.
547 1342 563 1386 a
589 1331 654 1388 toto
679 1322 854 1400 supradicto
880 1316 995 1382 Ordine
1050 1313 1313 1376 confraternitatis
1334 1330 1402 1376 eam
1430 1310 1585 1376 celebrare
1611 1308 1711 1371 facere
1730 1321 1799 1384 pos·

252 1419 381 1497 singulis
402 1418 531 1481 sabbatis
546 1415 712 1481 cuiuslibet
726 1411 934 1476 hebdomadae
947 1424 994 1470 ca·
1049 1411 1123 1486 sint,
1139 1411 1266 1474 extendi
1281 1417 1311 1472 et
1333 1407 1486 1487 ampliari,
1508 1423 1541 1469 ac
1558 1409 1681 1484 praeter
1695 1401 1797 1480 plena-

252 1514 349 1588 nitur,
362 1511 498 1592 exceptis
513 1519 617 1573 tamen
633 1509 740 1572 diebus
754 1504 868 1568 sabbati
883 1501 994 1577 saneti,
1050 1505 1128 1566 riam
1150 1503 1377 1580 indulgentiam
1398 1519 1413 1562 a
1436 1507 1607 1563 memorato
1631 1494 1797 1560 Benedicto

253 1607 375 1684 vigiliae
401 1614 432 1669 et
460 1603 635 1670 Natiuitatis
663 1600 804 1674 Domini,
833 1603 863 1658 et
891 1594 995 1657 indie
1052 1600 1281 1677 praedecessore
1304 1597 1335 1658 in
1358 1593 1611 1674 quartosabbato
1633 1591 1798 1656 cuiuslibet

253 1701 356 1766 Sancti
385 1701 469 1764 Petri
499 1697 632 1774 Noiasci,
661 1698 875 1775 inposterum
903 1689 995 1752 missa
1052 1693 1178 1769 mensis,
1210 1699 1244 1754 ιιι
1273 1689 1458 1770 praefertur,
1490 1703 1678 1762 concessam,
1708 1685 1815 1748 aliam'

253 1795 371 1876 propria
393 1792 603 1874 apparitionis
629 1791 739 1854 Beatae
759 1787 872 1852 itariae
893 1783 994 1860 Virgi-
1051 1802 1175 1866 quoque
1195 1783 1366 1864 plenariam
1381 1784 1481 1863 primo
1496 1783 1618 1846 sabbato
1632 1780 1797 1843 cuiuslibet

251 1889 322 1951 alias
342 1904 399 1968 pro
426 1886 596 1951 festivitate
625 1884 764 1948 eiusdem
786 1876 995 1958 Apperitiouis
1052 1881 1167 1943 mensis
1187 1880 1225 1942 ab
1246 1879 1389 1942 omnibus
1411 1878 1574 1955 utriusque
1596 1892 1687 1938 sexus
1710 1874 1798 1940 Citri-

252 1983 360 2045 Beatae
389 1981 501 2044 Mariae
532 1979 668 2058 Virginis
698 1975 756 2039 sub
785 1973 835 2035 die
857 1990 892 2035 n.
918 1969 996 2032 iunii
1051 1973 1233 2036 stitideiibus
1253 1989 1328 2035 vere
1346 1971 1578 2051 poenitentibus
1593 1975 1624 2032 et
1638 1967 1795 2043 confessis,

252 2091 434 2140 mcccxxxv.
451 2077 488 2138 ab
510 2075 564 2138 bac
584 2091 667 2138 sacra
683 2071 931 2148 Congregatione
946 2081 997 2144 ap-
1051 2085 1084 2130 ac
1104 2084 1187 2129 sacra
1207 2066 1432 2131 communione
1447 2063 1582 2140 refectis,
1597 2071 1628 2127 et
1643 2063 1737 2128 altare
1753 2063 1797 2125 di·

252 2171 388 2248 probata,
409 2187 425 2230 a
447 2176 513 2232 toto
533 2169 649 2234 Ordine
668 2167 874 2231 calceatoium
895 2170 926 2225 et
943 2177 998 2221 ex-

251 2265 455 2326 calceatorum
469 2264 579 2326 Beatae
593 2261 704 2326 itariae
714 2258 853 2336 Virginis
867 2255 905 2318 de
916 2253 995 2318 lter-

251 2359 323 2420 cede
338 2355 561 2434 redemptionis
575 2355 769 2432 captivorum
785 2354 816 2414 in
832 2351 920 2435 dictis
934 2349 995 2411 sin·

252 2451 331 2528 gulis
352 2449 426 2512 anni
446 2448 579 2511 sabbatis
593 2447 662 2512 cani
676 2446 781 2536 possit.
799 2445 838 2507 Et
851 2459 934 2506 sacra
948 2456 996 2503 ca·

251 2547 320 2607 dem
349 2543 480 2606 liituum
510 2541 729 2618 congregatio,
752 2539 788 2602 ad
809 2536 996 2599 relationem

252 2635 491 2702 eminentissimi
526 2645 557 2699 et
592 2631 844 2697 reverendissimi
879 2629 996 2692 domini

252 2729 422 2794 Cardinaiis
443 2729 480 2792 de
501 2729 619 2804 tbdua,
634 2728 771 2805 benigne
788 2725 934 2788 inclinata
949 2740 996 2786 re·

251 2823 374 2902 spondit
387 2824 489 2886 -Pro
503 2823 613 2902 gratia,
630 2822 756 2886 mutatis
770 2821 831 2882 illis
846 2818 948 2880 verbis
964 2817 995 2878 in

252 2915 382 2977 introitu
403 2947 442 2961 -
463 2914 545 2976 diem
566 2915 696 2994 festum,
714 2943 752 2958 -
773 2924 908 2988 quorum
930 2906 996 2969 loco

252 3009 371 3072 dicatur
385 3041 423 3055 -
435 3009 632 3071 mcmortam:
649 3008 699 3071 die
714 3023 758 3068 ιι.
776 3004 844 3068 iulii
860 3018 993 3068 unccxv.

37 3117 38 3146 ³
94 3125 235 3180 insignitas
288 3104 358 3180 ἐι.
382 3103 582 3167 Postmodum
603 3117 677 3164 vero
699 3100 797 3164 felicis
815 3098 998 3161 recordatio-

76 3180 234 3280 ffiltt*
254 3199 301 3260 nis
321 3197 506 3260 Benedictus
528 3195 582 3262 PP.
601 3195 682 3262 XlV.
706 3193 920 3274 praedecessor
941 3207 996 3252 no-

251 3300 314 3353 ster
335 3305 390 3369 per
404 3307 473 3352 suas
488 3291 520 3352 in
536 3289 629 3352 simili
645 3289 743 3352 forma
758 3289 866 3350 Brevis
881 3286 930 3350 die
945 3287 996 3348 de·

251 3385 326 3447 eima
347 3389 434 3446 senta
461 3383 641 3446 novembris
663 3399 826 3445 noccnvn.
850 3380 996 3446 omnibus

251 3487 282 3540 et
300 3476 431 3554 singulis
452 3477 616 3556 utriusque
630 3493 723 3540 sexus
738 3475 996 3540 christifidelibus

250 3587 324 3632 vere
353 3569 587 3647 poenitentibus
616 3577 646 3632 et
674 3570 831 3647 confessis,
853 3586 886 3631 ac
913 3586 996 3632 sacra

249 3664 470 3727 communione
498 3664 631 3739 refectis,
653 3665 707 3743 qui
733 3663 868 3743 aliquam
889 3679 928 3726 ex
949 3679 997 3726 ee

250 3758 350 3821 clesiis
377 3758 508 3822 fratrum
529 3758 639 3820 Beatae
667 3757 778 3820 Mariae
801 3757 938 3835 Virginis
959 3759 995 3821 de

250 3851 389 3916 llercede
409 3851 632 3932 redemptionis
652 3852 846 3931 captivorum
864 3851 996 3927 singulis

248 3944 380 4008 sabbatis
403 3946 498 4008 totius
519 3945 594 4008 anni
609 3947 722 4014 devote¹
734 3945 923 4020 visitassent,
938 3945 995 4008 ibi-

249 4057 311 4118 que
325 4040 435 4102 missae
449 4039 590 4118 propriae
605 4041 644 4104 de
658 4041 749 4104 Beata
763 4039 855 4102 Maria
870 4041 908 4104 de
917 4041 997 4104 bler-

248 4137 322 4198 cede
344 4134 461 4198 cantari
482 4134 590 4196 solitae
612 4133 661 4212 pie
682 4133 910 4209 interlnissent,
932 4135 997 4213 ple-

249 4229 369 4290 nariam
400 4233 511 4305 quarto
540 4226 664 4290 sabbato
693 4227 859 4290 cuiuslibet
881 4228 996 4295 mensis

248 4321 393 4384 omnium
413 4326 609 4398 peccatorum
623 4335 753 4384 suorum
769 4320 994 4397 indulgentiam

249 4425 280 4479 et
294 4415 512 4478 remissionem
526 4415 559 4476 in
575 4415 707 4478 Domino
722 4415 883 4491 concessit,
900 4417 933 4478 in
948 4433 995 4479 re·

251 4509 342 4588 liquis
353 4525 429 4571 vero
443 4508 574 4571 sabbatis
587 4509 681 4572 totius
693 4509 767 4572 anni
778 4507 896 4571 eisdem
907 4510 996 4573 Obri-

248 4601 433 4665 stitidelibus
455 4617 530 4664 vere
545 4603 776 4681 poenitentibus
797 4610 828 4666 et
849 4603 994 4668 confessis

248 4713 283 4760 ac
301 4713 384 4759 sacra
405 4696 629 4758 communione
650 4697 782 4774 retectis,
801 4708 920 4776 septem
940 4715 996 4762 an-

249 4811 304 4856 nos
326 4800 358 4857 et
379 4789 510 4853 totidem
541 4792 749 4872 quadragenas
778 4795 816 4856 de
846 4795 995 4860 iniunctis

249 4889 293 4952 eis
320 4891 370 4952 vel
398 4889 472 4951 alias
501 4887 731 4968 quomodolibet
759 4897 868 4961 debitis
888 4901 995 4978 poeni·

251 4986 357 5050 tentiis
378 4987 411 5048 in
432 4985 530 5048 forma
553 4987 704 5051 Ecclesiae
718 4998 865 5054 consueta
880 4994 996 5056 relaxa·

249 5081 306 5157 vit,
329 5090 359 5144 et
380 5079 452 5142 alias
467 5089 560 5159 prout
580 5081 612 5145 in
627 5083 722 5163 ipsius
736 5086 894 5150 Benedicti
910 5105 995 5167 prae-

249 5173 415 5262 decessoris
438 5177 545 5253 literis,
569 5195 701 5258 quarum
717 5188 839 5243 tenores
855 5199 997 5260 praesen·

250 5269 332 5331 tibus
343 5283 409 5348 ‘pro
431 5269 523 5350 plene
535 5280 567 5335 et
581 5273 771 5337 sufficienter
784 5276 947 5355 expressis,
963 5295 997 5340 ac

250 5365 287 5426 de
307 5363 403 5426 verbo
423 5363 459 5424 ad
482 5366 614 5428 verbum
637 5365 760 5430 insertis
782 5369 887 5432 baberi
909 5371 996 5434 volu·

250 5473 331 5533 mus,
352 5457 483 5522 uberius
504 5460 694 5524 continetur.

1051 2169 1117 2223 ctae
1138 2157 1400 2223 confraternitatis
1421 2160 1528 2222 eadem
1549 2159 1598 2220 die
1619 2158 1730 2222 devote
1751 2157 1795 2218 vi-

1050 2255 1225 2330 sitantibus,
1241 2271 1274 2316 ac
1292 2254 1402 2316 missae
1418 2251 1595 2316 huiusmodi
1610 2252 1797 2316 interessen-

1052 2349 1144 2423 tibus,
1167 2351 1200 2412 in
1222 2348 1351 2427 reliquis
1372 2363 1447 2410 vero
1464 2347 1594 2411 sabbatis
1609 2354 1728 2425 septem
1744 2363 1797 2409 an·

1052 2460 1166 2507 norum
1181 2451 1212 2506 et
1231 2443 1362 2507 totidem
1375 2444 1585 2522 quadragenas
1600 2441 1638 2502 de
1648 2439 1797 2503 iniunctis

1051 2537 1096 2599 eis
1121 2553 1175 2599 seu
1202 2535 1274 2598 alias
1302 2535 1533 2615 quomodolibet
1558 2535 1667 2598 debitis
1691 2533 1797 2613 poeni-

1054 2631 1157 2693 tentiis
1179 2631 1211 2692 in
1226 2629 1324 2694 torma
1340 2630 1492 2694 Ecclesiae
1505 2629 1635 2693 relaxari
1652 2634 1797 2692 consueta

1052 2740 1106 2803 per
1127 2741 1183 2787 nos
1205 2725 1329 2788 concedi
1345 2724 1519 2804 plurimum
1534 2721 1725 2800 desiderent3
1742 2738 1798 2784 no-

1052 2818 1097 2881 bis
1111 2825 1272 2898 propterea
1288 2817 1449 2881 bumiliter
1462 2818 1627 2896 supplicari
1641 2817 1796 2880 fecerunt.

1052 2919 1086 2975 ιιι
1106 2911 1164 2974 sibi
1185 2913 1217 2975 in
1239 2912 1414 2991 praemissis
1433 2922 1607 2990 opportune
1621 2910 1796 2989 providere,

1051 3017 1094 3083 et,
1111 3015 1147 3070 ιιι
1162 3005 1251 3082 inira,
1274 3004 1437 3084 indulgere
1457 3007 1494 3070 de
1514 3005 1709 3083 benignitate
1728 3020 1797 3083 apo·

1051 3101 1156 3162 stolica
1177 3101 1396 3177 dignaremur:

1091 3196 1110 3270 ἓ
1131 3195 1161 3256 lt.
1185 3195 1247 3257 Nos
1268 3195 1365 3270 igitur
1386 3195 1466 3274 ipsos
1481 3201 1671 3274 exponentes
1685 3195 1797 3278 specia-
1835 3205 1917 3250 aanor
1930 3215 2029 3251 conces

1051 3288 1132 3352 libus
1147 3288 1252 3365 gratiis
1266 3295 1297 3350 et
1316 3287 1471 3351 favoribus
1486 3290 1631 3369 prosequi
1646 3288 1796 3364 volentes,
1816 3257 1903 3304 ’,Μ’

1052 3391 1083 3446 et
1104 3399 1212 3447 eornm
1233 3382 1405 3460 singulares
1435 3398 1581 3461 personas
1601 3401 1616 3444 a
1638 3383 1798 3464 quibusvis

1052 3477 1382 3541 excommunicationis
1411 3484 1442 3540 et
1470 3477 1640 3553 interdicti,
1668 3477 1799 3555 aliisque

1052 3571 1262 3635 ecclesiasticis
1282 3571 1433 3647 censuris,
1453 3571 1618 3634 sententiis
1631 3579 1663 3636 et
1678 3571 1797 3651 poenis,

1052 3665 1160 3746 quovis
1182 3667 1274 3728 modo
1295 3672 1327 3728 et
1347 3681 1542 3745 quacumque
1563 3667 1701 3729 decausa
1718 3665 1797 3741 latis,

1050 3759 1075 3820 si
1091 3775 1165 3838 quas
1180 3757 1260 3820 torte
1276 3758 1490 3834 incurrerunt,
1506 3759 1598 3822 buius
1615 3765 1734 3822 tantum
1751 3759 1797 3820 rei

1052 3853 1148 3930 gratia
1167 3851 1359 3915 absolventes
1374 3859 1405 3914 et
1421 3851 1575 3915 absolutos
1589 3852 1656 3915 fore
1669 3867 1799 3915 censen-

1053 3957 1108 4023 tes,
1131 3946 1308 4008 buiusmodi
1338 3945 1614 4024 supplicationibus
1644 3947 1797 4022 inclinati,

1051 4049 1188 4104 nuncet
1210 4056 1265 4119 pro
1293 4049 1434 4118 tempore
1461 4042 1665 4104 existentibus
1681 4041 1798 4122 ⁴officia·

1053 4135 1131 4198 libus
1152 4141 1184 4196 et
1205 4132 1410 4197 confratribus
1438 4133 1610 4212 praedictae
1631 4135 1798 4198 confrater-

1052 4230 1169 4306 nitatis,
1190 4236 1224 4292 ut
1245 4229 1302 4306 ipsi
1317 4229 1442 4292 missam
1455 4229 1613 4309 propriam
1627 4229 1799 4309 Apparitio-

1052 4325 1099 4386 nis
1110 4326 1219 4388 Beatae
1229 4324 1340 4387 litaniae
1353 4323 1491 4401 Virginis
1505 4340 1521 4384 a
1536 4333 1706 4386 memorata
1718 4324 1799 4386 Gon·

1052 4420 1232 4495 gregatione
1261 4423 1403 4497 prototo
1428 4417 1543 4480 Ordine
1572 4416 1738 4495 praedicto,
1762 4424 1796 4480 ut

1051 4511 1235 4590 praefertur,
1266 4511 1464 4590 approbatam
1495 4512 1528 4574 in
1559 4511 1692 4589 singulis
1722 4511 1797 4572 anni

1049 4605 1192 4681 sabbatis,
1207 4614 1326 4668 servata
1348 4605 1380 4666 in
1402 4605 1547 4668 omnibus
1567 4613 1599 4668 et
1619 4604 1797 4683 peremnia

1052 4700 1234 4779 praeinserti
1254 4697 1369 4761 decreti
1384 4699 1534 4776 praefatae
1548 4698 1797 4776 congregationis

1050 4793 1148 4856 forma
1170 4803 1201 4856 et
1221 4793 1432 4872 dispositione,
1455 4793 1488 4854 in
1504 4792 1591 4855 altari
1606 4793 1702 4855 dictae
1717 4793 1795 4856 Con-

1050 4886 1250 4950 fraternitatis
1271 4886 1420 4950 celebrari
1441 4885 1539 4948 facere
1554 4886 1652 4948 libere
1665 4902 1699 4948 ac
1713 4885 1797 4948 licite

1051 4983 1169 5062 possint
1188 4989 1220 5044 et
1242 4981 1375 5056 valeant,
1398 4983 1581 5043 auctoritate
1603 4987 1705 5042 nostra
1727 4995 1798 5057 apo·

1050 5077 1155 5140 stolica
1178 5084 1286 5139 tenore
1307 5075 1519 5152 praesentium
1548 5075 1743 5137 concedimus
1766 5083 1797 5136 et

1052 5171 1261 5248 indulgemus.
1275 5170 1426 5233 Omnibus
1441 5185 1516 5232 vero
1531 5170 1694 5248 utriusque
1705 5185 1797 5232 sexus

1052 5265 1309 5330 christifidelibus
1329 5281 1405 5328 vere
1424 5264 1656 5345 poenitentibus
1676 5271 1708 5326 et
1725 5281 1796 5327 con·

1051 5357 1137 5422 fessis
1159 5377 1193 5422 ac
1218 5377 1300 5423 sacra
1328 5363 1548 5424 communione
1574 5360 1714 5438 refectis,
1742 5360 1796 5439 qui

1051 5456 1147 5518 altare
1167 5455 1262 5534 ipsius
1276 5455 1537 5520 confraternitatis
1550 5457 1681 5534 singuiis
1693 5459 1797 5521 sabba

36 5549 38 5562 '
82 5549 234 5661 ‚mglplrloffiigo
288 5551 357 5626 §3-
383 5553 689 5628 Cumautem,sicut
717 5555 825 5618 eadem
845 5559 996 5636 expositio
1051 5551 1090 5612 tis
1111 5551 1206 5614 totius
1226 5551 1301 5612 anni
1325 5553 1437 5614 devote
1462 5551 1669 5628 visitaverint,
1690 5552 1796 5632 ibique

36 5695 37 5702 ,
82 5657 234 5758 maisnile
250 5646 467 5724 subiungebat,
480 5648 552 5710 dicti
567 5659 759 5727 exponentes
771 5667 826 5729 pro
837 5653 994 5731 peculiari,
1051 5646 1162 5708 missae
1189 5644 1360 5725 praedictae
1385 5649 1434 5725 pie
1455 5646 1669 5724 interfuerint,
1692 5655 1724 5710 et
1745 5650 1797 5710 de·

83 5757 130 5820 rtis
147 5721 234 5814 iffi.
251 5757 344 5819 quem
365 5756 439 5818 erga
461 5743 602 5805 eamdem
628 5744 752 5808 Beatam
773 5745 936 5824 Virginem
958 5749 996 5810 de
1051 5749 1123 5803 vote
1134 5741 1303 5816 oraverint,
1316 5739 1483 5821 plenariam
1496 5743 1597 5820 primo
1607 5741 1730 5804 libbam
1743 5760 1795 5806 ⁰¹1·

81 5817 234 5922 &2¹⁰5ssss
251 5834 389 5898 Mercede
404 5843 531 5912 gerunt,
548 5837 721 5900 devotionis
742 5839 852 5903 aflectu
871 5839 996 5903 faculta-
1051 5836 1175 5900 iuslibet
1196 5835 1310 5897 mensis
1338 5836 1483 5898 omnibus
1509 5844 1705 5914 peccatorum
1726 5854 1795 5900 suo·

82 5917 203 5974 aeunni.
251 5934 313 5990 tem
333 5927 484 5992 celebrari
504 5928 634 5993 faciendi
662 5933 849 6010 praedictam
870 5933 995 5995 missam
1050 5948 1121 5997 rum
1144 5932 1373 6010 indulgentiam
1394 5937 1425 5992 et
1446 5930 1662 5993 remissionem
1683 5931 1715 5993 in
1739 5933 1796 5995 Oo-
