1421 1946
295 231 322 245 An.
330 232 344 244 (λ
356 232 389 244 1788

296 548 360 561 immina
370 551 394 561 pre-

289 564 317 572 1-11111
330 563 395 575 ωιτη-ια,

289 577 324 587 rum,
336 576 347 585 «ιι
362 575 394 586 ratio

289 590 373 599 concessionis

297 1555 338 1566 'ru-nor
344 1557 393 1566 conves-

287 1571 326 1579 ‹ioms

414 231 444 248 3³⁰

403 265 462 284 gularis
467 265 556 285 disciplinae
562 266 613 285 rigore
619 270 646 286 per
652 266 731 282 modicum
739 268 778 282 tem-

403 292 432 308 pus
443 288 508 304 relaxari
519 289 583 308 petitur,
594 289 683 309 petentium
690 289 778 308 desideriis,

403 313 464 327 mature
475 312 518 331 prius
529 312 596 332 pensatis
611 316 665 329 rerum
677 313 779 329 circumstan-

403 335 435 353 tiis,
446 339 534 354 congruum
546 336 637 355 suffragium
652 336 729 355 impertiri
742 340 779 352 con·

402 358 459 377 suevit.
470 360 488 374 ut
498 359 565 375 vicissim
579 359 696 378 Christitldeles,
712 359 738 379 qui
753 360 778 375 de-

402 382 458 401 spectis
463 383 509 398 huius
516 383 572 399 saeculi
580 383 656 399 illecebris
662 383 679 399 ad
686 383 778 403 religionem

403 405 453 421 veluti
464 406 481 421 ad
492 408 555 425 portum
565 406 619 422 salutis
632 406 743 426 onningen-unt,
755 406 778 422 in-

403 429 467 445 tentiori
478 430 533 445 deinde
544 430 595 445 studio
601 433 648 450 atque
655 430 733 446 solertiori
741 434 777 445 eura

403 452 445 468 iuxta
457 453 534 472 regularia
544 457 609 468 suorum
620 453 693 469 ordinum
707 453 778 469 instituta

403 475 475 491 viventes
486 478 547 496 gratum
561 476 640 492 Altissimo
654 477 745 496 impendant
757 476 778 492 ia-

403 499 487 518 mutatum,
493 499 618 520 felicioribusque
629 500 645 516 in
653 500 686 516 dies
693 500 708 515 in
717 500 741 515 via
749 500 778 515 Do-

404 523 443 538 mini
454 523 535 542 proficiant
545 523 652 539 incrementis.

424 546 433 565 ἓ
443 546 458 562 2.
471 546 530 566 Exponi
540 546 618 566 siquidem
626 546 670 562 nobis
681 550 732 566 nuper
742 546 779 562 {ecit

403 569 468 585 dilectus
479 570 520 585 illius
531 570 600 589 Ignatius
608 574 616 585 a
623 572 676 585 sancto
686 570 744 585 loanne
751 570 778 585 Ba-

403 593 449 612 ptista
461 593 519 609 ordinis
533 593 598 608 fratrum
612 593 628 608 13.
643 593 698 608 Mariae
709 593 778 612 Virginis

403 616 422 632 de
430 616 482 632 Monte
490 616 560 632 Carmelo
568 616 691 632 excalceatorum
698 620 778 635 nuncupa-

403 641 456 655 torum
471 639 596 659 congregationis
611 639 692 659 Hispaniae
706 643 778 659 expresse

403 663 485 683 protessus.
493 662 566 678 definitor
574 663 651 682 generalis
661 667 677 679 ac
688 665 778 683 procurator

403 686 492 706 provinciae
505 686 521 702 S.
532 686 592 702 Alberti
605 686 621 702 in
634 687 681 702 indiis
694 690 778 706 congrega-

403 710 450 725 tionis
457 712 472 725 et
480 710 538 726 ordinis
545 710 666 730 praedictorum,
671 710 712 730 quod
720 712 778 730 postea-

403 737 450 753 quam
463 737 490 753 per
501 736 561 749 nostras
574 733 590 749 in
603 733 651 749 simili
662 733 711 749 iorma
724 733 778 749 Brevis

403 757 428 772 die
438 760 470 772 xiv.
482 757 534 772 martii
549 760 658 773 nncccxxxvn
670 757 749 776 expeditas
760 756 778 772 li-

404 782 444 796 teras
451 780 513 800 praevio
520 783 591 796 accurato
599 784 616 795 ac
626 780 698 799 diligenti
706 780 777 795 examine

403 808 450 819 novas
461 804 580 820 constitutiones
592 803 651 819 ordinis
664 805 778 823 etcongrega-

403 827 450 843 tionis
460 827 575 847 praedictorum
586 827 719 845 confirmavimus,
727 831 735 842 a
743 826 777 846 qui-

403 851 432 866 bus
443 851 484 866 inter
494 852 553 866 caetera
564 851 639 870 quaedam
650 850 703 866 aetatis
716 852 732 865 et
743 854 778 869 gra-

403 874 480 890 duationis
494 874 575 894 qualitates
590 874 606 889 in
622 874 640 889 iis
654 873 681 893 qui
695 874 713 889 ad
728 873 777 889 officia

402 900 439 913 sunt
445 897 535 917 designandi
540 897 685 917 praerequiruutur,
693 900 729 912 cum
737 896 777 912 haud

403 921 447 937 lacile
454 921 487 936 iore
498 920 594 939 noverimus,
604 922 625 935 tot
634 920 688 935 iratres
696 924 739 935 nunc
747 919 777 939 pri·

403 948 447 960 mum
458 944 554 964 praescriptis
568 944 646 964 requisitis
660 943 724 963 pollere,
739 944 777 963 quot

402 968 420 983 ad
432 968 484 983 omnia
494 967 553 983 ordinis
560 969 575 983 et
582 967 708 987 congregationis
718 966 777 987 praedi-

402 993 464 1007 ctorum
475 991 529 1007 munia
543 991 613 1007 obeunda
626 992 678 1006 essent
688 990 777 1009 necessarii,

403 1014 440 1030 hinc
450 1018 476 1030 eos
486 1015 534 1030 etiam
545 1014 571 1034 qui
581 1014 681 1034 qualitatihus
688 1014 777 1030 huiusmodi

402 1040 455 1054 essent
470 1038 547 1057 destituti,
559 1038 571 1053 si
586 1038 622 1053 alius
638 1038 666 1053 sibi
681 1037 777 1053 demandatis

403 1062 495 1077 muneribus
502 1061 598 1077 laudabiliter
605 1061 670 1077 inissent
675 1061 750 1079 defuncti,
759 1061 777 1076 ad

402 1085 456 1102 eadem
467 1085 521 1104 officia,
532 1085 582 1105 quoad
593 1086 650 1103 essent,
661 1084 688 1104 qui
701 1084 776 1104 postulata

401 1110 473 1125 adiuncta
482 1108 563 1127 haberent,
571 1108 608 1127 eligi
615 1112 659 1128 posse
666 1108 776 1123 concessimus.

402 1133 442 1149 Cum
449 1135 508 1151 autem,
515 1132 554 1148 sieut
565 1132 618 1147 eadem
629 1131 705 1151 expositio
712 1131 777 1147 subiun-

402 1156 453 1175 gebat,
461 1156 477 1171 in
485 1155 524 1171 dicta
535 1155 614 1175 provincia
625 1155 641 1171 S,
653 1155 713 1171 Alberti
725 1155 741 1170 in
752 1155 776 1170 ln-

401 1179 438 1199 diis,
453 1179 512 1195 ordinis
525 1181 540 1195 et
554 1179 678 1198 congregationis
693 1178 777 1198 praedicto-

401 1207 444 1222 rum,
452 1204 511 1219 nedum
522 1203 584 1218 eaedem
594 1202 656 1222 vigeant
667 1206 726 1220 causae,
735 1202 776 1218 unde

401 1227 421 1242 ob
432 1227 516 1242 minimum
527 1226 593 1241 [ratrum
605 1229 688 1241 numerum
700 1225 743 1241 nulla
751 1225 777 1241 ha-

401 1250 433 1266 bita
444 1250 504 1265 ratione
517 1249 535 1265 ad
548 1249 611 1265 illorum
627 1251 699 1268 aetatem,
711 1252 758 1269 prout
768 1255 776 1266 a

401 1274 446 1289 dictis
453 1273 591 1289 constitutionibus
598 1273 713 1292 praescribitur,
722 1273 776 1289 [ratres

401 1296 420 1312 de
430 1296 502 1312 cathedra
515 1296 533 1312 ad
547 1296 596 1312 officia
610 1300 626 1312 ac
637 1296 732 1316 praelaturas
743 1301 776 1312 om-

401 1320 439 1336 nino
450 1320 533 1340 deputandi
544 1320 581 1338 sint,
593 1320 630 1335 illud
642 1320 705 1339 iusuper
715 1322 776 1339 urgeat,

401 1343 448 1363 quod.
457 1347 493 1359 cum
501 1343 521 1359 ob
528 1345 624 1362 grassantem
636 1345 694 1363 pestem
703 1344 718 1359 in
727 1348 776 1363 regno

401 1367 480 1383 Mexicano
488 1367 540 1386 plures
548 1367 589 1382 inter
595 1370 627 1385 eos,
633 1367 659 1386 qui
668 1367 717 1386 magis
725 1367 775 1382 idonei

401 1390 519 1410 reputabantur,
528 1390 623 1409 interierint,
630 1390 678 1406 officia
686 1390 776 1406 huiusmodi

402 1414 417 1429 in
429 1418 454 1429 eos
466 1413 556 1432 obvenient,
567 1414 594 1433 qui
605 1413 633 1429 etsi
643 1415 693 1429 aelate
701 1414 776 1433 provecti,

401 1437 467 1452 minime
479 1438 530 1452 tamen
541 1437 572 1457 apti
583 1437 601 1452 ad
612 1437 680 1456 gerenda
688 1437 736 1452 officia
747 1437 777 1452 hu-

402 1460 467 1475 iusmodi
478 1462 568 1475 censentur.
577 1460 623 1475 Nobis
633 1462 714 1479 propterea
726 1460 776 1475 numi-

402 1483 437 1498 liter
447 1483 529 1503 supplicari
541 1483 582 1502 iecit,
596 1485 613 1498 ut
624 1483 639 1499 in
650 1483 739 1502 praemissis
750 1487 776 1503 op-

401 1509 468 1526 portune
484 1506 571 1526 providere,
584 1508 600 1522 et
611 1508 628 1522 ut
639 1506 678 1522 inira
693 1506 776 1525 indutgere

401 1530 420 1545 de
431 1529 527 1548 benignitate
538 1529 618 1549 apostolica
628 1529 734 1549 dignaremur.

422 1552 456 1572 §3-
468 1552 499 1568 Nos
513 1552 561 1572 igitur
575 1555 638 1573 paterna
652 1553 733 1571 charitate.
746 1557 776 1572 qua

402 1576 473 1592 ordinem
479 1578 495 1592 et
500 1576 637 1595 congregationem
643 1576 735 1596 praedictam
742 1580 776 1596 pro-

667 235 700 248 icit.
712 237 757 248 ΡοΝτ.
769 237 789 248 ne
800 237 814 248 1>-
826 237 842 249 Ρ.
854 237 895 249 uns
907 237 918 248 1.

804 266 890 286 sequimur.
898 270 962 282 suarum
970 266 1086 286 provinciarum
1094 266 1135 281 bono
1142 270 1181 281 con-

804 289 861 308 sulere.
871 294 887 305 ac
895 291 1000 305 memoratum
1010 291 1116 309 exponentem
1123 289 1182 309 specia-

805 313 845 328 libus
853 313 906 332 gratiis
913 315 929 328 et
937 313 1015 328 favoribus
1023 313 1095 333 prosequi
1103 313 1180 331 volentes,

805 338 820 351 et
831 340 839 351 a
850 336 929 356 quibusvis
941 336 1107 352 excommunicationis
1117 340 1181 356 suspen-

804 359 852 374 sionis
865 362 881 375 et
895 359 982 378 interdicti,
997 359 1061 379 aliisque
1075 359 1181 375 ecclesiasticis

805 382 880 401 censuris,
888 383 970 398 sententiis
981 385 997 399 et
1007 383 1061 403 poenis
1069 383 1123 403 quovis
1134 383 1181 398 modo

804 407 819 421 et
829 410 928 425 quacumque
938 406 957 422 de
968 410 1012 422 causa
1019 406 1060 425 latis,
1069 406 1081 422 si
1093 410 1130 426 quas
1140 406 1182 422 torte

805 429 877 449 incurrit,
893 430 939 446 huius
955 432 1016 446 tantum
1032 430 1054 445 rei
1069 430 1117 449 gratia
1132 429 1181 445 absol-

805 455 859 468 ventes
870 455 885 469 et
893 453 981 469 absolutum
988 453 1021 469 lore
1029 455 1115 472 censentes,
1122 453 1181 473 suppli-

805 476 889 492 canonibus
899 477 988 492 huiusmodi
1000 477 1076 496 inclinati,
1085 477 1116 492 vim
1128 481 1144 493 ae
1154 477 1181 492 ob-

804 500 898 516 servantiam
908 500 983 516 dictarum
995 504 1071 516 novarum
1082 500 1181 516 constitutio-

805 527 844 539 num
858 524 908 544 quoad
922 524 971 540 dictae
985 523 1076 543 provinciae
1089 523 1106 539 S.
1120 523 1180 539 Alberti

805 546 891 563 deilnitoris
909 547 985 566 generalis
992 558 996 565 ,
1014 546 1100 562 detlnitoris
1117 547 1181 566 provin-

805 570 842 589 ciae,
857 570 961 590 provincialis,
976 570 1053 590 priorum,
1067 574 1084 586 ac
1098 570 1181 589 magistro-

805 597 841 609 rum
849 593 952 612 novitiorum.
960 598 977 609 ac
984 593 1089 613 professorum
1096 593 1181 609 electiones

805 616 823 632 ad
834 617 904 636 quinque
917 617 984 632 triennia
998 617 1069 637 proxime
1083 617 1179 633 decurrenda

805 640 896 655 auctoritate
909 640 991 660 apostoliea
1004 642 1059 655 tenore
1073 640 1179 660 praesentium

805 662 905 682 proferimus,
920 663 940 678 ita
954 665 972 679 ut
982 663 1040 679 dictam
1054 663 1150 683 provinciam
1162 663 1179 679 in

805 686 832 702 hae
843 686 923 702 dumtaxat
934 689 977 706 parte
989 687 1126 702 constitutionibus
1136 690 1180 706 prae-

805 710 855 729 dictis,
867 710 959 725 durantibus
970 710 1012 726 hisce
1023 710 1101 729 trienniis,
1114 710 1180 726 minime

804 733 885 752 adstringi,
896 733 922 748 sed
933 735 990 749 statuta
1000 733 1018 749 ad
1029 733 1066 749 haec
1080 738 1130 753 usque
1141 736 1179 749 tem-

805 760 841 776 pora
852 758 912 772 retenta
927 756 1005 772 observari
1020 756 1076 772 debere
1088 757 1179 772 auctoritate

805 781 820 795 et
831 781 885 795 tenore
895 779 976 799 praedictis
983 780 1093 795 constituimus
1100 782 1146 800 atque
1153 780 1180 796 de·

804 802 885 818 claramus.

824 826 834 844 ἕ
844 826 858 841 4.
871 826 974 842 Decernentes
985 827 1012 842 has
1025 829 1113 846 praesentas
1127 827 1179 843 literas

805 850 862 868 firmas,
873 849 931 865 validas
941 851 957 865 et
968 850 1035 865 efficaces
1042 850 1109 866 existere
1117 853 1132 866 et
1139 851 1178 870 fore,

804 877 871 892 suosque
878 873 955 892 plenarios
966 875 982 889 et
993 873 1062 893 integros
1073 874 1137 890 effectus
1147 879 1179 890 sor—

804 896 830 912 tiri
838 898 854 912 et
861 896 938 915 obtinere,
946 901 963 912 ac
970 897 1007 915 illis,
1018 897 1036 913 ad
1046 901 1085 917 quos
1095 899 1153 917 spectat
1163 901 1179 914 et

804 924 833 939 pro
843 922 913 939 tempore
927 920 1057 940 quandocumque
1070 921 1150 940 spectabit,
1163 922 1178 937 in

804 943 877 958 omuibus
887 945 903 959 et
914 947 942 962 per
955 943 1007 959 omnia
1020 944 1110 963 plenissime
1125 945 1179 960 suffra-

804 966 842 986 gari.
854 971 871 982 ac
878 967 896 982 ab
907 967 928 982 eis
936 967 1021 986 respective
1032 967 1142 984 inviolabiliter
1153 968 1179 984 ob-

803 991 871 1009 servari3
883 991 935 1010 sicque
944 991 960 1006 in
968 991 1055 1010 praemissis
1062 995 1089 1011 per
1096 996 1179 1011 quoscum-

803 1017 834 1033 que
845 1014 903 1029 iudices
914 1014 999 1029 ordinarios
1009 1016 1025 1029 et
1037 1014 1120 1034 delegatos.
1131 1016 1178 1031 etiam

804 1041 885 1053 causarum
901 1037 952 1057 palatii
968 1037 1047 1056 apostolici
1062 1038 1147 1057 auditores,
1162 1043 1179 1054 ac

804 1060 869 1076 Sanctae
883 1058 961 1076 Romanae
974 1060 1050 1076 Ecclesiae
1062 1061 1150 1078 Cardinales
1163 1067 1179 1078 e-

804 1084 841 1099 tiam
849 1084 868 1099 de
875 1084 922 1099 latere
929 1083 999 1103 Legatos.
1007 1088 1024 1099 ae
1031 1084 1074 1100 Sedis
1083 1085 1178 1104 Apostolicne

804 1107 878 1125 Nuncios,
886 1107 945 1122 sublata
952 1107 974 1122 eis
982 1108 997 1122 et
1004 1111 1059 1123 eorum
1068 1108 1131 1124 cuilibet
1141 1112 1179 1128 qua-

804 1130 840 1146 libet
847 1130 892 1146 aliter
900 1130 976 1146 iudicandi
985 1132 1001 1146 et
1008 1131 1122 1150 interpretandi
1132 1132 1179 1148 racul-

804 1155 835 1169 tate
842 1156 857 1169 et
867 1154 964 1173 auctoritate,
976 1154 1039 1170 iudicari
1051 1156 1067 1170 et
1078 1155 1139 1170 definiri
1152 1156 1178 1171 (le-

804 1177 845 1195 bere,
857 1182 874 1193 ac
884 1178 947 1193 irritum
957 1180 973 1193 et
985 1178 1040 1196 inane.
1053 1178 1066 1193 si
1077 1182 1121 1194 secus
1131 1183 1178 1198 super

804 1201 828 1216 his
838 1205 845 1216 a
856 1205 935 1221 quoquam
943 1201 997 1221 quavis
1008 1202 1099 1217 auctoritate
1110 1202 1178 1218 scienter

804 1224 829 1240 vel
840 1225 931 1243 ignoranter
941 1224 1025 1244 contigerit
1034 1225 1112 1240 attentari.

823 1248 832 1267 ἓ
843 1248 857 1263 5.
870 1247 904 1263 Non
915 1247 1012 1263 obstantibus
1024 1248 1081 1264 nostris
1091 1248 1140 1264 literis
1151 1253 1178 1265 an-

803 1275 824 1287 uo
835 1275 945 1287 uocet-xxxvi.
954 1271 969 1287 in
977 1271 1024 1287 simili
1031 1271 1080 1287 [orma
1091 1272 1144 1287 Brevis
1151 1277 1178 1288 ex-

803 1294 864 1314 peditis,
875 1294 940 1314 aliisque
955 1295 1094 1310 constitutionibus
1107 1298 1123 1311 et
1138 1296 1179 1311 ordi-

804 1318 892 1334 nationibus
903 1318 995 1338 apostolicis,
1008 1318 1103 1338 caeterisque
1118 1321 1178 1334 contra-

803 1342 830 1357 riis
840 1341 971 1361 quibuscumque.

823 1365 879 1380 Datum
886 1365 942 1380 Romae
948 1364 987 1384 apud
994 1364 1009 1380 S.
1016 1364 1080 1380 Petrum
1086 1365 1115 1381 sul)
1120 1365 1178 1381 annulo

804 1388 883 1408 piscatoris
896 1388 921 1403 die
932 1391 971 1403 xxii.
983 1388 1036 1407 aprilis
1048 1392 1178 1408 unccuxxvun,

804 1412 902 1431 pontificatus
914 1411 962 1426 nostri
973 1415 1014 1427 anno
1024 1415 1057 1427 xiv.

1198 231 1233 245 Aa,
1241 221 1264 243 cs
1271 230 1305 243 175⁸

1199 831 1270 844 eluunt:
1276 832 1303 843 sut>-

1188 845 1221 857 iura
1234 846 1249 857 et
1260 845 1302 856 umn—

1188 860 1222 870 mm
1233 859 1290 870 lrnfflu.

1188 1255 1297 1281 azazenam*
