4734 7004
101 589 146 640 Ab.
159 584 188 635 0.
209 579 278 634 taso

965 599 1106 646 stannus
1129 593 1198 646 xltl.

109 731 292 781 oouaautsus-
349 722 368 796 5
390 721 419 784 7.
442 721 512 784 Non
533 722 724 784 obstantibus
739 721 912 800 praemissis
929 736 963 782 ac
982 737 1054 784 con·
1114 719 1296 796 videndum,
1318 720 1523 799 praeficiendo
1547 729 1575 784 te
1598 719 1643 784 illl
1665 719 1697 782 in
1727 716 1857 780 Patriar-

91 791 160 845 rogat.

307 815 525 878 stitutionibus
548 823 579 877 et
598 813 843 877 ordinationibus
864 813 1053 892 apostolicis,

308 923 342 969 ac
353 907 428 970 dicti
437 909 555 972 ordinis
570 917 600 970 et
611 908 695 970 illius
707 907 949 986 provinciarum,
963 907 1055 968 etiam

308 1003 502 1079 iuramento,
532 1002 769 1064 confirmatione
798 1000 972 1080 apostolica,
1006 1000 1055 1062 vel

309 1095 419 1174 quasis
446 1096 592 1158 firmitate
616 1095 673 1156 alia
696 1094 856 1170 roboratis,
880 1094 1004 1156 statutis
1026 1101 1067 1154 et¹

309 1188 599 1262 consuetudinibus
617 1187 787 1267 privilegiis
802 1203 938 1265 quoque,
955 1185 1057 1250 indul·

312 1283 349 1343 tis
363 1290 394 1344 et
411 1281 521 1344 litteris
533 1281 705 1360 apostolicis
720 1281 753 1342 in
765 1279 957 1342 contrarium
970 1296 1056 1359 prae·

309 1374 478 1436 missorum
500 1373 731 1452 quomodolibet
754 1373 921 1447 concessis,
944 1373 1057 1435 contir-

309 1468 402 1532 matis
416 1477 447 1530 et
465 1467 637 1542 innovatis3
660 1468 771 1546 quibus
787 1466 932 1528 omnibus
947 1473 978 1528 et
992 1469 1056 1530 siu·

309 1561 404 1639 gulis,
416 1561 542 1622 illorum
560 1568 682 1622 tenores
697 1558 912 1639 praesentibus
924 1576 979 1638 pro
994 1560 1056 1638 ple-

309 1671 351 1716 ne
371 1661 403 1716 et
423 1652 615 1716 sufficienter
642 1653 811 1730 expressis,
841 1668 874 1714 ac
902 1651 940 1714 de
962 1654 1057 1715 verbo

308 1748 346 1810 ad
367 1747 500 1810 terbum
521 1747 645 1808 insertis
667 1745 825 1819 hahentes,
848 1744 909 1807 illis
930 1746 1003 1807 alias
1025 1745 1056 1807 in

309 1857 366 1904 suo
389 1842 499 1904 robore
521 1840 741 1918 permansuris,
757 1838 792 1900 ad
815 1839 1056 1916 praemissorum

310 1935 455 1997 ellectum
478 1935 533 1996 hac
556 1935 623 1995 vice
643 1935 802 1996 dumtaxat
829 1933 1005 2011 specialiter
1027 1941 1058 1994 et

311 2043 456 2106 expresse
477 2030 675 2110 derogamus,
687 2025 878 2102 caeterisque
892 2023 1057 2086 contrariis

310 2123 568 2200 quibuscumque.

136 2229 294 2284 sumpta
352 2216 372 2291 5
392 2213 422 2276 8.
447 2213 597 2276 Volumus
612 2221 730 2287 autem,
745 2214 825 2290 qttod
848 2213 1056 2290 praesentium

103 2297 150 2333 ruta
162 2283 222 2330 udas.

309 2308 487 2372 litterarum
510 2306 725 2385 transumptis,
738 2321 791 2367 seu
806 2307 948 2383 sumptis,
965 2306 1058 2368 etiam

311 2401 479 2482 impressis,
490 2415 585 2462 manu
596 2398 726 2461 alicuius
736 2399 848 2461 notarii
861 2399 976 2476 publici
987 2399 1057 2460 sub-

309 2495 445 2574 scriptis,
455 2501 486 2556 et
496 2492 754 2570 sigillopersonae
764 2491 956 2568 indignitate
966 2493 1059 2554 eccle·

308 2591 430 2650 siastica
444 2587 629 2649 constitutae
645 2586 786 2660 munitis,
804 2586 911 2648 eadem
933 2600 1058 2663 prorsus

309 2679 388 2743 lidus
411 2681 441 2742 in
464 2679 577 2741 iudicio
602 2687 632 2740 et
654 2687 740 2740 extra
762 2677 837 2740 illud
865 2678 1056 2755 adhibeatur,

309 2790 390 2854 quae
410 2773 608 2836 adhiberetur
628 2773 700 2850 ipsis
723 2771 945 2850 praesentibus,
968 2772 993 2833 si
1015 2771 1059 2834 io-

309 2875 383 2930 rent
403 2865 558 2928 exhibitae
580 2863 630 2926 vel
653 2873 803 2926 ostensae.

353 2961 464 3024 Datum
492 2959 622 3033 Romae,
648 2959 729 3037 apud
759 2960 789 3022 S.
814 2959 939 3022 blaciam
968 2961 1058 3023 hlain-

311 3071 379 3118 rent
394 3055 452 3116 sub
465 3052 581 3115 annulo
602 3051 773 3128 Piscatoris,
798 3053 848 3116 die
871 3068 902 3113 x.
928 3054 1059 3116 ianuarii

309 3164 482 3224 nnccttx,
503 3148 697 3228 pontificatus
719 3147 818 3208 nostri
839 3163 921 3210 anno
943 3165 965 3210 t.

561 3351 813 3362 ——-—-—

658 3529 709 3593 Vt.

308 3717 529 3782 Patriarcltae
568 3715 780 3794 Eabptonaast'
824 3717 1057 3780 Chaldaeorum

350 3811 488 3889 pallium
509 3809 663 3878 concedit,
681 3810 770 3886 cipue
792 3809 985 3872 tradendum
1008 3813 1058 3874 iu-

351 3905 401 3970 bet
424 3903 462 3968 ab
490 3903 598 3982 aliquo
626 3919 666 3964 em
695 3903 859 3981 Episcopus
890 3903 1057 3968 catholicis

351 3999 487 4062 illarum
508 3999 665 4075 partium,
688 3997 847 4074 praestito
868 3999 962 4074 prius
984 3999 1059 4078 fide·

352 4094 462 4157 litatis
474 4092 656 4154 {atramento
666 4090 763 4152 taeta
776 4089 951 4168 formulam
963 4109 1057 4169 quam

351 4187 507 4255 adnectit,
525 4184 619 4246 cuius
637 4183 815 4246 iuramenti
831 4183 1057 4248 documentum

350 4279 577 4344 authenticam
593 4277 721 4339 Romam
731 4293 787 4354 par
798 4278 956 4340 nuncium
966 4279 1057 4341 mitti

351 4371 472 4436 debeat.

308 4558 481 4627 veneranti
508 4557 595 4626 tratri
624 4553 790 4637 Timotheo,
814 4574 908 4641 nuper
935 4559 1059 4627 archie-

352 4655 477 4738 pisamo
489 4651 722 4731 otartettrenst,
737 4652 765 4719 tn
781 4651 987 4720 Patriarcham
1000 4652 1058 4722 Ea-

351 4747 538 4832 bploueusen
560 4744 672 4824 electo,

471 4917 660 4988 stettetts
683 4917 899 4988 EPlSthPUS

498 5113 606 5165 sertus
628 5113 784 5164 sertorum
808 5097 871 5176 bet,

351 5219 481 5289 salutem
500 5225 532 5286 et
551 5217 749 5304 apostolicam
769 5218 1017 5287 benedictionem.

350 5413 370 5486 5
396 5411 422 5470 l.
449 5411 526 5474 Cum
549 5427 605 5473 nos
627 5426 728 5488 nuper
757 5409 909 5471 Ecclesiae
931 5411 1057 5488 patriar·

305 5505 390 5569 ebali
413 5503 599 5580 Babylonem
617 5512 701 5566 certo
718 5511 791 5564 tunc
805 5519 949 5581 expresso
966 5507 1057 5566 modo

306 5600 441 5680 pastoris
462 5597 570 5658 solatio
592 5597 755 5658 destitutae
776 5598 814 5659 de
842 5597 970 5674 persons
994 5600 1055 5673 tut,

306 5691 401 5754 nobis
426 5699 458 5751 et
484 5706 579 5751 venn.
610 5689 756 5752 tratribus
784 5691 897 5751 nostris
919 5688 949 5752 S.
966 5691 1001 5752 ll.
1020 5691 1054 5753 E.

306 5783 528 5848 Cardinalibus
549 5784 587 5844 oh
609 5790 737 5846 tttorum
751 5783 941 5860 exigentiam
964 5785 1056 5844 nteri-

306 5888 418 5941 torum
440 5877 572 5955 accepta,
589 5877 626 5939 de
641 5877 772 5939 fratrum
788 5877 968 5939 eorumdem
985 5893 1057 5938 con-

304 5970 381 6034 silio
402 5968 584 6033 duxerimus
605 5969 766 6048 apostolica
787 5969 968 6033 auctoritate
989 5985 1057 6049 pru·

1112 816 1200 877 cham
1223 822 1253 876 et
1274 823 1440 893 pastorem,
1463 831 1580 890 curam,
1598 813 1740 890 regimen
1762 819 1794 874 et
1808 810 1857 872 al-

1114 909 1375 972 ministrationem
1388 908 1482 987 ipsius
1491 903 1858 987 Ecclesiaepatriarchalis

1113 1003 1167 1065 tibi
1190 1004 1222 1065 in
1251 1002 1462 1080 spiritualibus
1488 1009 1518 1064 et
1548 999 1767 1080 temporalibus
1795 999 1858 1077 ple-

1114 1097 1199 1160 narie
1221 1095 1455 1170 committendo,
1479 1104 1569 1173 prout
1593 1094 1625 1154 in
1651 1092 1764 1182 nostris
1787 1091 1858 1154 inde

1112 1189 1258 1253 contectis
1270 1190 1366 1252 literis
1381 1189 1503 1268 plenius
1519 1189 1712 1251 continetur:
1730 1204 1764 1249 ac
1779 1195 1860 1264 post-

1114 1286 1242 1347 modum
1263 1283 1402 1363 pallium,
1420 1285 1543 1360 insigne
1564 1282 1709 1346 videlicet
1724 1271 1859 1358 plenitu-

1114 1379 1195 1442 dinis
1215 1378 1401 1455 pontihcalis
1421 1377 1525 1453 otiicii,
1542 1393 1578 1438 ex
1594 1383 1682 1456 parte
1696 1375 1748 1436 tut
1763 1373 1858 1436 tuerit

1113 1491 1129 1534 a
1152 1473 1240 1535 nobis
1262 1489 1316 1550 per
1337 1471 1483 1534 dilectum
1507 1472 1606 1535 hlium
1622 1471 1768 1536 Gerulum
1790 1470 1860 1532 hle·

1116 1568 1200 1628 sitim
1217 1566 1317 1652 ¹Pisani
1337 1564 1424 1627 aulae
1440 1574 1561 1628 nostrae
1577 1564 1796 1628 consistorialis
1810 1564 1861 1626 ad-

1114 1669 1256 1724 vocatum
1273 1675 1345 1721 cum
1360 1659 1393 1720 ed
1408 1675 1467 1738 qua
1483 1660 1584 1724 decuit
1601 1659 1745 1721 instantia
1756 1667 1860 1736 postu·

1115 1753 1229 1828 latum3
1252 1769 1319 1826 nos,
1339 1753 1400 1814 tuis
1420 1751 1694 1830 supplicationibus
1719 1766 1861 1812 annuen-

1115 1855 1171 1921 tes,
1195 1845 1322 1923 pallium
1345 1845 1446 1924 ipsum
1469 1847 1506 1908 de
1527 1861 1655 1923 corpore
1670 1845 1704 1906 B.
1722 1843 1805 1905 Petri
1822 1846 1860 1906 h-

1114 1939 1225 2018 postoli
1239 1945 1413 2017 sumptum,
1431 1954 1485 2017 per
1501 1954 1597 2000 venn.
1614 1936 1724 2000 tratres
1739 1943 1861 2000 nostros

1115 2034 1278 2112 Episcopus
1293 2033 1325 2094 in
1343 2033 1401 2094 illis
1423 2032 1560 2110 partibus
1575 2034 1723 2110 degentes
1747 2031 1800 2094 tihi
1816 2047 1860 2090 as-

1113 2127 1312 2202 signandum,
1335 2141 1389 2204 per
1411 2125 1557 2187 dilectum
1584 2127 1677 2186 etiam
1701 2126 1802 2188 tilium
1824 2125 1862 2186 ll-

1114 2221 1307 2298 dephonsum
1320 2236 1334 2279 a
1348 2217 1377 2282 S.
1391 2219 1498 2282 Carula
1510 2220 1725 2302 presbyterum
1739 2219 1861 2282 (inlinis

1115 2313 1306 2378 Clericorum
1322 2313 1523 2392 Regulagium
1539 2313 1721 2376 Scholarum
1737 2312 1861 2374 Piarum
1893 2369 1898 2385 ,

1116 2418 1343 2487 nuncupatum,
1367 2409 1552 2470 modernum
1580 2407 1769 2483 colleghae
1790 2406 1863 2469 Pro-

1115 2503 1250 2581 pagandt
1273 2501 1346 2564 Fide
1362 2502 1532 2580 nuncupati
1547 2501 1585 2562 de
1599 2500 1680 2565 Urbe
1695 2508 1859 2574 rectorem,

1115 2597 1261 2660 duximus
1284 2597 1521 2670 destinandum,
1545 2602 1580 2656 nt
1603 2595 1696 2656 iidem
1722 2593 1862 2671 Episcopi

1116 2690 1167 2752 vel
1188 2689 1266 2751 alter
1294 2705 1403 2752 eorum
1435 2689 1509 2750 illud
1533 2688 1586 2750 tibi
1609 2688 1666 2750 sub
1694 2687 1791 2750 torma
1815 2685 1861 2748 iu-

1116 2783 1273 2862 irascriplt
1288 2785 1447 2858 assignent
1462 2781 1512 2842 vel
1528 2780 1674 2858 assignet,
1687 2791 1745 2843 eta
1763 2787 1791 2842 te
1807 2797 1861 2842 no-

1115 2887 1179 2939 stro
1200 2885 1232 2938 et
1246 2877 1403 2940 Romanae
1421 2875 1573 2938 Ecclesiae
1589 2875 1718 2937 nomine
1732 2874 1790 2936 sub
1805 2873 1862 2936 alta

1116 2971 1209 3032 etiam
1230 2969 1441 3047 praesentibus
1458 2969 1572 3032 inserta
1590 2967 1688 3030 torma
1707 2967 1862 3030 fidelitatis

1115 3064 1234 3126 debitae
1255 3062 1383 3124 'solitum
1406 3062 1619 3140 recipiantseu
1635 3063 1760 3140 recipiat
1782 3061 1863 3123 iura-

1116 3165 1270 3219 mentum.
1294 3156 1340 3218 Τιι
1355 3163 1459 3218 autem
1474 3156 1585 3218 eodem
1607 3155 1699 3234 pallio
1722 3155 1802 3216 iutra
1818 3155 1861 3216 di-

1115 3259 1196 3314 ctam
1228 3250 1394 3312 Ecclesiam
1427 3249 1660 3328 patriarchalem
1690 3257 1774 3310 tuam
1803 3249 1862 3310 illis

1115 3350 1222 3413 diebus
1234 3349 1393 3412 dumtaxat
1406 3345 1578 3422 uter·is,qui
1591 3345 1726 3422 expressi
1738 3343 1771 3406 in
1783 3345 1863 3405 eius-

1116 3445 1185 3506 dem
1209 3443 1416 3522 patriarchalis
1431 3441 1583 3504 Ecclesiae
1597 3441 1769 3520 privilegiis
1791 3457 1864 3504 con-

1115 3540 1270 3600 tineutur.

1155 3633 1224 3707 §2
1249 3633 1288 3694 Ut
1311 3631 1407 3708 igitur
1436 3631 1563 3708 signum
1587 3647 1649 3692 non
1673 3631 1824 3708 discrepet
1845 3648 1861 3691 a

1114 3729 1253 3802 signato,
1276 3725 1328 3786 sed
1351 3725 1430 3802 quod
1457 3725 1537 3802 geris
1565 3726 1701 3785 exterius
1729 3724 1862 3786 interius

1114 3835 1220 3881 serres
1242 3819 1274 3879 in
1296 3825 1414 3891 mente,
1439 3816 1666 3878 fraternitatem
1690 3825 1775 3878 tuam
1797 3831 1861 3877 mo·
1908 3817 1913 3826 '

1115 3929 1228 3976 nemus
1248 3920 1280 3974 et
1301 3911 1464 3974 hortamur
1485 3917 1614 3984 attente,
1637 3912 1861 3986 quatenushu-

1116 4007 1281 4068 militatem
1304 4013 1335 4066 et
1357 4004 1519 4077 iustitiam,
1542 4001 1633 4065 alanta
1656 4003 1787 4064 Domino
1809 4004 1863 4081 qui

1115 4102 1164 4163 dat
1187 4098 1365 4177 praeminet
1382 4111 1513 4159 munera
1536 4096 1678 4172 largitur,
1698 4096 1863 4157 observare

1114 4195 1339 4269 undasundas
1361 4205 1451 4252 suum
1475 4195 1653 4251 servantes
1677 4197 1862 4268 promovent

1115 4295 1318 4360 servatorem,
1335 4301 1367 4346 ac
1390 4285 1531 4345 eamdem
1552 4283 1784 4362 patriarchalem
1808 4285 1862 4346 Ec·

1114 4380 1238 4444 alesiam
1267 4392 1411 4456 sponsam
1435 4386 1519 4439 tuam
1541 4393 1629 4440 cures
1656 4377 1785 4452 solicite,
1809 4395 1863 4440 au-

1115 4481 1198 4536 ctore
1220 4471 1363 4546 Domino,
1387 4471 1591 4549 spiritualiter
1605 4477 1636 4533 et
1652 4469 1862 4548 temporaliter

1115 4573 1329 4644 augmentare.
1352 4565 1497 4638 Quocirca
1520 4563 1681 4643 praedictis
1708 4564 1862 4642 Episcopis

1115 4678 1170 4740 per
1191 4659 1352 4738 apostolica
1367 4659 1478 4736 scripta
1502 4657 1693 4732 mandamus,
1710 4665 1862 4735 quatenus

1115 4755 1173 4834 ipsi
1195 4754 1246 4814 vel
1268 4753 1345 4815 alter
1360 4768 1470 4814 eorum
1493 4751 1610 4814 dictum
1626 4750 1756 4828 pallium
1778 4751 1862 4811 iuxta

1115 4849 1254 4910 eamdem
1268 4847 1509 4923 subsequentem
1527 4844 1658 4905 iormam
1676 4843 1729 4904 tibi
1752 4853 1863 4906 curent

1114 4957 1168 5003 seu
1190 4949 1278 5002 curet
1299 4939 1459 5014 assignari,
1482 4943 1513 4998 et
1535 4954 1550 4998 a
1571 4944 1602 4998 te
1624 4945 1732 4999 nostro
1753 4943 1784 4998 et
1805 4937 1863 4998 llo-

1116 5049 1222 5096 mauae
1248 5031 1401 5096 Ecclesiae
1425 5032 1553 5093 numine
1578 5029 1635 5092 sub
1660 5029 1778 5108 relique
1803 5029 1863 5092 ior-

1115 5129 1163 5188 mt
1180 5126 1335 5190 fidelitatis
1349 5123 1480 5200 debitae,
1497 5124 1623 5186 solitum
1643 5123 1794 5201 recipiant
1809 5141 1863 5187 seu

1115 5221 1241 5298 recipiat
1257 5219 1481 5294 iuramentum,
1499 5219 1627 5296 eiusque
1641 5220 1685 5280 sic
1699 5236 1715 5279 a
1731 5225 1760 5280 te
1776 5235 1863 5296 prae·

1113 5313 1178 5374 stiti
1202 5313 1370 5374 iuramenti
1392 5311 1523 5374 turmam
1541 5313 1626 5374 nohis
1650 5314 1687 5376 de
1710 5313 1805 5374 verbo
1827 5314 1861 5375 ad

1115 5408 1247 5469 verbum
1262 5422 1316 5485 per
1332 5413 1398 5468 tuas
1413 5414 1553 5483 patentes
1575 5406 1678 5467 literas
1694 5413 1747 5468 tuo
1762 5405 1864 5482 sigillo

1114 5501 1250 5563 munitas
1271 5517 1327 5579 per
1349 5500 1509 5578 proprium
1524 5499 1679 5562 Nunnium
1703 5500 1864 5577 quantoci-

1115 5594 1176 5655 tius
1188 5593 1342 5655 tlestinare
1356 5601 1524 5673 procurant
1540 5611 1596 5654 seu
1618 5602 1772 5672 procuret.
1791 5594 1863 5656 For-

1115 5703 1162 5749 ma
1183 5695 1299 5762 antem,
1318 5703 1378 5765 qua
1401 5685 1541 5765 Episcopi
1564 5687 1712 5765 praedicti
1736 5687 1767 5748 in
1790 5687 1864 5748 assi-

1114 5780 1237 5858 gnando
1260 5781 1327 5841 'libi
1349 5779 1443 5841 Pallio
1466 5786 1609 5855 utentur,
1632 5779 1708 5841 haec
1729 5789 1792 5842 est:

1154 5873 1201 5937 Ad
1224 5873 1373 5934 tortorem
1389 5873 1617 5950 omnipotentis
1634 5871 1704 5944 Dei,
1715 5890 1759 5934 ac
1776 5875 1806 5937 S.
1819 5876 1878 5940 M.·

1118 5965 1270 6049 Virpt'at's,
1305 5975 1334 6028 et
1365 5965 1420 6030 SS.
1456 5965 1681 6044 Apostolorum
1714 5965 1804 6028 Petri
1832 5973 1863 6028 et

1798 579 1837 644 23
1887 575 2076 630 su.o.1rss
