4750 6980
71 1660 139 1704 310618.

941 548 1013 593 ntus
1035 549 1084 594 PP.
1108 547 1163 594 Vll.

276 683 381 746 ganea,
397 682 510 744 magno
525 668 662 731 locorum
681 669 845 732 intervallo
860 687 876 730 6
889 685 945 732 suo
961 667 1022 730 lile-

275 760 459 839 tropolitano
480 762 630 824 disiuncta
652 763 700 836 sit,
723 764 757 824 ad
781 763 974 825 dioecesanos
989 780 1021 825 o-

275 869 362 922 mnes
383 853 535 931 praefatae
555 855 700 918 ecclesiae
722 857 923 920 Emeritensis
938 875 1020 920 com-

274 947 400 1010 modum
423 945 627 1022 afferendum,
646 948 671 1009 si
686 949 812 1011 eeclesia
829 950 890 1028 ipsa
906 953 1020 1025 episco-

274 1039 348 1120 palis
368 1059 384 1101 a
406 1041 633 1117 metropolitica
655 1042 844 1104 subiectione
863 1043 1021 1122 archiepi-

275 1133 356 1211 scopi
378 1133 409 1196 S.
432 1131 517 1195 Fidei
543 1133 781 1209 subduceretur,
803 1144 834 1197 et
859 1151 920 1198 una
949 1153 1018 1199 cum

274 1226 426 1303 praedicta
448 1225 574 1287 66616616
595 1227 632 1287 66
653 1227 778 1306 6111666
801 1245 882 1290 6616
903 1229 1020 1292 6161116-

275 1319 441 1398 1166616161
457 1319 494 1381 66
510 1318 679 1382 Β66666616
700 1327 856 1398 tamquam
877 1322 944 1384 eius
957 1323 1020 1384 sul·

274 1413 415 1488 lraganea
430 1413 644 1488 subticeretur,
660 1421 834 1492 opportune
850 1417 1020 1494 respective

275 1506 461 1585 populorum
490 1507 698 1568 commoditati
722 1506 800 1569 leret
822 1510 1017 1572 consultum:

82 1609 147 1666 11161
163 1609 258 1649 conen·
312 1601 332 1674 ἓ
353 1599 383 1661 li.
408 1599 479 1661 1616
496 1600 597 1676 itaque
611 1600 756 1662 antedicti
770 1600 910 1664 catholici
926 1601 1019 1679 regis,

274 1711 335 1773 qno
355 1709 411 1771 pro
432 1691 632 1754 ecclesiarum
653 1694 817 1770 splendore
842 1703 872 1757 61
894 1697 1022 1774 populo-

275 1802 345 1850 rum
368 1786 511 1860 utilitate,
535 1802 568 1846 66
590 1801 696 1850 161661
718 1790 862 1851 61661661
878 1791 1021 1868 61166116

274 1882 394 1955 ordine,
417 1881 582 1942 incensum
603 1881 778 1958 aspicimus,
792 1883 954 1960 apostolica
968 1901 1020 1945 au-

272 1974 413 2038 ctoritate
428 1973 561 2035 libenter
575 1982 781 2049 accurrentes,
796 1983 883 2038 motu
897 1979 1021 2056 proprio

273 2075 364 2130 etex
386 2076 468 2129 certa
488 2068 626 2141 scientia,
650 2069 749 2146 deque
766 2069 946 2146 apostolicae
968 2087 1021 2150 po-

273 2161 389 2223 testatis
411 2161 619 2239 plenitudine,
634 2161 800 2230 antedictas
814 2161 852 2224 66
872 2163 968 2240 Cuba,
984 2164 1021 2226 66

272 2253 458 2328 Benecuela,
482 2252 512 2317 S·
537 2253 753 2332 christophori
775 2256 812 2317 de
833 2255 967 2331 1161666,
983 2256 1020 2318 66

273 2347 429 2410 Portcrico
451 2354 482 2408 et
497 2349 534 2410 de
549 2347 693 2424 Guayana
715 2349 885 2426 respective
906 2351 1020 2428 episcc-

273 2441 355 2519 paies
369 2441 521 2514 ecciesiae,
534 2448 622 2502 antea
637 2440 910 2518 archiepiscopatui
921 2442 953 2505 S.
964 2443 1020 2503 llo-

274 2535 382 2597 minici
404 2535 436 2595 in
461 2534 667 2610 suffraganeas
695 2536 871 2610 assignatas,
893 2551 1020 2613 66616-

274 2627 425 2702 rioritate,
443 2625 654 2688 iurisdictione
665 2633 696 2688 61
711 2626 935 2704 metropolitica
950 2630 1022 2692 sub-

275 2721 408 2784 iectione
428 2720 553 2799 praelati
575 2719 852 2800 archiepiscopatus
874 2721 1021 2786 6116611-

273 2813 348 2888 niti,
365 2815 401 2876 66
416 2829 561 2891 11666666
576 2813 721 2885 16666116,
738 2822 769 2876 61
785 2825 870 2876 extra
881 2815 1021 2878 catholici

274 2909 356 2984 regis
377 2907 496 2968 ditione
515 2906 899 2980 611616611666166111666
921 2913 951 2970 61
971 2910 1023 2972 ab

274 2999 478 3074 6166166666
501 3001 532 3060 in
555 3009 714 3078 posterum
742 3003 1022 3078 66161616661161-

274 3093 360 3156 nime
388 3093 660 3171 archiepiscopatui
689 3094 843 3170 praedicto
874 3095 1022 3157 subiectas

274 3203 341 3249 esse
362 3187 507 3250 volumus
527 3192 619 3264 atque
640 3187 845 3250 decernimus.

85 3281 258 3346 nempxtoatu·
314 3283 334 3357 5
354 3281 385 3343 ii.
399 3280 444 3342 Ad
461 3279 516 3342 hoc
528 3279 643 3358 pariter
658 3285 704 3354 ut,
717 3279 801 3342 iuxta
816 3281 959 3360 superius
971 3299 1022 3346 ex·

25 3345 26 3352 ¹
75 3335 195 3382 6661611666
215 3338 257 3382 dr-

74 3389 208 3446 61116611.
274 3391 376 3454 pressa
398 3371 525 3452 praelati
539 3371 621 3448 regis
635 3371 796 3447 desideria,
814 3377 1022 3438 commoditati

274 3468 461 3548 populorum
474 3467 505 3526 in
521 3465 650 3527 dioecesi
667 3465 853 3528 Emeritensi
868 3467 974 3544 vulgo,
987 3477 1022 3532 nt

274 3563 422 3634 diximus,
438 3561 474 3621 de
490 3559 655 3620 llaracaibo
677 3558 870 3635 degentium,
887 3577 1020 3637 quorum

274 3651 603 3732 6116661611666616616,
621 3657 653 3712 ut
668 3652 851 3730 praefertur,
869 3662 1022 3734 metropo-

275 3747 357 3808 litico
379 3745 448 3807 lure
461 3744 724 3822 archiepiscopalis
745 3745 888 3807 ecclesiae
901 3765 925 3808 s.
937 3748 1021 3810 vicet

273 3841 420 3913 subiacet,
429 3845 602 3916 opportune
614 3837 823 3914 provideatur,
835 3839 1021 3903 antedictam

275 3949 399 4013 quoque
410 3931 569 3993 ecclesiam
579 3930 781 4007 episcopalem
795 3931 1020 3996 Emeritensem

275 4045 291 4088 a
305 4025 527 4105 metropolitica
549 4022 753 4098 subiectione,
766 4025 977 4088 iurisdictione
992 4034 1032 4106 et¹

274 4119 489 4198 superior-itate
510 4125 571 4179 tatu
588 4117 682 4193 ipsius
696 4117 958 4197 archiepiscopalis
974 4136 1023 4184 ec·

275 4212 384 4275 6161166
405 4228 430 4272 s.
453 4209 550 4284 Fidei,
580 4225 673 4287 quant
698 4208 782 4272 illius
808 4227 863 4290 pro
886 4221 1023 4292 tempore

276 4305 436 4367 existentis
450 4304 689 4380 archiepiscopi,
704 4319 742 4364 ex
758 4319 843 4366 nunc
864 4315 895 4366 et
917 4307 949 4368 in
971 4320 1024 4383 po-

273 4404 393 4460 sterum
417 4398 632 4459 modulamen
654 4395 802 4458 61161166
825 4397 1023 4478 indescriptis

274 4493 366 4553 611661
388 4489 532 4552 similiter
553 4489 720 4550 eximimus
741 4495 773 4550 61
795 4489 974 4566 liberamus,
990 4509 1023 4554 66

275 4584 405 4646 61161166
421 4583 522 4644 616616
536 4583 705 4644 subiectam
720 4599 786 4644 esse
800 4584 921 4646 censeri
937 4601 1025 4647 ntan-

275 4678 395 4740 damus.

316 4773 335 4847 ἓ
356 4771 385 4832 1.
409 4769 603 4848 Episcopales
620 4769 757 4848 prolecto
776 4768 920 4832 ecclcsiae
933 4787 1023 4850 supe·

277 4864 341 4926 rius
363 4879 524 4941 expressae
545 4863 587 4924 sic
607 4863 771 4937 abdicatae,
785 4870 845 4923 eta
867 4873 1024 4943 61611616-

277 4956 356 5019 litica
370 4955 560 5019 subiectione
575 4970 703 5016 snorum
716 4955 1022 5033 nichteptscoporum

278 5051 433 5128 liberatae,
449 5065 545 5112 unam
562 5048 1023 5122 6161161661661616,116611661

275 5143 314 5206 66
328 5143 413 5205 Goba
427 5153 459 5204 et
474 5144 512 5204 de
527 5142 710 5214 Benecuela,
726 5142 761 5203 66
779 5143 899 5204 1666616
913 5150 944 5204 61
959 5143 1023 5220 glo-

277 5239 354 5299 riam
370 5237 590 5314 cmnipotentis
605 5234 659 5295 Dei
670 5243 700 5296 61
715 5233 909 5296 Beatissimae
923 5234 1024 5312 Virgi-

276 5332 326 5392 nis
346 5329 469 5404 llariae,
491 5345 524 5389 66
545 5332 722 5388 6666161661
735 5327 952 5404 Apostolorum
969 5328 1024 5390 Pe-

277 5423 317 5486 tri
339 5435 369 5485 et
391 5423 488 5497 Pauli,
505 5436 563 5482 nec
577 5434 639 5480 non
661 5417 732 5481 11661
755 5415 920 5500 catholicae
942 5421 1024 5482 exal·

278 5519 439 5590 tationem,
454 5516 610 5591 totiusque
631 5511 793 5574 militantis
805 5511 957 5576 Ecclesiae
972 5516 1023 5577 66-

277 5627 341 5685 cus,
364 5609 398 5671 in
419 5607 559 5670 ccclesias
584 5607 865 5684 arcltiepiscupales,
888 5613 918 5668 61
938 5608 1025 5670 sedes

278 5703 345 5765 illas
360 5703 550 5781 usquemodo
565 5700 750 5780 episcopales
765 5701 799 5761 in
814 5701 1025 5779 6166611666-

277 5809 391 5876 161616
418 5799 516 5869 66666,
539 5809 595 5872 116
623 5795 742 5856 duobus
768 5795 1022 5872 archiepiscopis,

276 5888 332 5968 qui
352 5888 436 5967 pallii
451 5894 483 5950 et
500 5887 599 5950 crucis
615 5902 705 5950 usum
723 5902 808 5948 more
823 5887 1024 5948 6116166161-

1077 666 1343 744 chiepiscoporum
1369 665 1499 728 habeant
1522 666 1651 744 aliisque
1673 667 1824 743 gaudeant
1895 740 1897 744 v

1079 759 1259 836 privilegiis,
1292 760 1460 822 honoribus
1484 768 1516 822 et
1542 761 1764 838 praerogativis
1784 759 1825 821 si-

1080 851 1457 932 milibusArchiepiscopis
1479 853 1589 915 debitis
1609 859 1640 914 et
1653 843 1822 930 concessis,

1076 944 1188 1022 quibus
1203 945 1294 1023 primi
1307 962 1341 1006 66
1354 947 1527 1008 successive
1538 961 1593 1023 pro
1606 952 1746 1024 tempore
1761 951 1826 1010 exi·

1077 1044 1193 1100 ¹stentes
1224 1039 1347 1100 illarum
1375 1039 1573 1102 ecclesiarum
1596 1040 1824 1121 archiepiscopi

1078 1131 1134 1204 uti,
1158 1130 1230 1203 lrui,
1254 1127 1346 1208 potiri
1368 1139 1398 1195 ct
1420 1133 1555 1209 gaudere
1577 1132 1675 1196 libere
1690 1142 1720 1196 et
1741 1135 1825 1199 licite

1079 1224 1195 1300 possint
1215 1231 1247 1286 61
1269 1225 1401 1299 1616661,
1424 1241 1457 1287 66
1478 1227 1571 1287 611661
1590 1227 1732 1301 debeant,
1755 1243 1826 1307 apu-

1077 1316 1181 1378 stolioa
1209 1323 1312 1378 nostra
1343 1319 1534 1392 auctoritate,
1557 1319 1694 1397 ipsarum
1717 1327 1825 1383 tenore

1079 1411 1299 1485 praesentium,
1316 1421 1465 1488 16116166
1480 1413 1630 1490 erigimus
1644 1421 1675 1475 61
1689 1414 1825 1478 institui·

1078 1515 1147 1562 mus
1169 1518 1202 1564 66
1223 1503 1363 1576 6616166,
1380 1503 1480 1578 111616,
1503 1504 1647 1580 1661161116
1661 1511 1692 1567 61
1707 1507 1825 1570 11611616

1077 1594 1323 1674 archiepiscopali
1349 1597 1520 1674 respective
1542 1600 1732 1662 6666161666.
1762 1600 1825 1663 Ν66

1077 1701 1140 1748 666
1162 1689 1314 1750 dictarum
1336 1689 1533 1752 ecclesiarum
1548 1691 1704 1770 praesules
1728 1710 1825 1772 usque

1078 1779 1168 1841 modo
1189 1780 1341 1860 Episcopi,
1364 1799 1537 1862 eorumque
1565 1787 1737 1862 respective
1758 1803 1824 1849 suc-

1077 1889 1210 1935 cessores
1230 1889 1287 1951 pro
1301 1881 1441 1954 tempore
1457 1876 1637 1953 existentes,
1650 1879 1681 1940 in
1696 1878 1825 1942 Archio-

1077 1967 1212 2044 piscopos
1234 1967 1441 2046 declaramus;
1465 1970 1505 2030 116
1527 1973 1608 2049 quod
1625 1973 1692 2048 ipsi,
1709 1973 1825 2052 absque

1076 2057 1132 2120 alia
1147 2058 1184 2121 de
1201 2059 1322 2123 illarum
1345 2061 1545 2125 ecclesiarum
1561 2065 1597 2126 de
1612 2080 1694 2126 novo
1713 2066 1826 2128 lacien-

1077 2153 1113 2214 da
1135 2153 1312 2231 provisione
1333 2161 1363 2216 et
1385 2154 1601 2234 praelectione,
1618 2173 1718 2220 unum
1740 2159 1825 2224 1666
1845 2221 1846 2224 ,

1078 2245 1161 2308 Cuba
1175 2252 1206 2306 61
1220 2244 1352 2308 alterum
1368 2248 1399 2309 in
1415 2250 1452 2310 66
1467 2248 1638 2311 Benecuela
1653 2253 1826 2328 respective

1077 2335 1499 2418 archiepiscopos'praelatos
1513 2358 1579 2404 esse
1593 2343 1823 2422 intelligantur.

1076 2431 1237 2496 Praeterea
1268 2433 1384 2496 eisdem
1416 2434 1671 2514 archiepiscopis,
1699 2441 1825 2518 suisque

1076 2525 1316 2601 successoribus,
1341 2535 1374 2588 ut
1396 2527 1453 2604 ipsi
1482 2534 1513 2589 et
1540 2528 1667 2592 illorum
1694 2532 1825 2609 quilibet

1077 2619 1178 2679 omnia
1201 2624 1231 2679 61
1251 2619 1385 2694 singula,
1411 2636 1488 2700 quae
1509 2623 1544 2684 ad
1567 2621 1684 2686 similes
1698 2627 1826 2688 6161116-
1855 2671 1857 2676 -

1078 2712 1215 2789 piscopos
1236 2711 1268 2773 in
1290 2729 1400 2776 eorum
1426 2714 1602 2778 civitatibus
1623 2724 1654 2778 et
1681 2718 1827 2781 dioecesi·

1079 2805 1133 2865 bus
1148 2807 1183 2867 ad
1198 2806 1454 2885 archiepiscopale
1470 2824 1586 2870 munus
1600 2812 1823 2890 exercendum,

1077 2899 1204 2960 661616
1232 2899 1282 2960 vel
1309 2901 1624 2977 666666166166,661
1652 2904 1725 2965 alias
1749 2921 1825 2982 quc·

1077 2991 1231 3069 quomodo
1262 3003 1398 3071 spectare
1425 3005 1455 3056 et
1483 2996 1642 3071 pertinere
1672 2999 1774 3060 solent
1795 3006 1826 3063 et

1077 3085 1201 3160 debent,
1224 3101 1344 3164 gerere,
1374 3088 1470 3150 166616
1499 3105 1707 3169 exercereque
1729 3091 1826 3154 libere

1077 3187 1108 3240 61
1135 3179 1219 3242 116116
1247 3182 1375 3257 possint,
1404 3182 1526 3259 plenam
1550 3193 1581 3246 et
1612 3185 1824 3248 omnimodam

1076 3275 1302 3352 anctoritatem,
1320 3282 1426 3338 1611616
1448 3278 1670 3356 praesentium,
1686 3277 1826 3341 concedi-

1078 3381 1148 3426 mus
1171 3375 1203 3428 et
1226 3367 1432 3445 impertimur.

1117 3457 1185 3532 §·8.
1208 3459 1327 3522 alteras
1352 3462 1559 3538 postmodnm,
1582 3464 1727 3528 videlicet
1750 3468 1824 3534 San·
1856 3487 2002 3544 ossignano
2019 3497 2058 3533 66

1077 3553 1117 3613 611
1140 3552 1352 3630 Christophori
1374 3555 1411 3616 de
1440 3554 1573 3631 Havana,
1595 3557 1633 3618 de
1654 3558 1822 3640 Portcrico,

1077 3645 1115 3707 de
1129 3645 1273 3724 (16616116
1287 3653 1319 3707 61
1334 3647 1560 3710 Emeritensem
1577 3653 1747 3728 respective
1761 3657 1824 3734 epi-

1076 3736 1211 3815 scopales
1233 3739 1384 3813 ecclesias,
1408 3740 1467 3801 iam
1488 3756 1543 3818 per
1564 3759 1620 3805 nos
1641 3753 1787 3825 utsupra
1809 3767 1824 3811 a

1078 3829 1302 3907 metropolitico
1320 3832 1387 3894 iure
1405 3841 1436 3894 et
1451 3835 1619 3911 respectiva
1634 3839 1826 3905 subiectione

1076 3941 1205 3986 suorum
1224 3926 1533 4004 archiepiscoporum
1559 3937 1717 4008 exemptas
1737 3943 1769 3996 et
1792 3935 1826 3997 li·

1079 4020 1206 4093 beratas,
1223 4023 1257 4081 66
1274 4020 1330 4081 hoc
1347 4028 1380 4081 ut
1395 4020 1613 4083 ecclesiasticae
1636 4024 1827 4092 hierarchiae

1077 4111 1111 4172 in
1126 4110 1275 4174 6611161166
1291 4111 1365 4173 61116
1377 4127 1501 4189 semper
1522 4115 1667 4176 omnihus
1686 4119 1719 4179 in
1734 4122 1827 4182 rebus

1077 4215 1223 4266 servetur
1244 4207 1331 4279 orde,
1353 4204 1420 4268 11166
1441 4221 1554 4283 nempe
1570 4208 1600 4271 S.
1614 4209 1827 4290 Christophori

1078 4299 1116 4360 de
1137 4298 1261 4359 1161666
1282 4307 1313 4359 61
1335 4295 1372 4358 66
1393 4297 1550 4360 Portcrico
1572 4304 1603 4361 tn
1627 4303 1827 4383 archiepisco·

1079 4392 1155 4469 palis
1169 4391 1314 4454 ecclesiae
1329 4391 1366 4454 de
1383 4392 1597 4465 Cuba,alteras
1608 4409 1682 4456 vero
1693 4398 1731 4457 de
1748 4397 1827 4461 Gua-

1079 4500 1155 4562 1666
1178 4491 1209 4546 61
1230 4483 1457 4545 Emeritensem
1482 4486 1653 4564 respective
1676 4492 1828 4569 episcopa-

1079 4577 1123 4638 les
1151 4576 1309 4650 ecclesias,
1341 4576 1374 4638 in
1408 4576 1535 4640 alterius
1563 4580 1828 4660 archiepiscopalis

1079 4669 1274 4732 ecclesiae-de
1297 4670 1467 4732 Benecuela
1488 4673 1658 4761 respective
1680 4675 1828 4753 sulit-aga·

1080 4779 1152 4824 neas
1164 4764 1355 4838 assignamus
1376 4772 1407 4825 et
1427 4764 1653 4842 praedictarum
1675 4769 1827 4845 episcopa·

1080 4857 1159 4919 liurn
1179 4856 1378 4918 ecclesiarum
1401 4859 1565 4942 praesules,
1581 4875 1615 4921 66
1637 4859 1700 4924 loca
1723 4861 1827 4922 omnia

1080 4964 1286 5028 personasque
1309 4956 1370 5009 tam
1386 4949 1600 5012 ecclesiasticas
1622 4969 1716 5032 quam
1738 4953 1827 5016 laicas

1080 5043 1113 5106 in
1144 5059 1252 5104 earum
1281 5047 1452 5120 respective
1480 5044 1668 5107 dioecesibus
1693 5047 1827 5108 existen·

1080 5143 1137 5212 tes,
1162 5153 1218 5215 116
1239 5143 1378 5213 16611616
1400 5137 1602 5200 existentium
1619 5139 1827 5217 archiepisco·

1081 5248 1151 5293 rum
1173 5230 1398 5292 antedictarum
1414 5233 1450 5292 de
1463 5230 1547 5294 Cuha
1560 5238 1591 5292 61
1605 5230 1642 5292 66
1656 5231 1827 5296 Benecuela

1081 5327 1253 5406 respective
1283 5324 1589 5402 archiepiscopalium
1612 5324 1825 5404 ecclesiarum,

1082 5416 1307 5497 metropolitico
1333 5418 1401 5478 iure
1422 5433 1478 5495 per
1499 5417 1620 5479 easdem
1648 5428 1827 5497 praesentes

1080 5517 1228 5589 perpetuo
1248 5511 1430 5572 subiicimus
1451 5520 1544 5591 atque
1564 5503 1778 5591 supponimus.

1120 5606 1139 5680 ἓ
1159 5605 1188 5666 9.
1204 5605 1423 5680 Quamobrem,
1437 5606 1585 5667 61616616
1597 5606 1827 5684 etsingulaper
1858 5625 1994 5683 66166616
2003 5637 2060 5672 exo

1846 5681 1942 5780 Ι61136116
1956 5685 2059 5738 616116-

1081 5700 1134 5762 1166
1148 5705 1267 5762 6661166
1282 5698 1383 5760 literas
1398 5699 1543 5775 disposita
1558 5687 1761 5778 exequutioni
1776 5702 1826 5763 de-

1081 5795 1161 5856 bitae
1191 5793 1306 5870 absque
1339 5791 1430 5868 longa
1463 5806 1547 5852 mora
1578 5791 1824 5866 demandentur,

1082 5883 1493 5951 166616111111611111616616
1506 5883 1537 5947 S.
1548 5885 1583 5946 11.
1596 5885 1629 5946 E.
1646 5889 1826 5964 presbytero

1745 530 1804 592 177
1854 530 1907 582 An.
1922 531 1953 584 0.
1976 531 2045 585 1803

1842 3540 1978 3587 6166161661
1998 3541 2062 3588 sul·

1842 3595 2031 3650 116166661616.
