4776 6974
81 577 156 636 tto.
175 562 237 626 1791
723 615 729 622 .
925 561 997 622 blus
1018 568 1068 622 aa.
1092 560 1135 624 v't.

263 696 428 766 tenerulibi
451 693 539 766 tratri
562 699 690 768 attonio
710 697 857 766 (toletano
880 693 1001 762 trebie-

299 794 423 878 piscopo
445 793 725 876 taoedsnoxisrtst,
747 813 785 864 ao
814 794 841 861 itt
867 789 1001 859 dioecesi

301 888 479 957 lisbonensi
491 888 695 972 suffraganeo
709 889 837 974 legitimo
850 887 1002 970 deputato,

512 1076 599 1146 eills
622 1077 681 1145 ΡΡ.
705 1077 749 1146 tlt.

474 1266 662 1334 Venerabilis
683 1266 792 1344 irater,

299 1362 426 1430 salutem
446 1366 478 1428 et
492 1361 690 1444 apostolicam
710 1358 960 1429 benedictionem.

46 1549 47 1626 J
95 1561 234 1614 monium.
299 1554 372 1630 Sl.
404 1555 535 1632 Expedit
566 1553 795 1632 quammaxime
830 1549 1005 1611 animarum

263 1643 517 1714 dutisttudeliom
536 1648 639 1721 saluti,
655 1646 757 1725 utqui
773 1645 806 1706 in
822 1651 938 1706 sortem
954 1643 1005 1702 do·
1041 1651 1045 1658 ·

262 1742 337 1806 mini
364 1749 439 1804 sunt
467 1741 577 1811 vocati,
607 1740 662 1818 qui
693 1739 820 1802 caeteris
851 1736 946 1798 verbo
974 1743 1005 1796 et

262 1837 402 1917 exemplo
422 1835 455 1897 in
478 1835 560 1897 viam
582 1834 688 1897 salutis
704 1833 822 1911 praeire
846 1840 1004 1905 tenentur,

261 1930 411 1997 ateneris
433 1931 522 1992 anuis
543 1929 577 1989 ad
599 1930 746 2008 pietatem
769 1934 799 1988 et
821 1925 1005 2001 religionem

261 2027 476 2098 eiiormentur,
499 2040 531 2086 ac
553 2021 764 2084 ecclesiasticis
785 2018 895 2080 studiis
920 2017 1006 2079 insti·

262 2127 400 2194 tuantur,
416 2127 451 2180 ut
467 2119 549 2180 hisce
570 2107 723 2178 instructi
735 2112 915 2191 disciplinis,
932 2113 1007 2173 dum

261 2216 293 2276 in
314 2213 467 2276 Ecclesiae
489 2226 619 2272 munera
644 2217 856 2284 assumuntur,
887 2205 1006 2268 nemini

262 2310 333 2370 dent
347 2306 564 2378 offensionem,
579 2303 631 2366 sed
647 2303 812 2367 exhibeant
827 2303 1008 2379 semetipsos

262 2403 338 2465 sicut
353 2401 513 2462 ministros
528 2397 582 2459 itei
596 2405 679 2458 recte
695 2402 860 2458 tractantes
875 2394 1007 2456 uerbum

263 2495 421 2556 veritatis:
451 2491 651 2570 quamobrem
674 2489 706 2551 in
730 2489 1008 2552 ecclesiasticorum

263 2586 500 2651 seminariorum
527 2583 694 2646 utilitatem
722 2591 813 2662 atque
834 2583 1008 2644 incremen-

266 2690 329 2744 tum
351 2679 533 2759 apostolicae
554 2684 678 2740 nostrae
704 2676 916 2754 providentiae
941 2691 1008 2754 par-

266 2786 319 2850 tes,
340 2773 439 2853 quoad
467 2773 623 2848 integrum
655 2769 744 2832 nobis
768 2768 838 2843 init,
861 2768 1009 2832 collocare

265 2884 424 2950 nunquam
445 2867 632 2940 destitimus,
648 2871 740 2943 prout
761 2863 793 2926 in
813 2863 944 2926 Domino
965 2880 1009 2923 sa·

266 2965 393 3027 lubriter
413 2962 559 3040 expedire
580 2960 717 3022 arbitrati
738 2975 857 3020 snmus.

91 3061 183 3120 rtpsttto
197 3069 252 3118 prs-
302 3057 370 3134 52.
395 3055 517 3134 Exponi
538 3053 691 3132 siquidem
713 3052 800 3114 nobis
822 3067 922 3130 nuper
938 3051 1009 3113 iecit

82 3129 119 3216 ll
135 3118 251 3223 tude
267 3151 480 3214 attentissimus
503 3149 533 3208 tn
557 3147 679 3210 otttsto
700 3145 783 3207 tttts
798 3154 903 3208 noster
924 3145 1010 3206 roat-

83 3221 159 3322 iffl‘m
173 3220 253 3268 Μ’
267 3262 318 3308 nes
336 3243 431 3308 ularia
458 3242 584 3320 losepb,
601 3240 719 3316 >regius
747 3243 890 3317 princeps
911 3239 1009 3300 Brasi-

265 3340 332 3415 liae,
353 3355 387 3399 ac
409 3351 542 3412 magnus
563 3334 646 3411 prior
673 3333 825 3411 prioratus
851 3334 888 3394 de
918 3333 1009 3395 Grato

264 3431 419 3512 hospitalis
446 3429 545 3491 sancti
571 3428 692 3490 loannis
724 3427 1007 3512 Hierosolymitani,

264 3529 342 3608 quod
370 3527 436 3607 ipse
456 3526 525 3604 piae
546 3523 734 3586 institutioni
762 3540 796 3585 ac
822 3531 921 3584 rectae
945 3522 1009 3584 illo-

264 3639 331 3686 rum
354 3619 541 3694 educationi,
563 3618 617 3696 qui
640 3618 720 3678 intra
743 3618 821 3678 fines
842 3615 913 3678 dicti
928 3614 1009 3692 prio-

265 3724 346 3780 ratus
372 3715 410 3776 de
437 3715 530 3777 Grato
561 3712 668 3773 divino
700 3709 799 3773 cultui
829 3709 956 3787 propius
976 3726 1009 3772 se

264 3810 439 3888 mancipare
469 3806 655 3882 desiderant,
682 3803 857 3883 prospicere
889 3803 1008 3879 volens,

265 3919 380 3967 novum
403 3899 643 3964 ecclesiasticum
664 3897 866 3960 seminarium
889 3896 920 3958 in
943 3896 1010 3958 loco

265 3998 417 4062 Sernacbe
427 3994 464 4056 do
475 3995 551 4056 Bom
566 3992 677 4055 lardim
692 3993 738 4055 sui
755 3991 909 4070 prioratus
923 4007 1010 4068 prae-

265 4093 334 4157 dicti
354 4089 487 4170 propriis
501 4087 676 4166 sumptibus
690 4103 708 4148 e
723 4086 930 4149 fundamentis
944 4103 1011 4148 ere-

265 4187 320 4262 xit,
336 4185 483 4262 illiusque
503 4181 646 4258 regimen
663 4189 694 4243 et
706 4180 1009 4242 administrationem

265 4279 381 4342 dilectis
396 4277 468 4340 filiis
482 4275 668 4355 presbyteris
678 4274 867 4336 secularibus
881 4290 1010 4351 congre-

266 4373 393 4452 gationis
414 4370 579 4446 llissionis,
594 4369 651 4432 sub
672 4368 884 4432 iurisdictione
905 4378 1009 4431 tamen

265 4467 310 4528 sui
338 4465 444 4529 vicarii
468 4462 631 4542 generalis,
657 4463 833 4540 commisit;
866 4465 1010 4541 quodque

267 4559 336 4620 alias
357 4558 513 4638 quondam
534 4555 644 4618 Petrus
666 4555 728 4618 llaz
750 4556 900 4631 Caldeira,
924 4556 1009 4617 insti-

265 4661 329 4715 tuta
350 4669 389 4714 ex
410 4667 475 4714 asse
495 4650 628 4713 haerede
649 4650 783 4729 cappella
812 4650 935 4711 Domini
956 4667 1009 4712 no-

266 4746 319 4808 stri
338 4746 408 4809 lesu
431 4744 545 4808 Christi
567 4743 723 4807 calvariae
744 4743 867 4821 abipso
890 4742 922 4804 in
946 4742 1010 4805 loco

267 4857 318 4903 seu
339 4839 451 4919 oppido
472 4840 508 4902 da
530 4837 654 4900 dmeira
683 4837 762 4898 intra
789 4835 904 4898 limites
931 4837 1010 4900 eius-

268 4934 334 4995 dem
356 4933 510 5010 prioratus
532 4941 646 5006 erecta,
667 4936 850 4993 testamento
866 4932 914 4994 die
928 4946 1008 4993 xxti.

268 5027 336 5089 maii
358 5042 560 5090 unocxxrrn.
582 5027 737 5102 resignato
759 5040 902 5105 expresse
918 5025 1009 5100 cauit,

268 5128 310 5195 ut,
323 5120 477 5183 celebrato
494 5119 633 5199 quotidie
653 5135 738 5181 sacro
753 5121 784 5179 in
800 5119 1010 5197 expiationem

267 5231 298 5276 ac
316 5213 498 5290 suffragium
519 5213 641 5274 animae
661 5229 734 5275 suae
756 5219 785 5274 et
806 5214 872 5275 eins
893 5215 1009 5290 uxoris,

266 5307 525 5387 suppeditatisque
540 5314 696 5385 praeterea
709 5314 776 5368 tum
787 5307 855 5368 oleo
870 5322 925 5385 pro
936 5307 1011 5369 lam-

266 5403 340 5480 pade
353 5402 493 5464 eiusdem
505 5400 657 5479 cappellae
668 5401 850 5477 necessario,
868 5410 932 5463 tum
950 5400 1011 5462 reis

267 5511 317 5556 sex
332 5494 419 5557 mille
440 5499 582 5556 monetae
601 5492 819 5571 Portugalliae,
842 5511 896 5557 seu
917 5495 1010 5558 scutis

267 5605 317 5651 sex
327 5594 467 5650 monetae
476 5588 643 5661 Romanae,
652 5587 817 5665 quotannis
828 5587 919 5651 titulo
931 5587 1010 5650 elee-

267 5697 422 5761 mosynae
439 5687 475 5744 ut
488 5681 595 5744 concio
609 5681 646 5742 de
660 5681 801 5758 passione
816 5681 941 5743 Domini
956 5697 1012 5742 no-

266 5778 320 5839 stri
335 5777 402 5839 lesu
417 5775 533 5839 Christi
545 5781 686 5853 tempore
699 5773 950 5853 quadragesimae
960 5776 1011 5836 ba-

268 5869 402 5944 beretur,
426 5870 507 5948 quod
534 5868 689 5946 reliquum
712 5876 779 5930 erat
800 5885 839 5930 ex
860 5868 1011 5931 fructibus

267 5964 312 6025 sui
324 5963 438 6042 integri
451 5962 642 6042 patrimonii,
653 5962 787 6024 detracta
796 5961 923 6024 illorum
934 5963 1010 6025 duo·

1056 693 1174 758 decima
1195 708 1280 775 parte
1302 715 1357 778 pro
1377 693 1532 778 stipendio
1546 701 1804 766 administratoris

1056 811 1129 856 suae
1140 795 1337 858 baereditatis
1349 796 1537 869 huiusmodi,
1551 797 1583 858 in
1597 806 1641 858 tot
1655 798 1740 859 dotes
1752 813 1804 858 va·

1057 889 1123 953 lore
1137 905 1261 952 reorum
1277 891 1382 952 decem
1398 889 1494 950 millia
1508 889 1647 951 eiusdem
1660 901 1805 954 monetae

1058 985 1310 1064 Portugallensis,
1326 999 1382 1047 seu
1403 992 1562 1047 scutorum
1577 986 1682 1048 decem
1698 1002 1804 1048 mone·

1058 1087 1106 1140 tae
1127 1094 1289 1153 romanae,
1312 1094 1368 1156 pro
1391 1078 1501 1156 puellis
1522 1079 1667 1156 orphanis
1688 1079 1721 1140 in
1741 1095 1805 1140 sae-

1058 1171 1161 1234 culum
1176 1172 1376 1234 nubentibus.
1391 1173 1469 1234 Cum
1481 1179 1599 1247 autem,
1610 1173 1688 1235 sicut
1700 1174 1806 1234 eadem

1059 1265 1208 1342 expositio
1227 1265 1444 1341 subiungebat,
1461 1266 1601 1342 pluribus
1616 1266 1653 1327 ab
1667 1266 1739 1327 hinc
1753 1282 1805 1328 an·

1060 1359 1107 1419 nis
1136 1357 1255 1420 iructus
1280 1375 1313 1420 ae
1339 1359 1477 1421 redditus
1504 1360 1601 1422 (lictae
1628 1361 1807 1422 hereditatis

1060 1459 1219 1528 sequestro
1241 1453 1332 1530 positi
1354 1454 1427 1528 sint,
1450 1462 1542 1532 atque
1563 1455 1600 1515 ab
1614 1469 1651 1514 eo
1669 1463 1806 1532 tempore

1061 1547 1167 1624 legatis
1183 1548 1330 1609 oneribus
1352 1548 1482 1609 mininie
1498 1549 1591 1610 luerit
1606 1548 1805 1624 satisfactum,

1060 1641 1133 1701 binc
1154 1656 1189 1700 ex
1215 1642 1295 1701 bisce
1318 1641 1461 1717 depositis
1482 1637 1633 1703 fructibus
1654 1659 1688 1704 ao
1710 1643 1808 1704 reddi-

1061 1733 1141 1796 tibus
1162 1735 1290 1796 conilata
1306 1742 1350 1796 est
1364 1750 1487 1796 summa
1502 1752 1601 1814 usque
1616 1736 1650 1797 ad
1667 1750 1808 1798 mensem

1061 1829 1138 1890 iunii
1162 1845 1234 1892 mox
1255 1829 1413 1904 praeteriti
1427 1845 1478 1890 sex
1498 1829 1582 1891 conti
1604 1831 1808 1892 ducentorum

1060 1923 1308 1998 sexagintamille
1330 1924 1582 2000 octingentorum
1614 1925 1808 2003 septuaginta

1061 2034 1114 2078 sex
1129 2017 1189 2079 reis
1204 2018 1301 2080 dictae
1323 2027 1466 2079 monetae
1486 2018 1738 2095 portugallensis,
1754 2035 1807 2079 seu

1061 2121 1222 2174 scutorum
1250 2127 1304 2174 sex
1332 2112 1419 2172 mille
1444 2120 1475 2173 et
1496 2111 1703 2174 ducentorum
1725 2127 1809 2172 sexa-

1063 2207 1148 2282 ginta
1168 2214 1199 2267 et
1221 2206 1306 2268 obuli
1335 2208 1490 2283 octoginta
1516 2212 1635 2284 septem
1664 2222 1736 2267 cum
1766 2206 1808 2267 di⁷

1064 2300 1158 2361 midio
1185 2299 1309 2360 circiter
1330 2309 1474 2360 monetae
1496 2315 1651 2373 romanae,
1674 2314 1807 2377 quorum

1063 2408 1181 2454 summa
1204 2393 1337 2454 duorum
1363 2393 1445 2454 conti
1468 2399 1729 2471 quatuorcentum
1758 2393 1811 2453 tri·

1064 2488 1149 2563 ginta
1179 2490 1271 2549 unius
1293 2485 1382 2547 mille
1407 2487 1612 2548 ducentorum
1639 2486 1698 2547 reis
1725 2501 1809 2564 prae·

1063 2581 1230 2656 dictorum,
1242 2597 1297 2641 seu
1312 2588 1472 2641 scutorum
1489 2581 1622 2641 duorum
1639 2578 1726 2641 mille
1737 2596 1813 2657 qua·

1065 2683 1302 2737 tuorcentorum
1335 2675 1461 2750 triginta
1492 2673 1586 2734 unius
1608 2681 1638 2735 et
1660 2673 1743 2736 obuli
1765 2674 1810 2735 xi·

1065 2770 1144 2846 ginti
1180 2769 1302 2831 circiter
1331 2777 1473 2829 monetae
1505 2781 1650 2828 romanae
1684 2767 1744 2828 iam
1777 2766 1809 2828 in

1064 2863 1244 2946 quincuncii
1265 2863 1392 2924 foenore
1415 2863 1510 2940 posita
1535 2868 1599 2923 est:
1624 2864 1811 2940 qualiaque

1064 2962 1200 3025 eiusdem
1227 2959 1384 3022 seminarii
1414 2959 1546 3022 iubricae
1570 2959 1751 3020 consulatur
1778 2978 1811 3024 ac

1064 3056 1209 3133 congruis
1229 3054 1347 3116 ditetur
1364 3053 1545 3129 redditibus,
1563 3061 1751 3117 memoratus
1766 3056 1811 3116 lo-

1063 3170 1160 3216 annes
1188 3151 1281 3214 llaria
1301 3150 1407 3227 loseph
1430 3150 1534 3226 regius
1554 3148 1697 3212 Brasiliae
1725 3151 1810 3229 prin-

1063 3263 1132 3326 ceps
1156 3263 1209 3325 per
1230 3261 1297 3320 nos,
1320 3243 1442 3322 praevia
1464 3242 1687 3305 condonatione
1709 3259 1741 3305 ao
1763 3260 1810 3306 re·

1064 3342 1210 3402 missione
1225 3339 1347 3416 piorum
1362 3338 1537 3414 legatorum
1551 3354 1684 3400 onerum
1703 3339 1810 3402 buius-

1064 3432 1810 3512 modi,quaebucusqneadimpletaminimeiue-

1065 3536 1150 3599 runt,
1173 3543 1206 3589 ac
1228 3526 1350 3606 praeuia
1372 3525 1487 3602 pariter
1507 3526 1749 3588 commutatione
1768 3535 1811 3589 te·

1063 3621 1279 3684 stamen-tariae
1307 3619 1512 3697 dispositionis
1540 3619 1611 3681 dicti
1643 3619 1726 3682 Petri
1755 3636 1810 3698 pro

1064 3732 1112 3791 eo,
1135 3713 1215 3794 quod
1245 3721 1362 3792 spectat
1389 3715 1424 3776 ad
1447 3713 1646 3775 constitutam
1674 3729 1811 3775 annuam

1064 3810 1292 3886 eleemosynam
1315 3823 1371 3885 pro
1386 3806 1533 3868 concione
1547 3805 1586 3867 de
1600 3807 1739 3886 passione
1753 3809 1811 3869 Do-

1064 3903 1143 3966 mini
1165 3901 1261 3963 nostri
1283 3902 1350 3963 lesu
1381 3901 1496 3963 Christi
1521 3907 1661 3979 tempore
1683 3904 1811 3980 quadra-

1064 3997 1197 4076 gesimae
1220 3993 1356 4057 habenda
1372 4000 1402 4054 et
1416 3992 1451 4053 ad
1467 3993 1595 4056 volitem
1617 3995 1737 4058 dotium
1752 3995 1811 4057 dis·

1064 4093 1278 4166 tributionem,
1307 4087 1409 4152 eidem
1439 4087 1604 4152 seminario
1626 4104 1688 4151 non
1711 4089 1809 4154 solum

1065 4187 1233 4265 depositam
1257 4192 1322 4246 tum
1344 4181 1592 4260 sequestrariam,
1616 4189 1681 4245 tum
1707 4185 1812 4247 loene-

1065 4281 1196 4346 ratitiam
1224 4292 1380 4340 summam
1407 4275 1609 4352 praedictam,
1637 4278 1690 4339 sed
1719 4278 1810 4340 etiam

1065 4387 1278 4453 quoscumque
1308 4370 1381 4432 alios
1413 4369 1550 4432 redditus
1581 4387 1614 4431 ao
1641 4377 1811 4449 proventus

1065 4469 1164 4531 eidem
1183 4465 1335 4544 cappellae
1355 4467 1547 4542 pertinentes
1569 4465 1602 4527 in
1624 4473 1812 4545 perpetuum

1065 4561 1208 4642 applicari
1230 4574 1428 4637 summopere
1449 4558 1610 4622 desiderat.
1635 4559 1729 4623 Nobis
1744 4577 1812 4639 pro·

1065 4665 1169 4737 pterea
1179 4653 1343 4717 humiliter
1354 4652 1518 4732 supplicari
1533 4653 1617 4729 iecit,
1627 4661 1663 4715 ut
1677 4653 1709 4714 in
1725 4669 1812 4732 prae-

1064 4751 1166 4814 missis
1188 4748 1352 4828 providere
1373 4753 1404 4808 et
1425 4753 1459 4809 ut
1479 4745 1557 4808 inira
1585 4745 1746 4822 indulgere
1774 4747 1812 4808 de

1064 4845 1255 4922 benignitate
1276 4841 1438 4921 apostolica
1458 4840 1671 4916 dignaremur.

1104 4940 1123 5015 ἓ
1138 4938 1166 5000 3.
1184 4937 1245 5001 Nos
1267 4935 1364 5012 igitur
1385 4934 1442 5013 piis
1464 4933 1601 4995 eiusdem
1616 4932 1737 4994 loannis
1753 4933 1811 4995 lla·
1830 4946 1932 5046 affigo
1945 4955 2044 4992 consts-

1065 5033 1127 5094 riae
1149 5029 1268 5109 losepbi
1290 5026 1437 5107 principis
1459 5034 1490 5087 et
1512 5026 1616 5102 magni
1634 5026 1745 5104 prioris
1760 5042 1813 5088 vo

1065 5128 1114 5202 tis,
1137 5129 1289 5204 quantum
1311 5137 1382 5183 oum
1408 5119 1541 5182 Domino
1562 5135 1737 5198 possumus,
1761 5135 1814 5181 an-

1066 5234 1163 5281 nuere
1177 5220 1328 5290 xolentes,
1351 5229 1522 5291 omnesque
1543 5219 1574 5274 et
1593 5212 1732 5289 singulas
1746 5227 1813 5292 per·

1064 5329 1169 5386 sonas,
1198 5325 1331 5389 quarum
1359 5308 1464 5369 lavore
1491 5314 1665 5386 praesentes
1691 5316 1813 5369 nostrae

1066 5405 1172 5466 literae
1193 5408 1430 5476 concernunt,a
1453 5399 1614 5478 quibusvis
1637 5416 1814 5462 excommu-

1066 5497 1228 5559 nicationis
1259 5504 1291 5558 et
1321 5493 1479 5557 interdicti
1515 5492 1644 5571 aliisque
1673 5491 1815 5554 ecclesia-

1064 5590 1148 5652 sticis
1167 5589 1319 5664 censuris,
1341 5586 1505 5650 sententiis
1527 5594 1557 5648 et
1578 5587 1685 5664 poenis
1706 5585 1815 5664 quovis

1066 5681 1157 5746 modo
1178 5691 1209 5744 et
1231 5695 1426 5760 quacumque
1439 5678 1478 5740 de
1493 5695 1581 5741 causa
1604 5678 1683 5755 latis,
1699 5680 1723 5741 si
1739 5695 1815 5758 quas

1066 5777 1146 5840 iorte
1167 5773 1370 5848 incurrerint,
1391 5771 1483 5835 buius
1507 5779 1630 5835 tantum
1652 5772 1697 5833 rei
1719 5772 1814 5849 gratia

1066 5868 1260 5932 absolventes
1280 5875 1313 5927 et
1334 5865 1484 5928 absolutas
1506 5865 1573 5927 lore
1593 5871 1766 5940 censentes,
1782 5882 1815 5926 ac

1066 5961 1137 6025 dicti
1159 5959 1242 6022 Petri
1263 5958 1326 6022 Vaz
1342 5958 1479 6022 Caldeira
1494 5956 1743 6020 testamentariae
1756 5955 1816 6024 dit·

1725 541 1782 626 sti
1834 561 1932 616 asc.
1953 541 2020 614 tasi
