4722 6976
928 584 1069 639 buosen.
1093 582 1148 639 vlt.
1729 559 1788 634 eoa
1838 571 1891 624 un.
1906 569 1936 626 c.
1958 563 2026 628 tall

473 701 559 778 etus
582 698 799 776 EPlSGOPUS
1064 708 1162 773 latum
1192 708 1338 792 oppidum
1366 705 1542 787 Hungouar
1572 708 1750 772 translatam
1775 723 1809 770 ac

806 871 812 884 ,
1064 812 1214 884 perpetuo
1238 804 1439 868 constitutam
1459 805 1524 882 pari
1552 802 1734 867 auctoritate
1755 817 1810 865 no·

451 887 561 939 ⁸⁰fV¹¹⁸
582 888 737 940 ⁸⁹W⁰i¹¹¹¹¹
759 869 822 950 ⁰⁰¹2
1064 901 1127 963 stra
1147 901 1265 963 censeri
1286 899 1432 962 volumus
1453 907 1545 976 atque
1566 897 1755 962 mandamus.

384 992 421 1060 ad
442 999 614 1077 perpetuant
636 993 680 1060 rei
709 993 889 1060 nemoriani.
1105 995 1124 1070 ἓ
1145 993 1173 1055 3.
1200 993 1376 1056 Praesentes
1402 1000 1507 1055 autem
1535 991 1640 1054 literas
1661 997 1692 1054 et
1712 991 1745 1054 in
1766 989 1810 1054 eis

1065 1093 1211 1150 contenta
1232 1101 1445 1165 quaecumque
1466 1084 1554 1147 nullo
1573 1100 1709 1165 unquam
1732 1091 1810 1148 tem-

305 1183 458 1246 llomanos
471 1182 733 1247 decetPontiilces
754 1180 886 1244 intentis
902 1177 1011 1242 studiis
1066 1181 1197 1257 perede
1218 1178 1425 1258 subreptionis
1445 1177 1496 1240 rel
1511 1177 1701 1256 obreptionis
1722 1179 1810 1256 vitio,

265 1276 410 1354 curisque
430 1274 557 1338 solicitis
578 1276 697 1338 assidue
724 1275 855 1349 conniti,
871 1281 917 1346 nt,
932 1287 1011 1350 quae
1067 1289 1121 1336 seu
1143 1272 1327 1336 intentionis
1348 1280 1471 1334 nostrae
1485 1271 1536 1334 vel
1557 1273 1666 1350 quovis
1687 1272 1747 1334 alio
1761 1274 1813 1336 de·

265 1371 302 1432 ad
323 1369 510 1447 promptiora
530 1369 693 1446 religionis
713 1367 827 1430 auxilia
856 1364 938 1428 fideli
959 1380 1011 1443 po·
1068 1367 1150 1430 lectu
1165 1366 1276 1442 notam,
1286 1365 1464 1445 impugnari
1479 1365 1529 1428 rel
1541 1365 1702 1430 invalidarl
1713 1383 1811 1446 posse,

265 1461 340 1540 pulo
355 1462 558 1540 impertienda
574 1469 605 1524 et
619 1461 656 1524 ad
672 1461 842 1524 feliciorem
855 1473 1011 1521 sacrorum
1068 1461 1119 1523 sed
1141 1476 1265 1539 semper
1283 1459 1398 1522 validas
1419 1467 1450 1522 et
1474 1459 1608 1522 efficaces
1629 1463 1761 1524 existere
1781 1471 1814 1525 et

266 1557 452 1619 antistitum
477 1563 603 1632 statum,
635 1564 729 1633 atque
759 1555 795 1616 ad
822 1552 921 1616 divini
948 1551 1012 1616 cul·
1068 1555 1146 1630 lore,
1161 1571 1295 1634 suosque
1310 1553 1461 1632 plenarios
1483 1562 1513 1616 et
1534 1555 1668 1632 integros
1688 1557 1813 1620 allectus

267 1654 317 1710 tus
331 1647 529 1726 splendorem
541 1650 726 1722 conducant,
739 1645 807 1708 utili
820 1643 1013 1724 providentia
1068 1647 1172 1710 sortiri
1184 1653 1276 1725 atque
1286 1647 1428 1709 obtinere
1445 1645 1569 1723 debere,
1582 1656 1612 1711 et
1626 1648 1652 1708 si
1666 1664 1753 1716 secus
1763 1665 1814 1712 sn·

266 1748 497 1820 comparentur.
1070 1740 1187 1821 perbis
1201 1759 1216 1802 a
1231 1755 1387 1820 quoquam
1401 1740 1508 1819 quavis
1522 1742 1703 1804 actoritate
1716 1742 1814 1806 scien·

307 1835 366 1912 gl.
380 1835 425 1898 Eo
437 1851 491 1896 nos
501 1833 631 1897 consilio
642 1832 819 1911 excepimus
830 1831 1013 1893 relationem
1072 1843 1119 1897 ter
1140 1835 1190 1897 vel
1212 1835 1393 1912 ignoranter
1414 1835 1578 1912 contigerit
1600 1837 1757 1912 attentari,
1774 1838 1813 1899 ir-

267 1944 369 2006 nuper
390 1927 524 1990 habitam
539 1928 577 1990 de
592 1927 629 1988 iis
650 1941 728 2004 quae
748 1931 885 2004 spectant
900 1925 936 1987 ad
951 1923 1014 2000 epi·
1071 1929 1170 1992 ritum
1185 1936 1216 1990 et
1237 1928 1331 1990 inane
1351 1928 1559 1990 decernimus.

267 2020 420 2102 scopalem
441 2019 602 2082 ecclesiam
624 2018 893 2082 llunltacsiensem
915 2017 1013 2093 graeci
1111 2023 1130 2098 ᾗ
1151 2021 1181 2083 t.
1204 2019 1273 2084 Non
1287 2020 1488 2095 obstantibus,
1505 2031 1658 2101 quatenus
1673 2038 1749 2103 opos
1762 2025 1813 2100 sit,

269 2116 350 2176 ritus
371 2113 402 2176 S.
418 2114 574 2175 Romanae
588 2112 740 2176 Ecclesiae
760 2112 840 2173 ttniti
862 2112 895 2173 iu
917 2125 1015 2186 regnu
1073 2117 1234 2195 quibusvis
1249 2113 1519 2177 constitutionibus
1529 2121 1560 2177 et
1570 2116 1816 2181 ordinationibus

269 2206 454 2282 Hungariae.
479 2205 654 2268 Constituti
674 2206 757 2267 enim
780 2223 796 2266 a
819 2204 870 2266 iel.
895 2202 1013 2265 record.
1073 2207 1259 2286 apostolicis;
1281 2205 1452 2285 privilegiis
1479 2217 1654 2287 quoquest
1675 2211 1814 2287 indultis,

271 2299 433 2363 Clemente
454 2298 510 2360 PP.
534 2295 613 2361 xlv.
644 2295 876 2376 praedecessore
897 2305 1014 2368 nostro,
1073 2301 1200 2379 aliisque
1222 2299 1383 2362 contrariis
1404 2300 1661 2380 quibuscumque.

271 2407 415 2470 persnas
437 2390 540 2452 literas
561 2389 738 2470 apostolicas
765 2392 848 2453 datas
869 2405 940 2452 utri.
963 2387 1017 2450 ua-
1113 2393 1181 2468 gb.
1205 2390 1290 2454 Nulli
1311 2407 1386 2469 ergo
1404 2393 1534 2455 omnino
1549 2394 1713 2458 bominum
1729 2396 1817 2460 liceat

270 2485 376 2548 lendas
398 2485 531 2548 octobris
550 2485 623 2548 anni
645 2484 767 2547 Domini
793 2481 952 2545 millesimi
971 2496 1019 2542 se-
1074 2488 1215 2568 paginam
1237 2489 1316 2548 banc
1335 2493 1513 2550 nostmrum
1533 2488 1710 2565 sanationis,
1733 2507 1819 2553 reva-

271 2578 507 2656 ptingentesimi
540 2578 757 2657 septuagesimi
789 2574 902 2654 primi,
938 2574 1019 2636 nova
1074 2578 1818 2660 lidationis,translationis,constitutionis,man·

271 2671 433 2751 episcopali
453 2673 526 2734 sede
540 2679 571 2734 et
585 2671 751 2736 cathedrali
767 2670 891 2733 ecclesia
912 2670 945 2730 in
966 2683 1018 2746 op·
1074 2675 1148 2750 dati,
1171 2673 1285 2738 decreti
1307 2689 1341 2736 ac
1360 2673 1530 2738 voluntatis
1555 2674 1738 2753 intringere,
1768 2679 1819 2742 rel

271 2767 356 2844 pido,
379 2773 556 2842 nuncupato
582 2764 743 2840 llunkacs,
764 2763 947 2840 cognitique
968 2761 1018 2823 de·
1075 2771 1103 2830 ei
1117 2785 1194 2830 ausu
1210 2768 1375 2829 temerario
1396 2769 1562 2832 contraire.
1586 2769 1700 2848 Siquis
1714 2781 1819 2834 autent

272 2859 347 2921 inde
368 2859 426 2919 loci
448 2875 482 2920 ac
509 2857 632 2920 aedium
657 2857 800 2934 angustia
828 2856 1019 2933 aliarumque
1075 2863 1132 2925 hoc
1146 2869 1298 2924 attentare
1312 2861 1561 2940 praesumpserit,
1575 2862 1819 2941 indignationem

273 2967 381 3015 rerum
403 2951 505 3030 inopia
525 2959 556 3014 ct
577 2951 704 3012 adversi
726 2952 801 3013 caeli
822 2957 945 3025 natura,
967 2964 1018 3010 eu·
1074 2957 1297 3035 omnipotentis
1308 2955 1362 3018 Dei
1376 2973 1409 3019 ac
1420 2957 1579 3020 beatorum
1595 2958 1676 3022 Petri
1691 2969 1722 3023 et
1737 2960 1820 3024 Pauli

272 3045 401 3126 podiens
421 3045 524 3106 visum
544 3043 603 3105 luit
623 3046 765 3108 eamdem
785 3043 890 3106 sedent
904 3041 1019 3120 episco·
1075 3050 1294 3128 Apostolorum
1315 3049 1381 3111 eins
1402 3065 1434 3111 se
1456 3051 1579 3112 noverit
1599 3052 1811 3118 incursurum.

273 3140 375 3220 palem
401 3154 474 3202 cum
498 3127 670 3202 cathedrali
685 3138 809 3201 ecclesia
832 3145 865 3199 et
885 3135 1019 3215 capitulo
1116 3145 1227 3207 Datum
1248 3143 1363 3205 Romae
1379 3145 1457 3221 apud
1473 3143 1504 3207 S.
1521 3144 1645 3206 Mariam
1661 3146 1819 3222 Maiorem,

273 3232 464 3297 adulterum
486 3232 583 3309 magis
606 3231 746 3311 amplum
769 3241 800 3294 et
822 3231 1019 3294 commodum
1076 3253 1158 3300 anno
1180 3235 1399 3298 incarnationis
1420 3237 1597 3299 Dominicae
1618 3254 1820 3315 succorum,
1849 3253 1852 3262 ’

275 3324 422 3403 oppidum
443 3325 621 3402 Hungouar
642 3334 858 3405 nuncupatum
872 3322 1019 3386 transier—
1077 3347 1159 3393 nono
1181 3329 1326 3391 kalendas
1347 3331 1480 3406 augusti,
1507 3329 1701 3408 pontificatus
1724 3335 1820 3396 nostri

274 3435 322 3493 re,
344 3417 502 3496 simulque
522 3418 670 3480 dotationi
693 3425 755 3481 tam
772 3417 911 3497 Episcopi
928 3434 1021 3495 quam
1077 3439 1157 3486 anno
1179 3437 1271 3486 xvsti.

275 3510 403 3592 capituli
424 3519 454 3574 et
477 3511 649 3588 seminarii,
671 3529 742 3576 cunr
770 3511 901 3576 diversis
928 3513 1020 3574 etiam

276 3607 313 3670 ad
328 3605 528 3670 ecclesiastica
544 3605 689 3670 beneficia
700 3605 909 3684 spectantibus
921 3605 1019 3682 bonis,

275 3709 451 3782 opportune
471 3701 643 3781 providere.

317 3797 387 3876 52.
412 3796 577 3883 Comperto
605 3793 702 3871 igitur
722 3798 755 3859 in
777 3793 1021 3874 praesentiarum
1385 3801 1518 3868 Lxxlu,

277 3894 509 3960 translationem
530 3901 563 3955 et
583 3893 822 3972 assignationem
847 3893 1023 3957 huiusmodi

276 3993 311 4056 in
325 4004 480 4054 summam
501 3989 645 4051 ecclesiae
658 3990 784 4069 eiusque
807 3991 1023 4054 ministrorum
1081 3988 1273 4053 bucardum
1284 3989 1386 4054 Reduc
1402 3989 1509 4054 Slotcr
1524 3991 1657 4055 eloctum
1670 3993 1727 4072 Ep.
1745 3991 1824 4055 llus·

265 4101 312 4149 ac
333 4083 428 4146 totius
449 4083 552 4160 gregis
577 4083 695 4147 bonum
722 4099 878 4146 cessuram
898 4084 976 4159 lore,
998 4085 1023 4147 si
1119 4098 1189 4161 pou.
1218 4083 1281 4146 Vic.
1304 4085 1362 4161 Ap.
1386 4084 1605 4147 Promontoria'
1626 4087 1732 4148 Boane
1753 4086 1824 4164 Spei

277 4177 462 4259 apostolicae
485 4178 712 4256 approbationis
733 4177 828 4241 robur
852 4179 1023 4253 accesserit,
1119 4182 1150 4237 ct
1173 4178 1208 4239 ic
1230 4176 1308 4239 locis
1329 4177 1555 4242 adiacentibus
1574 4179 1668 4260 eligit
1689 4179 1745 4260 (l).

279 4291 315 4338 re
325 4273 470 4337 universi
484 4278 622 4336 accurate
633 4272 792 4351 perpensa,
804 4289 860 4334 nos
873 4289 926 4351 per
936 4271 1025 4336 hasce

279 4369 457 4448 apostolicas
478 4366 592 4442 literas,
609 4368 646 4429 de
660 4367 741 4428 certa
762 4366 888 4429 scientia
910 4373 940 4429 et
962 4383 1024 4428 ma·
1082 4361 1200 4430 Dilecto
1221 4361 1286 4429 titio
1309 4361 1445 4432 Eduardo
1466 4361 1568 4431 Bedae
1593 4363 1699 4432 Slater
1720 4365 1824 4433 tubau

280 4463 349 4526 tura
364 4461 586 4526 deliberatione
602 4462 714 4524 nostris
728 4459 828 4537 deque
847 4460 1026 4538 apostolicae
1122 4454 1192 4521 (trd.
1217 4452 1252 4521 S.
1277 4453 1433 4524 Benedicti
1456 4456 1640 4540 tnglioanac
1654 4454 1827 4544 congrega-

281 4553 1025 4637 potcstatisplenitncune,praoriaactorumom·
1121 4549 1212 4617 lionis
1245 4549 1273 4616 in
1306 4548 1483 4633 Episcopum
1512 4550 1666 4622 ecclesiae
1695 4549 1826 4636 uusmn.

282 4653 371 4715 nium
381 4649 541 4712 sanatione
551 4657 582 4711 et
594 4647 814 4710 revalidatione
827 4647 926 4728 quoad
941 4663 1027 4726 prae·
1122 4643 1223 4711 electo
1244 4646 1300 4725 (ἲ).

284 4744 423 4819 teritum,
438 4747 528 4822 atque
542 4741 676 4804 extincta
691 4740 722 4803 in
738 4741 890 4819 praedicta
903 4741 1027 4804 civitate

285 4836 510 4902 blanhacsiensi
541 4834 770 4898 cathedralitate
800 4841 832 4898 ct
863 4835 1028 4898 residentia
1330 4803 1499 4899 Plllss'l'.
1525 4831 1582 4898 uu.

283 4930 422 5010 Episcopi
443 4936 474 4993 et
496 4927 641 5006 Capituli,
663 4927 804 4990 eamdem
827 4927 1028 5006 episcopalem
1611 4942 1614 4952 ·

285 5024 396 5089 Sedem
417 5022 684 5086 llunlracsiensem
702 5021 802 5098 graeci
823 5021 902 5083 ritus
923 5020 955 5084 S.
969 5020 1027 5083 llo·
1363 5019 1479 5086 Dileole
1501 5019 1554 5100 uu,

285 5133 392 5182 manae
414 5117 566 5178 Ecclesiae
589 5115 681 5190 uniti,
703 5129 774 5176 cnm
795 5114 960 5177 cathedrali
982 5129 1029 5176 eo-
1117 5112 1246 5180 salutent
1268 5118 1300 5179 el
1321 5114 1518 5197 apostolicum
1541 5114 1792 5184 benedictionem.

285 5211 384 5285 clesid,
408 5209 553 5290 capitulo,
580 5207 665 5272 clero
684 5213 716 5268 et
737 5207 914 5282 seminario,
931 5207 1029 5286 firmis

285 5305 428 5368 omnibns
442 5311 474 5364 et
487 5301 619 5378 singulis
640 5300 727 5362 bonis
749 5316 783 5362 ao
797 5298 946 5362 reditibus
960 5299 1028 5363 uni·
1126 5302 1206 5366 Cum
1226 5301 1314 5365 nobis
1336 5302 1511 5366 innotuerit
1539 5319 1683 5381 magnam
1704 5305 1829 5366 catholi-

286 5399 397 5476 cuiqne
412 5413 523 5459 eorum
539 5395 707 5474 respective
722 5393 887 5470 adsignatis
902 5401 932 5456 et
947 5410 1029 5456 com·
1085 5411 1194 5460 corum
1214 5397 1332 5474 copiam
1354 5395 1385 5458 in
1408 5392 1624 5476 Promontorio
1638 5397 1740 5460 Bonae
1761 5395 1829 5477 Spei

286 5491 473 5571 petentibus,
491 5507 523 5550 ac
538 5489 627 5551 tlrntd
649 5488 765 5565 pariter
779 5487 1030 5550 denominatione
1085 5489 1118 5550 in
1147 5487 1249 5551 Airica
1275 5489 1346 5551 sine
1376 5488 1440 5551 ullo
1460 5488 1585 5552 Pastore
1603 5507 1637 5553 ac
1660 5490 1830 5555 Sanctuarii

287 5585 381 5665 ipsius
402 5581 643 5646 idunltacsiensis
664 5580 867 5660 episcopatus,
889 5582 925 5644 ad
945 5596 1030 5660 prae·
1086 5581 1229 5644 ministro
1256 5581 1385 5659 versari,
1408 5583 1448 5644 ita
1469 5590 1504 5646 ut
1529 5583 1585 5661 ipsi
1606 5591 1637 5646 ct
1660 5599 1832 5646 sacramen-

1331 3609 1569 3622 ffl

328 5852 359 5909 (l)
375 5855 412 5897 Ex
425 5852 489 5908 mog.
504 5852 577 5897 Brea.
592 5853 669 5908 cong.
685 5851 735 5896 vol.
750 5853 790 5908 11,
804 5861 863 5909 pag.
877 5852 925 5897 269.
1086 5853 1224 5900 uuuaruus
1238 5853 1280 5898 die
1294 5863 1358 5899 xvir.
1370 5851 1435 5898 maii
1448 5851 1474 5896 lt.
1485 5861 1509 5899 a.
1520 5863 1567 5908 pet·
1580 5851 1622 5898 lit.
1636 5851 1663 5898 in
1678 5851 1762 5898 {ormo
1776 5852 1832 5898 bre·

329 5919 359 5977 tt)
373 5919 534 5977 Episcopalie
547 5919 609 5966 eccl.
624 5921 729 5977 Ruspen
744 5919 771 5965 in
790 5917 910 5976 portibus
925 5919 974 5966 sub
987 5924 1032 5965 At·-
1087 5920 1127 5966 vis
1142 5923 1312 5974 apostolatus
1326 5922 1447 5974 effictum.

289 5987 484 6046 chlepiscopatu
499 5986 665 6044 cartaginem
677 5988 743 6032 erat.
754 5985 792 6032 nd
802 5996 859 6032 eam
872 5986 972 6034 electus
982 5986 1032 6033 luit
