4734 7004
347 528 446 584 nnc.
467 531 536 586 racc
586 533 626 596 qs

336 679 549 728 :timomachus
567 687 627 750 que
648 671 777 736 absimili
794 675 932 740 devehis
953 676 1176 740 benemerendi
1198 677 1308 738 volun-

335 733 548 850 Piifffflffss
568 770 641 839 tate,
665 768 699 828 ad
725 769 872 831 tollendas
898 771 1105 833 dubitationes
1134 785 1309 831 omnesne·

336 841 422 886 mmm
568 874 666 935 quum
684 863 862 924 censuimus
877 865 1074 928 constabilire
1088 867 1204 944 pariter
1219 866 1265 926 ius
1280 879 1311 924 e·

567 949 683 1028 ligendi
698 956 734 1016 ad
750 956 889 1035 quinque
901 959 1170 1022 archidiaconatus
1180 960 1310 1020 istarum

569 1047 796 1112 Cathedralium
815 1050 1038 1116 Ecclesiarum:
1063 1053 1239 1116 cavebimus
1260 1053 1311 1113 de-

567 1143 663 1222 nique
685 1160 725 1207 ne
742 1147 885 1226 deinceps
899 1145 1013 1209 dentur
1034 1148 1225 1210 coadiutores
1239 1160 1310 1208 cum

567 1237 672 1301 futura
697 1242 889 1303 successione
910 1241 944 1302 ad
972 1241 1139 1316 beneficia,
1162 1255 1240 1318 quae
1262 1237 1312 1299 vel

567 1331 743 1395 animarum
764 1351 882 1411 curam,
899 1337 948 1398 vel
963 1337 1147 1400 residentiae
1168 1351 1246 1397 onus
1260 1335 1312 1396 ha·

569 1425 643 1488 heht
664 1429 831 1504 adnexum,
852 1430 911 1491 nisi
932 1431 1019 1510 prius
1039 1431 1173 1492 exhibita
1195 1427 1313 1491 fuerint

570 1520 744 1582 testimonia
759 1523 949 1600 praesulum,
966 1524 1147 1603 inquorum
1170 1521 1314 1584 dioecesi-

571 1614 627 1676 bus
649 1614 796 1678 henelicia
818 1618 973 1680 existunt:
996 1620 1031 1679 ad
1047 1635 1098 1680 eos
1112 1618 1197 1680 enim
1220 1615 1313 1694 perti-

570 1715 623 1770 net
645 1708 836 1786 dignoscere,
860 1725 936 1772 num
959 1710 1157 1772 eeclesiarum
1186 1708 1312 1772 utilitati

569 1811 600 1865 el
612 1805 786 1882 petentium
801 1805 920 1866 meritis
935 1803 1146 1867 concessiones
1160 1802 1312 1866 eiusmodi

568 1898 770 1970 conveniant,
793 1898 1055 1976 quemadmodum
1074 1898 1164 1960 etiam
1187 1897 1220 1958 in
1240 1896 1313 1958 alio·

483 2017 486 2026 ·
570 2007 639 2052 rum
659 1990 881 2053 beneficiorum
903 1991 1117 2054 collationibus
1132 1992 1313 2052 eorumdem

569 2083 803 2147 Ordinariorum
833 2086 1036 2148 attestationis
1064 2100 1159 2165 aequa
1190 2084 1314 2146 habebi·

569 2186 621 2241 tur
642 2179 730 2240 ratio.

364 2275 553 2322 decretumne
609 2273 628 2348 ἓ
649 2273 676 2334 3.
701 2271 880 2338 Secundum
901 2274 1046 2353 epistolae
1067 2282 1158 2354 caput
1178 2276 1315 2353 pertinet

338 2329 433 2376 nedictl
444 2330 503 2375 xlv.
520 2328 552 2374 de

338 2381 552 2493 ggssltigtgiuffinlffle
571 2368 605 2428 ad
633 2385 675 2428 sa.
704 2384 766 2429 1ne.
797 2369 953 2430 Benedicti
982 2368 1063 2432 xlv.
1091 2370 1251 2431 decretum
1277 2369 1314 2430 de

338 2489 387 2535 eus
423 2489 552 2536 hereneus
571 2475 634 2524 non
647 2462 818 2524 tribuendis
833 2463 964 2540 amplius
979 2462 1152 2543 apostolicis
1166 2463 1315 2542 provisio·

337 2543 553 2653 fflffuglfssffl
571 2554 662 2616 nihus
683 2571 738 2633 pro
760 2555 879 2617 duobus
892 2557 1049 2618 beneficiis
1069 2572 1141 2618 cum
1162 2573 1234 2618 eura
1250 2556 1313 2617 ani·

336 2648 551 2760 ffilffibrfflg
572 2663 704 2722 marum,
721 2647 801 2726 quod
823 2650 951 2727 quidem
969 2666 1068 2727 quum
1090 2666 1247 2713 sacrorum
1267 2667 1314 2712 ca-

337 2757 549 2820 ugnrrtcar,‚nrsr
570 2757 690 2803 nonum
721 2750 751 2803 et
780 2743 954 2806 Tridentini
986 2743 1115 2806 concilii
1145 2743 1313 2821 prescripto

337 2809 552 2910 {gsissflffiigssffi
569 2835 775 2914 plurimisque
790 2837 980 2916 Apostolicae
996 2836 1082 2901 Sedis
1103 2838 1314 2900 sanctionibus

337 2919 552 3018 flfflffiffij
569 2939 814 2993 consentaneum
830 2933 880 3006 sit,
897 2947 1077 3010 persuasum
1093 2949 1158 2994 esse
1172 2933 1314 3012 cupimus

569 3022 753 3086 fraternitati
770 3032 840 3087 tuae
854 3025 994 3102 abrogari
1016 3027 1196 3103 neutiquam
1214 3042 1312 3104 posse:

569 3117 710 3180 consulto
737 3120 822 3182 enim
847 3120 1092 3198 sapientissimus
1118 3119 1258 3181 Pontifex
1280 3121 1311 3181 in

569 3213 628 3276 isto
650 3215 832 3293 praesertim
854 3214 996 3276 Poloniae
1017 3213 1125 3291 Regno
1146 3218 1204 3278 hoc
1225 3217 1313 3278 duxit

570 3324 635 3371 esse
656 3309 869 3384 sanciendum,
893 3325 933 3371 ne
954 3310 992 3372 ah
1012 3309 1229 3388 exemplorum
1255 3308 1315 3372 fre·

570 3405 708 3484 quentia,
725 3420 802 3482 quae
822 3402 954 3482 plurima
977 3403 1174 3482 irrepserant,
1197 3405 1313 3466 invale-

570 3509 668 3564 sceret
696 3500 800 3578 opinio
825 3515 863 3560 err
887 3499 1039 3562 contraria
1069 3499 1312 3576 consuetudine,

569 3594 803 3658 saluberrimam
825 3595 904 3656 hunc
919 3593 1021 3671 legem
1043 3593 1137 3656 luisse
1150 3593 1313 3668 sublatam,

570 3691 617 3752 cui
640 3689 777 3768 prolecto
802 3689 861 3751 nisi
883 3705 921 3750 eu
942 3689 1130 3766 gravissimis
1158 3688 1312 3749 rationum

571 3783 750 3859 momentis,
776 3781 926 3860 derogare
950 3797 1112 3860 nunquam
1141 3779 1221 3844 licet.
1245 3781 1314 3842 Pos-

570 3885 644 3941 sunt
665 3879 810 3956 equidem
822 3877 991 3956 peculiares
1013 3878 1162 3956 quaedam
1185 3877 1314 3939 circum·

570 3973 701 4035 stantiae
722 3972 834 4034 iustam
856 3971 1019 4050 aliquando
1035 3969 1231 4048 suppeditare
1245 3987 1315 4032 cau-

569 4084 645 4138 sam,
668 4083 724 4129 cur
744 4083 759 4126 a
782 4064 939 4129 communi
962 4063 1042 4140 lege,
1058 4065 1124 4125 sive
1145 4066 1249 4128 eadem
1266 4079 1316 4126 ec·

570 4160 734 4224 cleslastica
749 4160 801 4235 sit,
816 4161 881 4220 sive
895 4158 1004 4231 civilis,
1020 4157 1189 4236 dispensari
1204 4167 1312 4236 queat:

570 4257 711 4335 hancque
727 4255 766 4315 ob
781 4270 902 4317 causan:
924 4259 1030 4315 nostro
1052 4262 1083 4315 et
1104 4267 1314 4315 successorum

571 4357 751 4412 nostrorum
764 4348 890 4411 arbitrio
903 4361 1097 4409 reservamus
1110 4349 1186 4407 hanc
1195 4346 1316 4422 dispeu-

570 4443 658 4504 sandi
671 4443 702 4504 in
714 4441 833 4503 duobus
844 4441 1013 4516 benefieiis,
1024 4455 1129 4503 curam
1141 4439 1315 4503 animarum

573 4536 769 4610 habentibus,
791 4542 988 4615 potestatem,
1011 4535 1267 4614 quotiescumque
1287 4536 1315 4596 id

572 4630 722 4692 suadeant
743 4628 840 4691 iustae
863 4635 1074 4706 urgentesque
1096 4644 1213 4703 causae,
1240 4643 1316 4707 quae

572 4723 758 4786 Antistitum
777 4727 808 4782 et
829 4720 985 4799 apostolici
1007 4719 1121 4784 Nuncii
1139 4722 1317 4783 testimonio

572 4817 825 4895 comprobentur,
854 4822 945 4892 atque
968 4814 1040 4877 huic
1067 4813 1248 4894 apostolicae
1269 4815 1317 4877 in-

573 4911 752 4987 dulgentiae
767 4926 803 4972 eo
824 4907 941 4972 facilior
964 4909 1079 4986 patebit
1101 4908 1211 4984 aditus,
1228 4909 1253 4970 si
1270 4926 1317 4970 res

573 5005 633 5066 erit
655 5005 691 5066 de
707 5002 882 5064 obtinendis
897 5002 1015 5064 duobus
1038 5002 1317 5080 incompatibilibus

574 5097 743 5170 beneficiis,
767 5095 879 5174 quibus
906 5111 979 5156 cura
999 5096 1175 5158 animarum
1203 5095 1317 5158 adiecta

575 5207 638 5254 non
661 5191 766 5253 fuerit.

356 5298 419 5352 curu
432 5307 506 5396 algere
517 5297 557 5344 ue·
614 5288 633 5362 5
655 5286 683 5346 4.
707 5284 796 5347 Doles
817 5285 909 5347 tertio
924 5284 990 5346 loco
1005 5284 1042 5346 de
1058 5283 1155 5345 nimia
1170 5286 1318 5364 praelato-

343 5351 557 5462 Eiiiri'tru'flisrffii}
576 5397 647 5442 rum
678 5379 867 5456 regularium
896 5379 1039 5442 lacilitate
1064 5381 1096 5441 in
1129 5379 1319 5458 expellendis

343 5457 557 5570 ssssffl'ffluffss
577 5474 727 5550 religiosis
748 5473 938 5549 hominibus,
962 5475 1015 5551 qui
1037 5473 1122 5535 nulla
1146 5475 1262 5535 ratione
1284 5475 1319 5535 ad

345 5577 402 5611 rum
427 5563 558 5663 praesuu-
577 5569 687 5630 honam
717 5567 840 5644 frugem
862 5583 918 5646 per
939 5585 990 5630 eos
1018 5569 1153 5630 revocari
1181 5575 1319 5646 possunt,

344 5619 557 5728 gissamarem,
577 5678 673 5740 eaque
689 5668 813 5741 propter
830 5663 1055 5739 incorrigibiles
1071 5663 1227 5736 dicuntur,
1241 5659 1320 5740 quod

344 5729 559 5842 {iffai'igiiii'prsspt-
577 5757 703 5835 quidem
725 5771 852 5832 gravem
875 5756 1030 5834 Episcopis
1052 5756 1235 5829 molestiam,
1258 5771 1322 5816 sae·

344 5843 443 5878 ⁰⁰⁰⁰¹¹¹
480 5831 558 5878 Μ’·
576 5850 673 5913 culari
689 5860 792 5912 autem
809 5851 890 5912 clero
913 5849 1117 5926 ignominiam
1134 5847 1238 5924 infert,
1254 5856 1319 5910 turn

345 5889 424 5946 'uma'
577 5946 675 6020 enim,
698 5951 853 6025 assumpto
876 5943 1006 6006 clericali
1031 5943 1146 6018 habitu,
1169 5943 1322 6022 elilUssiO'

458 5617 558 5674 religio·

1087 555 1152 602 IUR·
1176 557 1267 603 PONT·
1292 557 1332 602 ut:
1353 558 1382 602 P·
1405 558 1435 603 F.
1459 559 1541 605 PARS
1562 559 1583 604 l.

2139 538 2192 591 An.
2207 541 2236 592 (l.
2263 537 2339 590 1760

1366 677 1414 738 nis
1435 675 1595 740 infamiam
1617 678 1740 758 operire
1760 683 1916 756 satagunt,
1932 678 2008 757 quin
2032 677 2110 739 inte·

1367 771 1462 833 rima
1491 774 1591 836 veteri
1618 774 1767 853 pravitate
1794 779 1826 834 et
1848 790 1863 834 a
1886 772 2015 852 peccatis
2037 771 2111 832 resi·

1367 867 1497 945 piscant:
1522 883 1581 945 qua
1602 867 1635 929 in
1650 881 1695 941 re,
1713 866 1838 949 praelati
1851 865 2008 944 regulares
2024 864 2110 940 igno·

1366 976 1434 1021 rare
1465 960 1648 1038 neutiquam
1678 960 1810 1034 dehent,
1842 959 1917 1037 quid
1947 957 2110 1021 canonicae

1366 1055 1541 1118 sanctiones
1567 1055 1640 1134 ipsis
1667 1055 1920 1134 praescripserint
1946 1054 2113 1114 observan-

1367 1151 1453 1224 dum,
1476 1158 1643 1229 antequam
1658 1151 1693 1214 ad
1709 1150 1858 1214 ultimum
1880 1151 1938 1212 hoc
1952 1147 2113 1211 eiectionis

1368 1244 1541 1306 remedium
1569 1245 1755 1320 deveniant,
1779 1244 1927 1322 quidquid
1950 1250 2113 1321 postquam

1368 1337 1457 1400 eiecti
1478 1337 1614 1414 fuerint,
1637 1340 1674 1401 ah
1696 1339 1804 1401 iisdem
1826 1337 2000 1400 faciendum
2028 1335 2113 1398 iuxta

1369 1431 1535 1494 decretales
1562 1431 1681 1494 litteras
1701 1431 1841 1509 Gregorii
1863 1431 1915 1497 lx.
1947 1429 2113 1493 decessoris

1369 1527 1466 1589 nostri
1490 1527 1524 1587 iu
1549 1529 1624 1604 dap.
1640 1527 1731 1606 finali
1754 1529 1790 1590 de
1805 1524 2039 1606 Regulorihatm
2061 1525 2113 1587 de-

1369 1619 1443 1682 bent
1465 1622 1550 1682 enim
1564 1621 1696 1698 siugulis
1717 1622 1806 1683 annis
1821 1623 1944 1683 eosdem
1966 1619 2113 1698 interpel-

1369 1713 1432 1776 lare
1453 1731 1486 1776 ac
1507 1714 1730 1792 requirerent
1750 1717 1785 1778 ad
1808 1714 2029 1793 poenitentiam
2050 1714 2113 1776 suis

1369 1808 1401 1870 in
1425 1807 1587 1872 Coenobiis
1601 1809 1751 1885 agendam
1766 1813 1976 1870 revertantur.
1994 1809 2114 1870 interea

1369 1918 1444 1964 vero
1475 1918 1565 1964 nosse
1595 1904 1688 1965 etiam
1711 1911 1739 1964 te
1767 1911 1904 1980 oportet,
1934 1903 2015 1980 quod
2040 1900 2113 1963 tales

1369 1997 1458 2058 eiecti
1480 1998 1517 2058 ah
1535 1997 1682 2059 ordinum
1703 1997 1852 2058 exercitio
1866 1995 2005 2073 suspensi
2026 2003 2112 2066 suut,

1369 2090 1446 2167 quin
1467 2091 1584 2170 possint
1605 2089 1758 2154 Ordinarii
1778 2090 1918 2152 locorum
1938 2089 2114 2167 suspensio-

1371 2199 1443 2246 nem
1467 2185 1544 2246 hanc
1565 2184 1719 2260 relaxare:
1743 2185 1818 2246 haec
1839 2184 1863 2244 si
1887 2185 1945 2245 rite
1967 2199 2021 2261 per
2042 2181 2114 2259 Epi-

1369 2294 1475 2356 scopos
1503 2278 1792 2340 animadvertantur
1819 2285 1911 2356 atque
1932 2285 2111 2350 serventur,

1370 2372 1455 2436 nulla
1477 2373 1536 2434 erit
1558 2377 1613 2434 hac
1635 2373 1726 2434 dere
1748 2373 1952 2450 imposterum
1974 2370 2114 2449 querela-

1370 2487 1441 2534 rum
1457 2469 1585 2532 occasio.
1602 2469 1765 2532 Caeterum
1781 2469 1806 2529 si
1820 2467 2012 2544 regularium
2027 2482 2115 2546 prae·

1370 2567 1503 2630 latorum
1516 2565 1604 2644 culpa
1627 2563 1827 2642 negligantur
1848 2561 1949 2636 isthic,
1961 2577 2039 2638 quae
2054 2561 2113 2622 rite

1369 2661 1594 2740 praemittenda
1614 2665 1687 2720 sunt
1709 2664 1780 2718 ante
1801 2655 1998 2728 eiectionem,
2021 2671 2112 2732 quae-

1369 2770 1429 2834 que
1444 2752 1585 2815 eamdem
1600 2751 1744 2828 consequi
1760 2748 1884 2823 dehent,
1902 2758 1969 2810 tum
1983 2749 2113 2810 sanctio-

1370 2865 1425 2911 nes
1437 2844 1587 2908 eiusmodi
1600 2859 1760 2917 renovare,
1778 2859 1920 2920 novoque
1933 2840 2113 2919 apostolicae

1370 2940 1573 3006 firmitudinis
1587 2937 1704 3000 calculo
1723 2937 1868 2998 roborare
1882 2935 1977 3014 parati
1991 2950 2112 3009 sumus,

1369 3045 1403 3100 ut
1432 3033 1632 3098 ecclesiastica
1660 3031 1834 3110 disciplina,
1862 3046 1920 3107 qua
1946 3028 2034 3090 nohis
2065 3028 2112 3089 ni-

1368 3132 1412 3194 hil
1433 3129 1591 3207 antiquius
1612 3132 1670 3202 est,
1692 3133 1795 3187 sancte
1814 3123 1992 3201 illibateque
2012 3130 2112 3184 custo-

1369 3226 1481 3288 diatur.

1407 3320 1475 3395 §d
1500 3317 1613 3392 Quarto
1636 3315 1722 3377 triste
1740 3311 1906 3374 admodum
1928 3311 2015 3374 nohis
2036 3311 2111 3374 acci·
2139 3323 2354 3388 pposmrrcacua-

1369 3416 1413 3478 dit
1435 3383 1629 3490 intelligere,
1652 3408 1691 3471 ob
1711 3421 1865 3470 summam
1887 3423 2041 3470 sacrarum
2065 3424 2112 3470 re·
2130 3379 2351 3494 {lffrlgffif’fllfj

1370 3523 1440 3571 rum
1469 3481 1688 3583 ignorantiam,
1711 3503 1892 3578 depravatos
1920 3515 2021 3562 mores
2048 3516 2112 3562 cor·
2131 3483 2290 3586 ζξῇᾞῃξῑζῗ
2312 3487 2355 3586 ffilj

1369 3609 1555 3678 ruptamque
1577 3598 1646 3659 lidei
1668 3596 1851 3669 doctrinam,
1872 3593 2008 3656 liutheni
2031 3594 2113 3657 Cleri
2131 3595 2248 3699 {iffi}
2258 3595 2356 3694 ggncdah

1369 3694 1575 3758 conditionem
1598 3691 1641 3753 sic
1662 3690 1806 3751 miseram
1827 3695 1857 3750 et
1879 3686 2062 3763 luctuosam,
2079 3696 2113 3750 ut
2132 3697 2232 3762 ttpoueae
2245 3701 2357 3764 :arigio-

1370 3787 1457 3848 valde
1469 3784 1645 3847 timeudum
1655 3783 1706 3856 sit,
1720 3781 1905 3846 catholicam
1917 3780 2113 3856 Religionem
2132 3753 2356 3866 grischss‘ri'diiiss

1370 3881 1402 3943 in
1418 3895 1454 3942 eo
1469 3878 1556 3940 brevi
1571 3875 1781 3949 interituram,
1794 3874 1854 3935 nisi
1869 3875 2112 3952 quamprimum,
2133 3863 2267 3918 ll⁰¹¹¹¹¹¹¹l

1371 3971 1508 4054 praeside
1536 3968 1710 4047 Apostolico
1738 3965 1876 4040 Nuncio,
1899 3964 2027 4044 aliisque
2050 3965 2114 4026 lati-

1372 4069 1420 4130 nis
1441 4064 1597 4144 Episcopis
1624 4061 1849 4136 adsidentibus,
1873 4075 1952 4122 nova
1975 4056 2116 4137 Synodus

1371 4165 1595 4236 congregetur:
1620 4153 1700 4235 quod
1726 4153 1852 4233 quidem
1875 4169 1910 4215 eo
1933 4151 2116 4231 perstrinxit

1371 4257 1471 4318 acrius
1492 4255 1633 4316 animum
1661 4258 1816 4325 nostrum,
1838 4249 1909 4327 quia
1938 4247 2031 4327 probe
2053 4263 2116 4308 me-

1372 4349 1522 4411 minimus
1549 4361 1611 4407 non
1635 4345 1675 4406 ita
1700 4343 1832 4422 pridem,
1860 4357 1942 4403 anno
1964 4340 2118 4402 nimirum

1372 4456 1526 4516 noccxx,
1536 4438 1672 4500 habitam
1684 4437 1775 4499 fuisse
1785 4437 2027 4498 Zamosciensem
2040 4429 2117 4511 Syn-

1372 4535 1478 4609 odurn,
1511 4532 1563 4594 ubi
1592 4547 1696 4594 eoram
1725 4529 1897 4609 Apostolico
1924 4525 2044 4589 Nuncio
2072 4541 2118 4588 se-

1372 4627 1445 4688 dulo
1467 4631 1649 4704 pertractata
1670 4631 1743 4685 sunt
1767 4631 1858 4702 atque
1880 4623 1999 4684 firmata
2028 4636 2120 4700 quae-

1373 4734 1507 4798 cumque
1527 4716 1563 4778 ud
1585 4717 1820 4780 custodiendum
1839 4715 1907 4778 hdci
1929 4713 2116 4793 depositum,

1373 4815 1409 4876 ad
1431 4815 1611 4876 catholicam
1640 4814 1792 4874 unitatem
1820 4811 2023 4882 servandam,
2049 4822 2119 4886 pro

1374 4907 1624 4984 movendamque
1638 4921 1762 4967 morum
1778 4905 1968 4983 disciplinam
1981 4919 2120 4965 necessa-

1373 5005 1418 5066 ria
1439 5010 1513 5064 sunt
1535 5002 1616 5076 visa;
1639 5001 1726 5062 cuius
1747 5007 1852 5061 autem
1868 4998 1984 5076 Synodi
1999 4999 2119 5059 decretu

1374 5094 1611 5174 diligentissime
1639 5094 1725 5172 prius
1751 5108 1899 5170 expensa,
1923 5091 2119 5166 postmodum

1375 5208 1449 5253 vero
1470 5207 1485 5250 a
1507 5189 1645 5252 Summis
1666 5186 1864 5248 Pontificibus
1886 5184 2067 5246 innocentio
2089 5191 2120 5244 et

1376 5285 1539 5348 Benedicto
1563 5282 1660 5344 tertiis
1682 5281 1805 5343 decimis
1826 5279 2037 5342 decessoribus
2065 5295 2120 5340 no-

1375 5380 1447 5442 stris
1468 5377 1642 5455 approbata,
1665 5375 1714 5436 vel
1738 5375 1770 5436 in
1793 5391 1848 5436 suo
1870 5374 1979 5436 robore
2002 5389 2120 5451 perma-

1376 5489 1463 5548 nere,
1487 5470 1592 5533 velud
1616 5469 1841 5530 observantiam
1868 5467 1956 5528 facile
1983 5467 2120 5528 revocari

1377 5585 1463 5646 posse
1485 5565 1686 5627 arbitramur:
1711 5579 1814 5641 ueque
1835 5577 1891 5622 nos
1912 5561 2026 5640 pariter
2047 5559 2122 5620 latet

1376 5660 1576 5723 solertissima
1592 5675 1663 5720 cura
1678 5656 1834 5718 Benedicti
1851 5654 1946 5729 XIV„
1963 5654 2014 5732 qui
2031 5653 2123 5716 Grae*

1376 5771 1485 5817 corum
1507 5752 1649 5814 omniunt
1665 5749 1803 5812 catholici
1825 5748 1912 5812 Orbis
1929 5747 2063 5824 negociis
2077 5762 2121 5806 sa·

1378 5849 1570 5926 pientissirue
1581 5845 1749 5923 prospexit,
1761 5849 1793 5904 et
1804 5841 2021 5906 Ruthenorum
2038 5855 2123 5918 prae-

1378 5943 1486 6006 sertim
1508 5939 1687 6018 amplissimi
1710 5937 1796 6000 istius
1819 5935 1916 6012 Regni
1940 5951 1974 5996 ea
1996 5935 2124 6012 hpusto-
