4722 6976
72 561 155 618 mc.
174 553 238 611 rsrt
1736 550 1796 622 aaa
1845 557 1945 616 amc.
1966 547 2036 614 ta1t

932 567 1004 618 PIUS
1023 567 1074 617 PP-
1098 567 1155 618 vlt.

265 690 456 769 caeterisque
470 691 630 756 contrariis
644 691 901 771 quibuscumque.
916 687 1013 753 votu-
1064 704 1182 752 sessore
1216 691 1464 770 congregationis
1496 694 1724 759 venerabilium
1755 694 1814 758 lra-

265 799 335 848 mus
357 791 472 860 tamen,
492 791 524 846 et
545 785 654 848 eadem
667 786 850 848 auctoritate
864 783 1011 863 praecipi·
1067 789 1151 844 trum
1172 790 1353 847 nostrorum
1375 785 1405 850 S.
1423 786 1459 848 ll.
1476 787 1511 850 ll.
1536 787 1749 851 cardinalium
1770 805 1815 849 sa·

264 893 333 940 mus
355 887 448 956 atque
468 876 677 952 decernimus,
697 879 779 956 quod
800 877 859 940 uisi
880 878 1012 956 receptis
1065 875 1123 937 cris
1144 875 1255 938 ritibus
1283 879 1540 958 praepositorum,
1563 880 1709 943 universo
1731 881 1815 943 clero

264 988 280 1031 a
300 977 332 1032 te
353 985 409 1050 per
433 970 551 1033 dictum
573 971 755 1034 antistitem
783 971 960 1033 iuramento
980 977 1012 1032 et
1065 975 1307 1032 memoratarum
1328 971 1504 1036 dioecesum
1525 973 1595 1036 testi
1615 974 1692 1036 sacri
1708 973 1816 1037 Gordis

259 1063 454 1142 professione
483 1065 555 1128 fidei
584 1065 762 1128 huiusmodi
790 1066 855 1144 ipsa
875 1065 1012 1128 Antistes
1064 1061 1133 1124 lesu
1162 1063 1330 1140 peragendi
1351 1064 1478 1128 inferia
1510 1083 1552 1128 vr.
1576 1074 1644 1144 past
1673 1073 1815 1130 octavam

264 1157 503 1220 consecrationis
526 1174 641 1220 munus
661 1159 719 1221 tibi
746 1159 939 1238 impendere,
963 1166 1011 1220 tu·
1066 1153 1120 1217 SS.
1144 1154 1290 1234 Corporis
1311 1157 1426 1220 Christi
1447 1174 1520 1222 cum
1550 1158 1650 1222 cilicio
1670 1169 1703 1220 et
1725 1159 1816 1222 missa

264 1266 325 1327 que
345 1249 423 1312 illud
443 1250 598 1329 suscipere
628 1251 905 1330 praesumpseritis,
928 1251 1012 1314 idem
1066 1245 1139 1308 alias
1159 1248 1331 1326 approbatis
1345 1250 1402 1312 sub
1416 1250 1480 1313 ritu
1494 1250 1609 1330 duplici
1625 1252 1746 1329 maiori,
1763 1269 1815 1314 au-

264 1344 402 1405 hntistes
422 1359 438 1403 a
466 1343 649 1422 pontificalis
680 1343 771 1408 officii
797 1344 958 1419 exercitio,
981 1351 1012 1406 et
1066 1340 1208 1402 ctoritate
1223 1341 1385 1420 apostolica
1400 1345 1815 1422 tenorepraesentiumcon·

265 1441 327 1496 tam
348 1435 412 1512 ipse
441 1450 534 1513 quarn
556 1443 591 1497 tu
611 1451 627 1496 a
648 1433 804 1512 regimine
831 1441 862 1496 et
882 1433 1012 1496 admini-
1066 1433 1204 1495 cedimus
1218 1443 1250 1496 et
1266 1432 1478 1512 indulgemus,
1490 1453 1548 1500 uec
1559 1454 1624 1500 non
1639 1437 1816 1502 facultatem

262 1528 413 1592 stratique
439 1527 638 1591 ecclesiarum
668 1535 843 1592 uestrarum
870 1527 1012 1606 suspensi
1066 1523 1181 1587 testum
1209 1528 1400 1605 praedictum
1428 1529 1635 1594 transterendi
1662 1530 1699 1594 ad
1725 1532 1816 1594 aliam

262 1621 330 1682 sitis
350 1637 388 1683 eo
409 1621 484 1700 ipso.
1066 1617 1149 1681 diem
1171 1619 1271 1697 primo
1293 1636 1358 1684 non
1372 1621 1552 1700 impeditam
1567 1623 1652 1686 iurta
1667 1625 1814 1700 rubricas,

304 1715 415 1777 Datum
437 1715 552 1777 Romae
572 1716 652 1794 apud
673 1714 704 1779 S.
721 1713 847 1778 Mariam
865 1715 1012 1777 Maiorem
1066 1731 1219 1793 casuque
1241 1716 1273 1776 in
1297 1716 1447 1793 praedicta
1467 1717 1542 1780 leria
1557 1735 1600 1781 vr.
1618 1727 1758 1782 occurrat
1773 1717 1817 1780 le-

263 1808 748 1884 subannuloPiscatoris,diexr.
761 1824 831 1885 aug.
845 1825 1008 1873 nncccxv.
1066 1812 1151 1868 stom
1171 1807 1369 1871 solemnioris
1389 1808 1480 1886 ritus,
1503 1811 1611 1876 eadem
1634 1812 1816 1875 auctoritaie

264 1901 461 1980 pontificatus
482 1901 581 1964 nostri
600 1917 683 1963 anno
704 1917 769 1970 rvr,
1065 1905 1174 1962 tenore
1196 1901 1336 1979 praelatis
1358 1902 1526 1966 tribuimus
1547 1913 1579 1967 et
1604 1905 1813 1983 impertimur.

1106 1995 1125 2068 5
1146 1995 1176 2056 3.
1200 1992 1269 2057 Non
1289 1995 1481 2058 obstantibus
1496 1997 1770 2061 constitutionibus
1785 2005 1816 2060 et
1842 2009 2046 2110 trtgfssrralonocou-

1066 2089 1311 2152 ordinationibus
1338 2088 1522 2167 apostolicis,
1544 2089 1674 2170 aliisque
1694 2063 1845 2154 contra·t

1067 2183 1390 2263 riisquibuscumque.
1405 2181 1558 2245 Volumus
1567 2193 1672 2246 autem
1684 2193 1719 2250 ut
1729 2201 1815 2264 prae-

1067 2278 1205 2339 sentium
1220 2277 1385 2339 literarum
1407 2279 1620 2358 transumptis,
1636 2295 1691 2342 seu
1711 2295 1816 2344 erem-

1066 2370 1136 2450 plis‚
1152 2372 1245 2434 etiam
1267 2370 1437 2449 impressis,
1453 2379 1485 2434 et
1507 2387 1601 2436 mauu
1618 2374 1747 2438 alicuius
1762 2390 1815 2437 no

601 2279 678 2344 llll.

265 2469 421 2530 detestato
436 2468 529 2549 officii
544 2473 576 2529 et
595 2468 711 2530 missac
725 2468 832 2529 cordis
846 2469 929 2541 Icta,
944 2470 1012 2531 iem

303 2577 465 2623 concessae
480 2577 536 2638 pro
548 2560 680 2622 dioecesi
692 2561 728 2622 de
740 2561 942 2634 Guatimala,
954 2578 1011 2639 pra

303 2653 386 2714 clera
401 2652 609 2716 ecclesiaram
623 2653 660 2713 de
674 2652 809 2731 Chiape,
822 2654 1011 2733 Niceragaa

1067 2464 1135 2526 tarii
1154 2464 1268 2543 publici
1288 2464 1468 2542 subscriptis
1488 2473 1519 2528 et
1543 2466 1645 2542 sigillo
1667 2483 1816 2545 personae

1066 2557 1099 2618 in
1121 2556 1323 2620 ecclesiastica
1343 2557 1494 2634 dignitate
1511 2561 1696 2623 constitutae
1712 2562 1815 2624 muni-

1069 2651 1118 2725 tis,
1140 2649 1247 2712 eadem
1268 2665 1393 2728 prorsus
1415 2651 1490 2714 tides
1508 2651 1539 2712 in
1555 2652 1669 2716 iudicio
1682 2661 1715 2714 et
1729 2659 1815 2718 extra

1066 2740 1144 2805 illud
1158 2742 1352 2817 adhibeatur,
1363 2759 1441 2822 quae
1452 2744 1525 2822 ipsis
1539 2745 1753 2824 praesentibus
1765 2747 1815 2810 ad·

1066 2836 1239 2911 biberetur,
1255 2835 1280 2896 si
1302 2835 1404 2897 lorent
1424 2837 1579 2898 exhibitae
1596 2838 1647 2899 rel
1661 2847 1812 2902 ostensae.

1017 2968 1030 2996 ,-
1107 2930 1219 2990 ilatum
1241 2929 1355 2989 Romae
1376 2931 1456 3007 apud
1479 2928 1510 2992 S.
1526 2929 1653 2992 blariam
1669 2930 1815 2994 Maiorem

1065 3023 1125 3085 sub
1151 3020 1268 3084 annulo
1296 3021 1469 3097 Piscatoris,
1500 3023 1549 3084 die
1580 3039 1661 3086 xxrr.
1691 3026 1815 3102 augusti

1066 3131 1242 3190 cocceam,
1264 3114 1461 3194 pontificatus
1482 3115 1580 3178 nostri
1602 3134 1684 3188 anuo
1706 3135 1771 3180 rvr.

303 2753 334 2808 ct
372 2746 579 2826 Cumanaque
615 2747 790 2809 unitarum
828 2747 1012 2824 praedictae

303 2840 447 2903 diaecesi.

510 3009 597 3079 etus
621 3010 681 3079 ΡΡ.
706 3008 765 3080 liti.

404 3134 440 3200 ad
461 3133 592 3201 loturam
618 3135 662 3201 rei
688 3135 867 3202 memoriam.

1324 3315 1562 3328 ..ι-..ψ’

1 3311 2 3396 q
54 3315 176 3420 εἓῗαῡοείῑκ)
190 3329 243 3377 ore»
303 3313 322 3387 ἓ
345 3311 372 3372 l.
396 3311 519 3388 Exponi
541 3311 627 3373 uobis
649 3320 750 3389 nuper
764 3311 835 3374 lecit
850 3311 1010 3374 venerabi·

262 3404 301 3468 lis
319 3405 416 3467 irater
436 3402 639 3482 Raymundus
656 3404 768 3468 Casaos
781 3411 813 3467 et
828 3406 939 3467 Torros
955 3406 1010 3467 hr·
1075 3427 1077 3430 ·

262 3498 472 3576 cbiepiscopus
493 3497 531 3560 de
557 3495 727 3558 Guatimala
759 3498 887 3560 nomina
916 3499 1009 3561 etiam

262 3591 402 3654 universi
421 3589 495 3652 cleri
512 3597 574 3652 tam
590 3589 730 3669 propriae
744 3588 900 3668 dioecesis,
917 3607 1010 3670 quam

262 3686 301 3747 de
322 3684 446 3761 Ghiapa‚
469 3681 637 3759 Nicaragua
657 3690 688 3745 et
711 3685 914 3762 Camayagua,
937 3702 1011 3764 qua·
1066 3685 1151 3747 Petit
1171 3701 1191 3748 o
1211 3685 1393 3762 praeposito
1413 3684 1557 3766 pancrati
1581 3687 1753 3754 societatis
1771 3691 1816 3756 le-

262 3793 335 3840 rum
350 3773 495 3840 ecclesiae
509 3777 647 3839 eiusdem
661 3776 937 3856 archiepiscopatus
949 3779 1012 3842 sui·
1105 3796 1144 3841 so
1165 3778 1291 3858 aliquot
1315 3778 1516 3858 presbyteros
1547 3783 1703 3863 professos
1730 3786 1814 3848 cias·

262 3869 425 3947 traganeae
446 3875 531 3944 sunt,
553 3869 648 3946 quod,
672 3869 708 3932 ad
731 3871 828 3946 magis
849 3872 1010 3950 magisque
1106 3873 1174 3935 dem
1196 3873 1369 3936 societatis
1390 3880 1420 3935 et
1449 3873 1588 3937 novitias
1613 3875 1814 3940 adducendos

262 3962 461 4026 devotionem
492 3963 665 4038 augendam
695 3977 767 4039 erga
787 3963 1010 4027 sanctissimam
1107 3967 1142 4030 ia
1164 3967 1202 4030 Ν.
1227 3964 1395 4030 Aureliam
1416 3964 1456 4029 ab
1476 3967 1543 4044 ipso
1558 3965 1722 4048 Episcopo,
1739 3986 1814 4048 qao·

262 4057 437 4134 passionem
458 4054 583 4116 Domini
605 4053 709 4116 Nostri
730 4056 798 4117 lesu
816 4056 942 4131 Christi,
959 4073 1012 4120 er·
1106 4075 1180 4124 ram
1201 4058 1385 4120 ministerio
1407 4065 1437 4121 et
1459 4058 1600 4123 Societas
1616 4059 1687 4123 illic
1700 4077 1816 4141 propa-

264 4147 441 4212 tensionem
455 4146 546 4209 ollicii
561 4148 712 4210 etmissae
723 4147 809 4211 Sacri
820 4149 925 4213 Gordis
939 4152 1010 4214 lesu
1106 4153 1190 4233 pari,
1214 4157 1244 4214 ct
1264 4151 1406 4230 infideles
1424 4153 1655 4233 aucupatizari,
1672 4162 1702 4218 et
1725 4155 1817 4220 colle·

263 4258 327 4304 nou
360 4241 464 4304 solum
499 4241 534 4303 ad
565 4239 731 4302 dioecesim
765 4240 1010 4306 Guatimalanam
1105 4246 1161 4327 qia
1182 4244 1264 4323 erigi
1285 4245 1410 4322 possint
1431 4242 1487 4326 (l).

262 4333 460 4413 praedictam,
474 4334 528 4396 sed
546 4334 582 4396 ad
597 4342 782 4397 memoratas
797 4337 890 4398 etiam
904 4336 1011 4398 sullra-

263 4442 374 4505 gaueas
394 4440 595 4504 summopere
615 4425 711 4502 cupit.
734 4425 828 4490 Nobis
849 4435 1010 4506 propterea

261 4519 425 4582 humiliter
446 4518 612 4598 supplicari
631 4519 715 4594 lecit,
733 4527 768 4583 nt
786 4520 820 4582 in
835 4522 1011 4599 praemissis

262 4620 439 4692 opportuna
458 4611 635 4691 providere,
649 4619 682 4674 et
704 4621 738 4674 ot
753 4612 833 4674 inira
847 4613 1012 4692 indulgere

262 4704 302 4767 de
322 4705 514 4782 benignitate
534 4703 698 4782 apostolica
716 4705 929 4782 dignaremur.

64 4805 244 4864 ,rauciacum
302 4798 372 4874 52.
395 4797 456 4862 Nos
484 4797 582 4874 igitur
612 4797 713 4875 ipsum
739 4807 950 4877 exponentem
978 4818 1011 4864 ac

54 4857 123 4903 ‘'⁰¹¹¹''
261 4890 433 4966 singulares
452 4905 607 4968 personas,
631 4890 743 4968 quibus
764 4901 941 4968 praesentes
956 4910 1011 4956 no-

262 4991 343 5046 strae
364 4982 472 5045 literae
501 4982 619 5058 lavent,
641 4983 824 5061 specialibus
852 4987 958 5062 gratiis
980 4995 1012 5050 et

262 5075 418 5141 lareribus
439 5077 582 5154 prosequi
603 5074 757 5153 uolentes,
773 5084 805 5139 et
818 5093 833 5138 a
848 5079 1010 5157 quibusvis

261 5169 593 5232 excommunicationis
622 5177 653 5232 et
683 5170 853 5248 interdicti,
881 5172 1010 5253 aliisque
1105 5177 1298 5242 Venerabilis
1319 5179 1414 5243 irater
1440 5181 1627 5245 duillelmus
1653 5183 1812 5260 nubourg,

261 5262 473 5326 ecclesiasticis
496 5264 647 5336 censuris,
667 5265 830 5327 sententiis
851 5272 882 5326 et
902 5267 1010 5344 poenis
1065 5286 1166 5350 nuper
1182 5289 1198 5332 a
1213 5272 1302 5335 uobis
1316 5273 1485 5354 Episcopus
1500 5273 1579 5338 Nori
1594 5275 1719 5339 Orleans
1733 5292 1815 5339 nnn·

261 5356 372 5434 quavis
393 5355 484 5416 modo
505 5364 536 5417 et
556 5371 753 5435 quacumque
766 5357 804 5419 de
824 5375 913 5421 cansa
929 5359 1009 5436 latis,
1062 5372 1192 5444 capatus
1222 5371 1314 5443 atque
1336 5365 1369 5429 in
1391 5367 1471 5430 alma
1492 5368 1575 5431 Urbe
1601 5368 1814 5448 superioribus

260 5449 287 5509 si
307 5465 382 5527 quas
402 5448 482 5510 lorte
499 5448 703 5524 incurrerint,
719 5449 812 5512 huius
826 5457 949 5514 tantum
964 5453 1010 5514 rei
1064 5456 1171 5519 diebus
1200 5467 1406 5535 consecratus,
1440 5461 1645 5523 vehementer
1675 5468 1759 5540 optat
1780 5461 1813 5523 in

262 5542 360 5618 gratia
375 5541 569 5604 absolventes
587 5548 618 5604 et
632 5542 787 5606 absolutos
802 5544 868 5606 lore
882 5561 1010 5630 censen·
1064 5549 1195 5614 dioecesi
1214 5551 1269 5612 sni
1289 5551 1416 5614 clericos
1438 5552 1597 5616 societatis
1618 5554 1688 5616 lesu
1702 5553 1815 5616 consti-

262 5639 319 5709 tcs,
342 5630 618 5712 supplicationibus
648 5635 825 5700 huiusmodi
857 5638 1008 5714 inclinati,
1065 5647 1165 5717 tuere,
1188 5657 1324 5719 quorum
1354 5644 1528 5708 ministerio
1549 5645 1815 5724 infidelibus,qui

261 5726 417 5790 relerente
438 5728 551 5790 dilecto
566 5727 631 5790 litio
645 5728 769 5808 hloysio
783 5729 951 5794 Gardellini
964 5749 1009 5794 aa·
1063 5749 1178 5812 magno
1200 5749 1333 5798 numero
1354 5737 1517 5800 dioecesim
1547 5737 1629 5800 illam
1658 5738 1814 5816 incolunt,

1400 3496 1479 3560 clv.
1583 3495 1585 3501 '

1156 4428 1273 4497 attacta
1295 4428 1359 4497 lilio
1382 4428 1725 4514 Praepositolleuerali
1780 4403 1781 4408 Ἰ

1306 4521 1475 4592 societatis
1497 4524 1574 4606 lesu,

1314 4708 1401 4777 etus
1423 4711 1484 4778 ΡΡ.
1508 4711 1567 4779 tlt.

1341 4897 1458 4966 dilecte
1484 4896 1542 4978 iiii,

1099 4989 1231 5058 satutem
1254 4997 1286 5058 et
1306 4992 1507 5074 apostolicam
1531 4993 1780 5062 benedictionem.

302 5936 332 5992 (l)
348 5937 384 5982 Ex
398 5939 461 5996 Reg.
476 5937 551 5998 epist.
568 5937 651 5984 Latin,
