4750 6980
325 526 382 582 Aa.
397 529 427 582 0.
448 530 518 582 1803

333 1599 457 1647 clausula
471 1603 529 1647 sub-

314 1652 369 1700 lata
391 1658 417 1700 et
440 1653 529 1700 docre-

314 1711 373 1754 tum
387 1706 501 1754 irritans.

568 532 626 593 tto

548 665 661 744 quihus
682 681 715 726 ea
737 681 809 726 cura
830 666 1010 728 demandata
1033 673 1090 740 est,
1107 665 1145 727 de
1166 682 1226 743 qua
1248 681 1298 726 su-

547 773 613 836 pra,
639 757 796 833 volamus,
821 766 854 819 ut
875 759 910 819 ad
941 758 1073 820 lormnm
1099 761 1297 820 decretorum

547 852 619 916 alias
640 869 655 913 a
672 851 922 928 congregatione
938 851 1067 916 concilii
1083 852 1251 925 editorum,
1268 857 1298 912 et

547 963 563 1007 a
595 946 692 1008 lelicis
722 945 943 1008 recordationis
975 944 1098 1006 Urbano
1129 944 1184 1005 PP.
1217 943 1294 1006 Vlll.

547 1039 779 1118 praedecessore
801 1046 907 1100 nostro
928 1037 1110 1100 auctoritate
1136 1037 1297 1115 apostolica

546 1133 816 1206 confirmatorum,
831 1131 908 1192 nihil
925 1146 1050 1209 prorsus
1071 1130 1220 1204 solvatur,
1241 1146 1298 1191 nec

547 1240 657 1287 eorum
673 1224 853 1288 officialibus
867 1239 923 1302 pro
938 1223 1110 1286 rationibus
1125 1221 1296 1298 exigendis,

546 1325 578 1380 et
597 1319 725 1380 caeteris
748 1315 921 1396 praemissis
942 1317 1143 1395 exequendis,
1164 1331 1297 1394 nequea

547 1410 677 1474 visitatis
697 1411 871 1488 procuratio
891 1409 958 1472 sive
978 1410 1011 1470 in
1026 1409 1156 1487 pecunia
1177 1409 1243 1469 sive
1265 1408 1296 1468 in

547 1503 734 1566 victualibus
754 1503 913 1565 debeatur.

587 1599 607 1672 ἓ
627 1597 657 1658 6.
681 1597 888 1659 Decernentes
915 1602 1091 1674 praesentes
1120 1594 1225 1655 literas
1246 1595 1299 1655 hr-

548 1705 624 1764 mas,
646 1688 761 1751 validas
789 1693 820 1749 et
847 1687 982 1750 efficaces
1008 1687 1141 1748 existere
1162 1703 1196 1748 ac
1219 1685 1296 1760 lore,

449 1852 453 1861 ¹
546 1799 681 1860 suosque
702 1781 856 1861 plenarios
878 1787 909 1842 et
930 1781 1068 1856 integros
1089 1779 1219 1842 effectus
1233 1793 1297 1840 sor-

320 5403 523 5461 derogatioeon·

287 5479 289 5484 ·
303 5457 455 5504 lrarlorum.

549 1874 600 1937 tiri
621 1881 652 1936 et
673 1874 827 1947 obtinere,
850 1889 883 1934 ac
905 1872 966 1935 illis
988 1874 1023 1934 ad
1046 1889 1122 1950 quos
1136 1879 1252 1951 spectat
1267 1879 1297 1932 et

546 1983 603 2044 pro
627 1973 768 2044 tempore
795 1967 1054 2043 quandocumque
1082 1965 1240 2043 spectabit,
1264 1965 1295 2025 in

546 2059 691 2121 omnihus
719 2066 750 2121 et
778 2075 834 2137 per
862 2059 964 2120 ornnia
986 2058 1169 2135 plenissime
1189 2057 1298 2120 salira-

546 2154 624 2230 gari,
647 2159 677 2213 et
700 2152 799 2214 abeis
821 2152 993 2228 respective
1011 2150 1231 2212 inviolabiliter
1245 2150 1296 2210 oh·

545 2245 680 2321 servari,
702 2245 808 2321 sicque
825 2244 856 2305 in
872 2245 1046 2321 praemissis
1062 2259 1117 2321 per
1131 2259 1295 2320 quoscum-

545 2355 607 2416 que
627 2338 743 2399 iudices
765 2336 936 2398 ordinarios
958 2341 989 2397 et
1008 2335 1178 2411 delegatos,
1203 2335 1294 2397 etiam

545 2446 707 2494 causarum
736 2429 839 2507 palatii
871 2428 969 2490 nostri
991 2427 1148 2508 apostolici
1179 2429 1295 2491 audito-

545 2541 606 2599 res,
624 2523 751 2586 iudicari
773 2530 805 2584 et
821 2520 946 2582 deliniri
968 2522 1092 2596 debere,
1115 2538 1148 2582 ac
1169 2521 1294 2584 irritum

545 2625 577 2679 et
599 2617 702 2689 inane,
725 2614 751 2675 si
772 2630 859 2676 secus
889 2629 982 2692 snper
1010 2614 1058 2674 his
1085 2630 1100 2673 a
1127 2629 1294 2692 quoquam,

545 2711 654 2789 quavis
675 2707 869 2780 auctoritate,
885 2707 1020 2768 scienter
1041 2707 1091 2768 vel
1114 2707 1295 2784 ignoranter

546 2801 713 2878 contigerit
744 2800 898 2861 attentari.
922 2798 1066 2873 Quocirca
1097 2801 1209 2862 dilecto
1232 2801 1295 2864 ldie

545 2906 664 2969 nostro,
683 2903 714 2956 et
735 2894 828 2954 huius
843 2891 1034 2971 apostolicae
1050 2891 1135 2955 Sedis
1157 2909 1242 2956 nunc
1264 2904 1295 2957 et

545 3005 601 3066 pro
624 2995 763 3064 tempore
784 2985 929 3047 existenti
952 2984 984 3046 in
1009 2984 1225 3063 Hispaniarum
1249 3004 1296 3048 re·

546 3081 615 3158 gnis
637 3079 758 3142 Nnncio
779 3077 829 3140 vel
851 3093 906 3155 pro
928 3075 1062 3154 Nuntio,
1086 3086 1173 3140 motu
1195 3091 1226 3142 et
1243 3096 1295 3159 po·

545 3180 656 3235 testate
675 3171 826 3233 similibus
848 3187 904 3250 per
925 3178 1102 3247 praesentes
1129 3175 1296 3235 committi-

545 3283 616 3329 mus
637 3274 668 3329 et
696 3266 888 3340 mandamus,
917 3273 1070 3342 quatenus
1102 3265 1165 3342 ipse
1186 3281 1241 3343 per
1262 3285 1296 3328 se

545 3360 597 3422 vel
618 3374 673 3436 per
687 3359 795 3433 alium,
811 3357 967 3432 sacellos,
985 3364 1160 3434 praesentes
1176 3368 1295 3421 nostras

545 3453 650 3514 literas
663 3459 694 3512 et
716 3451 807 3512 ineis
829 3455 973 3511 contenta
986 3459 1219 3528 quaecumque,
1242 3452 1295 3514 uhi

545 3553 577 3607 et
597 3544 721 3623 qnando
742 3559 817 3622 opus
839 3542 931 3606 luerit
952 3551 983 3604 et
1002 3546 1123 3620 quoties
1137 3560 1194 3624 pro
1209 3553 1295 3623 parte

545 3638 699 3699 dictorum
722 3637 1042 3714 archiepiscoporum,
1061 3636 1293 3716 Episcoporum,

545 3729 708 3792 conlratris
735 3729 870 3806 maioris
894 3729 1095 3790 definitorum
1122 3730 1295 3806 provincia·

545 3823 623 3886 lium
644 3839 677 3883 ac
707 3821 916 3898 superiorum,
944 3827 975 3882 et
996 3821 1190 3882 contratrum
1222 3839 1294 3884 con·

544 3915 733 3992 gregationis
765 3915 868 3977 Sancti
898 3915 1018 3975 loannis
1040 3915 1083 3976 lle
1104 3915 1166 3976 Deo
1188 3915 1294 3978 huius·

544 4009 640 4085 modi,
651 4023 707 4069 seu
722 4007 851 4068 alicuius
865 4022 986 4080 eorum,
1003 4005 1098 4068 luerit
1112 4007 1293 4086 requisitus,

543 4101 727 4163 solemniter
748 4099 907 4178 publicans
935 4098 1042 4176 eisque
1064 4098 1096 4158 in
1119 4101 1295 4175 praemissis

544 4195 671 4257 elllcacis
692 4191 880 4254 defensionis
902 4190 1053 4270 praesidio
1073 4191 1228 4269 assistens,
1252 4193 1294 4255 la·

543 4287 603 4349 ciat
635 4288 816 4348 auctoritate
848 4292 951 4346 nostra
982 4284 1144 4362 apostolica
1172 4289 1293 4349 easdem

544 4387 719 4458 praesentes
741 4379 845 4440 literas
870 4386 901 4439 et
922 4377 954 4438 in
977 4379 1020 4438 eis
1041 4385 1186 4438 contenta
1203 4395 1295 4456 quae-

543 4488 678 4551 cumque
691 4469 868 4533 huiusmodi
883 4469 1103 4532 inviolabiliter
1118 4470 1292 4546 ohservari3

543 4564 783 4628 contradictores
798 4563 951 4641 quoslihet
966 4570 996 4623 et
1012 4563 1141 4625 rebelles
1154 4579 1208 4641 per
1222 4580 1293 4626 cen-

543 4675 630 4721 suras
651 4657 878 4730 ecclesiasticas,
901 4662 931 4716 et
952 4667 1064 4731 poenas
1086 4657 1179 4717 etiarn
1202 4671 1293 4733 pecu·

542 4751 667 4825 niarias,
689 4749 806 4827 aliaque
838 4747 914 4809 luris
935 4756 966 4808 et
987 4745 1057 4807 lacti
1084 4748 1218 4810 remedia
1240 4765 1292 4812 au-

541 4843 682 4905 ctoritate
697 4850 799 4903 nostra
813 4839 977 4916 praedicta,
993 4839 1195 4918 appellatione
1212 4852 1292 4922 post-

541 4935 651 5013 posita,
666 4935 899 5013 compescendo,
915 4949 959 5005 ac,
978 4932 1125 5008 legitimis
1139 4951 1232 5013 super
1255 4939 1292 4998 iis

542 5029 690 5090 habendis
710 5027 837 5090 seruatis
869 5027 1072 5105 processibus,
1096 5043 1239 5091 censuras
1260 5040 1291 5093 et

542 5137 656 5200 poenas
676 5121 754 5200 ipsas
783 5120 877 5182 etiam
904 5120 1023 5182 iteratis
1045 5119 1163 5181 vicibus
1184 5137 1290 5197 aggra-

542 5216 656 5289 vando,
679 5213 893 5291 auxiliumque
925 5212 1040 5275 brachii
1070 5213 1233 5275 saecularis
1255 5217 1291 5278 ad

540 5308 611 5383 hoc,
633 5309 660 5368 si
680 5322 757 5385 opus
777 5305 882 5382 luerit,
905 5304 1088 5367 invocando.

582 5399 652 5473 57.
677 5399 744 5461 Non
774 5400 966 5462 obstantibus
994 5414 1086 5475 super
1115 5401 1291 5477 praemissis

540 5493 701 5556 dumtaxat
714 5493 963 5571 quibuscumque
975 5493 1250 5555 constitutionibus
1260 5501 1290 5558 et

540 5588 787 5650 ordinationibus
816 5586 1004 5665 apostolicis,
1041 5585 1136 5646 etiam
1166 5586 1290 5664 speciali

542 5680 702 5741 mentione
730 5679 843 5758 dignis,
866 5696 924 5743 nec
952 5695 1015 5740 non
1041 5680 1291 5754 congregationis

540 5774 713 5849 praedictae
734 5773 827 5834 etiam
847 5774 1036 5850 iuramento,
1052 5773 1290 5836 confirmatione

540 5866 719 5944 apostolica,
746 5861 794 5927 v'el
815 5869 922 5944 quavis
953 5869 1100 5931 firmitate
1122 5869 1178 5930 alia
1201 5869 1290 5929 robo-

1074 549 1139 593 rua.
1165 549 1255 592 nour.
1279 547 1320 591 oa
1341 549 1370 592 e.
1395 548 1425 592 r.
1449 532 1532 594 anas
1555 549 1576 593 r.

1356 665 1429 725 ratis
1448 667 1571 727 statutis
1587 674 1617 728 et
1633 667 1921 741 consuetudinibus,
1934 667 2105 746 privilegiis

1355 773 1489 836 quoque,
1506 758 1635 822 indultis
1657 768 1688 822 et
1709 761 1809 824 literis
1830 762 2003 839 apostolicis
2017 777 2106 839 supe·

1355 847 1490 912 rioribus
1511 860 1542 914 et
1564 855 1704 929 personis
1725 856 1783 918 suh
1800 855 2048 934 quibuscumque
2063 861 2107 915 te·

1355 941 1484 1004 noribus
1504 951 1535 1005 et
1555 944 1674 1021 lormis,
1690 962 1724 1008 ao
1738 963 1809 1032 cum
1832 947 1991 1025 quibusvis
2011 946 2105 1008 etiam

1355 1033 1618 1110 derogatoriarum
1633 1041 1846 1116 derogatoriis,
1863 1040 1992 1119 aliisque
2008 1038 2105 1102 effica-

1355 1126 1489 1189 ciorihus
1510 1136 1541 1190 et
1562 1130 1694 1194 insolitis
1715 1132 1871 1206 clausulis,
1899 1133 2105 1194 irritantibus-

1355 1235 1416 1295 que
1439 1229 1471 1282 et
1492 1222 1558 1284 aliis
1583 1226 1713 1287 decretis
1734 1227 1828 1288 etiam
1849 1235 1937 1288 motu
1958 1224 2053 1286 sirnili
2072 1242 2106 1292 ac

1354 1312 1427 1374 alias
1448 1317 1681 1391 quomodolibet
1703 1319 1734 1380 in
1752 1319 1944 1381 contrarium
1960 1319 2106 1398 praemis·

1354 1420 1462 1467 sorum
1484 1409 1644 1485 concessis,
1674 1411 1847 1488 approbatis
1871 1419 1901 1473 et
1931 1413 2103 1488 innovatis3

1355 1496 1469 1573 quihus
1490 1501 1635 1565 omnihus
1656 1509 1686 1564 et
1707 1503 1839 1580 singulis
1864 1504 1994 1566 illorum
2020 1512 2106 1566 teno-

1355 1604 1404 1650 res
1429 1595 1641 1668 praesentibus
1666 1611 1721 1672 pro
1745 1596 1837 1674 plene
1861 1605 1893 1658 et
1913 1597 2104 1660 sufficienter

1354 1683 1517 1760 expressis,
1540 1703 1573 1748 ac
1594 1689 1632 1750 de
1653 1689 1748 1752 verbo
1770 1689 1958 1751 adverbum
1980 1689 2104 1752 insertis

1354 1773 1514 1852 habentes,
1536 1779 1598 1840 illis
1617 1781 1691 1843 alias
1710 1783 1742 1843 in
1765 1798 1821 1844 suo
1836 1782 1946 1846 robore
1961 1798 2104 1860 perman·

1354 1868 1446 1942 suris,
1470 1873 1506 1932 ad
1528 1875 1768 1950 praemissorum
1791 1876 1949 1952 ellectum,
1966 1877 2022 1938 hac
2037 1879 2105 1940 rice

1354 1961 1526 2039 dumtaxat,
1552 1967 1727 2044 specialiter
1751 1979 1782 2032 et
1806 1986 1949 2048 expresse
1977 1971 2104 2048 deroga-

1354 2068 1436 2128 mus,
1452 2060 1641 2137 caeterisqne
1664 2063 1828 2124 contrariis
1842 2064 2100 2142 quibuscumque.

2138 529 2197 582 An.
2213 529 2244 582 O.
2265 529 2330 583 teda

1395 2149 1413 2222 ἓ
1434 2147 1463 2209 8.
1481 2149 1634 2214 Volumus
1648 2163 1766 2230 autem,
1780 2162 1814 2217 ut
1826 2156 2006 2218 earumdem
2019 2173 2105 2235 prae·
2132 2158 2334 2209 reassumenda

1353 2243 1490 2303 sentium
1520 2248 1736 2323 transumptis,
1766 2249 1859 2310 etiarn
1888 2249 2048 2328 impressis
2073 2258 2104 2312 et

1353 2348 1450 2395 manu
1476 2336 1604 2399 alicuius
1635 2340 1747 2402 notarii
1776 2341 1889 2418 publici
1911 2343 2102 2420 subscriptis,

1353 2441 1386 2486 ac
1406 2427 1509 2503 sigillo
1525 2445 1673 2506 personae
1690 2432 1721 2492 in
1736 2434 1939 2496 ecclesiastica
1954 2436 2105 2512 dignitate

1353 2519 1541 2582 constitutae
1560 2524 1702 2598 munitis,
1718 2525 1825 2587 eadem
1842 2543 1966 2604 prorsus
1981 2529 2055 2591 tides
2071 2531 2103 2592 in

1354 2615 1466 2678 iudicio
1487 2626 1518 2679 et
1538 2626 1623 2680 extra
1639 2620 1715 2682 illud
1731 2621 1923 2699 adhibeatur,
1939 2641 2018 2703 quae
2034 2627 2104 2704 ipsis

1353 2712 1565 2785 praesentibus
1587 2713 1796 2790 adhiberetur,
1815 2717 1840 2776 si
1863 2715 1967 2778 lorent
1988 2718 2104 2780 exhibi-

1354 2806 1401 2860 tae
1425 2802 1475 2862 vel
1498 2811 1648 2867 ostensae.

1393 2895 1504 2956 Datum
1536 2897 1651 2959 Rornae
1682 2900 1759 2976 apud
1793 2901 1824 2963 S.
1855 2902 1979 2964 llariam
2012 2905 2104 2966 llaio-

1352 3002 1421 3046 rem
1440 2988 1500 3049 sub
1520 2991 1636 3052 annulo
1653 2991 1822 3068 Piscatoris,
1838 2993 1889 3057 die
1905 3013 1955 3056 xv.
1974 3013 2103 3060 novem-

1353 3077 1415 3139 bris
1437 3093 1610 3156 noceant,
1633 3083 1829 3159 pontificatus
1849 3087 1947 3147 nostri
1962 3103 2044 3150 anno
2059 3107 2101 3150 rv.

1611 3296 1850 3312 Ἣ

1696 3461 1759 3524 llll.

1353 3639 1496 3720 Depntot
1526 3646 1718 3724 Episcopum
1750 3647 1919 3709 titularem
1941 3648 1983 3710 od
2013 3666 2103 3712 eaer-

1393 3736 1491 3800 ccnda
1510 3738 1692 3815 pastoralia
1714 3739 1827 3802 mania
1849 3741 1884 3800 ie
1906 3741 1971 3802 loco
1987 3742 2035 3805 del
2050 3745 2102 3805 Pa·

1392 3845 1466 3908 poso
1487 3833 1522 3891 tn
1545 3830 1659 3892 lndtis.

1563 4013 1650 4082 etus
1674 4012 1895 4083 eetscoetts

1538 4176 1648 4229 sertus
1670 4178 1825 4230 servorun
1848 4161 1912 4242 llei,

1471 4294 1509 4362 ad
1531 4301 1703 4379 perpetuant
1727 4296 1771 4363 rei
1795 4298 1977 4365 memorien.

1389 4487 1408 4562 ἓ
1432 4487 1458 4547 l.
1484 4487 1564 4548 born
1586 4485 1774 4563 Redemptor
1795 4495 1901 4549 noster
1916 4489 2000 4550 lesus
2014 4489 2103 4553 Chri-

1349 4588 1414 4641 stus
1436 4579 1590 4658 apostolis
1615 4581 1678 4639 suis
1706 4579 1851 4656 spiritum
1881 4581 2051 4658 sapientiae
2072 4592 2103 4646 et

1350 4671 1528 4734 intellectus
1546 4673 1581 4732 ad
1598 4669 1861 4732 manifestandum
1877 4673 2023 4748 gentihus
2040 4691 2103 4737 ma-

1350 4765 1451 4841 gnalia
1473 4765 1526 4826 liei
1547 4773 1579 4826 et
1601 4765 1636 4826 ad
1653 4763 1856 4826 revelandum
1871 4766 2053 4831 sedentibus
2070 4770 2102 4831 in

1351 4858 1458 4918 umbra
1482 4857 1602 4930 mortis,
1625 4857 1696 4934 quia
1719 4858 1782 4933 ipse
1803 4865 1849 4918 est
1870 4858 1952 4920 Deos
1965 4860 2102 4922 saeculo·

1349 4965 1419 5011 rum
1450 4958 1644 5026 conspector,
1677 4950 1918 5013 misericorditer
1944 4953 2101 5015 suscitarit

1349 5041 1381 5102 in
1403 5041 1563 5117 cordibus;
1583 5043 1722 5116 Petrum,
1739 5042 1788 5103 cui
1805 5057 1878 5104 oves
1892 5060 1961 5105 suas
1978 5061 2101 5122 pascere

1348 5134 1497 5208 iniunxit,
1519 5133 1683 5211 clavesque
1711 5135 1800 5210 regni
1821 5135 1981 5198 coelorum
2008 5141 2100 5201 tradi-

1348 5227 1404 5301 dit,
1429 5227 1512 5289 inter
1534 5226 1602 5289 illos
1624 5227 1797 5304 principem
1819 5229 1993 5305 constituit,
2009 5231 2100 5309 eique

1348 5320 1487 5382 fidelium
1516 5320 1722 5382 directionem
1743 5319 1777 5380 ad
1801 5320 1882 5380 riam
1909 5320 2029 5397 salutis,
2054 5325 2100 5385 uti

1347 5428 1531 5490 supremum
1560 5413 1755 5488 Pontificem,
1786 5413 1944 5490 pertinere
1967 5415 2096 5491 statuit;

1348 5505 1418 5568 hinc
1439 5519 1495 5566 nos
1518 5506 1562 5567 uti
1585 5505 1667 5567 Petri
1689 5519 1846 5566 successor
1864 5503 1899 5564 ad
1915 5505 2098 5569 universalis

1348 5597 1499 5660 Ecclesiae
1521 5599 1675 5673 regimen,
1699 5597 1770 5658 licet
1791 5595 1886 5657 nullis
1902 5595 2098 5673 suffraganti·

1347 5689 1404 5750 hus
1425 5690 1557 5764 meritis,
1574 5690 1749 5767 nostrisque
1766 5689 1886 5750 viribus
1900 5690 2025 5767 penitus
2040 5689 2099 5751 im·

1345 5797 1445 5860 parea,
1458 5801 1474 5843 a
1486 5782 1609 5846 Christo
1623 5783 1755 5845 Domino
1770 5782 2012 5844 misericorditer
2026 5799 2099 5844 con-

1345 5875 1460 5951 stituti,
1483 5875 1575 5937 olllcii
1593 5874 1691 5938 nostri
1706 5875 1847 5938 debitum
1861 5874 2030 5952 adimplere
2044 5892 2097 5938 cu-

2123 2215 2305 2270 transumptis.

2152 4505 2310 4554 Prooemium.
