4808 6988
973 557 1100 604 11111.
1123 556 1181 604 1111.
1770 537 1830 606 617
1880 539 1933 594 An.
1948 542 1978 594 1.
1999 542 2069 594 1824

308 672 428 736 casione
448 673 497 736 vel
514 691 601 738 causa
617 675 696 752 latis,
711 676 736 738 si
753 676 866 756 qulbus
882 673 1050 756 quomodo·
1106 679 1262 754 tamquam
1293 677 1370 756 patri
1392 685 1423 740 et
1444 644 1556 758 pastori
1584 679 1759 741 animarum
1780 693 1848 740 sua-

307 765 382 830 iibet
403 767 567 830 innodatus
588 769 705 846 existis,
722 778 755 832 ut
770 770 905 849 provisio
920 778 950 833 et
965 787 1049 850 prae·
1106 785 1177 830 rum
1198 768 1361 846 bumil'uer
1382 771 1580 835 intendentes
1601 772 1768 835 exhibeant
1790 771 1848 834 tibi

306 859 397 923 lectio
419 875 474 938 per
495 875 550 923 nos
570 869 606 924 ut
627 861 707 924 infra
732 862 886 927 faciendae
908 880 1050 942 praesen·
1105 861 1311 926 obedientiam
1333 880 1367 926 ac
1388 866 1596 929 reverentiam
1616 865 1730 928 debitas
1745 870 1776 928 et
1798 866 1848 927 de·

308 959 414 1032 iusque
449 964 571 1018 nostrae
607 957 728 1020 litterae
758 974 850 1021 suum
880 959 1050 1020 sortiantur
1106 962 1191 1016 votas
1213 957 1254 1017 ita
1273 958 1353 1035 quod
1369 966 1477 1020 mutua
1498 959 1582 1021 inter·
1605 968 1635 1022 te
1649 967 1680 1021 et
1694 959 1773 1038 ipsos
1787 957 1848 1020 suf·

307 1048 463 1126 effectum,
478 1048 590 1112 barum
610 1052 690 1113 serie
711 1051 905 1114 absolventes
920 1054 951 1113 et
965 1051 1049 1114 abso·
1105 1045 1264 1124 fraganeos
1294 1049 1391 1125 gratia
1421 1057 1522 1126 gratos
1548 1050 1697 1114 sortiatur
1722 1050 1848 1113 effectus

307 1141 409 1204 lutum
430 1141 494 1204 fore
516 1152 677 1207 censentes
692 1145 1048 1223 ipsamqueelectionem
1104 1148 1135 1202 et
1156 1158 1212 1202 nos
1241 1159 1351 1206 eorum
1380 1144 1577 1206 devotionem
1605 1146 1756 1222 possimus
1778 1160 1847 1223 pro·

305 1250 360 1298 seu
380 1235 619 1314 postulationem
644 1240 682 1302 de
707 1238 837 1301 fratrum
866 1238 1047 1301 eorumdem
1104 1241 1208 1310 pterea
1230 1234 1262 1296 in
1286 1236 1417 1299 bomine
1439 1238 1551 1299 merito
1568 1239 1798 1314 commendare,
1814 1255 1848 1302 ac

305 1331 436 1392 consilio
457 1331 617 1409 apostolica
639 1333 819 1395 auctoritate
845 1331 1047 1412 approbantes
1103 1327 1205 1389 clerus
1226 1335 1256 1390 te
1276 1344 1333 1407 pro
1354 1337 1457 1392 nostra
1486 1339 1517 1393 et
1538 1331 1676 1394 eiusdem
1699 1331 1783 1396 Sedis
1799 1349 1849 1396 re-

305 1433 336 1486 11
366 1424 566 1487 admittentes
596 1441 768 1504 omnesque
794 1432 826 1486 et
855 1425 993 1502 singulas
1015 1441 1048 1487 11
1104 1421 1243 1482 verentia
1262 1421 1398 1498 benigne
1419 1423 1603 1502 recipientes
1624 1431 1655 1488 et
1676 1425 1846 1490 honorilice

304 1517 517 1582 substantiales
544 1519 692 1595 defectus,
714 1520 739 1582 si
761 1519 867 1600 quiin
896 1519 1047 1582 electione
1104 1520 1322 1589 pertractantes
1345 1524 1395 1579 tna
1416 1517 1549 1580 salubria
1571 1521 1688 1581 monita
1709 1526 1740 1581 et
1761 1535 1846 1581 man-

303 1631 359 1678 sou
380 1614 586 1692 postulatione
612 1613 790 1678 huiusmodi
816 1613 1047 1693 quomodolibet
1102 1605 1169 1668 data
1190 1608 1356 1686 suscipiant
1378 1609 1550 1687 humiliter,
1567 1620 1598 1674 et
1613 1612 1775 1676 efficaciter
1796 1611 1846 1674 ad-

304 1708 545 1781 intervcnerint,
558 1710 664 1771 eadem
684 1708 845 1788 apostolica
867 1708 1046 1772 auctoritate
1103 1699 1234 1777 implero
1254 1711 1437 1780 1101111111
1467 1704 1599 1783 populus
1621 1722 1695 1768 vero
1717 1718 1748 1770 te
1770 1715 1845 1770 tam·

302 1800 482 1881 supplentes
504 1807 534 1864 et
554 1809 709 1874 sanantes,
727 1801 810 1864 iuxta
833 1804 990 1864 decretum
1012 1802 1045 1862 in
1103 1808 1195 1870 quam
1219 1800 1337 1871 putrent
1359 1803 1390 1857 et
1413 1803 1567 1876 pastorem
1587 1800 1759 1863 animarum
1779 1819 1846 1866 sua-

304 1896 550 1972 cqngregatione
571 1896 751 1958 eorumdem
774 1895 904 1958 fratrum
927 1902 1047 1958 nostro-
1104 1900 1173 1946 illm
1195 1887 1306 1951 devote
1322 1889 1523 1969 suscipientes
1538 1900 1568 1953 et
1582 1893 1681 1957 dehita
1700 1896 1847 1958 bonorifi-

303 2006 373 2052 rum
396 1988 473 2053 111,
485 1989 520 2051 Ε.
539 1989 749 2052 Carpinatium
771 1989 960 2067 negotiosae
975 1990 1045 2051 pro.
1101 1980 1200 2041 centia
1212 1991 1431 2060 prosequentes
1444 1984 1502 2048 tuis
1514 1986 1639 2049 monitis
1653 1997 1684 2050 et
1695 1989 1846 2052 mandatis

302 2084 438 2161 paganda
459 2081 532 2144 side
553 2083 797 2160 praepositorum
816 2095 992 2146 eructuatum
1015 2090 1045 2144 et
1102 2070 1274 2136 salubribus
1295 2074 1456 2139 humiliter
1477 2077 1640 2142 intendant
1657 2081 1700 2142 ita
1714 2079 1796 2160 quod
1813 2091 1845 2166 tu

302 2192 358 2256 pgr
378 2191 435 2238 nos
460 2177 677 2256 approbatum,
701 2182 731 2238 te
752 2176 822 2238 licet
850 2177 1044 2238 absentema
1102 2165 1134 2226 in
1156 2165 1200 2227 eis
1220 2165 1394 2232 devotionis
1415 2170 1494 2232 filios
1515 2179 1546 2233 et
1568 2172 1624 2253 ipsi
1647 2180 1677 2235 te
1698 2190 1752 2252 pel*
1772 2190 1847 2238 con·

302 2269 429 2332 vinculo
449 2286 511 2348 quo
533 2269 659 2331 Vestrae
681 2270 834 2332 Ecclesiae
849 2269 1042 2346 Tripolitan,
1101 2275 1233 2337 sequens
1254 2271 1373 2338 patrem
1390 2263 1576 2327 benevolum
1599 2266 1756 2329 invenisse
1771 2283 1845 2345 gan-

302 2365 351 2427 cui
372 2363 522 2426 hactenus
543 2362 702 2441 praefuisti
718 2365 882 2436 tenebaris,
900 2366 937 2426 de
951 2363 1044 2425 simili

302 2459 430 2523 consilio
440 2468 472 2520 et
487 2458 666 2537 apostolicae
678 2449 835 2535 pote‘statis
850 2457 1045 2536 plenitudine

301 2553 505 2630 absolventes,
527 2556 562 2615 ad
591 2553 702 2614 dictam
730 2552 967 2614 Patriarchaiem
988 2552 1043 2614 Ec-

300 2647 423 2711 clesiam
445 2645 631 2710 Antiochen.
656 2645 789 2708 nationis
814 2644 1044 2722 Syru-biareni·

300 2747 403 2803 tarum
424 2739 462 2801 de
483 2737 607 2802 consilio
629 2743 660 2800 et
681 2739 862 2816 apostolicae
886 2740 1043 2816 potestatis

300 2833 495 2914 plenitudine
509 2831 633 2911 paribus
648 2831 872 2905 transierimus,
892 2832 983 2910 teque
999 2831 1042 2896 illi

300 2929 332 2990 in
362 2926 568 2989 Patriarcbam
597 2923 791 3003 praescimus
816 2932 847 2986 et
875 2925 1041 3000 Pastorem,

300 3033 417 3094 curam,
447 3017 589 3095 regimen
611 3023 641 3079 et
670 3017 971 3081 administrationem
998 3017 1042 3078 di-

300 3119 364 3175 ctae
385 3109 596 3174 Patriarcbalis
611 3109 765 3173 Ecclesiae
780 3109 834 3172 tibi
852 3109 885 3172 in
901 3111 1044 3188 spiritua·

300 3206 379 3268 libus
390 3213 421 3267 et
431 3203 650 3281 temporalibus
661 3202 796 3282 plenarie
807 3204 1042 3282 committendo,

298 3297 489 3375 liberamque
519 3296 575 3358 tibi
596 3295 631 3356 ad
661 3295 774 3358 dictam
804 3296 1042 3360 Patriarcbalem

299 3390 464 3455 Ecclesiam
489 3387 667 3452 transeundi
685 3388 841 3452 licentiam
864 3391 1040 3466 tribuendo,

300 3485 331 3548 in
353 3484 406 3547 illo
427 3483 480 3562 qni
502 3481 552 3544 dat
573 3484 684 3560 gratias
704 3491 735 3545 et
756 3482 887 3558 largitur
909 3485 1042 3562 praemia

298 3578 498 3653 confidentes,
515 3577 609 3655 quod,
630 3576 785 3652 dirigente
806 3577 937 3640 nomino
958 3585 1042 3642 actus

299 3677 379 3746 tuos,
395 3669 528 3750 praefata
542 3669 753 3732 Patriarcbalis
769 3669 902 3732 Ecclesia
916 3672 973 3734 sub
990 3679 1042 3735 tuo

298 3764 379 3828 felici
400 3764 552 3842 gubernio
574 3770 701 3839 regetur
715 3763 835 3826 utiliter
850 3772 880 3826 et
895 3781 1041 3844 prospere

298 3858 450 3936 dirigatur
470 3875 503 3920 ac
525 3864 609 3934 grata
635 3856 667 3917 in
690 3857 804 3918 eisdem
831 3857 1042 3936 spiritualibus

298 3961 330 4014 11
352 3951 572 4030 temporalibus
585 3949 730 4028 suscipiet
749 3951 1041 4028 incrementattno-

298 4046 376 4108 circa
397 4043 584 4107 fraternitati
600 4050 669 4106 tuae
680 4058 739 4121 per¹
749 4042 910 4121 apostolica
931 4046 1042 4123 scripta

298 4142 492 4215 mandamns,
508 4146 664 4217 quatenus
679 4140 714 4202 ad
730 4141 842 4202 dictam
857 4141 1041 4203 [1111111111-

298 4236 360 4298 lem
384 4233 549 4297 Ecclesiam
569 4234 754 4311 cumgratia
774 4241 896 4297 nostrae
918 4235 1041 4298 benedi-

297 4327 407 4392 ctionis
416 4326 561 4390 accedens
576 4343 682 4390 curam
696 4334 728 4388 et
741 4325 1042 4392 administrationem

297 4421 445 4502 praefatas
458 4421 501 4482 sic
516 4436 663 4482 exercere
682 4419 804 4482 studeas
817 4420 948 4484 sollicite
970 4423 1042 4484 fide·

297 4516 369 4579 liter
382 4521 413 4577 11
428 4515 613 4592 prudenter,
625 4514 709 4592 quod
723 4514 836 4577 exinde
850 4515 963 4594 sperati
979 4515 1042 4577 fru-

297 4617 364 4672 ctus
385 4607 569 4688 proveniant
590 4623 624 4668 ac
643 4614 712 4668 tuae
728 4607 825 4668 bonae
847 4606 945 4670 famae
966 4609 1042 4671 odor

297 4718 335 4765 ox
351 4702 411 4763 tuis
424 4699 627 4762 laudabilibus
648 4700 763 4762 actibus
778 4700 869 4763 iatius
890 4701 1041 4764 diffunda-

297 4802 361 4870 tur,
373 4794 497 4872 lpsaqne
512 4791 723 4854 Patriarchalis
735 4792 869 4856 Ecclesia
883 4793 1039 4857 Guberna-

297 4888 356 4952 tori
391 4887 519 4965 provido
550 4893 581 4948 et
611 4883 769 4950 fructuoso
798 4887 1040 4951 administratori

297 4983 427 5060 gaudeat
448 4997 481 5043 se
502 4980 707 5055 commissam,
731 4987 827 5060 tuque
850 4989 971 5063 praeter
992 5000 1039 5046 11-

295 5083 404 5138 ternae
424 5073 638 5137 retributionis
660 5076 832 5154 praemium
856 5083 993 5139 nostram
1009 5086 1040 5140 11

296 5170 392 5234 dictae
403 5167 490 5232 Sedis
505 5168 753 5230 benedictionem
767 5177 799 5230 et
810 5169 937 5245 gratiam
953 5171 1039 5233 exin-

295 5260 333 5324 de
347 5261 475 5324 nberius
489 5261 636 5340 consequi
657 5261 819 5340 merearis;
836 5277 970 5326 necnon
986 5280 1038 5327 ve·

296 5354 485 5418 necabilibus
516 5353 661 5416 fratribus
691 5353 806 5416 nostris
836 5355 1038 5432 suffraganeis

295 5449 479 5514 Ortbodotis
500 5467 533 5512 ac
554 5448 674 5511 dilectis
694 5449 787 5510 etlam
805 5449 875 5511 filiis
897 5449 1039 5528 Capitnlo

295 5553 326 5610 11
346 5543 489 5607 Vassallis
503 5542 601 5605 dictae
615 5541 825 5604 Patriarcbails
840 5542 992 5605 Ecclesiae
1005 5561 1038 5606 ac

295 5641 377 5703 clero
398 5646 429 5701 et
451 5637 563 5717 pupulo
589 5635 693 5700 eidem
713 5636 909 5699 Patriarcbaii
936 5637 1038 5700 Eccle-

295 5733 356 5797 siae
375 5732 521 5795 subiectis
548 5746 604 5809 per
624 5730 786 5808 apostolica
815 5730 924 5808 scripta
950 5745 1038 5792 man·

295 5831 414 5899 damus,
430 5833 464 5888 ut
477 5824 663 5902 suffraganei
685 5824 740 5886 tibi
763 5831 919 5902 tamquam
941 5838 1036 5885 mem-

294 5922 348 5984 bra
377 5919 468 5999 capiti
500 5918 705 5996 obsequentes
726 5926 757 5980 et
784 5916 953 5997 capitulum
982 5917 1036 5980 tibi

1101 2353 1212 2429 deatis;
1236 2354 1353 2417 vassalli
1376 2373 1450 2420 vero
1468 2357 1594 2436 praefati
1617 2359 1855 2425 1111111111·

1101 2462 1178 2508 nore
1199 2459 1420 2526 prosequentes
1436 2449 1490 2512 tibi
1509 2449 1689 2515 fidelitatem
1711 2454 1843 2518 debitam

1100 2557 1133 2602 ac
1154 2551 1299 2604 consueta
1320 2541 1445 2605 servitia
1468 2549 1499 2605 et
1520 2545 1586 2606 iura
1602 2545 1655 2608 tibi
1677 2546 1715 2609 ab
1736 2549 1778 2610 eis
1793 2551 1845 2613 de·

1101 2633 1161 2696 bita
1183 2634 1255 2697 inde
1270 2635 1415 2698 exhibere
1429 2646 1609 2716 procurent,
1625 2639 1761 2721 alioquin
1775 2659 1845 2708 sen-

1101 2728 1231 2790 tentiam
1245 2729 1311 2791 sive
1333 2744 1464 2806 poenam
1478 2747 1571 2810 quarn
1587 2732 1645 2794 rite
1667 2734 1774 2798 tuleris
1788 2753 1844 2799 seu

1100 2821 1241 2882 statueris
1262 2820 1295 2883 in
1318 2822 1458 2897 rebelles,
1482 2833 1577 2886 ratam
1598 2824 1789 2904 babebimus,
1812 2837 1844 2892 et

1099 2913 1257 2990 faciemus,
1286 2921 1410 2978 auctore
1439 2919 1582 2994 Domino,
1612 2935 1711 2998 usque
1740 2921 1776 2984 ad
1798 2939 1844 2984 sa-

1101 3008 1305 3072 tisfactionem
1332 3010 1519 3088 condignam
1544 3013 1765 3077 inviolabiliter
1792 3018 1844 3080 ob-

1099 3104 1227 3165 servarl.
1245 3103 1398 3168 Volumus
1416 3117 1520 3170 autem
1535 3109 1614 3186 quod
1631 3117 1664 3173 tu
1678 3120 1844 3194 antequam

1100 3197 1246 3274 regimini
1268 3208 1299 3262 et
1315 3201 1573 3265 administrationi
1596 3204 1693 3268 dictae
1714 3207 1844 3272 Patriac-

1099 3291 1192 3356 clualis
1208 3291 1360 3354 Ecclesiae
1376 3293 1561 3358 Antiochen.
1580 3296 1845 3374 Syro-Maronita-

1099 3401 1171 3447 rum
1199 3391 1230 3447 te
1252 3385 1283 3446 in
1305 3384 1409 3464 aliquo
1430 3387 1613 3467 immisceas,
1640 3391 1673 3454 in
1702 3396 1843 3462 manibus

1099 3478 1234 3542 duorum
1255 3479 1482 3543 venerabilium
1504 3480 1635 3546 fratrum
1663 3469 1843 3552 nostrorum

1100 3574 1407 3652 archiepiscoporum
1419 3573 1468 3636 vel
1481 3575 1701 3655 Episcoporum
1713 3581 1842 3656 gratiam

1099 3673 1130 3728 et
1151 3669 1404 3730 communionem
1424 3668 1511 3731 Sedis
1525 3669 1716 3748 apostolicae
1733 3673 1843 3736 baben-

1099 3760 1177 3822 tium
1192 3761 1266 3822 etin
1288 3760 1348 3822 illis
1370 3761 1506 3841 partibus
1528 3762 1709 3839 degentium
1729 3782 1786 3828 sen
1800 3768 1842 3831 al-

1100 3853 1195 3916 terius
1205 3870 1315 3916 eorum
1326 3856 1480 3918 fidelitatis
1491 3858 1609 3922 debitae
1619 3860 1746 3922 solitum
1757 3878 1842 3940 prae-

1097 3957 1159 4010 stes
1181 3949 1393 4012 iuramentum
1415 3951 1500 4014 iuxta
1520 3952 1652 4016 formam
1673 3959 1841 4034 praesenti·

1099 4042 1154 4104 bus
1177 4041 1363 4119 adnotatam,
1388 4051 1419 4106 et
1440 4045 1519 4107 sica
1542 4055 1571 4109 11
1592 4049 1728 4124 praestiti
1761 4052 1841 4116 iura·

1099 4137 1198 4198 menti
1214 4135 1345 4200 formam
1361 4139 1395 4200 ad
1408 4140 1548 4201 eamdem
1560 4142 1841 4219 congregationem

1099 4229 1135 4291 de
1157 4229 1351 4308 Propaganda
1377 4233 1450 4296 Fide
1471 4233 1508 4294 de
1534 4233 1630 4296 verbo
1650 4236 1687 4298 ad
1707 4237 1841 4301 verbum

1098 4340 1153 4404 per
1175 4332 1241 4388 tuas
1263 4331 1400 4404 patentes
1415 4325 1532 4388 litteras
1548 4334 1601 4390 luc
1621 4328 1723 4405 sigillo
1739 4332 1842 4394 muni-

1099 4427 1142 4481 tas
1170 4435 1226 4498 per
1254 4420 1415 4499 proprium
1448 4419 1606 4484 Nuncinm
1633 4425 1841 4502 quantocitius

1099 4511 1310 4574 transmittere
1341 4511 1471 4575 omnino
1499 4513 1649 4590 tenearis,
1676 4516 1788 4595 quibus
1809 4526 1841 4582 et

1098 4621 1207 4670 eurum
1228 4605 1354 4668 cuilibet
1375 4621 1430 4684 per
1450 4607 1572 4669 easdem
1593 4618 1769 4686 praesentes
1791 4627 1842 4690 pa·

1098 4703 1175 4764 riter
1196 4701 1387 4774 mandamus,
1403 4709 1438 4764 nt
1459 4699 1515 4778 ipsi
1537 4701 1587 4762 vei
1608 4719 1718 4766 eorum
1733 4703 1840 4768 altera

1099 4804 1128 4859 te
1149 4803 1255 4858 nostro
1269 4803 1299 4858 et
1314 4794 1469 4858 Romanae
1484 4795 1635 4858 Ecclesiae
1651 4797 1780 4860 nomine
1794 4799 1841 4860 iu·

1097 4900 1276 4954 ramentum
1304 4889 1482 4952 huiusmodi
1507 4889 1590 4953 iuxta
1616 4892 1757 4953 eamdem
1780 4891 1840 4954 for·

1098 4999 1180 5046 mam
1202 4983 1351 5062 recipiant
1371 4997 1426 5044 seu
1452 4982 1587 5060 recipiat.
1606 5015 1643 5028 -
1657 4985 1768 5047 Forma
1789 5003 1841 5048 au·

1098 5087 1161 5140 tem
1182 5076 1350 5140 iuramenti
1370 5075 1451 5154 quod
1466 5076 1632 5154 praestabis
1654 5076 1839 5140 111111111-

1096 5171 1162 5247 Ego
1191 5169 1337 5248 Iosephus
1364 5168 1473 5230 Petrus
1502 5167 1639 5230 ilabaisci
1669 5169 1840 5233 Patriarcba

1095 5262 1282 5328 Antiochen.
1306 5261 1439 5324 nationis
1466 5260 1782 5340 Syro-Maronitarum
1803 5265 1840 5328 ab

1095 5359 1150 5420 bac
1171 5357 1245 5418 hora
1268 5355 1300 5417 in
1322 5361 1411 5417 11111
1436 5354 1534 5416 fidelis
1559 5363 1589 5416 et
1613 5355 1760 5418 obediens
1785 5371 1839 5420 ero

1095 5451 1187 5512 Beato
1208 5449 1299 5511 Petro
1322 5449 1512 5526 sanctaeque
1539 5447 1695 5510 itomanae
1716 5448 1785 5511 Sedi
1807 5455 1838 5511 et

1095 5544 1227 5606 Domino
1248 5549 1354 5605 nostro
1382 5541 1515 5604 Domino
1535 5539 1631 5603 Leoni
1653 5539 1749 5621 Papae
1770 5543 1835 5606 illi.

1094 5637 1219 5715 suisque
1234 5634 1462 5698 successoribus
1477 5633 1621 5696 canonice
1636 5633 1837 5713 intrantibus,

1094 5746 1157 5792 non
1180 5745 1233 5792 cro
1255 5729 1286 5791 in
1309 5728 1436 5792 consilio
1450 5735 1502 5791 aut
1523 5743 1675 5790 11111111
1696 5730 1747 5792 111
1761 5729 1838 5793 facto

1094 5830 1128 5885 ut
1150 5821 1246 5884 vitam
1270 5823 1400 5900 perdant
1422 5832 1472 5884 aut
1501 5822 1691 5899 membrum,
1715 5840 1837 5887 11111-

1093 5917 1218 5996 piantur·
1239 5915 1316 5979 mala
1330 5916 1482 5995 captione,
1498 5923 1549 5978 ant
1565 5916 1597 5979 in
1612 5931 1665 5978 eos
1683 5917 1837 5984 violenter
