4734 7004
953 592 1094 650 ctnuttus
1115 556 1186 652 xrrt.

299 737 433 804 suosque
454 721 615 803 plenarios,
629 734 660 790 et
681 722 815 806 integros
836 726 962 790 euectus
976 743 1041 789 sor-

300 818 351 880 tiri
372 827 404 882 et
424 820 577 897 obtinere,
606 837 640 883 ac
660 821 736 897 illis,
764 819 799 882 ad
822 838 899 900 quos
926 828 1041 900 spectat

300 919 331 973 et
350 928 407 991 pro
432 921 573 992 tempore
599 915 856 992 quandocumque
882 913 1041 994 spectabit,

300 1007 333 1068 in
354 1006 499 1070 omuibus
520 1015 552 1070 et
572 1023 628 1086 per
650 1009 754 1070 omnia
781 1008 960 1087 plenissime
980 1006 1042 1068 sul-

300 1100 422 1176 tragari,
444 1107 476 1162 et
497 1100 534 1163 ab
557 1101 600 1162 eis
622 1101 792 1180 respective
822 1099 1043 1162 inviolabiliter

300 1194 456 1256 observari
478 1195 608 1271 debere,
630 1195 736 1273 sicque
757 1203 788 1256 et
810 1209 874 1257 non
899 1194 990 1255 aliter
1011 1193 1043 1254 in

300 1287 475 1366 praemissis
489 1303 544 1364 per
556 1305 768 1368 quoscumque
788 1287 903 1350 iudices
924 1286 1044 1348 ordina-

300 1383 361 1443 rios
382 1389 413 1443 et
441 1381 612 1458 delegatos,
636 1383 729 1444 etiam
757 1395 918 1444 causarum
942 1379 1043 1458 palatii

299 1475 454 1554 apostolici
475 1475 639 1550 auditores,
662 1475 777 1536 aliosve
798 1473 951 1552 quoslibet
971 1487 1045 1550 qua·

298 1584 434 1648 cumque
445 1569 690 1647 praeeminentia
700 1575 731 1630 et
746 1573 896 1647 potestate
910 1566 1044 1642 lungen-

300 1671 347 1726 tes
360 1670 393 1726 et
414 1663 586 1740 iuncturos,
608 1663 725 1726 sublata
747 1662 791 1724 eis
805 1671 836 1723 et
856 1675 967 1722 eorum
981 1659 1046 1721 cui·

300 1758 377 1820 libet
402 1757 492 1819 aliter
519 1756 675 1820 iudicandi
703 1765 734 1820 et
757 1755 924 1819 definiendi
952 1752 1044 1816 iacul-

299 1859 363 1913 tate
385 1857 416 1912 et
437 1851 629 1924 auctoritate,
653 1851 780 1912 iudicari
802 1859 839 1912 et
852 1847 973 1910 definiri
995 1847 1045 1908 de·

299 1945 387 2022 bere,
408 1961 442 2006 ac
463 1943 588 2006 irritum
615 1953 647 2005 et
667 1943 760 2005 inane
784 1940 933 2021 quidquid
958 1953 1045 2001 secus

299 2054 394 2117 super
424 2037 471 2098 his
501 2053 517 2097 a
548 2052 745 2114 quocumque
776 2033 884 2114 quavis
914 2033 1046 2095 auctori·

300 2138 376 2207 tate,
390 2131 524 2193 scienter
540 2130 591 2192 vel
613 2130 805 2206 ignoranter,
821 2125 988 2202 contigerit
1002 2133 1045 2188 at-

299 2225 429 2288 tentari.
766 2255 769 2264 ·

342 2320 361 2393 5
382 2319 410 2381 6.
435 2317 504 2380 Non
526 2318 717 2380 obstantibus
743 2317 847 2379 nostra
869 2322 900 2376 et
922 2312 1046 2377 Cancel-

302 2413 397 2475 lariae
417 2413 606 2493 apostolicae
633 2411 739 2488 regula
760 2413 798 2473 de
818 2411 887 2472 iure
909 2408 1046 2488 quaesito

301 2524 366 2569 non
390 2507 544 2583 tollendo,
567 2523 600 2568 ac
621 2504 792 2584 apostolicis
814 2512 845 2566 et
866 2505 899 2565 in
921 2502 1048 2564 univer·

301 2600 416 2662 salibus
450 2599 752 2679 provincialibusque
784 2604 815 2659 et
850 2595 1046 2676 synodalibus
1102 2595 1105 2603 ’

301 2694 441 2756 conciliis
462 2693 551 2756 editis
576 2693 773 2770 generalibus
795 2691 844 2753 vel
865 2688 1047 2770 specialibus

301 2787 575 2850 constitutionibus
590 2794 620 2848 et
635 2784 894 2858 ordinationibus,
911 2798 967 2845 nec
983 2797 1046 2843 non

301 2879 401 2943 dictae
428 2881 636 2961 patriarchalis
668 2879 819 2941 Ecclesiae
845 2877 940 2939 etiarn
966 2877 1046 2938 iura-

301 2984 420 3050 mento,
437 2975 670 3037 confirmatione
685 2973 857 3051 apostolica,
874 2969 924 3032 vel
938 2971 1047 3048 quavis

302 3071 452 3132 firmitate
471 3069 528 3130 alia
549 3068 699 3131 roboratis
723 3067 845 3128 statutis
867 3071 897 3128 et
918 3079 1047 3126 consue·

304 3164 474 3238 tudinium,
497 3161 669 3242 privilegiis
697 3175 830 3240 quoque,
853 3158 993 3233 indultis,
1016 3164 1047 3218 et

302 3256 401 3319 literis
422 3256 593 3336 apostolicis
607 3257 640 3317 iu
655 3256 846 3318 contrarium
868 3253 1046 3331 praemisso-

301 3366 376 3413 rum
402 3349 636 3429 quomodolibet
662 3349 829 3422 concessis,
858 3345 1047 3409 confirmatis

302 3453 335 3506 et
355 3443 526 3506 innovatis:
561 3443 671 3522 quibus
698 3442 843 3504 omnibus
865 3447 895 3502 et
916 3439 1047 3516 singulis

301 3538 429 3600 illorum
450 3543 573 3600 tenores
592 3536 804 3616 praesentibus
824 3553 880 3616 pro
901 3537 993 3616 plene
1014 3553 1047 3598 ac

300 3633 494 3695 sufficienter
514 3633 725 3710 expressisse
746 3633 783 3693 de
805 3631 900 3692 verbo
921 3628 956 3690 ad
979 3645 1046 3691 ver·

301 3726 379 3788 bum
400 3725 525 3788 insertis
536 3724 696 3800 habentes,
712 3724 773 3785 illis
794 3724 866 3784 alias
879 3725 913 3785 iu
927 3739 983 3784 suo
998 3741 1045 3785 ro-

302 3827 378 3887 bore
405 3822 627 3903 permansuris,
649 3823 684 3884 ad
714 3821 954 3899 praemissorum
976 3817 1047 3879 eile-

301 3927 390 3982 ctum
409 3918 466 3980 hac
487 3917 553 3978 vioe
574 3918 733 3980 dumtaxat
753 3913 924 3993 specialiter
943 3919 973 3974 et
995 3927 1046 3972 ex-

302 4028 408 4091 presse
418 4011 613 4088 derogamus,
625 4009 797 4088 ceterisque
809 4007 969 4070 contrariis
980 4007 1046 4085 qui-

303 4105 506 4183 buscumqne.

111 4217 284 4271 nmmum
342 4199 362 4272 5
383 4197 411 4259 7.
429 4197 582 4260 Volumus
593 4203 709 4273 autem,
722 4206 757 4259 ut
768 4197 947 4260 earumdem
962 4211 1046 4275 prae-

91 4268 208 4315 mm
301 4291 442 4354 sentium
463 4291 623 4353 literarum
647 4291 847 4368 transumptis
867 4306 922 4352 seu
943 4307 1047 4352 exem·

344 4525 376 4582 (l)
390 4527 428 4570 lix
440 4525 507 4570 Bull.
523 4528 548 4570 P.
564 4525 595 4570 de
610 4527 683 4582 Prop.
703 4523 773 4569 Fide.
794 4523 885 4570 collat.
901 4536 960 4570 cum
983 4528 1045 4582 Reg.

301 4593 386 4638 vatic.
407 4591 514 4648 Epistol.
535 4593 568 4637 ad
588 4591 659 4638 viros
680 4592 811 4649 principes
831 4595 880 4637 etc.
901 4595 937 4636 Ex
956 4593 1046 4638 eodem

301 4662 367 4716 Reg.
375 4658 577 4704 transcribimus
587 4659 703 4714 literam,
712 4670 764 4717 qua
774 4659 966 4706 Nachadiorum
977 4659 1048 4704 Prin-

300 4727 368 4783 cipis
381 4725 516 4782 praedicat
530 4727 725 4772 humanitatem
740 4737 804 4784 erga
817 4727 1005 4772 christifideles
1020 4726 1047 4772 in

301 4792 360 4838 eius
374 4793 474 4837 ditione
488 4791 621 4850 degentes,
635 4797 711 4850 rogat
726 4795 755 4839 nt
770 4795 797 4840 in
808 4805 838 4839 ea
849 4793 983 4838 voluntate
993 4803 1048 4848 per·

301 4863 414 4914 severat,
428 4860 505 4916 eique
519 4859 550 4904 da
565 4861 719 4906 patriarcha
734 4865 830 4906 Graeco
844 4861 968 4906 Melchita
979 4863 1006 4906 ot
1016 4861 1047 4906 de

302 4927 445 4973 monachis
451 4927 641 4973 Libanensibus
656 4928 793 4974 Maronitis
807 4928 933 4974 scribenti
944 4926 1048 4986 exponit

301 4995 367 5052 quid
380 4995 409 5039 in
423 4998 536 5051 utroque
546 4995 651 5051 negotio
661 4995 720 5040 sedi
730 4995 894 5053 apostolicae
903 4996 1048 5051 gerendum

301 5061 385 5107 tuerit
405 5061 480 5106 iuxta
502 5071 590 5106 sacros
611 5073 722 5108 canones
741 5065 769 5106 et
787 5063 820 5107 ad
841 5063 985 5107 schismata
999 5062 1050 5107 evi·

303 5129 399 5174 tanda:
414 5129 523 5173 nunciat
537 5128 652 5184 tandem,
666 5128 724 5174 eins
738 5128 840 5174 iutuitu
857 5139 951 5174 rursus
966 5132 1050 5174 Mona·

301 5197 367 5241 choa
380 5195 524 5242 audiendos
539 5196 686 5251 mandasse,
696 5207 726 5241 ac
740 5195 819 5240 simul
829 5196 994 5242 commendat
1004 5196 1052 5240 xb-

302 5263 422 5320 legatum
437 5273 514 5314 suum
529 5261 562 5308 ad
577 5266 687 5308 Graecos
701 5263 837 5308 Melchitas
851 5263 969 5309 missurn.

374 5400 481 5442 illustri
493 5407 525 5441 oc
538 5399 722 5450 potentissimo
738 5398 866 5441 Chomarae
880 5409 979 5450 iltayno

503 5465 704 5508 machomariam
721 5466 849 5516 Principe,

517 5575 661 5618 CLEMENS
677 5575 757 5617 PAPA
771 5574 836 5618 xrtl.

411 5675 528 5717 illustris
548 5681 579 5715 ao
598 5673 782 5724 potentissime
803 5672 941 5722 Princeps,

426 5742 541 5783 satiatem
554 5743 578 5782 et
593 5741 685 5782 iunceis
699 5740 806 5780 dictatae
819 5741 928 5789 arettae.

104 5898 181 5946 m
199 5899 222 5946 53
238 5899 285 5946 m
322 5939 328 5948 .
342 5878 357 5923 a
371 5875 391 5917 1.
407 5872 557 5918 Laudamus
571 5881 730 5928 magnopere
743 5869 938 5917 humanitatem
949 5871 1054 5916 celsitu-

86 5955 171 6000 mgfl
182 5964 221 5999 m
241 5965 286 5998 η.
303 5940 374 5986 dtnia
389 5943 461 5995 tuae,
475 5949 554 5997 quam
568 5939 700 5986 laetantes
714 5938 865 5995 aspeximus
879 5939 912 5984 iis
927 5938 955 5982 in
964 5938 1051 5982 literis

85 6017 113 6066 qa
130 6005 286 6066 desistim-
304 6018 372 6067 quas
393 6007 546 6064 nuperrime
559 6007 593 6053 ad
606 6019 653 6054 nos
675 6005 822 6062 dedistipet
840 6005 966 6062 quonlam
988 6005 1051 6050 fides

1779 575 1818 648 51
1870 575 1924 637 An.
1938 581 1968 638 0.
1990 573 2060 638 1760

1097 725 1153 804 plis
1175 725 1268 788 etiam
1283 719 1452 806 impressis,
1468 736 1562 788 manu
1577 719 1705 788 alicuius
1727 721 1839 786 notarii

1098 823 1212 901 publici
1237 821 1426 900 subscriptis,
1450 829 1481 884 et
1506 819 1607 898 sigillo
1633 833 1780 896 personae
1806 817 1838 878 in

1097 919 1297 982 ecclesiastici
1318 917 1472 994 dignitate
1491 916 1676 978 constitutae
1695 914 1839 987 munitis,

1098 1013 1204 1074 eadem
1226 1028 1351 1091 prorsus
1367 1011 1441 1073 sides
1462 1010 1494 1071 in
1517 1008 1628 1070 iudicio
1642 1014 1674 1070 et
1688 1015 1773 1068 extra
1790 1007 1841 1068 ad-

1099 1105 1250 1180 hibeatur,
1263 1121 1341 1184 quae
1362 1104 1560 1168 adhiberetur
1582 1105 1652 1183 ipsis
1673 1101 1844 1182 praesenti-

1098 1199 1166 1274 bus,
1188 1200 1214 1260 si
1235 1199 1338 1260 forent
1359 1199 1513 1261 exhibitae
1534 1197 1583 1260 vel
1606 1204 1753 1260 ostensae.

1138 1297 1249 1360 ilatum
1272 1295 1398 1368 Romae,
1432 1295 1510 1372 apud
1534 1291 1564 1355 S.
1592 1292 1720 1354 blaciam
1752 1289 1844 1352 llaio·

1099 1405 1177 1464 rem,
1200 1389 1257 1451 suh
1272 1387 1388 1450 annulo
1413 1387 1583 1463 Piscatoris,
1605 1386 1655 1447 die
1675 1401 1696 1446 1.
1720 1385 1843 1460 augusti

1099 1499 1252 1558 uncccx,
1276 1483 1472 1560 pontificatus
1494 1481 1594 1543 nostri
1617 1495 1699 1542 anno
1715 1497 1762 1541 111.

1356 1642 1594 1654 anu—n..—

1425 1764 1518 1831 xvlt.

1100 1948 1843 2030 Relatissoperiorilmaliteris,Patriarcltoiem

1140 2043 1553 2110 Ecclestomamioctmom
1564 2044 1844 2111 Graecorum-Mel·

1142 2135 1306 2200 editorum
1319 2141 1518 2203 auctoritate
1530 2139 1705 2219 apostolico
1721 2139 1844 2218 confert

1139 2230 1281 2296 Maximo
1312 2233 1555 2312 archiepiscopo
1587 2231 1843 2312 llierapoiitono,

1139 2325 1229 2402 eique
1257 2326 1374 2388 iudicii
1396 2335 1434 2389 ot
1463 2327 1535 2405 fidei
1562 2327 1787 2404 professionem
1815 2331 1845 2386 et

1142 2419 1363 2482 atramentum
1383 2420 1550 2498 fidelitatis
1574 2421 1671 2482 iaetu
1688 2418 1844 2498 formulas

1141 2528 1220 2590 quus
1241 2513 1384 2574 adnectit
1406 2515 1545 2582 emittat,
1572 2530 1609 2575 oe
1630 2518 1795 2590 postquam
1816 2527 1844 2572 e-

1141 2606 1280 2676 miserit,
1290 2606 1461 2685 ctri-neque
1477 2606 1663 2668 decantanto
1676 2607 1716 2668 ud
1727 2623 1752 2664 a.
1768 2606 1844 2668 Cora-

1141 2700 1359 2779 qregotiooem
1388 2716 1445 2778 per
1475 2701 1657 2778 oppositum
1688 2700 1846 2761 abaciam

1141 2794 1272 2864 mittat,
1302 2811 1321 2856 o
1350 2795 1528 2872 quostiam
1559 2792 1702 2855 Polliam
1731 2792 1847 2855 Romae

1141 2905 1198 2966 pro
1238 2887 1342 2949 eodem
1377 2886 1575 2950 Patriarcltd
1615 2885 1846 2966 postulandum

1142 2982 1205 3043 crit
1229 2979 1285 3063 (l).

1102 3165 1272 3235 Venerabili
1287 3165 1376 3234 tratri
1393 3165 1518 3234 ilexirno
1531 3167 1765 3251 archiepiscopo
1779 3165 1847 3232 llie-

1094 3341 1095 3350 ,
1142 3260 1316 3344 repetitam,
1334 3260 1531 3329 Patriarchae
1551 3262 1737 3329 Antiocheno
1752 3261 1846 3328 lirae-

1142 3354 1421 3436 co-ilelcbiterun,

1295 3539 1479 3610 CLEMENS
1501 3542 1561 3608 ΡΡ.
1586 3539 1656 3609 ltttt.

1315 3715 1504 3784 venerabilia
1526 3717 1633 3796 trater,

1132 3822 1314 3891 salutemet
1339 3823 1537 3907 apostolicam
1565 3823 1813 3892 benedictionem.

1140 4014 1159 4088 ἓ
1183 4014 1209 4075 l.
1234 4013 1346 4076 [teletis
1367 4015 1403 4076 ad
1425 4031 1481 4076 nos
1502 4023 1533 4077 et
1549 4015 1755 4093 apostolicam
1770 4015 1849 4076 hanc
1900 4027 1991 4072 narrar
2012 4035 2079 4082 quaa

1102 4107 1213 4170 Sedem
1237 4108 1477 4170 dissensionibus
1497 4108 1530 4170 in
1554 4107 1848 4172 Graeco-llelchba-
1867 4078 2010 4180 {Effifissfla‘n
2025 4089 2079 4179 ἷῖἶ

1101 4213 1171 4260 rum
1195 4199 1321 4260 natione
1343 4200 1611 4277 proximeobortis
1632 4199 1671 4261 ob
1685 4200 1848 4262 renuncia·
1867 4185 2080 4287 {ffi’ffigffgfissj

1103 4291 1222 4353 tionem
1243 4292 1351 4369 cyrilli
1373 4293 1422 4355 llt.
1447 4294 1650 4369 Patriarchae,
1671 4301 1847 4373 sequutam·
1867 4294 1894 4339 nt
1908 4292 2046 4341 nolenter.

1102 4527 1194 4571 nostra
1208 4526 1291 4582 docet,
1306 4525 1467 4572 christianos
1482 4537 1581 4582 omnes,
1596 4525 1756 4584 ubicumque
1766 4529 1847 4572 terra·
1868 4542 1902 4589 pe,
1913 4540 2080 4596 commendat,

1101 4602 1163 4636 rum
1184 4593 1257 4649 sitos,
1279 4605 1335 4638 esse
1357 4593 1436 4638 unius
1458 4593 1484 4638 iu
1506 4593 1611 4638 Christo
1632 4593 1709 4650 quasi
1729 4593 1848 4650 corporis
1867 4597 2081 4655 hortaturqumt

1103 4660 1230 4715 membra,
1246 4671 1355 4718 magnas
1371 4661 1419 4706 tibi
1434 4661 1536 4718 gratiae
1550 4660 1664 4716 agimus,
1675 4661 1742 4717 quod
1753 4671 1797 4706 eos
1807 4661 1847 4706 be·
1867 4653 1896 4698 in
1911 4652 1959 4698 dat
1971 4662 2081 4711 bertevi-

1103 4728 1193 4773 uevole
1208 4729 1322 4785 excipias
1336 4739 1366 4774 ac
1382 4727 1489 4784 tuearis,
1504 4739 1533 4772 ac
1548 4726 1631 4773 nihilo
1642 4728 1757 4774 minores
1768 4739 1847 4786 quarn
1866 4705 2082 4804 '‘tg‘t'gfflnpe‘}

1103 4793 1127 4838 si
1140 4795 1231 4839 eadem
1252 4794 1304 4840 ista
1325 4795 1502 4841 humanitatis
1516 4806 1547 4840 ac
1561 4794 1734 4852 benignitatis
1755 4793 1847 4848 officia,
1866 4770 2082 4874 mmmmm,

1103 4861 1215 4917 quaein
1236 4861 1395 4907 christianos
1417 4862 1485 4908 illios
1507 4863 1612 4906 nostros
1633 4861 1742 4914 confers,
1758 4861 1785 4905 in
1800 4871 1847 4905 nos
1866 4865 1896 4911 pi
1907 4865 2031 4912 commui
2042 4876 2081 4911 cu.

1103 4927 1181 4984 ipsos,
1196 4928 1242 4984 qui
1256 4929 1373 4973 eiusdem
1384 4928 1483 4973 Christi
1492 4927 1675 4973 misericordie
1685 4927 1767 4984 ipsius
1778 4928 1848 4972 vices
1866 4921 1911 4965 rei-

1104 4993 1131 5038 in
1146 4994 1220 5038 terrai
1235 4993 1362 5050 gerimus,
1372 4993 1511 5049 conferres,
1522 5003 1707 5050 rogamusque,
1718 4998 1749 5038 ut
1759 4993 1785 5037 in
1796 4991 1849 5038 istd

1105 5061 1241 5106 voluntate
1255 5072 1415 5118 perseveres,
1426 5066 1506 5118 atque
1516 5061 1597 5106 etiam
1607 5059 1706 5117 aliquid
1715 5059 1796 5104 addas
1807 5070 1850 5104 no-

1105 5129 1160 5174 stra
1169 5128 1262 5174 causi:
1273 5139 1334 5175 nem
1346 5128 1369 5174 si
1379 5129 1509 5174 voluntati
1520 5132 1625 5174 nostrae
1636 5128 1766 5174 excelsum
1777 5139 1850 5184 prae·

1104 5196 1201 5242 sidium
1217 5199 1293 5242 tuum
1307 5197 1455 5252 accesserit,
1471 5201 1497 5242 et
1511 5197 1624 5252 decreta,
1639 5207 1706 5253 quae
1720 5195 1848 5250 dedimus,

1105 5263 1219 5310 fideliter
1233 5264 1402 5322 exequutioni
1418 5266 1584 5320 mandentur,
1595 5263 1668 5309 brevi
1679 5263 1802 5308 omnibus
1812 5263 1849 5307 in-

1104 5332 1345 5387 commoditatibus,
1360 5343 1427 5390 quae
1448 5343 1538 5377 recens
1553 5333 1631 5377 natae
1653 5334 1722 5386 eunt,
1737 5333 1788 5376 Deo
1803 5330 1849 5374 nri-

1105 5403 1219 5455 seraute,
1229 5403 1396 5457 prospectum
1411 5399 1446 5444 iri
1460 5400 1628 5445 confidimus:
1638 5399 1707 5444 nihil
1716 5399 1787 5444 enirn
1798 5409 1850 5444 ma-

1106 5467 1146 5522 gis
1160 5465 1232 5512 cordi
1251 5467 1388 5522 habemus,
1403 5477 1482 5523 quarn
1498 5465 1568 5511 utin
1583 5466 1656 5511 omni
1670 5465 1786 5511 Ecclesia
1801 5477 1850 5522 pax

1105 5537 1184 5590 atque
1198 5534 1334 5579 concordia
1348 5537 1470 5578 serretur
1484 5537 1518 5590 et,
1533 5533 1556 5578 ai
1570 5543 1687 5590 unquam
1697 5533 1849 5590 perturbari

1106 5599 1250 5656 contingat,
1265 5598 1410 5655 quamcito
1425 5597 1592 5644 restituatur.

1146 5669 1191 5716 52.
1208 5669 1240 5711 tlt
1255 5665 1339 5723 igitur
1353 5664 1461 5722 quaein
1476 5666 1546 5710 hunc
1561 5665 1639 5711 tinem
1661 5667 1771 5712 consilia
1785 5665 1851 5724 cepi·
1890 5673 2084 5722 Menapiorum

1106 5744 1165 5779 mus
1180 5733 1305 5782 nobilitas
1319 5735 1365 5778 tua
1374 5737 1521 5788 cognoscat,
1532 5733 1622 5778 statim
1633 5745 1664 5779 ac
1673 5736 1785 5778 Romam
1796 5745 1852 5792 per·
1873 5727 2014 5787 Principem
2035 5737 2085 5773 oer-

1106 5803 1235 5847 venerunt
1248 5799 1364 5846 nationis
1374 5800 1618 5845 Graeco-Melchitae
1628 5799 1752 5856 ablegati,
1763 5811 1851 5858 quam·
1869 5782 1962 5882 {lm}
1968 5779 2085 5893 [5⁶ssan

1091 5925 1093 5932 γ
1107 5869 1145 5914 vis
1154 5871 1210 5913 tum
1219 5868 1384 5924 gravissimis
1393 5867 1465 5912 curis
1475 5867 1672 5922 distuleramus,
1680 5867 1751 5912 illico
1762 5871 1850 5912 tamen
1870 5888 2084 5935 &mmmm-

1106 5936 1251 5982 adlecimus
1272 5936 1391 5981 animum
1406 5935 1439 5980 ad
1454 5934 1657 5992 expendendam,
1672 5935 1747 5981 iuxta
1768 5946 1852 5980 sacro
1870 5943 1903 5989 aaa
1913 5941 2086 6004 perpetienti

1106 6014 1166 6050 rum
1176 6013 1307 6050 canonum
1319 6011 1448 6058 normam,
1459 6001 1580 6048 monachi
1590 6001 1687 6060 Ignatii
1697 6001 1850 6049 electionem
1870 5995 1975 6046 huiusce
1996 5997 2084 6048 Petri-
