4750 6980
899 581 969 625 exus
991 581 1038 626 rr.
1064 583 1104 626 vr.
1693 569 1750 634 383
1802 566 1855 619 An.
1870 568 1900 620 c.
1922 568 1990 621 1793

237 697 287 759 bus
308 696 495 772 infidelium,
511 698 694 777 quibusdam
715 699 743 761 ei
764 698 919 762 attributis
934 697 974 758 la·
1030 705 1143 774 rantes,
1166 715 1320 778 aegreque
1341 701 1474 765 ferentes
1495 718 1550 781 pro
1578 705 1669 766 sacris
1690 705 1769 767 ordi-

236 788 408 865 cultatibus,
425 790 540 869 illaque
555 793 637 854 inter
647 800 773 866 ceteras,
790 799 824 854 ut
839 792 975 854 hntistes
1030 790 1119 853 nibus
1133 793 1334 870 suscipiendis
1349 794 1478 871 longum
1489 813 1772 876 aerumnosumque

236 881 356 960 praeisti
379 883 508 962 Collegii
530 900 651 961 praeses
671 901 726 963 pro
749 892 887 964 tempore
910 885 975 945 exi·
1029 884 1154 958 aggredi
1170 884 1241 959 iter,
1252 885 1415 948 accedendi
1431 889 1480 950 vel
1494 891 1530 952 ad
1541 889 1620 951 hanc
1633 897 1770 954 nostram
1828 941 1831 949 .

235 984 314 1037 stans
329 976 361 1036 in
377 976 514 1039 eiusdem
537 977 666 1054 collegii
686 978 811 1041 ecclesia
827 978 929 1040 omnia
944 986 974 1039 et
1029 976 1145 1038 Urbem
1174 977 1224 1038 vel
1251 977 1287 1038 ad
1314 979 1558 1044 bisinianensem
1590 982 1769 1062 dioecesim,

235 1068 351 1144 singula
373 1070 559 1146 pontificalia
584 1085 729 1134 exercere
751 1083 863 1150 posset,
886 1078 916 1132 et
938 1070 972 1130 ad
1030 1069 1082 1131 ubi
1099 1070 1209 1132 unicus
1225 1072 1308 1148 degit
1323 1075 1459 1135 hulistes
1475 1076 1574 1152 graeci
1589 1077 1679 1153 rituS,
1697 1079 1770 1140 iam-

234 1179 329 1226 sacros
358 1162 483 1226 ordines
512 1179 697 1241 promovere
721 1181 784 1227 uon
814 1173 876 1226 tam
898 1164 971 1227 dicti
1029 1162 1081 1224 diu
1113 1166 1317 1227 vehementer
1345 1167 1503 1244 optabant,
1530 1167 1558 1230 id
1590 1171 1770 1248 nuperrime

235 1257 359 1334 Collegii
382 1258 535 1334 alumnos,
552 1275 646 1336 quam
668 1259 741 1322 alios
762 1273 973 1337 quoscumque
1028 1262 1102 1317 sunt
1120 1239 1281 1319 bonsecuti
1302 1259 1416 1337 pietate
1437 1278 1470 1322 ac
1491 1262 1704 1326 munificentia
1725 1283 1770 1328 ca·

233 1351 454 1414 italo-Graecos
470 1353 631 1432 utriusque
653 1353 741 1430 regni
762 1351 883 1415 Siciliae
898 1353 978 1416 citra
1029 1348 1141 1410 rissimi
1172 1351 1203 1410 in
1232 1352 1354 1414 Christo
1377 1353 1432 1414 tilii
1459 1356 1556 1417 nostri
1584 1358 1769 1422 Perdinandi

234 1455 262 1508 et
282 1447 361 1509 ultra
383 1447 519 1509 Pharum
540 1447 665 1523 incolas,
683 1454 773 1526 prout
795 1448 826 1509 in
843 1447 972 1509 decretis
1029 1443 1193 1522 utriusque
1213 1444 1332 1508 Siciliae
1359 1446 1463 1523 Regis,
1484 1449 1537 1526 qui
1560 1458 1594 1511 ut
1615 1449 1733 1514 facilius
1754 1471 1770 1514 a

235 1539 459 1618 praedictorum
474 1542 713 1604 venniratrum
734 1551 912 1602 nostrorum
925 1541 974 1602 die
1028 1535 1116 1596 nobis
1138 1537 1292 1600 obtineret
1313 1540 1545 1618 deputationum
1562 1543 1688 1606 alterius
1709 1547 1769 1609 hn-

234 1651 310 1696 xxrx.
327 1636 499 1699 decembris
520 1651 733 1709 nnccxxxxv„
749 1643 780 1697 et
795 1652 837 1696 xv.
854 1634 972 1696 februa·
1028 1628 1132 1692 tistitis
1155 1630 1286 1693 titularis
1308 1635 1408 1708 graeci
1423 1634 1500 1696 ritus
1515 1637 1547 1696 in
1567 1635 1669 1700 Sicilia
1690 1639 1770 1702 ultra

233 1731 270 1792 rii
290 1746 478 1792 xnccxxxx.
509 1730 546 1792 ab
566 1733 676 1792 eodem
702 1730 864 1792 Clemente
886 1743 971 1806 prae·
1028 1720 1162 1786 Pharum
1192 1732 1342 1802 perpetuo
1368 1730 1575 1804 permansuri,
1602 1730 1705 1810 ibique
1725 1750 1771 1794 sa-

232 1823 386 1886 decessoffl
413 1831 519 1886 nostro
543 1824 733 1886 confirmaris
761 1822 877 1884 duabus
902 1837 970 1899 apo·
1027 1832 1094 1878 cros
1116 1819 1240 1880 ordines
1261 1819 1401 1882 collaturi
1426 1821 1605 1886 hominibus
1630 1827 1767 1889 eiusdem

230 1917 343 1979 stolicis
365 1918 463 1980 literis
483 1919 515 1980 in
538 1917 636 1980 sormi
656 1915 775 1990 Brevis,
791 1915 893 1976 alteris
914 1914 973 1975 sub
1027 1909 1105 1970 ritus
1127 1927 1193 1972 eam
1216 1913 1348 1975 insulam
1370 1915 1586 1992 intuentibus,
1609 1935 1680 1982 011¹ss
1702 1921 1769 1983 lile·

232 2013 333 2074 datum
354 2028 397 2073 xv.
422 2010 489 2073 idus
512 2012 589 2074 iunii
611 2025 799 2072 mcccxxxv.
822 2008 970 2086 incipien-
1026 2002 1068 2064 ris
1097 2003 1349 2069 dimissorialibus
1377 2011 1617 2086 respectivorum
1643 2012 1768 2077 Ordina-

232 2105 310 2167 tibus
338 2103 441 2182 Super
467 2104 689 2182 dispositione,
712 2103 815 2164 alteris
842 2102 900 2164 sub
921 2103 971 2165 da·
1026 2095 1157 2171 riorum,
1171 2099 1302 2174 rogavit,
1315 2101 1460 2163 uteixlem
1473 2103 1610 2166 hulistiti
1623 2115 1768 2184 protem-

231 2207 297 2260 tum
311 2199 390 2278 prid.
403 2199 465 2260 lxal.
477 2198 580 2278 aprilis
596 2211 808 2260 mcccxxxvn.
822 2195 971 2272 incipian·
1025 2204 1099 2265 pore
1121 2190 1266 2252 existenti
1282 2206 1338 2269 pro
1351 2196 1417 2255 eius
1432 2197 1581 2272 congrue,
1595 2197 1679 2260 iuxta
1693 2215 1770 2278 pon-

231 2293 310 2355 tibus
341 2291 481 2354 Proot'da
511 2290 692 2352 Pastorult's
728 2288 843 2370 Officii,
879 2287 971 2350 latins
1027 2281 1768 2364 tihcalisdignitatisexigentiam,sustentatione

230 2385 416 2463 uberiusque
437 2384 616 2446 continetur
637 2383 693 2464 (l).
1025 2375 1186 2438 hbbatiam
1208 2373 1238 2439 S.
1262 2377 1372 2440 blaciae
1393 2381 1430 2442 de
1456 2381 1526 2444 Gala
1546 2385 1593 2444 sui
1619 2387 1696 2462 regii
1719 2404 1767 2465 pa-

269 2477 336 2552 5²·
362 2479 441 2540 Cum
462 2485 566 2540 autem
593 2477 755 2556 praecipua
782 2474 869 2548 ratio,
892 2489 969 2552 quae
1026 2476 1325 2550 tronatusperpetuo
1340 2473 1561 2550 addiceremus,
1574 2493 1667 2555 quam
1683 2496 1767 2544 nuuc

229 2569 364 2634 laudatos
385 2570 469 2630 viros
490 2584 585 2632 venn.
606 2568 713 2631 iratres
735 2575 867 2640 nostros,
883 2581 968 2627 eum·
1025 2561 1145 2626 obtinet
1159 2564 1287 2628 dilectus
1303 2565 1384 2628 lilius
1397 2566 1505 2630 Petrus
1526 2570 1717 2636 Petrasancta
1732 2575 1765 2637 in

226 2666 360 2742 demque
374 2662 425 2724 iel.
443 2661 561 2724 record.
578 2662 759 2724 Pontificem
773 2659 968 2722 Clementem
1025 2659 1241 2721 commendam
1261 2661 1296 2721 ad
1319 2661 1366 2722 sui
1388 2662 1484 2724 vitam
1505 2679 1543 2726 ox
1564 2665 1647 2741 regia
1669 2668 1767 2730 nomi·

225 2759 490 2838 praedecessorem
511 2764 653 2818 nostrum
674 2754 811 2832 impulit,
826 2761 863 2815 ut
883 2751 970 2814 Anti·
1025 2750 1161 2826 natione,
1174 2767 1231 2814 nec
1246 2768 1309 2814 non
1331 2769 1369 2814 ex
1390 2755 1587 2820 concessione
1601 2766 1631 2818 et
1646 2759 1767 2837 dispen-

223 2852 293 2915 stili
313 2851 413 2928 graeci
439 2850 528 2924 ritus,
552 2849 583 2910 in
609 2848 778 2926 praesidem
805 2845 968 2908 memorati
1023 2844 1141 2905 salione
1155 2844 1326 2922 apostolicis
1342 2846 1496 2925 praedicto
1511 2850 1650 2912 Antistiti
1666 2855 1767 2928 graeci

223 2943 358 3022 (lollegii
380 2943 412 3004 in
427 2942 534 3006 eadem
556 2939 760 3005 bisinianensi
783 2939 912 3003 dioecesi
926 2937 969 3000 sic
1024 2937 1103 2998 ritus
1123 2937 1176 3012 sic,
1199 2946 1234 3001 ut
1255 2939 1438 3017 praefertur,
1461 2944 1647 3022 deputando,
1669 2946 1767 3010 donec

226 3040 325 3101 electo
346 3042 376 3100 et
397 3035 583 3111 constitute,
613 3049 685 3097 mox
706 3048 882 3113 expressam
914 3031 968 3093 tri·
1023 3029 1130 3092 eadem
1158 3031 1281 3094 Abbatia
1309 3047 1416 3096 vacare
1437 3036 1614 3112 contigerit,
1637 3038 1766 3101 admini-

226 3133 336 3194 bueret
356 3129 534 3192 facultatem
548 3146 604 3207 pro
621 3129 741 3191 cunctis
762 3125 968 3189 italo-Graecis
1023 3123 1204 3186 strationem
1216 3133 1246 3187 et
1259 3125 1374 3190 reditus
1389 3129 1524 3189 vacantis
1534 3129 1677 3193 beneficii
1692 3132 1767 3196 San-

234 3228 263 3288 in
283 3225 413 3302 utraque
432 3220 534 3286 Sicilia
555 3222 749 3299 degentibus,
766 3222 799 3283 in
821 3220 878 3281 hoc
899 3235 968 3282 rer·
1024 3215 1063 3278 cti
1084 3215 1235 3278 Pancratii
1255 3218 1335 3280 ritus
1350 3218 1437 3282 latini
1458 3221 1574 3286 interea
1588 3239 1604 3284 a
1620 3224 1707 3287 nobis
1722 3244 1766 3287 as·

224 3328 322 3394 setur,
344 3335 385 3380 ne
404 3319 535 3380 iuvenes
555 3316 775 3392 italo-graecae
797 3313 898 3389 gentis
912 3313 967 3373 hu·
1023 3308 1139 3384 signari
1162 3325 1249 3388 posse
1270 3313 1435 3374 consensit.

228 3411 425 3489 iusmodipro
439 3410 528 3472 dictis
542 3409 633 3471 sacris
645 3406 804 3470 ordinibus
818 3405 968 3482 accipieu-
1063 3401 1131 3478 §lc
1156 3401 1217 3464 Nos
1243 3404 1350 3480 igitur,
1374 3407 1427 3484 qui
1449 3415 1480 3469 et
1505 3407 1658 3486 piissimae
1680 3426 1766 3489 prae·

227 3506 272 3568 dis
293 3505 485 3568 incommoda
503 3511 534 3566 et
548 3517 696 3579 expensas
711 3499 843 3578 amplius
863 3497 968 3560 subire
1023 3495 1095 3558 dicti
1109 3495 1201 3572 Regis
1217 3497 1370 3560 voluntati
1382 3499 1600 3576 obsecundare,
1615 3513 1645 3566 et
1660 3520 1765 3583 quam·

230 3604 409 3661 tenerentur
439 3596 602 3659 accedendi
623 3597 658 3658 ad
682 3594 796 3657 Urbem
819 3599 966 3664 nostram,
1023 3589 1166 3668 plurimis
1181 3590 1384 3655 incommodis
1397 3601 1489 3672 atque
1503 3598 1645 3675 expensis
1664 3599 1764 3662 hacte-

227 3693 329 3771 ibique
350 3692 387 3753 ab
408 3690 555 3769 Episcopo
577 3688 678 3766 graeci
700 3689 789 3761 ritus,
805 3688 840 3748 ad
856 3686 885 3748 id
901 3701 967 3746 mu·
1023 3699 1082 3745 uus
1098 3684 1270 3764 importatis
1280 3701 1336 3764 per
1347 3686 1501 3750 deiectum
1513 3690 1669 3754 Antistius
1680 3708 1765 3769 grae·

228 3786 309 3849 neris
329 3784 521 3864 explendum
536 3783 635 3862 pers.
653 3781 765 3846 Sedem
787 3779 965 3852 constituto,
1022 3775 1049 3838 ci
1070 3777 1148 3840 ritus
1169 3778 1202 3841 in
1224 3777 1325 3842 Sicilia
1347 3779 1426 3841 ultra
1448 3780 1582 3844 Pharum
1603 3783 1765 3847 residentis

228 3879 348 3942 eosdem
370 3879 494 3941 ordines
515 3876 670 3955 suscipere
691 3876 775 3937 iuxta
797 3873 915 3962 ppaxim
931 3871 967 3933 ad
1023 3870 1141 3933 dilectis
1163 3870 1234 3932 filiis
1255 3871 1470 3934 italo-Graecis
1492 3874 1524 3937 in
1543 3875 1652 3938 eodem
1667 3893 1765 3954 regno

228 3973 301 4036 illud
322 3987 421 4051 usque
448 3977 571 4048 tempus
597 3975 766 4042 servatam,
792 3974 824 4029 et
850 3967 886 4028 ad
907 3965 968 4028 ior·
1022 3965 1297 4040 commorantibus,
1311 3967 1403 4028 sacris
1417 3969 1575 4032 ordinibus
1594 3970 1762 4048 initiandis,

228 4081 307 4128 mam
328 4063 557 4126 constitutionis
579 4061 631 4124 iel.
655 4062 773 4124 record.
798 4059 967 4123 Clementis
1022 4073 1147 4136 parcere
1169 4062 1373 4124 vehementer
1399 4061 1558 4140 cupimus,
1586 4075 1675 4126 motu
1695 4081 1764 4145 pro·

228 4158 278 4220 PP.
304 4155 381 4219 lllll.
406 4154 642 4234 praedecessoris
668 4153 774 4215 itidem
797 4151 894 4213 nostri
916 4150 967 4212 de·
1022 4152 1100 4230 prio,
1124 4151 1290 4231 auditoque
1314 4154 1408 4216 etiam
1435 4155 1563 4218 consilio
1587 4171 1681 4220 venn.
1705 4157 1765 4220 ira·

226 4267 315 4330 super
337 4249 448 4322 editae,
461 4248 509 4310 cui
531 4246 629 4325 quoad
651 4247 708 4308 hoc
724 4245 867 4309 Clemens
881 4260 965 4323 prae·
1023 4253 1106 4307 trum
1122 4253 1300 4309 nostrorum
1316 4247 1345 4309 S.
1358 4246 1393 4308 R.
1406 4247 1440 4309 ll.
1457 4248 1764 4328 cardinaliumprae-

227 4345 324 4406 dictus
345 4343 400 4403 PP.
426 4343 491 4406 llll.
514 4355 658 4418 expresse
679 4347 709 4402 et
729 4337 902 4418 specialiter
915 4337 967 4400 de·
1022 4340 1119 4402 dictae
1140 4341 1395 4417 congregationis
1416 4344 1453 4404 de
1474 4342 1668 4420 Propagandi
1689 4346 1764 4409 Fide

226 4437 361 4515 rogarit;
384 4436 542 4514 reliquum
563 4444 639 4509 erat,
655 4441 691 4496 ut
704 4430 965 4512 quemadmodum
1022 4434 1109 4497 nobis
1123 4449 1178 4511 per
1193 4434 1339 4497 dilectum
1362 4435 1461 4497 lilium
1483 4436 1675 4514 Stephanum
1690 4440 1762 4502 Bor·

226 4529 401 4594 huiusmodi
423 4529 523 4605 graeci
538 4527 692 4590 hntistitis
715 4527 745 4588 in
761 4524 965 4586 bisinianensi
1022 4529 1071 4604 gia
1102 4529 1240 4592 eiusdem
1269 4529 1524 4606 congregationis
1556 4530 1762 4597 secretarium

227 4624 354 4688 dioecesi
384 4629 534 4701 perpetuo
570 4620 731 4684 residentis
766 4619 965 4697 deputatione
1020 4622 1169 4697 exhibito,
1194 4623 1372 4684 antistitem
1396 4624 1494 4699 graeci
1516 4625 1595 4686 ritus
1617 4627 1648 4688 in
1670 4629 1762 4707 parti-

226 4717 401 4781 consultum
429 4713 530 4777 luerat
558 4714 743 4778 Graecorum
770 4712 801 4774 in
830 4711 966 4776 Calabria
1021 4717 1077 4778 bus
1099 4715 1290 4792 infidelium,
1318 4717 1372 4794 qui
1400 4719 1477 4796 apud
1508 4718 1675 4782 Ecclesiam
1703 4723 1762 4785 sibi

227 4810 406 4889 degentium
437 4807 598 4871 commodo
619 4815 650 4870 et
677 4806 900 4880 emolumento,
924 4805 964 4868 ita
1020 4809 1227 4884 commissam,
1256 4810 1348 4887 impii
1375 4811 1557 4874 eorumdem
1587 4812 1762 4877 infidelium

227 4920 347 4984 quoque
364 4895 561 4982 deputatione
575 4899 701 4962 alterius
716 4899 870 4962 hntistitis
892 4901 965 4962 titu·
1019 4903 1063 4964 sic
1076 4911 1206 4980 cogente
1222 4903 1397 4982 tyrannide,
1412 4905 1612 4982 personaliter
1628 4907 1762 4970 residere

227 4999 294 5060 laris
320 4999 459 5062 eiusdem
489 4997 588 5073 graeci
616 4993 706 5067 ritus,
729 4992 782 5072 qui
804 4993 837 5054 in
863 4995 965 5060 Sicilia
1021 5012 1084 5058 non
1106 4996 1224 5070 valens,
1237 4997 1270 5058 in
1285 5012 1384 5075 reguo
1398 4993 1518 5060 Siciliae
1533 4998 1613 5060 ultra
1628 5000 1762 5063 Pharum

227 5091 305 5154 ultra
331 5092 464 5154 Pharum
491 5091 628 5153 residens
658 5089 872 5154 italo-Graecis
897 5107 963 5154 eam
1020 5090 1160 5165 resideat,
1178 5091 1281 5170 ibique
1295 5090 1503 5154 italo-Graecis
1517 5093 1656 5156 eiusdem
1671 5095 1761 5171 regni

227 5187 355 5250 insulam
366 5185 679 5249 incolentibussacros
691 5187 814 5248 ordines
823 5186 963 5249 conferre
1020 5184 1139 5258 incolis,
1152 5185 1368 5246 dimissoriales
1379 5201 1508 5248 suorum
1522 5187 1693 5264 respective
1707 5189 1761 5252 Or·

227 5282 337 5342 valeret
359 5296 429 5342 cum
452 5279 548 5342 literis
567 5278 817 5342 dimissorialibus
838 5280 963 5344 Ordina-
1019 5278 1211 5340 dinariorum
1227 5276 1330 5340 literas
1344 5277 1401 5340 sibi
1415 5279 1643 5356 exhibentibus,
1661 5297 1760 5344 sacros

226 5375 341 5438 riorum
361 5375 532 5452 respective
554 5389 695 5447 suorum,
711 5374 892 5436 eorumdem
909 5376 962 5436 lta·
1019 5372 1142 5432 ordines
1164 5371 1196 5432 iu
1219 5371 1342 5433 ecclesia
1363 5371 1393 5433 S.
1417 5372 1564 5434 Demetrii
1585 5373 1642 5435 loci
1666 5374 1760 5451 vulgo

226 5467 457 5532 lo-Graecorum
489 5464 660 5545 praedictae
692 5467 807 5530 insulae
837 5467 961 5529 utilitati
1020 5463 1101 5526 dailo
1116 5463 1222 5526 Pinna
1237 5465 1407 5542 nuncupati
1429 5465 1759 5529 Panormitauaedioe-

226 5564 446 5625 consuleretur.
1019 5558 1105 5632 cesis,
1128 5558 1241 5636 absque
1262 5558 1323 5620 ulli
1350 5558 1504 5622 ordinarii
1528 5559 1667 5622 eiusdem
1689 5560 1758 5640 loci,

263 5657 281 5731 §
301 5655 328 5718 3.
352 5656 438 5731 Quod
460 5657 555 5733 igitur
576 5655 722 5733 praedicti
736 5657 840 5719 Graeci
864 5657 897 5720 in
913 5673 962 5720 eo-
1018 5653 1245 5732 hrchiepiscopi
1261 5668 1374 5732 nempe
1390 5653 1610 5729 Panormitani,
1625 5653 1757 5731 licentia,

228 5752 291 5814 dem
318 5750 437 5816 Siciliae
458 5766 556 5826 regno
584 5756 676 5829 atque
701 5750 801 5813 insula
827 5767 962 5815 commo·
1019 5754 1050 5814 in
1072 5751 1137 5813 aliis
1165 5765 1240 5810 xero
1266 5747 1400 5812 ecclesiis
1429 5755 1496 5810 tum
1524 5747 1759 5812 Panormitauae

264 5967 290 6023 (l)
306 5968 404 6012 Harum
417 5965 458 6012 lit.
473 5965 614 6012 secundum
629 5965 687 6011 vide
701 5969 719 6011 t.
734 5967 774 6022 11,
789 5979 811 6024 p.
827 5969 873 6022 tes,
889 5969 1001 6024 primam
1017 5967 1043 6012 in
1058 5964 1205 6024 appendici.
