<?xml version="1.0" encoding="UTF-8"?>
<!DOCTYPE html PUBLIC "-//W3C//DTD XHTML 1.0 Transitional//EN"
    "http://www.w3.org/TR/xhtml1/DTD/xhtml1-transitional.dtd">
<html xmlns="http://www.w3.org/1999/xhtml" xml:lang="en" lang="en">
 <head>
  <title>
</title>
<meta http-equiv="Content-Type" content="text/html;charset=utf-8" />
  <meta name='ocr-system' content='tesseract 3.04.00' />
  <meta name='ocr-capabilities' content='ocr_page ocr_carea ocr_par ocr_line ocrx_word'/>
</head>
<body>
  <div class='ocr_page' id='page_1' title='image "./iurispontificii00martgoog_0530.png"; bbox 0 0 4722 6976; ppageno 0'>
   <div class='ocr_carea' id='block_1_1' title="bbox 65 567 1147 630">
    <p class='ocr_par' dir='ltr' id='par_1_1' title="bbox 65 567 1147 630">
     <span class='ocr_line' id='line_1_1' title="bbox 65 567 1147 630; baseline -0.004 0"><span class='ocrx_word' id='word_1_1' title='bbox 65 571 146 630; x_wconf 73' lang='lat' dir='ltr'>ino.</span> <span class='ocrx_word' id='word_1_2' title='bbox 167 567 232 620; x_wconf 80' lang='lat'>18⁰8</span> <span class='ocrx_word' id='word_1_3' title='bbox 927 582 997 627; x_wconf 85' lang='lat' dir='ltr'>rius</span> <span class='ocrx_word' id='word_1_4' title='bbox 1018 581 1067 628; x_wconf 82' lang='lat' dir='ltr'>rr.</span> <span class='ocrx_word' id='word_1_5' title='bbox 1092 581 1147 628; x_wconf 90' lang='lat' dir='ltr'>un.</span> 
     </span>
    </p>
   </div>
   <div class='ocr_carea' id='block_1_2' title="bbox 11 701 1009 3780">
    <p class='ocr_par' dir='ltr' id='par_1_2' title="bbox 11 701 1009 3780">
     <span class='ocr_line' id='line_1_2' title="bbox 80 701 1008 782; baseline -0.009 -14"><span class='ocrx_word' id='word_1_6' title='bbox 80 717 182 768; x_wconf 72' lang='lat' dir='ltr'>sarmata</span> <span class='ocrx_word' id='word_1_7' title='bbox 200 725 243 778; x_wconf 67' lang='lat' dir='ltr'>aa</span> <span class='ocrx_word' id='word_1_8' title='bbox 303 703 321 777; x_wconf 64' lang='grc' dir='ltr'><strong>ἓ</strong></span> <span class='ocrx_word' id='word_1_9' title='bbox 339 702 368 764; x_wconf 86' lang='lat'>5.</span> <span class='ocrx_word' id='word_1_10' title='bbox 383 701 605 766; x_wconf 86' lang='lat' dir='ltr'>Proiassionem</span> <span class='ocrx_word' id='word_1_11' title='bbox 618 703 753 782; x_wconf 83' lang='lat' dir='ltr'>denique</span> <span class='ocrx_word' id='word_1_12' title='bbox 765 701 940 779; x_wconf 76' lang='lat' dir='ltr'><strong>regularem</strong></span> <span class='ocrx_word' id='word_1_13' title='bbox 951 713 1008 778; x_wconf 91' lang='lat' dir='ltr'>per</span> 
     </span>
     <span class='ocr_line' id='line_1_3' title="bbox 58 770 1006 878; baseline -0.005 -18"><span class='ocrx_word' id='word_1_14' title='bbox 58 787 92 878; x_wconf 57' lang='lat'>{5²21</span> <span class='ocrx_word' id='word_1_15' title='bbox 111 770 241 832; x_wconf 71' lang='lat'><strong>⁹¹⁰¹⁰⁵³¹⁰&#39;</strong></span> <span class='ocrx_word' id='word_1_16' title='bbox 261 795 413 859; x_wconf 81' lang='lat' dir='ltr'>moniales</span> <span class='ocrx_word' id='word_1_17' title='bbox 434 796 612 860; x_wconf 88' lang='lat' dir='ltr'>huiusmodi</span> <span class='ocrx_word' id='word_1_18' title='bbox 634 798 666 858; x_wconf 93' lang='lat' dir='ltr'>in</span> <span class='ocrx_word' id='word_1_19' title='bbox 688 804 845 874; x_wconf 89' lang='lat' dir='ltr'>posterum</span> <span class='ocrx_word' id='word_1_20' title='bbox 861 793 1006 856; x_wconf 90' lang='lat' dir='ltr'>emitten-</span> 
     </span>
     <span class='ocr_line' id='line_1_4' title="bbox 259 886 1003 962; baseline -0.005 -12"><span class='ocrx_word' id='word_1_21' title='bbox 259 889 329 950; x_wconf 90' lang='lat' dir='ltr'>dam</span> <span class='ocrx_word' id='word_1_22' title='bbox 359 889 440 952; x_wconf 89' lang='lat' dir='ltr'>hisce</span> <span class='ocrx_word' id='word_1_23' title='bbox 470 889 572 952; x_wconf 88' lang='lat' dir='ltr'>uerbis</span> <span class='ocrx_word' id='word_1_24' title='bbox 600 888 665 951; x_wconf 88' lang='lat' dir='ltr'>lore</span> <span class='ocrx_word' id='word_1_25' title='bbox 688 888 846 962; x_wconf 84' lang='lat' dir='ltr'>volumus,</span> <span class='ocrx_word' id='word_1_26' title='bbox 871 886 1003 949; x_wconf 88' lang='lat' dir='ltr'>scilicet:</span> 
     </span>
     <span class='ocr_line' id='line_1_5' title="bbox 260 980 1007 1061; baseline 0.001 -21"><span class='ocrx_word' id='word_1_27' title='bbox 260 982 409 1058; x_wconf 76' lang='lat' dir='ltr'>«ligo...</span> <span class='ocrx_word' id='word_1_28' title='bbox 433 981 645 1061; x_wconf 70' lang='lat' dir='ltr'>omnipotenti</span> <span class='ocrx_word' id='word_1_29' title='bbox 672 982 746 1057; x_wconf 86' lang='lat' dir='ltr'>Deo,</span> <span class='ocrx_word' id='word_1_30' title='bbox 770 980 1007 1058; x_wconf 80' lang='lat' dir='ltr'>gloriosissimae</span> 
     </span>
     <span class='ocr_line' id='line_1_6' title="bbox 258 1073 1006 1154; baseline -0.001 -21"><span class='ocrx_word' id='word_1_31' title='bbox 258 1093 278 1133; x_wconf 67' lang='lat' dir='ltr'>a</span> <span class='ocrx_word' id='word_1_32' title='bbox 295 1073 418 1151; x_wconf 81' lang='lat' dir='ltr'>Virgini</span> <span class='ocrx_word' id='word_1_33' title='bbox 439 1074 549 1138; x_wconf 84' lang='lat' dir='ltr'>Mariae</span> <span class='ocrx_word' id='word_1_34' title='bbox 564 1077 773 1154; x_wconf 85' lang='lat' dir='ltr'>orphanorum</span> <span class='ocrx_word' id='word_1_35' title='bbox 790 1073 892 1147; x_wconf 87' lang='lat' dir='ltr'>matri,</span> <span class='ocrx_word' id='word_1_36' title='bbox 905 1088 938 1133; x_wconf 90' lang='lat' dir='ltr'>ac</span> <span class='ocrx_word' id='word_1_37' title='bbox 953 1087 1006 1133; x_wconf 94' lang='lat' dir='ltr'>no·</span> 
     </span>
     <span class='ocr_line' id='line_1_7' title="bbox 259 1169 1005 1247; baseline -0.003 -20"><span class='ocrx_word' id='word_1_38' title='bbox 259 1177 356 1230; x_wconf 78' lang='lat' dir='ltr'>»stro</span> <span class='ocrx_word' id='word_1_39' title='bbox 379 1169 490 1231; x_wconf 89' lang='lat' dir='ltr'>Sancto</span> <span class='ocrx_word' id='word_1_40' title='bbox 521 1170 598 1247; x_wconf 90' lang='lat' dir='ltr'>patri</span> <span class='ocrx_word' id='word_1_41' title='bbox 628 1169 799 1242; x_wconf 85' lang='lat' dir='ltr'>Francisco,</span> <span class='ocrx_word' id='word_1_42' title='bbox 822 1171 1005 1244; x_wconf 85' lang='lat' dir='ltr'>sanctaeque</span> 
     </span>
     <span class='ocr_line' id='line_1_8' title="bbox 258 1258 1004 1334; baseline -0.001 -14"><span class='ocrx_word' id='word_1_43' title='bbox 258 1276 279 1320; x_wconf 69' lang='lat' dir='ltr'>a</span> <span class='ocrx_word' id='word_1_44' title='bbox 295 1261 387 1324; x_wconf 91' lang='lat' dir='ltr'>matri</span> <span class='ocrx_word' id='word_1_45' title='bbox 408 1271 530 1323; x_wconf 89' lang='lat' dir='ltr'>nostrae</span> <span class='ocrx_word' id='word_1_46' title='bbox 550 1260 654 1325; x_wconf 89' lang='lat' dir='ltr'>Clarae</span> <span class='ocrx_word' id='word_1_47' title='bbox 668 1269 699 1324; x_wconf 91' lang='lat' dir='ltr'>et</span> <span class='ocrx_word' id='word_1_48' title='bbox 714 1259 858 1322; x_wconf 90' lang='lat' dir='ltr'>omnibns</span> <span class='ocrx_word' id='word_1_49' title='bbox 873 1258 1004 1334; x_wconf 89' lang='lat' dir='ltr'>Sanctis,</span> 
     </span>
     <span class='ocr_line' id='line_1_9' title="bbox 259 1352 1006 1434; baseline -0.004 -20"><span class='ocrx_word' id='word_1_50' title='bbox 259 1354 422 1434; x_wconf 67' lang='lat' dir='ltr'>alibique,</span> <span class='ocrx_word' id='word_1_51' title='bbox 439 1356 609 1417; x_wconf 86' lang='lat' dir='ltr'>reverenda</span> <span class='ocrx_word' id='word_1_52' title='bbox 623 1362 722 1416; x_wconf 90' lang='lat' dir='ltr'>mater</span> <span class='ocrx_word' id='word_1_53' title='bbox 739 1352 898 1426; x_wconf 74' lang='lat' dir='ltr'>abbatissa,</span> <span class='ocrx_word' id='word_1_54' title='bbox 914 1358 944 1412; x_wconf 88' lang='lat' dir='ltr'>et</span> <span class='ocrx_word' id='word_1_55' title='bbox 959 1367 1006 1412; x_wconf 90' lang='lat' dir='ltr'>re-</span> 
     </span>
     <span class='ocr_line' id='line_1_10' title="bbox 258 1445 1006 1527; baseline -0.003 -20"><span class='ocrx_word' id='word_1_56' title='bbox 258 1467 279 1507; x_wconf 72' lang='lat' dir='ltr'>s</span> <span class='ocrx_word' id='word_1_57' title='bbox 295 1448 387 1527; x_wconf 87' lang='lat' dir='ltr'>liquis</span> <span class='ocrx_word' id='word_1_58' title='bbox 409 1447 463 1510; x_wconf 89' lang='lat' dir='ltr'>tibi</span> <span class='ocrx_word' id='word_1_59' title='bbox 485 1449 517 1510; x_wconf 94' lang='lat' dir='ltr'>in</span> <span class='ocrx_word' id='word_1_60' title='bbox 532 1447 632 1511; x_wconf 85' lang='lat' dir='ltr'>officio</span> <span class='ocrx_word' id='word_1_61' title='bbox 646 1447 841 1520; x_wconf 85' lang='lat' dir='ltr'>successuris,</span> <span class='ocrx_word' id='word_1_62' title='bbox 858 1445 909 1506; x_wconf 87' lang='lat' dir='ltr'>rel</span> <span class='ocrx_word' id='word_1_63' title='bbox 925 1445 1006 1506; x_wconf 88' lang='lat' dir='ltr'>uices</span> 
     </span>
     <span class='ocr_line' id='line_1_11' title="bbox 258 1537 1006 1618; baseline -0.004 -17"><span class='ocrx_word' id='word_1_64' title='bbox 258 1561 278 1601; x_wconf 67' lang='lat' dir='ltr'>a</span> <span class='ocrx_word' id='word_1_65' title='bbox 296 1549 361 1604; x_wconf 88' lang='lat' dir='ltr'>tuas</span> <span class='ocrx_word' id='word_1_66' title='bbox 382 1542 528 1618; x_wconf 85' lang='lat' dir='ltr'>gestaris,</span> <span class='ocrx_word' id='word_1_67' title='bbox 552 1550 622 1604; x_wconf 81' lang='lat' dir='ltr'>rota</span> <span class='ocrx_word' id='word_1_68' title='bbox 644 1541 722 1604; x_wconf 90' lang='lat' dir='ltr'>lacio</span> <span class='ocrx_word' id='word_1_69' title='bbox 749 1537 930 1602; x_wconf 89' lang='lat' dir='ltr'>observandi</span> <span class='ocrx_word' id='word_1_70' title='bbox 951 1553 1006 1615; x_wconf 90' lang='lat' dir='ltr'>per</span> 
     </span>
     <span class='ocr_line' id='line_1_12' title="bbox 258 1633 1006 1714; baseline -0.008 -18"><span class='ocrx_word' id='word_1_71' title='bbox 258 1652 387 1699; x_wconf 79' lang='lat' dir='ltr'>»omne</span> <span class='ocrx_word' id='word_1_72' title='bbox 408 1636 490 1698; x_wconf 90' lang='lat' dir='ltr'>vitae</span> <span class='ocrx_word' id='word_1_73' title='bbox 511 1643 632 1714; x_wconf 85' lang='lat' dir='ltr'>tempus</span> <span class='ocrx_word' id='word_1_74' title='bbox 647 1633 788 1712; x_wconf 89' lang='lat' dir='ltr'>regulam</span> <span class='ocrx_word' id='word_1_75' title='bbox 804 1633 947 1710; x_wconf 86' lang='lat' dir='ltr'>uitaeque</span> <span class='ocrx_word' id='word_1_76' title='bbox 960 1648 1006 1691; x_wconf 91' lang='lat' dir='ltr'>ra·</span> 
     </span>
     <span class='ocr_line' id='line_1_13' title="bbox 259 1724 1006 1808; baseline -0.007 -18"><span class='ocrx_word' id='word_1_77' title='bbox 259 1731 411 1793; x_wconf 81' lang='lat' dir='ltr'>»tionem</span> <span class='ocrx_word' id='word_1_78' title='bbox 430 1745 573 1793; x_wconf 91' lang='lat' dir='ltr'>sororum</span> <span class='ocrx_word' id='word_1_79' title='bbox 593 1743 764 1808; x_wconf 89' lang='lat' dir='ltr'>pauperum</span> <span class='ocrx_word' id='word_1_80' title='bbox 790 1724 918 1788; x_wconf 90' lang='lat' dir='ltr'>Sanctae</span> <span class='ocrx_word' id='word_1_81' title='bbox 940 1725 1006 1788; x_wconf 82' lang='lat' dir='ltr'>Cla·</span> 
     </span>
     <span class='ocr_line' id='line_1_14' title="bbox 259 1820 1004 1893; baseline -0.007 -8"><span class='ocrx_word' id='word_1_82' title='bbox 259 1845 279 1885; x_wconf 78' lang='grc'><strong>»</strong></span> <span class='ocrx_word' id='word_1_83' title='bbox 293 1842 346 1888; x_wconf 90' lang='lat' dir='ltr'>rae</span> <span class='ocrx_word' id='word_1_84' title='bbox 367 1826 403 1888; x_wconf 92' lang='lat' dir='ltr'>ab</span> <span class='ocrx_word' id='word_1_85' title='bbox 424 1825 531 1888; x_wconf 88' lang='lat' dir='ltr'>eodem</span> <span class='ocrx_word' id='word_1_86' title='bbox 554 1824 584 1886; x_wconf 87' lang='lat' dir='ltr'>S.</span> <span class='ocrx_word' id='word_1_87' title='bbox 603 1825 764 1887; x_wconf 83' lang='lat' dir='ltr'>Francisco</span> <span class='ocrx_word' id='word_1_88' title='bbox 778 1822 836 1884; x_wconf 91' lang='lat' dir='ltr'>sibi</span> <span class='ocrx_word' id='word_1_89' title='bbox 853 1820 1004 1893; x_wconf 82' lang='lat' dir='ltr'>traditam,</span> 
     </span>
     <span class='ocr_line' id='line_1_15' title="bbox 259 1912 1003 1998; baseline -0.012 -16"><span class='ocrx_word' id='word_1_90' title='bbox 259 1929 385 1998; x_wconf 78' lang='lat' dir='ltr'>»atque</span> <span class='ocrx_word' id='word_1_91' title='bbox 406 1935 420 1978; x_wconf 93' lang='lat' dir='ltr'>a</span> <span class='ocrx_word' id='word_1_92' title='bbox 442 1933 566 1980; x_wconf 88' lang='lat' dir='ltr'>summo</span> <span class='ocrx_word' id='word_1_93' title='bbox 589 1918 735 1980; x_wconf 84' lang='lat' dir='ltr'>Pontidce</span> <span class='ocrx_word' id='word_1_94' title='bbox 758 1915 937 1978; x_wconf 91' lang='lat' dir='ltr'>innocentio</span> <span class='ocrx_word' id='word_1_95' title='bbox 952 1912 1003 1974; x_wconf 89' lang='lat' dir='ltr'>ltl.</span> 
     </span>
     <span class='ocr_line' id='line_1_16' title="bbox 259 2008 1005 2087; baseline -0.008 -14"><span class='ocrx_word' id='word_1_96' title='bbox 259 2015 529 2087; x_wconf 85' lang='lat' dir='ltr'>nconsrrmatam,¹</span> <span class='ocrx_word' id='word_1_97' title='bbox 545 2012 716 2074; x_wconf 86' lang='lat' dir='ltr'>successive</span> <span class='ocrx_word' id='word_1_98' title='bbox 742 2018 846 2072; x_wconf 89' lang='lat' dir='ltr'>autem</span> <span class='ocrx_word' id='word_1_99' title='bbox 872 2024 888 2068; x_wconf 92' lang='lat' dir='ltr'>a</span> <span class='ocrx_word' id='word_1_100' title='bbox 909 2008 1005 2068; x_wconf 90' lang='lat' dir='ltr'>Bene-</span> 
     </span>
     <span class='ocr_line' id='line_1_17' title="bbox 259 2103 1005 2183; baseline -0.008 -16"><span class='ocrx_word' id='word_1_101' title='bbox 259 2107 374 2170; x_wconf 83' lang='lat' dir='ltr'>»dicto</span> <span class='ocrx_word' id='word_1_102' title='bbox 396 2106 477 2170; x_wconf 84' lang='lat' dir='ltr'>xtt&#39;.</span> <span class='ocrx_word' id='word_1_103' title='bbox 504 2114 535 2168; x_wconf 88' lang='lat' dir='ltr'>et</span> <span class='ocrx_word' id='word_1_104' title='bbox 563 2103 869 2183; x_wconf 85' lang='lat' dir='ltr'>sanctissimo‘patre</span> <span class='ocrx_word' id='word_1_105' title='bbox 900 2109 1005 2164; x_wconf 88' lang='lat' dir='ltr'>nostro</span> 
     </span>
     <span class='ocr_line' id='line_1_18' title="bbox 258 2195 1004 2276; baseline -0.008 -15"><span class='ocrx_word' id='word_1_106' title='bbox 258 2220 278 2260; x_wconf 72' lang='lat' dir='ltr'>a</span> <span class='ocrx_word' id='word_1_107' title='bbox 295 2203 348 2262; x_wconf 91' lang='lat' dir='ltr'>Pio</span> <span class='ocrx_word' id='word_1_108' title='bbox 369 2200 433 2262; x_wconf 87' lang='lat' dir='ltr'>tut.</span> <span class='ocrx_word' id='word_1_109' title='bbox 456 2201 665 2276; x_wconf 81' lang='lat' dir='ltr'>moderatam3</span> <span class='ocrx_word' id='word_1_110' title='bbox 689 2207 780 2276; x_wconf 87' lang='lat' dir='ltr'>atque</span> <span class='ocrx_word' id='word_1_111' title='bbox 803 2197 842 2258; x_wconf 92' lang='lat' dir='ltr'>ita</span> <span class='ocrx_word' id='word_1_112' title='bbox 866 2195 1004 2271; x_wconf 85' lang='lat' dir='ltr'>vivendi,</span> 
     </span>
     <span class='ocr_line' id='line_1_19' title="bbox 260 2289 1007 2368; baseline -0.008 -12"><span class='ocrx_word' id='word_1_113' title='bbox 260 2315 278 2356; x_wconf 74' lang='lat' dir='ltr'>s</span> <span class='ocrx_word' id='word_1_114' title='bbox 294 2295 410 2358; x_wconf 88' lang='lat' dir='ltr'>scilicet</span> <span class='ocrx_word' id='word_1_115' title='bbox 423 2295 491 2356; x_wconf 91' lang='lat' dir='ltr'>sine</span> <span class='ocrx_word' id='word_1_116' title='bbox 506 2294 567 2355; x_wconf 90' lang='lat' dir='ltr'>ulla</span> <span class='ocrx_word' id='word_1_117' title='bbox 583 2309 690 2354; x_wconf 92' lang='lat' dir='ltr'>rerum</span> <span class='ocrx_word' id='word_1_118' title='bbox 706 2289 923 2368; x_wconf 83' lang='lat' dir='ltr'>temporalium</span> <span class='ocrx_word' id='word_1_119' title='bbox 937 2305 1007 2367; x_wconf 91' lang='lat' dir='ltr'>pro·</span> 
     </span>
     <span class='ocr_line' id='line_1_20' title="bbox 259 2386 1006 2467; baseline -0.009 -16"><span class='ocrx_word' id='word_1_120' title='bbox 259 2409 278 2450; x_wconf 72' lang='lat' dir='ltr'>s</span> <span class='ocrx_word' id='word_1_121' title='bbox 295 2389 434 2467; x_wconf 86' lang='lat' dir='ltr'>prietate,</span> <span class='ocrx_word' id='word_1_122' title='bbox 449 2403 519 2450; x_wconf 90' lang='lat' dir='ltr'>cum</span> <span class='ocrx_word' id='word_1_123' title='bbox 542 2387 716 2450; x_wconf 91' lang='lat' dir='ltr'>obedientia</span> <span class='ocrx_word' id='word_1_124' title='bbox 738 2395 769 2448; x_wconf 90' lang='lat' dir='ltr'>et</span> <span class='ocrx_word' id='word_1_125' title='bbox 782 2386 929 2458; x_wconf 88' lang='lat' dir='ltr'>castitate,</span> <span class='ocrx_word' id='word_1_126' title='bbox 943 2399 1006 2445; x_wconf 89' lang='lat' dir='ltr'>rne-</span> 
     </span>
     <span class='ocr_line' id='line_1_21' title="bbox 258 2477 1007 2562; baseline -0.008 -19"><span class='ocrx_word' id='word_1_127' title='bbox 258 2502 278 2543; x_wconf 81' lang='lat'><strong>»</strong></span> <span class='ocrx_word' id='word_1_128' title='bbox 294 2498 355 2562; x_wconf 84' lang='lat' dir='ltr'>que</span> <span class='ocrx_word' id='word_1_129' title='bbox 366 2483 527 2561; x_wconf 83' lang='lat' dir='ltr'>praecipue</span> <span class='ocrx_word' id='word_1_130' title='bbox 538 2480 643 2542; x_wconf 87' lang='lat' dir='ltr'>dedico</span> <span class='ocrx_word' id='word_1_131' title='bbox 655 2479 797 2542; x_wconf 89' lang='lat' dir='ltr'>curandis</span> <span class='ocrx_word' id='word_1_132' title='bbox 809 2485 839 2539; x_wconf 94' lang='lat' dir='ltr'>et</span> <span class='ocrx_word' id='word_1_133' title='bbox 851 2477 1007 2539; x_wconf 88' lang='lat' dir='ltr'>instruen-</span> 
     </span>
     <span class='ocr_line' id='line_1_22' title="bbox 258 2571 1007 2652; baseline -0.007 -17"><span class='ocrx_word' id='word_1_134' title='bbox 258 2595 278 2635; x_wconf 69' lang='lat' dir='ltr'>s</span> <span class='ocrx_word' id='word_1_135' title='bbox 295 2577 340 2638; x_wconf 88' lang='lat' dir='ltr'>dis</span> <span class='ocrx_word' id='word_1_136' title='bbox 361 2574 545 2652; x_wconf 90' lang='lat' dir='ltr'>pauperibus</span> <span class='ocrx_word' id='word_1_137' title='bbox 565 2573 676 2650; x_wconf 85' lang='lat' dir='ltr'>puellis</span> <span class='ocrx_word' id='word_1_138' title='bbox 696 2571 856 2649; x_wconf 89' lang='lat' dir='ltr'>orpbanis;</span> <span class='ocrx_word' id='word_1_139' title='bbox 879 2571 1007 2632; x_wconf 90' lang='lat' dir='ltr'>ibidem·</span> 
     </span>
     <span class='ocr_line' id='line_1_23' title="bbox 258 2663 1008 2749; baseline -0.005 -19"><span class='ocrx_word' id='word_1_140' title='bbox 258 2688 278 2730; x_wconf 70' lang='lat' dir='ltr'>a</span> <span class='ocrx_word' id='word_1_141' title='bbox 295 2685 354 2749; x_wconf 87' lang='lat' dir='ltr'>que</span> <span class='ocrx_word' id='word_1_142' title='bbox 369 2667 551 2730; x_wconf 84' lang='lat' dir='ltr'>obseruandi</span> <span class='ocrx_word' id='word_1_143' title='bbox 566 2667 738 2730; x_wconf 82' lang='lat' dir='ltr'>clausuram</span> <span class='ocrx_word' id='word_1_144' title='bbox 752 2676 843 2743; x_wconf 94' lang='lat' dir='ltr'>prout</span> <span class='ocrx_word' id='word_1_145' title='bbox 860 2663 1008 2742; x_wconf 90' lang='lat' dir='ltr'>temporis</span> 
     </span>
     <span class='ocr_line' id='line_1_24' title="bbox 258 2760 832 2840; baseline -0.007 -16"><span class='ocrx_word' id='word_1_146' title='bbox 258 2782 278 2824; x_wconf 72' lang='lat' dir='ltr'>a</span> <span class='ocrx_word' id='word_1_147' title='bbox 296 2762 544 2826; x_wconf 87' lang='lat' dir='ltr'>circumstantiae</span> <span class='ocrx_word' id='word_1_148' title='bbox 564 2760 832 2840; x_wconf 79' lang='lat' dir='ltr'>postulaverint».</span> 
     </span>
     <span class='ocr_line' id='line_1_25' title="bbox 63 2852 1008 2963; baseline -0.007 -43"><span class='ocrx_word' id='word_1_149' title='bbox 63 2859 168 2963; x_wconf 45' lang='lat' dir='ltr'>laniunt&amp;</span> <span class='ocrx_word' id='word_1_150' title='bbox 181 2859 240 2905; x_wconf 75' lang='lat'><strong>⁵⁰¹&gt;-</strong></span> <span class='ocrx_word' id='word_1_151' title='bbox 301 2857 320 2932; x_wconf 74' lang='lat'>5</span> <span class='ocrx_word' id='word_1_152' title='bbox 340 2857 370 2918; x_wconf 82' lang='lat' dir='ltr'>li.</span> <span class='ocrx_word' id='word_1_153' title='bbox 394 2857 600 2917; x_wconf 85' lang='lat' dir='ltr'>Decernentes</span> <span class='ocrx_word' id='word_1_154' title='bbox 622 2854 699 2931; x_wconf 89' lang='lat' dir='ltr'>ipsas</span> <span class='ocrx_word' id='word_1_155' title='bbox 715 2861 890 2932; x_wconf 88' lang='lat' dir='ltr'>praesentes</span> <span class='ocrx_word' id='word_1_156' title='bbox 906 2852 1008 2914; x_wconf 89' lang='lat' dir='ltr'>literas</span> 
     </span>
     <span class='ocr_line' id='line_1_26' title="bbox 11 2923 1005 3025; baseline -0.011 -7"><span class='ocrx_word' id='word_1_157' title='bbox 11 2993 12 3008; x_wconf 42' lang='grc' dir='ltr'>ι</span> <span class='ocrx_word' id='word_1_158' title='bbox 62 2923 238 3020; x_wconf 54' lang='lat' dir='ltr'>iiirtuif‘</span> <span class='ocrx_word' id='word_1_159' title='bbox 259 2952 377 3025; x_wconf 87' lang='lat' dir='ltr'>lirmas,</span> <span class='ocrx_word' id='word_1_160' title='bbox 393 2949 507 3011; x_wconf 86' lang='lat' dir='ltr'>ualidas</span> <span class='ocrx_word' id='word_1_161' title='bbox 528 2955 559 3009; x_wconf 90' lang='lat' dir='ltr'>et</span> <span class='ocrx_word' id='word_1_162' title='bbox 581 2947 715 3010; x_wconf 84' lang='lat' dir='ltr'>efficaces</span> <span class='ocrx_word' id='word_1_163' title='bbox 737 2947 870 3009; x_wconf 82' lang='lat' dir='ltr'>existere</span> <span class='ocrx_word' id='word_1_164' title='bbox 884 2955 915 3008; x_wconf 91' lang='lat' dir='ltr'>et</span> <span class='ocrx_word' id='word_1_165' title='bbox 929 2945 1005 3022; x_wconf 87' lang='lat' dir='ltr'>iore,</span> 
     </span>
     <span class='ocr_line' id='line_1_27' title="bbox 11 3039 1008 3122; baseline -0.007 -13"><span class='ocrx_word' id='word_1_166' title='bbox 11 3039 12 3050; x_wconf 72' lang='grc'>’</span> <span class='ocrx_word' id='word_1_167' title='bbox 256 3059 394 3122; x_wconf 89' lang='lat' dir='ltr'>suosque</span> <span class='ocrx_word' id='word_1_168' title='bbox 415 3041 567 3121; x_wconf 91' lang='lat' dir='ltr'>plenarios</span> <span class='ocrx_word' id='word_1_169' title='bbox 588 3051 619 3102; x_wconf 90' lang='lat' dir='ltr'>et</span> <span class='ocrx_word' id='word_1_170' title='bbox 640 3041 777 3117; x_wconf 90' lang='lat' dir='ltr'>integros</span> <span class='ocrx_word' id='word_1_171' title='bbox 796 3041 923 3104; x_wconf 85' lang='lat' dir='ltr'>allectus</span> <span class='ocrx_word' id='word_1_172' title='bbox 944 3057 1008 3102; x_wconf 93' lang='lat' dir='ltr'>sor·</span> 
     </span>
     <span class='ocr_line' id='line_1_28' title="bbox 258 3134 1009 3214; baseline -0.004 -15"><span class='ocrx_word' id='word_1_173' title='bbox 258 3138 313 3200; x_wconf 93' lang='lat' dir='ltr'>tiri</span> <span class='ocrx_word' id='word_1_174' title='bbox 335 3146 366 3199; x_wconf 91' lang='lat' dir='ltr'>et</span> <span class='ocrx_word' id='word_1_175' title='bbox 387 3135 547 3211; x_wconf 87' lang='lat' dir='ltr'>obtinere;</span> <span class='ocrx_word' id='word_1_176' title='bbox 578 3135 682 3214; x_wconf 84' lang='lat' dir='ltr'>sicque</span> <span class='ocrx_word' id='word_1_177' title='bbox 703 3134 735 3195; x_wconf 95' lang='lat' dir='ltr'>in</span> <span class='ocrx_word' id='word_1_178' title='bbox 757 3134 931 3211; x_wconf 90' lang='lat' dir='ltr'>praemissis</span> <span class='ocrx_word' id='word_1_179' title='bbox 953 3150 1009 3213; x_wconf 91' lang='lat' dir='ltr'>per</span> 
     </span>
     <span class='ocr_line' id='line_1_29' title="bbox 257 3227 1006 3310; baseline -0.004 -17"><span class='ocrx_word' id='word_1_180' title='bbox 257 3245 473 3310; x_wconf 85' lang='lat' dir='ltr'>quoscumque</span> <span class='ocrx_word' id='word_1_181' title='bbox 489 3229 603 3290; x_wconf 89' lang='lat' dir='ltr'>iudices</span> <span class='ocrx_word' id='word_1_182' title='bbox 617 3227 789 3290; x_wconf 89' lang='lat' dir='ltr'>ordinarios</span> <span class='ocrx_word' id='word_1_183' title='bbox 800 3235 831 3290; x_wconf 87' lang='lat' dir='ltr'>et</span> <span class='ocrx_word' id='word_1_184' title='bbox 842 3229 1006 3306; x_wconf 88' lang='lat' dir='ltr'>delegatos,</span> 
     </span>
     <span class='ocr_line' id='line_1_30' title="bbox 258 3321 1007 3400; baseline -0.007 -12"><span class='ocrx_word' id='word_1_185' title='bbox 258 3325 356 3388; x_wconf 85' lang='lat' dir='ltr'>etiam</span> <span class='ocrx_word' id='word_1_186' title='bbox 369 3336 530 3385; x_wconf 89' lang='lat' dir='ltr'>causarum</span> <span class='ocrx_word' id='word_1_187' title='bbox 545 3321 647 3399; x_wconf 89' lang='lat' dir='ltr'>palatii</span> <span class='ocrx_word' id='word_1_188' title='bbox 668 3321 825 3400; x_wconf 87' lang='lat' dir='ltr'>apostolici</span> <span class='ocrx_word' id='word_1_189' title='bbox 843 3323 1007 3400; x_wconf 90' lang='lat' dir='ltr'>auditores,</span> 
     </span>
     <span class='ocr_line' id='line_1_31' title="bbox 257 3415 1006 3493; baseline 0.001 -13"><span class='ocrx_word' id='word_1_190' title='bbox 257 3437 295 3481; x_wconf 91' lang='lat' dir='ltr'>ac</span> <span class='ocrx_word' id='word_1_191' title='bbox 316 3419 444 3482; x_wconf 63' lang='lat' dir='ltr'>&amp;notae</span> <span class='ocrx_word' id='word_1_192' title='bbox 469 3416 622 3479; x_wconf 83' lang='lat' dir='ltr'>Romanae</span> <span class='ocrx_word' id='word_1_193' title='bbox 645 3415 798 3480; x_wconf 85' lang='lat' dir='ltr'>Ecclesiae</span> <span class='ocrx_word' id='word_1_194' title='bbox 820 3419 1006 3493; x_wconf 74' lang='lat' dir='ltr'>cardinales,</span> 
     </span>
     <span class='ocr_line' id='line_1_32' title="bbox 258 3510 1009 3590; baseline -0.001 -15"><span class='ocrx_word' id='word_1_195' title='bbox 258 3513 354 3576; x_wconf 91' lang='lat' dir='ltr'>etiam</span> <span class='ocrx_word' id='word_1_196' title='bbox 376 3513 414 3574; x_wconf 94' lang='lat' dir='ltr'>de</span> <span class='ocrx_word' id='word_1_197' title='bbox 435 3510 530 3574; x_wconf 92' lang='lat' dir='ltr'>latere</span> <span class='ocrx_word' id='word_1_198' title='bbox 545 3510 685 3588; x_wconf 83' lang='lat' dir='ltr'>Legatos,</span> <span class='ocrx_word' id='word_1_199' title='bbox 701 3518 732 3573; x_wconf 89' lang='lat' dir='ltr'>et</span> <span class='ocrx_word' id='word_1_200' title='bbox 752 3511 838 3576; x_wconf 88' lang='lat' dir='ltr'>Sedis</span> <span class='ocrx_word' id='word_1_201' title='bbox 857 3513 1009 3590; x_wconf 78' lang='lat' dir='ltr'>Apostoli-</span> 
     </span>
     <span class='ocr_line' id='line_1_33' title="bbox 259 3603 1008 3679; baseline -0.001 -11"><span class='ocrx_word' id='word_1_202' title='bbox 259 3623 314 3669; x_wconf 88' lang='lat' dir='ltr'>cae</span> <span class='ocrx_word' id='word_1_203' title='bbox 335 3604 481 3679; x_wconf 87' lang='lat' dir='ltr'>Nuncios,</span> <span class='ocrx_word' id='word_1_204' title='bbox 504 3603 621 3666; x_wconf 89' lang='lat' dir='ltr'>sublata</span> <span class='ocrx_word' id='word_1_205' title='bbox 642 3603 686 3665; x_wconf 89' lang='lat' dir='ltr'>eis</span> <span class='ocrx_word' id='word_1_206' title='bbox 707 3611 737 3666; x_wconf 91' lang='lat' dir='ltr'>et</span> <span class='ocrx_word' id='word_1_207' title='bbox 759 3620 868 3666; x_wconf 91' lang='lat' dir='ltr'>eorum</span> <span class='ocrx_word' id='word_1_208' title='bbox 882 3605 1008 3668; x_wconf 88' lang='lat' dir='ltr'>cuilibet</span> 
     </span>
     <span class='ocr_line' id='line_1_34' title="bbox 258 3697 1008 3780; baseline -0.004 -18"><span class='ocrx_word' id='word_1_209' title='bbox 258 3700 370 3780; x_wconf 82' lang='lat' dir='ltr'>quavis</span> <span class='ocrx_word' id='word_1_210' title='bbox 389 3699 479 3760; x_wconf 90' lang='lat' dir='ltr'>aliter</span> <span class='ocrx_word' id='word_1_211' title='bbox 499 3697 652 3760; x_wconf 90' lang='lat' dir='ltr'>indicandi</span> <span class='ocrx_word' id='word_1_212' title='bbox 674 3705 705 3759; x_wconf 89' lang='lat' dir='ltr'>et</span> <span class='ocrx_word' id='word_1_213' title='bbox 727 3697 948 3776; x_wconf 86' lang='lat' dir='ltr'>interpretandi</span> <span class='ocrx_word' id='word_1_214' title='bbox 966 3698 1008 3761; x_wconf 89' lang='lat' dir='ltr'>la-</span> 
     </span>
    </p>
   </div>
   <div class='ocr_carea' id='block_1_3' title="bbox 258 3791 1009 3866">
    <p class='ocr_par' dir='ltr' id='par_1_3' title="bbox 258 3791 1009 3866">
     <span class='ocr_line' id='line_1_35' title="bbox 258 3791 1009 3866; baseline -0.004 -9"><span class='ocrx_word' id='word_1_215' title='bbox 258 3793 376 3857; x_wconf 87' lang='lat' dir='ltr'>cultate</span> <span class='ocrx_word' id='word_1_216' title='bbox 390 3799 421 3854; x_wconf 90' lang='lat' dir='ltr'>et</span> <span class='ocrx_word' id='word_1_217' title='bbox 435 3791 550 3854; x_wconf 90' lang='lat' dir='ltr'>auctori</span> <span class='ocrx_word' id='word_1_218' title='bbox 557 3796 628 3866; x_wconf 89' lang='lat' dir='ltr'>tate,</span> <span class='ocrx_word' id='word_1_219' title='bbox 645 3791 770 3853; x_wconf 87' lang='lat' dir='ltr'>iudicari</span> <span class='ocrx_word' id='word_1_220' title='bbox 782 3798 813 3853; x_wconf 92' lang='lat' dir='ltr'>et</span> <span class='ocrx_word' id='word_1_221' title='bbox 824 3793 948 3854; x_wconf 86' lang='lat' dir='ltr'>deliniri</span> <span class='ocrx_word' id='word_1_222' title='bbox 958 3794 1009 3855; x_wconf 91' lang='lat' dir='ltr'>de-</span> 
     </span>
    </p>
   </div>
   <div class='ocr_carea' id='block_1_4' title="bbox 260 3884 1030 3964">
    <p class='ocr_par' dir='ltr' id='par_1_4' title="bbox 260 3884 1030 3964">
     <span class='ocr_line' id='line_1_36' title="bbox 260 3884 1030 3964; baseline -0.003 -16"><span class='ocrx_word' id='word_1_223' title='bbox 260 3888 347 3962; x_wconf 91' lang='lat' dir='ltr'>bere,</span> <span class='ocrx_word' id='word_1_224' title='bbox 360 3902 392 3948; x_wconf 88' lang='lat' dir='ltr'>ac</span> <span class='ocrx_word' id='word_1_225' title='bbox 408 3885 533 3946; x_wconf 91' lang='lat' dir='ltr'>irritum</span> <span class='ocrx_word' id='word_1_226' title='bbox 547 3893 578 3946; x_wconf 92' lang='lat' dir='ltr'>et</span> <span class='ocrx_word' id='word_1_227' title='bbox 594 3885 698 3960; x_wconf 91' lang='lat' dir='ltr'>inane,</span> <span class='ocrx_word' id='word_1_228' title='bbox 714 3884 739 3945; x_wconf 89' lang='lat' dir='ltr'>si</span> <span class='ocrx_word' id='word_1_229' title='bbox 753 3901 840 3948; x_wconf 86' lang='lat' dir='ltr'>secus</span> <span class='ocrx_word' id='word_1_230' title='bbox 854 3901 947 3964; x_wconf 92' lang='lat' dir='ltr'>super</span> <span class='ocrx_word' id='word_1_231' title='bbox 962 3886 1008 3948; x_wconf 88' lang='lat' dir='ltr'>bis</span> <span class='ocrx_word' id='word_1_232' title='bbox 1026 3885 1030 3896; x_wconf 91' lang='lat'>&#39;</span> 
     </span>
    </p>
   </div>
   <div class='ocr_carea' id='block_1_5' title="bbox 68 3978 1011 5840">
    <p class='ocr_par' dir='ltr' id='par_1_5' title="bbox 68 3978 1011 5840">
     <span class='ocr_line' id='line_1_37' title="bbox 259 3978 1008 4059; baseline -0.003 -17"><span class='ocrx_word' id='word_1_233' title='bbox 259 3999 277 4042; x_wconf 90' lang='lat' dir='ltr'>a</span> <span class='ocrx_word' id='word_1_234' title='bbox 293 3993 460 4059; x_wconf 87' lang='lat' dir='ltr'>quoquam,</span> <span class='ocrx_word' id='word_1_235' title='bbox 476 3978 584 4057; x_wconf 87' lang='lat' dir='ltr'>quavis</span> <span class='ocrx_word' id='word_1_236' title='bbox 598 3979 790 4054; x_wconf 89' lang='lat' dir='ltr'>auctoritate,</span> <span class='ocrx_word' id='word_1_237' title='bbox 810 3979 944 4042; x_wconf 89' lang='lat' dir='ltr'>scienter</span> <span class='ocrx_word' id='word_1_238' title='bbox 960 3980 1008 4041; x_wconf 87' lang='lat' dir='ltr'>vel</span> 
     </span>
     <span class='ocr_line' id='line_1_38' title="bbox 260 4072 807 4153; baseline -0.015 -15"><span class='ocrx_word' id='word_1_239' title='bbox 260 4077 443 4153; x_wconf 84' lang='lat' dir='ltr'>ignoranter</span> <span class='ocrx_word' id='word_1_240' title='bbox 463 4072 629 4148; x_wconf 89' lang='lat' dir='ltr'>contigerit</span> <span class='ocrx_word' id='word_1_241' title='bbox 650 4074 807 4134; x_wconf 89' lang='lat' dir='ltr'>attentari.</span> 
     </span>
     <span class='ocr_line' id='line_1_39' title="bbox 68 4165 1010 4273; baseline 0.004 -46"><span class='ocrx_word' id='word_1_242' title='bbox 68 4174 242 4273; x_wconf 46' lang='lat' dir='ltr'>tggsssfflraon·</span> <span class='ocrx_word' id='word_1_243' title='bbox 303 4171 322 4244; x_wconf 72' lang='lat' dir='ltr'>g</span> <span class='ocrx_word' id='word_1_244' title='bbox 344 4167 372 4230; x_wconf 88' lang='lat'>7.</span> <span class='ocrx_word' id='word_1_245' title='bbox 396 4165 465 4228; x_wconf 94' lang='lat' dir='ltr'>Non</span> <span class='ocrx_word' id='word_1_246' title='bbox 488 4165 677 4228; x_wconf 82' lang='lat' dir='ltr'>obstantibus</span> <span class='ocrx_word' id='word_1_247' title='bbox 691 4168 964 4231; x_wconf 87' lang='lat' dir='ltr'>constitutionibus</span> <span class='ocrx_word' id='word_1_248' title='bbox 979 4177 1010 4231; x_wconf 90' lang='lat' dir='ltr'>et</span> 
     </span>
     <span class='ocr_line' id='line_1_40' title="bbox 175 4261 1011 4338; baseline 0 -12"><span class='ocrx_word' id='word_1_249' title='bbox 175 4263 179 4272; x_wconf 90' lang='lat'>&#39;</span> <span class='ocrx_word' id='word_1_250' title='bbox 261 4261 510 4326; x_wconf 85' lang='lat' dir='ltr'>ordinationibus</span> <span class='ocrx_word' id='word_1_251' title='bbox 541 4262 728 4338; x_wconf 88' lang='lat' dir='ltr'>apostolicis,</span> <span class='ocrx_word' id='word_1_252' title='bbox 761 4278 818 4324; x_wconf 91' lang='lat' dir='ltr'>nec</span> <span class='ocrx_word' id='word_1_253' title='bbox 849 4279 912 4324; x_wconf 92' lang='lat' dir='ltr'>non</span> <span class='ocrx_word' id='word_1_254' title='bbox 944 4280 1011 4326; x_wconf 93' lang='lat' dir='ltr'>mo·</span> 
     </span>
     <span class='ocr_line' id='line_1_41' title="bbox 262 4351 1010 4419; baseline 0 0"><span class='ocrx_word' id='word_1_255' title='bbox 262 4356 394 4419; x_wconf 88' lang='lat' dir='ltr'>nialium</span> <span class='ocrx_word' id='word_1_256' title='bbox 415 4361 446 4416; x_wconf 88' lang='lat' dir='ltr'>et</span> <span class='ocrx_word' id='word_1_257' title='bbox 467 4351 582 4415; x_wconf 86' lang='lat' dir='ltr'>ordinis</span> <span class='ocrx_word' id='word_1_258' title='bbox 613 4355 792 4418; x_wconf 86' lang='lat' dir='ltr'>huiusmodi</span> <span class='ocrx_word' id='word_1_259' title='bbox 816 4357 907 4418; x_wconf 88' lang='lat' dir='ltr'>etiarn</span> <span class='ocrx_word' id='word_1_260' title='bbox 931 4358 1010 4419; x_wconf 90' lang='lat' dir='ltr'>iura·</span> 
     </span>
     <span class='ocr_line' id='line_1_42' title="bbox 262 4447 1011 4530; baseline 0.003 -18"><span class='ocrx_word' id='word_1_261' title='bbox 262 4456 383 4523; x_wconf 88' lang='lat' dir='ltr'>mento,</span> <span class='ocrx_word' id='word_1_262' title='bbox 399 4447 634 4509; x_wconf 82' lang='lat' dir='ltr'>confirmatione</span> <span class='ocrx_word' id='word_1_263' title='bbox 648 4449 820 4526; x_wconf 89' lang='lat' dir='ltr'>apostolica,</span> <span class='ocrx_word' id='word_1_264' title='bbox 837 4451 887 4513; x_wconf 86' lang='lat' dir='ltr'>vel</span> <span class='ocrx_word' id='word_1_265' title='bbox 902 4455 1011 4530; x_wconf 86' lang='lat' dir='ltr'>quavis</span> 
     </span>
     <span class='ocr_line' id='line_1_43' title="bbox 263 4541 1011 4610; baseline 0.005 -5"><span class='ocrx_word' id='word_1_266' title='bbox 263 4543 410 4605; x_wconf 81' lang='lat' dir='ltr'>firmitate</span> <span class='ocrx_word' id='word_1_267' title='bbox 426 4541 483 4602; x_wconf 90' lang='lat' dir='ltr'>alia</span> <span class='ocrx_word' id='word_1_268' title='bbox 499 4541 650 4604; x_wconf 84' lang='lat' dir='ltr'>roboratis</span> <span class='ocrx_word' id='word_1_269' title='bbox 665 4545 787 4606; x_wconf 87' lang='lat' dir='ltr'>statutis</span> <span class='ocrx_word' id='word_1_270' title='bbox 802 4552 832 4606; x_wconf 89' lang='lat' dir='ltr'>et</span> <span class='ocrx_word' id='word_1_271' title='bbox 845 4555 1011 4610; x_wconf 85' lang='lat' dir='ltr'>consuetu-</span> 
     </span>
     <span class='ocr_line' id='line_1_44' title="bbox 262 4635 1010 4714; baseline 0.005 -15"><span class='ocrx_word' id='word_1_272' title='bbox 262 4637 403 4712; x_wconf 72' lang='lat' dir='ltr'>dinibus,</span> <span class='ocrx_word' id='word_1_273' title='bbox 424 4635 594 4713; x_wconf 85' lang='lat' dir='ltr'>privilegiis</span> <span class='ocrx_word' id='word_1_274' title='bbox 614 4652 747 4714; x_wconf 86' lang='lat' dir='ltr'>quoque,</span> <span class='ocrx_word' id='word_1_275' title='bbox 771 4637 898 4700; x_wconf 90' lang='lat' dir='ltr'>indultis</span> <span class='ocrx_word' id='word_1_276' title='bbox 923 4649 953 4702; x_wconf 93' lang='lat' dir='ltr'>et</span> <span class='ocrx_word' id='word_1_277' title='bbox 976 4641 1010 4703; x_wconf 94' lang='lat' dir='ltr'>li-</span> 
     </span>
     <span class='ocr_line' id='line_1_45' title="bbox 263 4730 1009 4812; baseline 0.005 -19"><span class='ocrx_word' id='word_1_278' title='bbox 263 4735 338 4794; x_wconf 89' lang='lat' dir='ltr'>teris</span> <span class='ocrx_word' id='word_1_279' title='bbox 369 4730 779 4809; x_wconf 86' lang='lat' dir='ltr'>apostolicissuperioribus</span> <span class='ocrx_word' id='word_1_280' title='bbox 811 4742 841 4794; x_wconf 89' lang='lat' dir='ltr'>et</span> <span class='ocrx_word' id='word_1_281' title='bbox 872 4737 1009 4812; x_wconf 90' lang='lat' dir='ltr'>personis</span> 
     </span>
     <span class='ocr_line' id='line_1_46' title="bbox 262 4824 1009 4903; baseline 0.007 -17"><span class='ocrx_word' id='word_1_282' title='bbox 262 4826 321 4886; x_wconf 90' lang='lat' dir='ltr'>sub</span> <span class='ocrx_word' id='word_1_283' title='bbox 342 4824 590 4903; x_wconf 85' lang='lat' dir='ltr'>quibuscumque</span> <span class='ocrx_word' id='word_1_284' title='bbox 613 4825 772 4886; x_wconf 90' lang='lat' dir='ltr'>tenoribus</span> <span class='ocrx_word' id='word_1_285' title='bbox 793 4834 824 4888; x_wconf 94' lang='lat' dir='ltr'>et</span> <span class='ocrx_word' id='word_1_286' title='bbox 840 4826 959 4903; x_wconf 83' lang='lat' dir='ltr'>formis,</span> <span class='ocrx_word' id='word_1_287' title='bbox 976 4847 1009 4892; x_wconf 91' lang='lat' dir='ltr'>ac</span> 
     </span>
     <span class='ocr_line' id='line_1_47' title="bbox 262 4917 1009 4996; baseline 0 -15"><span class='ocrx_word' id='word_1_288' title='bbox 262 4935 336 4981; x_wconf 92' lang='lat' dir='ltr'>cum</span> <span class='ocrx_word' id='word_1_289' title='bbox 357 4917 516 4996; x_wconf 86' lang='lat' dir='ltr'>quibusvis</span> <span class='ocrx_word' id='word_1_290' title='bbox 537 4917 629 4977; x_wconf 88' lang='lat' dir='ltr'>etiam</span> <span class='ocrx_word' id='word_1_291' title='bbox 644 4917 905 4994; x_wconf 88' lang='lat' dir='ltr'>derogatoriarum</span> <span class='ocrx_word' id='word_1_292' title='bbox 922 4923 1009 4983; x_wconf 91' lang='lat' dir='ltr'>dero-</span> 
     </span>
     <span class='ocr_line' id='line_1_48' title="bbox 263 5009 1008 5089; baseline 0.007 -18"><span class='ocrx_word' id='word_1_293' title='bbox 263 5012 401 5089; x_wconf 86' lang='lat' dir='ltr'>gatoriis,</span> <span class='ocrx_word' id='word_1_294' title='bbox 423 5011 551 5088; x_wconf 85' lang='lat' dir='ltr'>aliisque</span> <span class='ocrx_word' id='word_1_295' title='bbox 582 5009 813 5085; x_wconf 89' lang='lat' dir='ltr'>ellicaoiorlbus,</span> <span class='ocrx_word' id='word_1_296' title='bbox 843 5015 1008 5076; x_wconf 87' lang='lat' dir='ltr'>ellicacissi-</span> 
     </span>
     <span class='ocr_line' id='line_1_49' title="bbox 263 5102 1009 5186; baseline 0.004 -19"><span class='ocrx_word' id='word_1_297' title='bbox 263 5105 323 5167; x_wconf 90' lang='lat' dir='ltr'>mis</span> <span class='ocrx_word' id='word_1_298' title='bbox 338 5121 371 5165; x_wconf 92' lang='lat' dir='ltr'>ac</span> <span class='ocrx_word' id='word_1_299' title='bbox 386 5103 517 5165; x_wconf 89' lang='lat' dir='ltr'>insolitis</span> <span class='ocrx_word' id='word_1_300' title='bbox 538 5102 692 5177; x_wconf 82' lang='lat' dir='ltr'>clausulis,</span> <span class='ocrx_word' id='word_1_301' title='bbox 707 5103 959 5186; x_wconf 87' lang='lat' dir='ltr'>irritantibusque</span> <span class='ocrx_word' id='word_1_302' title='bbox 979 5116 1009 5170; x_wconf 88' lang='lat' dir='ltr'>cl</span> 
     </span>
     <span class='ocr_line' id='line_1_50' title="bbox 263 5196 1008 5278; baseline 0.007 -19"><span class='ocrx_word' id='word_1_303' title='bbox 263 5198 331 5260; x_wconf 91' lang='lat' dir='ltr'>aliis</span> <span class='ocrx_word' id='word_1_304' title='bbox 359 5196 488 5258; x_wconf 88' lang='lat' dir='ltr'>decretis</span> <span class='ocrx_word' id='word_1_305' title='bbox 509 5196 541 5256; x_wconf 91' lang='lat' dir='ltr'>in</span> <span class='ocrx_word' id='word_1_306' title='bbox 563 5212 678 5272; x_wconf 88' lang='lat' dir='ltr'>genere</span> <span class='ocrx_word' id='word_1_307' title='bbox 708 5198 758 5258; x_wconf 86' lang='lat' dir='ltr'>vol</span> <span class='ocrx_word' id='word_1_308' title='bbox 788 5199 820 5260; x_wconf 93' lang='lat' dir='ltr'>in</span> <span class='ocrx_word' id='word_1_309' title='bbox 841 5203 952 5278; x_wconf 89' lang='lat' dir='ltr'>specie,</span> <span class='ocrx_word' id='word_1_310' title='bbox 975 5219 1008 5265; x_wconf 91' lang='lat' dir='ltr'>ac</span> 
     </span>
     <span class='ocr_line' id='line_1_51' title="bbox 263 5291 1009 5367; baseline 0.003 -15"><span class='ocrx_word' id='word_1_311' title='bbox 263 5292 330 5353; x_wconf 90' lang='lat' dir='ltr'>aliis</span> <span class='ocrx_word' id='word_1_312' title='bbox 352 5291 383 5352; x_wconf 94' lang='lat' dir='ltr'>in</span> <span class='ocrx_word' id='word_1_313' title='bbox 412 5291 600 5352; x_wconf 89' lang='lat' dir='ltr'>contrarium</span> <span class='ocrx_word' id='word_1_314' title='bbox 630 5292 860 5367; x_wconf 82' lang='lat' dir='ltr'>quomodolibet</span> <span class='ocrx_word' id='word_1_315' title='bbox 888 5311 1009 5357; x_wconf 87' lang='lat' dir='ltr'>conces-</span> 
     </span>
     <span class='ocr_line' id='line_1_52' title="bbox 263 5383 1009 5478; baseline 0.004 -32"><span class='ocrx_word' id='word_1_316' title='bbox 263 5386 316 5458; x_wconf 89' lang='lat' dir='ltr'>sis,</span> <span class='ocrx_word' id='word_1_317' title='bbox 338 5383 510 5462; x_wconf 89' lang='lat' dir='ltr'>approbatis</span> <span class='ocrx_word' id='word_1_318' title='bbox 530 5390 562 5444; x_wconf 92' lang='lat' dir='ltr'>et</span> <span class='ocrx_word' id='word_1_319' title='bbox 584 5383 749 5478; x_wconf 75' lang='lat' dir='ltr'>innovatis.</span> <span class='ocrx_word' id='word_1_320' title='bbox 774 5385 889 5460; x_wconf 85' lang='lat' dir='ltr'>Quibus</span> <span class='ocrx_word' id='word_1_321' title='bbox 910 5388 1009 5449; x_wconf 92' lang='lat' dir='ltr'>omni-</span> 
     </span>
     <span class='ocr_line' id='line_1_53' title="bbox 264 5475 1009 5558; baseline 0.005 -20"><span class='ocrx_word' id='word_1_322' title='bbox 264 5477 321 5540; x_wconf 92' lang='lat' dir='ltr'>bus</span> <span class='ocrx_word' id='word_1_323' title='bbox 350 5485 380 5538; x_wconf 92' lang='lat' dir='ltr'>et</span> <span class='ocrx_word' id='word_1_324' title='bbox 407 5475 539 5552; x_wconf 89' lang='lat' dir='ltr'>singulis</span> <span class='ocrx_word' id='word_1_325' title='bbox 566 5475 691 5537; x_wconf 93' lang='lat' dir='ltr'>illorum</span> <span class='ocrx_word' id='word_1_326' title='bbox 720 5487 842 5540; x_wconf 90' lang='lat' dir='ltr'>tenores</span> <span class='ocrx_word' id='word_1_327' title='bbox 869 5496 1009 5558; x_wconf 91' lang='lat' dir='ltr'>praesen·</span> 
     </span>
     <span class='ocr_line' id='line_1_54' title="bbox 265 5570 1010 5652; baseline 0.007 -20"><span class='ocrx_word' id='word_1_328' title='bbox 265 5571 346 5633; x_wconf 92' lang='lat' dir='ltr'>tibus</span> <span class='ocrx_word' id='word_1_329' title='bbox 367 5584 423 5649; x_wconf 92' lang='lat' dir='ltr'>pro</span> <span class='ocrx_word' id='word_1_330' title='bbox 445 5570 535 5649; x_wconf 90' lang='lat' dir='ltr'>plene</span> <span class='ocrx_word' id='word_1_331' title='bbox 548 5579 579 5632; x_wconf 87' lang='lat' dir='ltr'>et</span> <span class='ocrx_word' id='word_1_332' title='bbox 593 5571 784 5634; x_wconf 85' lang='lat' dir='ltr'>sufficienter</span> <span class='ocrx_word' id='word_1_333' title='bbox 798 5577 960 5652; x_wconf 85' lang='lat' dir='ltr'>expressis,</span> <span class='ocrx_word' id='word_1_334' title='bbox 977 5593 1010 5638; x_wconf 88' lang='lat' dir='ltr'>ac</span> 
     </span>
     <span class='ocr_line' id='line_1_55' title="bbox 264 5665 1010 5744; baseline 0.008 -18"><span class='ocrx_word' id='word_1_335' title='bbox 264 5665 301 5726; x_wconf 93' lang='lat' dir='ltr'>de</span> <span class='ocrx_word' id='word_1_336' title='bbox 323 5665 419 5728; x_wconf 85' lang='lat' dir='ltr'>uerbo</span> <span class='ocrx_word' id='word_1_337' title='bbox 433 5667 469 5728; x_wconf 90' lang='lat' dir='ltr'>ad</span> <span class='ocrx_word' id='word_1_338' title='bbox 485 5665 615 5726; x_wconf 90' lang='lat' dir='ltr'>verbum</span> <span class='ocrx_word' id='word_1_339' title='bbox 631 5665 755 5728; x_wconf 88' lang='lat' dir='ltr'>insertis</span> <span class='ocrx_word' id='word_1_340' title='bbox 769 5667 927 5744; x_wconf 88' lang='lat' dir='ltr'>babentes,</span> <span class='ocrx_word' id='word_1_341' title='bbox 950 5668 1010 5732; x_wconf 87' lang='lat' dir='ltr'>illis</span> 
     </span>
     <span class='ocr_line' id='line_1_56' title="bbox 263 5757 1011 5840; baseline 0.007 -21"><span class='ocrx_word' id='word_1_342' title='bbox 263 5759 336 5820; x_wconf 91' lang='lat' dir='ltr'>alias</span> <span class='ocrx_word' id='word_1_343' title='bbox 355 5759 389 5820; x_wconf 90' lang='lat' dir='ltr'>in</span> <span class='ocrx_word' id='word_1_344' title='bbox 411 5774 467 5820; x_wconf 92' lang='lat' dir='ltr'>suo</span> <span class='ocrx_word' id='word_1_345' title='bbox 489 5757 598 5820; x_wconf 92' lang='lat' dir='ltr'>robore</span> <span class='ocrx_word' id='word_1_346' title='bbox 620 5761 841 5838; x_wconf 89' lang='lat' dir='ltr'>permansuris,</span> <span class='ocrx_word' id='word_1_347' title='bbox 867 5763 903 5824; x_wconf 91' lang='lat' dir='ltr'>ad</span> <span class='ocrx_word' id='word_1_348' title='bbox 925 5778 1011 5840; x_wconf 89' lang='lat' dir='ltr'>prae-</span> 
     </span>
    </p>
   </div>
   <div class='ocr_carea' id='block_1_6' title="bbox 304 5972 974 6156">
    <p class='ocr_par' dir='ltr' id='par_1_6' title="bbox 304 5972 974 6156">
     <span class='ocr_line' id='line_1_57' title="bbox 304 5972 884 6031; baseline 0.014 -17"><span class='ocrx_word' id='word_1_349' title='bbox 304 5974 335 6030; x_wconf 87' lang='lat' dir='ltr'>(t)</span> <span class='ocrx_word' id='word_1_350' title='bbox 351 5976 387 6018; x_wconf 73' lang='lat' dir='ltr'>ldx</span> <span class='ocrx_word' id='word_1_351' title='bbox 402 5975 465 6030; x_wconf 83' lang='lat' dir='ltr'>Reg.</span> <span class='ocrx_word' id='word_1_352' title='bbox 479 5972 560 6020; x_wconf 78' lang='lat' dir='ltr'>vatic.</span> <span class='ocrx_word' id='word_1_353' title='bbox 577 5977 621 6031; x_wconf 80' lang='lat' dir='ltr'>Ep.</span> <span class='ocrx_word' id='word_1_354' title='bbox 636 5975 716 6022; x_wconf 84' lang='lat' dir='ltr'>liuius</span> <span class='ocrx_word' id='word_1_355' title='bbox 730 5977 793 6022; x_wconf 84' lang='lat' dir='ltr'>anui</span> <span class='ocrx_word' id='word_1_356' title='bbox 808 5977 822 6021; x_wconf 82' lang='lat' dir='ltr'>l.</span> <span class='ocrx_word' id='word_1_357' title='bbox 839 5980 884 6022; x_wconf 86' lang='lat' dir='ltr'>lt9.</span> 
     </span>
     <span class='ocr_line' id='line_1_58' title="bbox 371 6095 974 6156; baseline 0.012 -18"><span class='ocrx_word' id='word_1_358' title='bbox 371 6095 423 6141; x_wconf 87' lang='lat' dir='ltr'>lur.</span> <span class='ocrx_word' id='word_1_359' title='bbox 441 6095 508 6142; x_wconf 71' lang='lat' dir='ltr'>horat.</span> <span class='ocrx_word' id='word_1_360' title='bbox 525 6095 555 6142; x_wconf 83' lang='lat' dir='ltr'>de</span> <span class='ocrx_word' id='word_1_361' title='bbox 571 6097 644 6156; x_wconf 82' lang='lat' dir='ltr'>l&#39;rop.</span> <span class='ocrx_word' id='word_1_362' title='bbox 661 6095 722 6144; x_wconf 83' lang='lat' dir='ltr'>Fide</span> <span class='ocrx_word' id='word_1_363' title='bbox 737 6099 818 6145; x_wconf 83' lang='lat' dir='ltr'>Partis</span> <span class='ocrx_word' id='word_1_364' title='bbox 834 6102 853 6147; x_wconf 94' lang='lat' dir='ltr'>l.</span> <span class='ocrx_word' id='word_1_365' title='bbox 867 6099 920 6146; x_wconf 81' lang='lat' dir='ltr'>Vol.</span> <span class='ocrx_word' id='word_1_366' title='bbox 937 6102 974 6146; x_wconf 87' lang='lat' dir='ltr'>ltl.</span> 
     </span>
    </p>
   </div>
   <div class='ocr_carea' id='block_1_7' title="bbox 1061 695 1808 1245">
    <p class='ocr_par' dir='ltr' id='par_1_7' title="bbox 1061 695 1808 967">
     <span class='ocr_line' id='line_1_59' title="bbox 1061 695 1808 770; baseline -0.013 -9"><span class='ocrx_word' id='word_1_367' title='bbox 1061 701 1226 763; x_wconf 91' lang='lat' dir='ltr'>missorum</span> <span class='ocrx_word' id='word_1_368' title='bbox 1248 700 1392 763; x_wconf 84' lang='lat' dir='ltr'>ellectum</span> <span class='ocrx_word' id='word_1_369' title='bbox 1410 702 1466 761; x_wconf 89' lang='lat' dir='ltr'>bac</span> <span class='ocrx_word' id='word_1_370' title='bbox 1481 697 1548 758; x_wconf 90' lang='lat' dir='ltr'>rice</span> <span class='ocrx_word' id='word_1_371' title='bbox 1562 695 1720 757; x_wconf 80' lang='lat' dir='ltr'>dumtaxat</span> <span class='ocrx_word' id='word_1_372' title='bbox 1741 707 1808 770; x_wconf 78' lang='lat' dir='ltr'>spe</span> 
     </span>
     <span class='ocr_line' id='line_1_60' title="bbox 1062 785 1805 871; baseline -0.015 -16"><span class='ocrx_word' id='word_1_373' title='bbox 1062 793 1179 856; x_wconf 89' lang='lat' dir='ltr'>cialiter</span> <span class='ocrx_word' id='word_1_374' title='bbox 1200 803 1232 856; x_wconf 91' lang='lat' dir='ltr'>et</span> <span class='ocrx_word' id='word_1_375' title='bbox 1252 809 1395 871; x_wconf 79' lang='lat' dir='ltr'>expresse</span> <span class='ocrx_word' id='word_1_376' title='bbox 1416 795 1610 868; x_wconf 86' lang='lat' dir='ltr'>derogamus,</span> <span class='ocrx_word' id='word_1_377' title='bbox 1633 785 1805 864; x_wconf 89' lang='lat' dir='ltr'>ceterisque</span> 
     </span>
     <span class='ocr_line' id='line_1_61' title="bbox 1062 887 1501 967; baseline -0.011 -17"><span class='ocrx_word' id='word_1_378' title='bbox 1062 888 1223 950; x_wconf 88' lang='lat' dir='ltr'>contrariis</span> <span class='ocrx_word' id='word_1_379' title='bbox 1243 887 1501 967; x_wconf 86' lang='lat' dir='ltr'>quibuscumque.</span> 
     </span>
    </p>

    <p class='ocr_par' dir='ltr' id='par_1_8' title="bbox 1063 971 1807 1245">
     <span class='ocr_line' id='line_1_62' title="bbox 1102 971 1807 1057; baseline -0.016 -15"><span class='ocrx_word' id='word_1_380' title='bbox 1102 982 1212 1042; x_wconf 85' lang='lat' dir='ltr'>[latum</span> <span class='ocrx_word' id='word_1_381' title='bbox 1234 982 1366 1056; x_wconf 87' lang='lat' dir='ltr'>llomae,</span> <span class='ocrx_word' id='word_1_382' title='bbox 1396 980 1475 1057; x_wconf 91' lang='lat' dir='ltr'>apud</span> <span class='ocrx_word' id='word_1_383' title='bbox 1504 977 1535 1042; x_wconf 86' lang='lat' dir='ltr'>S.</span> <span class='ocrx_word' id='word_1_384' title='bbox 1565 975 1692 1038; x_wconf 88' lang='lat' dir='ltr'>llariam</span> <span class='ocrx_word' id='word_1_385' title='bbox 1717 971 1807 1034; x_wconf 90' lang='lat' dir='ltr'>llaio·</span> 
     </span>
     <span class='ocr_line' id='line_1_63' title="bbox 1063 1065 1807 1148; baseline -0.013 -13"><span class='ocrx_word' id='word_1_386' title='bbox 1063 1089 1141 1148; x_wconf 91' lang='lat' dir='ltr'>rem,</span> <span class='ocrx_word' id='word_1_387' title='bbox 1163 1074 1221 1136; x_wconf 92' lang='lat' dir='ltr'>sub</span> <span class='ocrx_word' id='word_1_388' title='bbox 1242 1073 1358 1136; x_wconf 89' lang='lat' dir='ltr'>annulo</span> <span class='ocrx_word' id='word_1_389' title='bbox 1379 1072 1549 1146; x_wconf 73' lang='lat' dir='ltr'>piscatoris,</span> <span class='ocrx_word' id='word_1_390' title='bbox 1572 1069 1621 1130; x_wconf 89' lang='lat' dir='ltr'>die</span> <span class='ocrx_word' id='word_1_391' title='bbox 1642 1083 1714 1128; x_wconf 80' lang='lat' dir='ltr'>unt.</span> <span class='ocrx_word' id='word_1_392' title='bbox 1736 1065 1807 1126; x_wconf 91' lang='lat' dir='ltr'>maii</span> 
     </span>
     <span class='ocr_line' id='line_1_64' title="bbox 1063 1163 1764 1245; baseline -0.019 -15"><span class='ocrx_word' id='word_1_393' title='bbox 1063 1184 1255 1242; x_wconf 75' lang='lat' dir='ltr'>uncccurn,</span> <span class='ocrx_word' id='word_1_394' title='bbox 1278 1167 1474 1245; x_wconf 90' lang='lat' dir='ltr'>pontillcatus</span> <span class='ocrx_word' id='word_1_395' title='bbox 1495 1163 1594 1225; x_wconf 90' lang='lat' dir='ltr'>nostri</span> <span class='ocrx_word' id='word_1_396' title='bbox 1617 1177 1699 1223; x_wconf 87' lang='lat' dir='ltr'>anno</span> <span class='ocrx_word' id='word_1_397' title='bbox 1721 1174 1764 1219; x_wconf 86' lang='lat' dir='ltr'>rx.</span> 
     </span>
    </p>
   </div>
   <div class='ocr_carea' id='block_1_8' title="bbox 1318 1365 1556 1378">
    <p class='ocr_par' dir='ltr' id='par_1_9' title="bbox 1318 1365 1556 1378">
     <span class='ocr_line' id='line_1_65' title="bbox 1318 1365 1556 1378; baseline -0.008 0"><span class='ocrx_word' id='word_1_398' title='bbox 1318 1365 1556 1378; x_wconf 47' lang='lat' dir='ltr'>*au—*¹</span> 
     </span>
    </p>
   </div>
   <div class='ocr_carea' id='block_1_9' title="bbox 1349 1541 1515 1608">
    <p class='ocr_par' dir='ltr' id='par_1_10' title="bbox 1349 1541 1515 1608">
     <span class='ocr_line' id='line_1_66' title="bbox 1349 1541 1515 1608; baseline -0.03 0"><span class='ocrx_word' id='word_1_399' title='bbox 1349 1541 1515 1608; x_wconf 82' lang='lat' dir='ltr'>xxxtttt.</span> 
     </span>
    </p>
   </div>
   <div class='ocr_carea' id='block_1_10' title="bbox 1063 1725 1808 2468">
    <p class='ocr_par' dir='ltr' id='par_1_11' title="bbox 1063 1725 1808 2468">
     <span class='ocr_line' id='line_1_67' title="bbox 1063 1725 1807 1812; baseline -0.013 -16"><span class='ocrx_word' id='word_1_400' title='bbox 1063 1735 1106 1796; x_wconf 84' lang='lat' dir='ltr'>be</span> <span class='ocrx_word' id='word_1_401' title='bbox 1118 1732 1229 1812; x_wconf 84' lang='lat' dir='ltr'>templo</span> <span class='ocrx_word' id='word_1_402' title='bbox 1239 1731 1498 1796; x_wconf 83' lang='lat' dir='ltr'>Rarrtrrectiouis</span> <span class='ocrx_word' id='word_1_403' title='bbox 1506 1725 1705 1792; x_wconf 83' lang='lat' dir='ltr'>Hierusalem</span> <span class='ocrx_word' id='word_1_404' title='bbox 1717 1726 1807 1805; x_wconf 74' lang='lat' dir='ltr'>llam-</span> 
     </span>
     <span class='ocr_line' id='line_1_68' title="bbox 1101 1818 1807 1904; baseline -0.013 -17"><span class='ocrx_word' id='word_1_405' title='bbox 1101 1827 1161 1889; x_wconf 84' lang='lat' dir='ltr'>mia</span> <span class='ocrx_word' id='word_1_406' title='bbox 1183 1831 1375 1904; x_wconf 82' lang='lat' dir='ltr'>cansampto,</span> <span class='ocrx_word' id='word_1_407' title='bbox 1397 1822 1514 1886; x_wconf 81' lang='lat' dir='ltr'>scribit</span> <span class='ocrx_word' id='word_1_408' title='bbox 1529 1818 1761 1884; x_wconf 79' lang='lat' dir='ltr'>Cordiuuh‘bus</span> <span class='ocrx_word' id='word_1_409' title='bbox 1777 1824 1807 1879; x_wconf 86' lang='lat' dir='ltr'>et</span> 
     </span>
     <span class='ocr_line' id='line_1_69' title="bbox 1102 1911 1806 2004; baseline -0.014 -22"><span class='ocrx_word' id='word_1_410' title='bbox 1102 1918 1313 2004; x_wconf 75' lang='lat' dir='ltr'>Proaruiihars</span> <span class='ocrx_word' id='word_1_411' title='bbox 1336 1919 1436 1980; x_wconf 85' lang='lat' dir='ltr'>totius</span> <span class='ocrx_word' id='word_1_412' title='bbox 1457 1915 1608 1978; x_wconf 80' lang='lat' dir='ltr'>catholici</span> <span class='ocrx_word' id='word_1_413' title='bbox 1625 1912 1720 1982; x_wconf 86' lang='lat' dir='ltr'>orbis,</span> <span class='ocrx_word' id='word_1_414' title='bbox 1738 1911 1806 1988; x_wconf 82' lang='lat' dir='ltr'>pui-</span> 
     </span>
     <span class='ocr_line' id='line_1_70' title="bbox 1101 2005 1807 2090; baseline -0.018 -12"><span class='ocrx_word' id='word_1_415' title='bbox 1101 2013 1158 2078; x_wconf 84' lang='lat' dir='ltr'>hcs</span> <span class='ocrx_word' id='word_1_416' title='bbox 1181 2015 1277 2076; x_wconf 84' lang='lat' dir='ltr'>ctiam</span> <span class='ocrx_word' id='word_1_417' title='bbox 1299 2007 1492 2090; x_wconf 83' lang='lat' dir='ltr'>praescrihit</span> <span class='ocrx_word' id='word_1_418' title='bbox 1511 2007 1657 2072; x_wconf 81' lang='lat' dir='ltr'>subsidio</span> <span class='ocrx_word' id='word_1_419' title='bbox 1672 2025 1692 2070; x_wconf 86' lang='lat' dir='ltr'>u</span> <span class='ocrx_word' id='word_1_420' title='bbox 1707 2005 1807 2083; x_wconf 71' lang='lat' dir='ltr'>fideli·</span> 
     </span>
     <span class='ocr_line' id='line_1_71' title="bbox 1101 2103 1807 2185; baseline -0.018 -15"><span class='ocrx_word' id='word_1_421' title='bbox 1101 2105 1159 2170; x_wconf 83' lang='lat' dir='ltr'>hus</span> <span class='ocrx_word' id='word_1_422' title='bbox 1180 2106 1298 2185; x_wconf 76' lang='lat' dir='ltr'>colligi,</span> <span class='ocrx_word' id='word_1_423' title='bbox 1321 2109 1352 2166; x_wconf 85' lang='lat' dir='ltr'>ct</span> <span class='ocrx_word' id='word_1_424' title='bbox 1373 2103 1501 2164; x_wconf 84' lang='lat' dir='ltr'>modum</span> <span class='ocrx_word' id='word_1_425' title='bbox 1523 2118 1584 2179; x_wconf 82' lang='lat' dir='ltr'>qrto</span> <span class='ocrx_word' id='word_1_426' title='bbox 1606 2104 1677 2162; x_wconf 84' lang='lat' dir='ltr'>tuto</span> <span class='ocrx_word' id='word_1_427' title='bbox 1700 2105 1807 2160; x_wconf 82' lang='lat' dir='ltr'>trutta-</span> 
     </span>
     <span class='ocr_line' id='line_1_72' title="bbox 1100 2194 1807 2277; baseline -0.017 -15"><span class='ocrx_word' id='word_1_428' title='bbox 1100 2201 1191 2262; x_wconf 82' lang='lat' dir='ltr'>ntillr’</span> <span class='ocrx_word' id='word_1_429' title='bbox 1204 2200 1339 2277; x_wconf 80' lang='lat' dir='ltr'>possint,</span> <span class='ocrx_word' id='word_1_430' title='bbox 1358 2196 1490 2259; x_wconf 83' lang='lat' dir='ltr'>indictis</span> <span class='ocrx_word' id='word_1_431' title='bbox 1505 2194 1613 2272; x_wconf 83' lang='lat' dir='ltr'>poe-rtis</span> <span class='ocrx_word' id='word_1_432' title='bbox 1629 2198 1743 2252; x_wconf 85' lang='lat' dir='ltr'>contro</span> <span class='ocrx_word' id='word_1_433' title='bbox 1758 2206 1807 2250; x_wconf 83' lang='lat' dir='ltr'>eos</span> 
     </span>
     <span class='ocr_line' id='line_1_73' title="bbox 1101 2283 1808 2374; baseline -0.023 -16"><span class='ocrx_word' id='word_1_434' title='bbox 1101 2297 1155 2374; x_wconf 81' lang='lat' dir='ltr'>pati</span> <span class='ocrx_word' id='word_1_435' title='bbox 1177 2294 1252 2356; x_wconf 84' lang='lat' dir='ltr'>hoco</span> <span class='ocrx_word' id='word_1_436' title='bbox 1273 2289 1417 2355; x_wconf 82' lang='lat' dir='ltr'>subsidia</span> <span class='ocrx_word' id='word_1_437' title='bbox 1445 2285 1647 2351; x_wconf 81' lang='lat' dir='ltr'>delirruerint</span> <span class='ocrx_word' id='word_1_438' title='bbox 1674 2285 1721 2346; x_wconf 84' lang='lat' dir='ltr'>uri</span> <span class='ocrx_word' id='word_1_439' title='bbox 1746 2283 1808 2344; x_wconf 86' lang='lat' dir='ltr'>dis-</span> 
     </span>
     <span class='ocr_line' id='line_1_74' title="bbox 1103 2383 1347 2468; baseline -0.025 -16"><span class='ocrx_word' id='word_1_440' title='bbox 1103 2390 1271 2452; x_wconf 85' lang='lat' dir='ltr'>trcurcrt&#39;rrt</span> <span class='ocrx_word' id='word_1_441' title='bbox 1291 2383 1347 2468; x_wconf 88' lang='lat' dir='ltr'>(l).</span> 
     </span>
    </p>
   </div>
   <div class='ocr_carea' id='block_1_11' title="bbox 1064 2565 1810 3222">
    <p class='ocr_par' dir='ltr' id='par_1_12' title="bbox 1064 2565 1810 3222">
     <span class='ocr_line' id='line_1_75' title="bbox 1064 2565 1808 2654; baseline -0.017 -12"><span class='ocrx_word' id='word_1_442' title='bbox 1064 2575 1189 2654; x_wconf 76' lang='lat' dir='ltr'>bileclis</span> <span class='ocrx_word' id='word_1_443' title='bbox 1211 2573 1284 2641; x_wconf 83' lang='lat' dir='ltr'>liliis</span> <span class='ocrx_word' id='word_1_444' title='bbox 1307 2573 1420 2640; x_wconf 88' lang='lat' dir='ltr'>nostris</span> <span class='ocrx_word' id='word_1_445' title='bbox 1436 2567 1470 2636; x_wconf 85' lang='lat' dir='ltr'>S.</span> <span class='ocrx_word' id='word_1_446' title='bbox 1490 2566 1523 2634; x_wconf 89' lang='lat' dir='ltr'>tl.</span> <span class='ocrx_word' id='word_1_447' title='bbox 1539 2567 1573 2634; x_wconf 84' lang='grc' dir='ltr'>Ε.</span> <span class='ocrx_word' id='word_1_448' title='bbox 1592 2565 1808 2641; x_wconf 75' lang='lat' dir='ltr'>cardinalibus,</span> 
     </span>
     <span class='ocr_line' id='line_1_76' title="bbox 1103 2655 1809 2736; baseline -0.016 -1"><span class='ocrx_word' id='word_1_449' title='bbox 1103 2673 1135 2735; x_wconf 90' lang='lat' dir='ltr'>et</span> <span class='ocrx_word' id='word_1_450' title='bbox 1146 2666 1366 2735; x_wconf 83' lang='lat' dir='ltr'>uenerabilibus</span> <span class='ocrx_word' id='word_1_451' title='bbox 1377 2664 1524 2732; x_wconf 85' lang='lat' dir='ltr'>iratribus</span> <span class='ocrx_word' id='word_1_452' title='bbox 1538 2659 1733 2736; x_wconf 70' lang='lat' dir='ltr'>latitantis,</span> <span class='ocrx_word' id='word_1_453' title='bbox 1745 2655 1809 2724; x_wconf 82' lang='lat' dir='ltr'>Pri·</span> 
     </span>
     <span class='ocr_line' id='line_1_77' title="bbox 1104 2750 1809 2843; baseline -0.016 -15"><span class='ocrx_word' id='word_1_454' title='bbox 1104 2762 1238 2840; x_wconf 86' lang='lat' dir='ltr'>malibus,</span> <span class='ocrx_word' id='word_1_455' title='bbox 1256 2759 1462 2843; x_wconf 86' lang='lat' dir='ltr'>llelropolilis,</span> <span class='ocrx_word' id='word_1_456' title='bbox 1478 2753 1730 2839; x_wconf 81' lang='lat' dir='ltr'>hrchiepisoopis,</span> <span class='ocrx_word' id='word_1_457' title='bbox 1743 2750 1809 2835; x_wconf 79' lang='lat' dir='ltr'>Epi·</span> 
     </span>
     <span class='ocr_line' id='line_1_78' title="bbox 1103 2845 1810 2938; baseline -0.017 -16"><span class='ocrx_word' id='word_1_458' title='bbox 1103 2855 1214 2938; x_wconf 84' lang='lat' dir='ltr'>acapia,</span> <span class='ocrx_word' id='word_1_459' title='bbox 1237 2852 1365 2920; x_wconf 85' lang='lat' dir='ltr'>llicariia</span> <span class='ocrx_word' id='word_1_460' title='bbox 1386 2849 1577 2935; x_wconf 84' lang='lat' dir='ltr'>lpustottota,</span> <span class='ocrx_word' id='word_1_461' title='bbox 1594 2853 1625 2916; x_wconf 88' lang='lat' dir='ltr'>et</span> <span class='ocrx_word' id='word_1_462' title='bbox 1640 2845 1757 2914; x_wconf 86' lang='lat' dir='ltr'>dilectis</span> <span class='ocrx_word' id='word_1_463' title='bbox 1773 2845 1810 2911; x_wconf 91' lang='lat' dir='ltr'>li·</span> 
     </span>
     <span class='ocr_line' id='line_1_79' title="bbox 1104 2941 1809 3018; baseline -0.017 -1"><span class='ocrx_word' id='word_1_464' title='bbox 1104 2949 1150 3018; x_wconf 90' lang='lat' dir='ltr'>liis</span> <span class='ocrx_word' id='word_1_465' title='bbox 1174 2947 1370 3016; x_wconf 82' lang='lat' dir='ltr'>Praesulibus</span> <span class='ocrx_word' id='word_1_466' title='bbox 1400 2946 1531 3014; x_wconf 84' lang='lat' dir='ltr'>locorum</span> <span class='ocrx_word' id='word_1_467' title='bbox 1560 2942 1723 3010; x_wconf 82' lang='lat' dir='ltr'>ordinariis</span> <span class='ocrx_word' id='word_1_468' title='bbox 1746 2941 1809 3006; x_wconf 86' lang='lat' dir='ltr'>unt-</span> 
     </span>
     <span class='ocr_line' id='line_1_80' title="bbox 1104 3033 1808 3125; baseline -0.013 -16"><span class='ocrx_word' id='word_1_469' title='bbox 1104 3043 1201 3110; x_wconf 83' lang='lat' dir='ltr'>uersis</span> <span class='ocrx_word' id='word_1_470' title='bbox 1233 3043 1357 3125; x_wconf 82' lang='lat' dir='ltr'>gratian</span> <span class='ocrx_word' id='word_1_471' title='bbox 1390 3044 1422 3107; x_wconf 87' lang='lat' dir='ltr'>et</span> <span class='ocrx_word' id='word_1_472' title='bbox 1453 3037 1686 3106; x_wconf 84' lang='lat' dir='ltr'>communionem</span> <span class='ocrx_word' id='word_1_473' title='bbox 1717 3033 1808 3102; x_wconf 80' lang='lat' dir='ltr'>Sedis</span> 
     </span>
     <span class='ocr_line' id='line_1_81' title="bbox 1105 3133 1510 3222; baseline -0.012 -19"><span class='ocrx_word' id='word_1_474' title='bbox 1105 3137 1298 3222; x_wconf 83' lang='lat' dir='ltr'>hpoatolioae</span> <span class='ocrx_word' id='word_1_475' title='bbox 1321 3133 1510 3212; x_wconf 87' lang='lat' dir='ltr'>habentibus,</span> 
     </span>
    </p>
   </div>
   <div class='ocr_carea' id='block_1_12' title="bbox 1311 3317 1564 3389">
    <p class='ocr_par' dir='ltr' id='par_1_13' title="bbox 1311 3317 1564 3389">
     <span class='ocr_line' id='line_1_82' title="bbox 1311 3317 1564 3389; baseline -0.028 0"><span class='ocrx_word' id='word_1_476' title='bbox 1311 3320 1396 3389; x_wconf 83' lang='lat' dir='ltr'>PiUS</span> <span class='ocrx_word' id='word_1_477' title='bbox 1421 3319 1481 3386; x_wconf 84' lang='grc' dir='ltr'>ΡΡ.</span> <span class='ocrx_word' id='word_1_478' title='bbox 1506 3317 1564 3384; x_wconf 78' lang='lat' dir='ltr'>Vll.</span> 
     </span>
    </p>
   </div>
   <div class='ocr_carea' id='block_1_13' title="bbox 1098 3508 1773 3785">
    <p class='ocr_par' dir='ltr' id='par_1_14' title="bbox 1098 3508 1773 3785">
     <span class='ocr_line' id='line_1_83' title="bbox 1282 3508 1591 3588; baseline -0.013 -10"><span class='ocrx_word' id='word_1_479' title='bbox 1282 3512 1388 3580; x_wconf 83' lang='lat' dir='ltr'>bilecti</span> <span class='ocrx_word' id='word_1_480' title='bbox 1411 3511 1464 3579; x_wconf 93' lang='lat' dir='ltr'>lilii</span> <span class='ocrx_word' id='word_1_481' title='bbox 1488 3508 1591 3588; x_wconf 82' lang='lat' dir='ltr'>nostri,</span> 
     </span>
     <span class='ocr_line' id='line_1_84' title="bbox 1138 3603 1735 3681; baseline -0.007 -8"><span class='ocrx_word' id='word_1_482' title='bbox 1138 3607 1337 3675; x_wconf 78' lang='lat' dir='ltr'>venerabiles</span> <span class='ocrx_word' id='word_1_483' title='bbox 1359 3606 1476 3673; x_wconf 83' lang='lat' dir='ltr'>iratres</span> <span class='ocrx_word' id='word_1_484' title='bbox 1498 3608 1530 3671; x_wconf 88' lang='lat' dir='ltr'>el</span> <span class='ocrx_word' id='word_1_485' title='bbox 1551 3604 1649 3671; x_wconf 85' lang='lat' dir='ltr'>dilecti</span> <span class='ocrx_word' id='word_1_486' title='bbox 1672 3603 1735 3681; x_wconf 91' lang='lat' dir='ltr'>lilii,</span> 
     </span>
     <span class='ocr_line' id='line_1_85' title="bbox 1098 3697 1773 3785; baseline -0.016 -14"><span class='ocrx_word' id='word_1_487' title='bbox 1098 3704 1226 3771; x_wconf 87' lang='lat' dir='ltr'>salutern</span> <span class='ocrx_word' id='word_1_488' title='bbox 1248 3700 1498 3785; x_wconf 73' lang='lat' dir='ltr'>adapostolicam</span> <span class='ocrx_word' id='word_1_489' title='bbox 1521 3697 1773 3766; x_wconf 85' lang='lat' dir='ltr'>benedictionem.</span> 
     </span>
    </p>
   </div>
   <div class='ocr_carea' id='block_1_14' title="bbox 1064 3889 1812 5841">
    <p class='ocr_par' dir='ltr' id='par_1_15' title="bbox 1064 3889 1812 5841">
     <span class='ocr_line' id='line_1_86' title="bbox 1105 3889 1810 3965; baseline -0.013 -8"><span class='ocrx_word' id='word_1_490' title='bbox 1105 3894 1243 3956; x_wconf 90' lang='lat' dir='ltr'>Perlatus</span> <span class='ocrx_word' id='word_1_491' title='bbox 1264 3890 1367 3953; x_wconf 88' lang='lat' dir='ltr'>estad</span> <span class='ocrx_word' id='word_1_492' title='bbox 1388 3905 1443 3951; x_wconf 87' lang='lat' dir='ltr'>nos</span> <span class='ocrx_word' id='word_1_493' title='bbox 1465 3891 1561 3951; x_wconf 89' lang='lat' dir='ltr'>tristis</span> <span class='ocrx_word' id='word_1_494' title='bbox 1581 3889 1726 3963; x_wconf 90' lang='lat' dir='ltr'>nuncius,</span> <span class='ocrx_word' id='word_1_495' title='bbox 1749 3903 1810 3965; x_wconf 87' lang='lat' dir='ltr'>quo</span> 
     </span>
     <span class='ocr_line' id='line_1_87' title="bbox 1064 3983 1809 4066; baseline -0.012 -15"><span class='ocrx_word' id='word_1_496' title='bbox 1064 3989 1273 4066; x_wconf 81' lang='lat' dir='ltr'>significatum</span> <span class='ocrx_word' id='word_1_497' title='bbox 1294 3992 1351 4061; x_wconf 87' lang='lat' dir='ltr'>cst,</span> <span class='ocrx_word' id='word_1_498' title='bbox 1374 3983 1538 4062; x_wconf 84' lang='lat' dir='ltr'>antiquum</span> <span class='ocrx_word' id='word_1_499' title='bbox 1560 3990 1591 4045; x_wconf 88' lang='lat' dir='ltr'>et</span> <span class='ocrx_word' id='word_1_500' title='bbox 1610 3983 1809 4058; x_wconf 82' lang='lat' dir='ltr'>magnificum</span> 
     </span>
     <span class='ocr_line' id='line_1_88' title="bbox 1065 4076 1810 4159; baseline -0.012 -14"><span class='ocrx_word' id='word_1_501' title='bbox 1065 4081 1219 4159; x_wconf 92' lang='lat' dir='ltr'>templum</span> <span class='ocrx_word' id='word_1_502' title='bbox 1230 4078 1473 4142; x_wconf 83' lang='lat' dir='ltr'>Resurrectionis</span> <span class='ocrx_word' id='word_1_503' title='bbox 1485 4076 1689 4150; x_wconf 89' lang='lat' dir='ltr'>Hierusalem,</span> <span class='ocrx_word' id='word_1_504' title='bbox 1704 4077 1734 4136; x_wconf 92' lang='lat' dir='ltr'>in</span> <span class='ocrx_word' id='word_1_505' title='bbox 1749 4090 1810 4154; x_wconf 87' lang='lat' dir='ltr'>quo</span> 
     </span>
     <span class='ocr_line' id='line_1_89' title="bbox 1065 4169 1810 4249; baseline -0.012 -11"><span class='ocrx_word' id='word_1_506' title='bbox 1065 4175 1262 4239; x_wconf 88' lang='lat' dir='ltr'>claudebatur</span> <span class='ocrx_word' id='word_1_507' title='bbox 1284 4172 1489 4249; x_wconf 84' lang='lat' dir='ltr'>Sepulchrum</span> <span class='ocrx_word' id='word_1_508' title='bbox 1510 4169 1613 4232; x_wconf 87' lang='lat' dir='ltr'>[livini</span> <span class='ocrx_word' id='word_1_509' title='bbox 1627 4169 1810 4246; x_wconf 85' lang='lat' dir='ltr'>Redempto-</span> 
     </span>
     <span class='ocr_line' id='line_1_90' title="bbox 1065 4263 1810 4340; baseline -0.012 -9"><span class='ocrx_word' id='word_1_510' title='bbox 1065 4271 1106 4332; x_wconf 92' lang='lat' dir='ltr'>ris</span> <span class='ocrx_word' id='word_1_511' title='bbox 1122 4269 1219 4331; x_wconf 92' lang='lat' dir='ltr'>nostri</span> <span class='ocrx_word' id='word_1_512' title='bbox 1236 4268 1302 4329; x_wconf 92' lang='lat' dir='ltr'>lesu</span> <span class='ocrx_word' id='word_1_513' title='bbox 1317 4265 1442 4340; x_wconf 84' lang='lat' dir='ltr'>Christi,</span> <span class='ocrx_word' id='word_1_514' title='bbox 1454 4265 1519 4326; x_wconf 89' lang='lat' dir='ltr'>sive</span> <span class='ocrx_word' id='word_1_515' title='bbox 1535 4264 1652 4326; x_wconf 80' lang='lat' dir='ltr'>incurii</span> <span class='ocrx_word' id='word_1_516' title='bbox 1667 4263 1733 4324; x_wconf 88' lang='lat' dir='ltr'>sire</span> <span class='ocrx_word' id='word_1_517' title='bbox 1747 4279 1810 4324; x_wconf 91' lang='lat' dir='ltr'>mu-</span> 
     </span>
     <span class='ocr_line' id='line_1_91' title="bbox 1066 4357 1812 4435; baseline -0.013 -10"><span class='ocrx_word' id='word_1_518' title='bbox 1066 4364 1130 4426; x_wconf 78' lang='lat' dir='ltr'>litia</span> <span class='ocrx_word' id='word_1_519' title='bbox 1144 4362 1311 4424; x_wconf 91' lang='lat' dir='ltr'>bominum</span> <span class='ocrx_word' id='word_1_520' title='bbox 1323 4360 1482 4435; x_wconf 87' lang='lat' dir='ltr'>integrum</span> <span class='ocrx_word' id='word_1_521' title='bbox 1494 4359 1626 4420; x_wconf 89' lang='lat' dir='ltr'>llammis</span> <span class='ocrx_word' id='word_1_522' title='bbox 1636 4357 1729 4420; x_wconf 85' lang='lat' dir='ltr'>luisse</span> <span class='ocrx_word' id='word_1_523' title='bbox 1739 4371 1812 4418; x_wconf 86' lang='lat' dir='ltr'>con-</span> 
     </span>
     <span class='ocr_line' id='line_1_92' title="bbox 1065 4451 1811 4534; baseline -0.012 -15"><span class='ocrx_word' id='word_1_524' title='bbox 1065 4461 1236 4534; x_wconf 91' lang='lat' dir='ltr'>sumptum.</span> <span class='ocrx_word' id='word_1_525' title='bbox 1261 4454 1294 4515; x_wconf 93' lang='lat' dir='ltr'>ln</span> <span class='ocrx_word' id='word_1_526' title='bbox 1316 4454 1372 4514; x_wconf 89' lang='lat' dir='ltr'>boc</span> <span class='ocrx_word' id='word_1_527' title='bbox 1393 4459 1456 4514; x_wconf 89' lang='lat' dir='ltr'>tam</span> <span class='ocrx_word' id='word_1_528' title='bbox 1482 4451 1595 4512; x_wconf 90' lang='lat' dir='ltr'>misero</span> <span class='ocrx_word' id='word_1_529' title='bbox 1616 4467 1650 4512; x_wconf 90' lang='lat' dir='ltr'>ac</span> <span class='ocrx_word' id='word_1_530' title='bbox 1671 4451 1811 4513; x_wconf 89' lang='lat' dir='ltr'>luctuoso</span> 
     </span>
     <span class='ocr_line' id='line_1_93' title="bbox 1064 4544 1810 4622; baseline -0.005 -12"><span class='ocrx_word' id='word_1_531' title='bbox 1064 4558 1181 4612; x_wconf 87' lang='lat' dir='ltr'>eventu</span> <span class='ocrx_word' id='word_1_532' title='bbox 1203 4561 1347 4622; x_wconf 87' lang='lat' dir='ltr'>magnam</span> <span class='ocrx_word' id='word_1_533' title='bbox 1369 4554 1472 4606; x_wconf 91' lang='lat' dir='ltr'>tamen</span> <span class='ocrx_word' id='word_1_534' title='bbox 1500 4544 1743 4606; x_wconf 91' lang='lat' dir='ltr'>consolationem</span> <span class='ocrx_word' id='word_1_535' title='bbox 1763 4560 1810 4606; x_wconf 90' lang='lat' dir='ltr'>ac-</span> 
     </span>
     <span class='ocr_line' id='line_1_94' title="bbox 1065 4637 1810 4723; baseline -0.011 -16"><span class='ocrx_word' id='word_1_536' title='bbox 1065 4644 1214 4723; x_wconf 89' lang='lat' dir='ltr'>cepimus,</span> <span class='ocrx_word' id='word_1_537' title='bbox 1230 4657 1302 4704; x_wconf 89' lang='lat' dir='ltr'>curn</span> <span class='ocrx_word' id='word_1_538' title='bbox 1318 4641 1475 4713; x_wconf 88' lang='lat' dir='ltr'>norimus,</span> <span class='ocrx_word' id='word_1_539' title='bbox 1488 4653 1608 4700; x_wconf 90' lang='lat' dir='ltr'>sacrum</span> <span class='ocrx_word' id='word_1_540' title='bbox 1624 4637 1810 4716; x_wconf 88' lang='lat' dir='ltr'>depositum,</span> 
     </span>
     <span class='ocr_line' id='line_1_95' title="bbox 1066 4731 1811 4817; baseline -0.012 -17"><span class='ocrx_word' id='word_1_541' title='bbox 1066 4751 1253 4817; x_wconf 85' lang='lat' dir='ltr'>quaruquam</span> <span class='ocrx_word' id='word_1_542' title='bbox 1274 4742 1354 4796; x_wconf 82' lang='lat' dir='ltr'>esset</span> <span class='ocrx_word' id='word_1_543' title='bbox 1374 4732 1511 4809; x_wconf 74' lang='lat' dir='ltr'>undique</span> <span class='ocrx_word' id='word_1_544' title='bbox 1539 4732 1613 4808; x_wconf 91' lang='lat' dir='ltr'>igne</span> <span class='ocrx_word' id='word_1_545' title='bbox 1640 4731 1811 4794; x_wconf 90' lang='lat' dir='ltr'>circumda-</span> 
     </span>
     <span class='ocr_line' id='line_1_96' title="bbox 1067 4825 1811 4903; baseline -0.008 -11"><span class='ocrx_word' id='word_1_546' title='bbox 1067 4841 1144 4903; x_wconf 93' lang='lat' dir='ltr'>tum,</span> <span class='ocrx_word' id='word_1_547' title='bbox 1169 4839 1364 4891; x_wconf 90' lang='lat' dir='ltr'>tamencum</span> <span class='ocrx_word' id='word_1_548' title='bbox 1391 4826 1525 4888; x_wconf 80' lang='lat' dir='ltr'>inanimal</span> <span class='ocrx_word' id='word_1_549' title='bbox 1554 4827 1694 4888; x_wconf 87' lang='lat' dir='ltr'>omniurn</span> <span class='ocrx_word' id='word_1_550' title='bbox 1716 4825 1811 4887; x_wconf 88' lang='lat' dir='ltr'>admi-</span> 
     </span>
     <span class='ocr_line' id='line_1_97' title="bbox 1065 4919 1810 4986; baseline -0.008 0"><span class='ocrx_word' id='word_1_551' title='bbox 1065 4925 1183 4986; x_wconf 88' lang='lat' dir='ltr'>ratione</span> <span class='ocrx_word' id='word_1_552' title='bbox 1206 4921 1361 4984; x_wconf 84' lang='lat' dir='ltr'>incolome</span> <span class='ocrx_word' id='word_1_553' title='bbox 1384 4919 1476 4980; x_wconf 84' lang='lat' dir='ltr'>inisse</span> <span class='ocrx_word' id='word_1_554' title='bbox 1495 4926 1664 4980; x_wconf 73' lang='lat' dir='ltr'>seruatum.</span> <span class='ocrx_word' id='word_1_555' title='bbox 1681 4919 1810 4981; x_wconf 89' lang='lat' dir='ltr'>lntorim</span> 
     </span>
     <span class='ocr_line' id='line_1_98' title="bbox 1065 5013 1811 5078; baseline -0.005 0"><span class='ocrx_word' id='word_1_556' title='bbox 1065 5033 1136 5078; x_wconf 90' lang='lat' dir='ltr'>curn</span> <span class='ocrx_word' id='word_1_557' title='bbox 1159 5013 1329 5076; x_wconf 88' lang='lat' dir='ltr'>incredibili</span> <span class='ocrx_word' id='word_1_558' title='bbox 1352 5013 1520 5073; x_wconf 82' lang='lat' dir='ltr'>alliciamnr</span> <span class='ocrx_word' id='word_1_559' title='bbox 1550 5013 1643 5074; x_wconf 91' lang='lat' dir='ltr'>animi</span> <span class='ocrx_word' id='word_1_560' title='bbox 1670 5029 1811 5074; x_wconf 89' lang='lat' dir='ltr'>moerore</span> 
     </span>
     <span class='ocr_line' id='line_1_99' title="bbox 1065 5109 1812 5186; baseline -0.004 -15"><span class='ocrx_word' id='word_1_561' title='bbox 1065 5111 1357 5181; x_wconf 84' lang='lat' dir='ltr'>animadvertentes,</span> <span class='ocrx_word' id='word_1_562' title='bbox 1387 5111 1467 5186; x_wconf 82' lang='lat' dir='ltr'>qrrorl</span> <span class='ocrx_word' id='word_1_563' title='bbox 1498 5115 1559 5168; x_wconf 89' lang='lat' dir='ltr'>tam</span> <span class='ocrx_word' id='word_1_564' title='bbox 1592 5109 1714 5182; x_wconf 78' lang='lat' dir='ltr'>insigne</span> <span class='ocrx_word' id='word_1_565' title='bbox 1737 5115 1812 5168; x_wconf 89' lang='lat' dir='ltr'>tam-</span> 
     </span>
     <span class='ocr_line' id='line_1_100' title="bbox 1065 5200 1810 5281; baseline -0.005 -17"><span class='ocrx_word' id='word_1_566' title='bbox 1065 5219 1125 5281; x_wconf 88' lang='lat' dir='ltr'>que</span> <span class='ocrx_word' id='word_1_567' title='bbox 1146 5203 1316 5278; x_wconf 88' lang='lat' dir='ltr'>pretiosum</span> <span class='ocrx_word' id='word_1_568' title='bbox 1338 5200 1571 5277; x_wconf 82' lang='lat' dir='ltr'>liedernptionis</span> <span class='ocrx_word' id='word_1_569' title='bbox 1603 5209 1725 5262; x_wconf 88' lang='lat' dir='ltr'>nostrae</span> <span class='ocrx_word' id='word_1_570' title='bbox 1748 5215 1810 5261; x_wconf 92' lang='lat' dir='ltr'>nto-</span> 
     </span>
     <span class='ocr_line' id='line_1_101' title="bbox 1065 5292 1812 5372; baseline -0.005 -14"><span class='ocrx_word' id='word_1_571' title='bbox 1065 5301 1265 5368; x_wconf 86' lang='lat' dir='ltr'>numentum,</span> <span class='ocrx_word' id='word_1_572' title='bbox 1277 5298 1357 5372; x_wconf 78' lang='lat' dir='ltr'>quod</span> <span class='ocrx_word' id='word_1_573' title='bbox 1373 5310 1494 5370; x_wconf 87' lang='lat' dir='ltr'>semper</span> <span class='ocrx_word' id='word_1_574' title='bbox 1508 5292 1611 5355; x_wconf 88' lang='lat' dir='ltr'>lideles</span> <span class='ocrx_word' id='word_1_575' title='bbox 1627 5309 1734 5354; x_wconf 89' lang='lat' dir='ltr'>ornnes</span> <span class='ocrx_word' id='word_1_576' title='bbox 1748 5294 1812 5354; x_wconf 90' lang='lat' dir='ltr'>sin·</span> 
     </span>
     <span class='ocr_line' id='line_1_102' title="bbox 1065 5388 1812 5468; baseline -0.004 -17"><span class='ocrx_word' id='word_1_577' title='bbox 1065 5391 1164 5468; x_wconf 90' lang='lat' dir='ltr'>gulari</span> <span class='ocrx_word' id='word_1_578' title='bbox 1186 5389 1386 5450; x_wconf 80' lang='lat' dir='ltr'>vulneratione</span> <span class='ocrx_word' id='word_1_579' title='bbox 1416 5389 1594 5465; x_wconf 77' lang='lat' dir='ltr'>prosequuti</span> <span class='ocrx_word' id='word_1_580' title='bbox 1617 5393 1701 5462; x_wconf 88' lang='lat' dir='ltr'>suni,</span> <span class='ocrx_word' id='word_1_581' title='bbox 1724 5388 1812 5450; x_wconf 88' lang='lat' dir='ltr'>cuius</span> 
     </span>
     <span class='ocr_line' id='line_1_103' title="bbox 1065 5481 1810 5561; baseline -0.004 -16"><span class='ocrx_word' id='word_1_582' title='bbox 1065 5483 1162 5561; x_wconf 76' lang='lat' dir='ltr'>gratiis</span> <span class='ocrx_word' id='word_1_583' title='bbox 1183 5499 1280 5544; x_wconf 83' lang='lat' dir='ltr'>sacras</span> <span class='ocrx_word' id='word_1_584' title='bbox 1302 5481 1567 5560; x_wconf 83' lang='lat' dir='ltr'>peregrinationes</span> <span class='ocrx_word' id='word_1_585' title='bbox 1594 5489 1810 5559; x_wconf 90' lang='lat' dir='ltr'>susceperunt,</span> 
     </span>
     <span class='ocr_line' id='line_1_104' title="bbox 1065 5574 1811 5656; baseline -0.007 -18"><span class='ocrx_word' id='word_1_586' title='bbox 1065 5579 1147 5656; x_wconf 90' lang='lat' dir='ltr'>quod</span> <span class='ocrx_word' id='word_1_587' title='bbox 1175 5574 1364 5652; x_wconf 86' lang='lat' dir='ltr'>gravissimis</span> <span class='ocrx_word' id='word_1_588' title='bbox 1393 5575 1542 5652; x_wconf 90' lang='lat' dir='ltr'>impensis</span> <span class='ocrx_word' id='word_1_589' title='bbox 1563 5574 1722 5653; x_wconf 82' lang='lat' dir='ltr'>effusoque</span> <span class='ocrx_word' id='word_1_590' title='bbox 1743 5590 1811 5634; x_wconf 92' lang='lat' dir='ltr'>san-</span> 
     </span>
     <span class='ocr_line' id='line_1_105' title="bbox 1066 5666 1810 5747; baseline -0.003 -15"><span class='ocrx_word' id='word_1_591' title='bbox 1066 5666 1810 5747; x_wconf 87' lang='lat' dir='ltr'>guineobristianiprincipesdelender·unt,quod</span> 
     </span>
     <span class='ocr_line' id='line_1_106' title="bbox 1066 5761 1812 5841; baseline -0.003 -17"><span class='ocrx_word' id='word_1_592' title='bbox 1066 5777 1188 5841; x_wconf 91' lang='lat' dir='ltr'>semper</span> <span class='ocrx_word' id='word_1_593' title='bbox 1204 5761 1416 5824; x_wconf 89' lang='lat' dir='ltr'>solicitudines</span> <span class='ocrx_word' id='word_1_594' title='bbox 1430 5768 1461 5823; x_wconf 89' lang='lat' dir='ltr'>et</span> <span class='ocrx_word' id='word_1_595' title='bbox 1476 5779 1565 5823; x_wconf 89' lang='lat' dir='ltr'>curus</span> <span class='ocrx_word' id='word_1_596' title='bbox 1579 5763 1717 5824; x_wconf 81' lang='lat' dir='ltr'>exercuit</span> <span class='ocrx_word' id='word_1_597' title='bbox 1732 5761 1812 5823; x_wconf 92' lang='lat' dir='ltr'>Pon-</span> 
     </span>
    </p>
   </div>
   <div class='ocr_carea' id='block_1_15' title="bbox 0 0 2374 6976">
    <p class='ocr_par' dir='ltr' id='par_1_16' title="bbox 0 0 2374 6976">
     <span class='ocr_line' id='line_1_107' title="bbox 0 0 2374 6976; baseline 0 0"><span class='ocrx_word' id='word_1_598' title='bbox 0 0 2374 6976; x_wconf 95' lang='lat' dir='ltr'> </span> 
     </span>
    </p>
   </div>
   <div class='ocr_carea' id='block_1_16' title="bbox 1728 549 2025 616">
    <p class='ocr_par' dir='ltr' id='par_1_17' title="bbox 1728 549 2025 616">
     <span class='ocr_line' id='line_1_108' title="bbox 1728 549 2025 616; baseline -0.01 -11"><span class='ocrx_word' id='word_1_599' title='bbox 1728 553 1786 616; x_wconf 77' lang='lat'>513</span> <span class='ocrx_word' id='word_1_600' title='bbox 1837 549 1891 604; x_wconf 81' lang='lat' dir='ltr'>An.</span> <span class='ocrx_word' id='word_1_601' title='bbox 1906 551 1935 603; x_wconf 80' lang='lat'>0.</span> <span class='ocrx_word' id='word_1_602' title='bbox 1957 549 2025 604; x_wconf 81' lang='lat'>1809</span> 
     </span>
    </p>
   </div>
  </div>
 </body>
</html>
