4856 7010
145 1740 242 1787 Divisio
264 1750 307 1785 no·

96 1805 182 1842 rorum
213 1794 307 1842 distri-

96 1855 188 1896 uiuum.

994 586 1050 631 utto
1072 585 1121 630 ΡΡ.
1146 583 1204 629 IIII.

325 703 537 769 Alexandrum
562 707 747 786 Episcopum
778 703 1011 784 Cybistrauum,
1034 707 1068 766 ut

325 798 363 860 de
384 805 445 860 tam
457 801 543 875 gravi
566 801 692 877 negotio
713 798 791 880 apud
807 795 929 861 Sedem'
942 800 1069 876 Aposto-

325 888 413 953 licam
443 909 545 955 corarn
568 899 686 970 ageret,
709 902 905 971 peramanter
935 889 1069 969 amplexi

324 1000 443 1059 sumus,
459 1002 589 1064 remque
607 995 700 1049 totam
716 985 946 1050 venerabilibus
967 983 1069 1045 iratri-

324 1077 381 1139 bus
402 1079 515 1140 nostris
536 1080 567 1144 S.
585 1080 620 1141 R.
640 1081 675 1143 E.
700 1078 913 1143 cardinalibus
936 1075 1068 1153 negotiis

326 1170 540 1248 Propagandae
561 1173 644 1236 Fidei
670 1173 850 1252 praepositis
874 1170 1068 1232 consideran·

324 1262 394 1322 dam
415 1280 448 1324 ac
469 1267 718 1342 perpendendam
741 1265 891 1328 continuo
914 1261 1069 1324 commisi-

325 1370 405 1430 mus,
428 1357 481 1435 qui
507 1364 647 1420 auctores
668 1358 759 1420 nobis
784 1358 897 1420 deinde
924 1356 1066 1427 luerunt,

324 1463 435 1510 noram
452 1447 570 1512 Scotiae
584 1450 690 1513 intres
703 1450 869 1513 vicariatus
882 1447 1067 1512 divisionem

324 1539 484 1618 religionis
512 1543 592 1605 bono
615 1544 677 1607 illic
699 1545 892 1624 procurando
920 1549 1067 1621 opportu-

324 1649 396 1697 nam
417 1651 451 1697 ac
472 1635 571 1699 lerme
592 1639 794 1700 necessariam
816 1637 926 1699 videri.

364 1729 383 1802 ἓ
404 1727 432 1790 t.
456 1729 498 1792 lle
516 1731 696 1793 eorumdem
712 1731 809 1807 igitur
825 1745 920 1793 venn.
937 1728 1066 1789 fratrum

324 1828 504 1884 nostrorum
534 1825 673 1900 consilio,
698 1823 859 1902 apostolica
885 1821 1066 1884 auctoritate

324 1930 443 1978 novum
466 1917 595 1980 tertium
615 1918 648 1980 in
669 1916 769 1981 Scotia
794 1916 976 1980 vicariatum
998 1928 1067 1991 apo·

322 2008 468 2071 stolidum
498 2011 702 2088 instituimus,
724 2029 769 2087 ac,
792 2012 966 2083 immutata,
990 2023 1068 2086 quae

323 2103 472 2165 hactenus
493 2112 572 2181 erat,
597 2105 715 2170 Scotiae
740 2104 902 2182 regiminis
929 2100 1068 2164 ecclesia·

321 2194 389 2256 stici
410 2194 574 2272 divisione,
596 2198 794 2261 decernimus
815 2195 949 2260 Scotiam
971 2201 1067 2256 totam

323 2287 355 2350 iu
379 2295 440 2350 tres
455 2291 611 2354 districtus
631 2308 686 2354 seu
708 2292 874 2354 vicariatus
888 2286 1068 2367 apostoIIcos

323 2383 519 2459 orientalem,
549 2384 768 2450 occidentalem
790 2393 821 2448 et
842 2381 1068 2462 septentriona-

324 2475 386 2537 lem
407 2477 607 2542 diridendam
635 2496 716 2553 esse,
747 2481 894 2557 illamque
921 2493 1005 2538 nunc
1026 2473 1067 2535 ita

323 2568 506 2632 dividimus:
537 2571 698 2635 Districtus
723 2572 882 2634 orientalis
903 2569 1068 2632 comitatus

324 2662 565 2740 comprehendet
586 2667 747 2744 utriusque
761 2665 904 2739 Lothian‚
922 2663 1065 2734 Perthae,

325 2754 418 2832 Filae,
441 2757 609 2835 Clacinani,
637 2760 769 2834 Stirlini,
794 2757 959 2836 Angusiae,
984 2755 1068 2816 Dun-

323 2848 401 2924 lrisi,
423 2851 612 2928 Kircubrigii
634 2862 664 2915 ct
686 2853 856 2929 Rosburgi,
872 2852 1001 2928 eiusque
1022 2848 1067 2909 ri-

323 2943 453 3005 cariatus
467 2943 552 3007 sedes
566 2947 626 3007 erit
641 2945 674 3008 in
688 2946 751 3025 ipsa
766 2945 886 3008 Scotiae
902 2939 1067 3019 metropoli

324 3033 521 3114 Edenhurgi;
544 3038 706 3101 Districtus
721 3035 916 3100 occidentalis
930 3049 1068 3112 compre·

324 3129 439 3191 hendet
458 3132 621 3194 comitatus
642 3131 783 3205 Lauorci,
800 3128 969 3202 ilenirevi,
986 3125 1068 3187 Dun-

324 3221 493 3296 bretoniae,
526 3225 732 3301 Argatheliae,
765 3221 919 3299 Wigtoni,
952 3219 1067 3283 insulas

275 3358 279 3366 -
323 3316 525 3379 occidentales
547 3319 642 3395 vulgo
664 3318 757 3380 dictas
779 3317 926 3379 IIebrides
947 3325 977 3377 et
999 3329 1067 3392 par·

325 3416 387 3470 tem
409 3410 572 3472 comitatus
595 3410 770 3473 Invernessi
792 3427 846 3490 per
875 3409 989 3472 lineam
1011 3406 1065 3467 du·

322 3511 402 3565 ctam
412 3519 427 3564 a
437 3503 505 3566 lacu
526 3503 662 3566 Lochash
676 3520 732 3582 per
748 3504 905 3566 liintailet
918 3502 1065 3566 Glenmo-

322 3597 421 3659 riston
436 3598 472 3660 ad
489 3598 590 3660 lacum
602 3596 677 3660 Ness
695 3606 725 3660 et
737 3597 905 3661 Castellum
921 3594 1063 3674 Augusti,

322 3690 432 3752 deinde
453 3706 509 3770 per
529 3693 692 3769 regionem
712 3690 889 3754 Raclenochs
910 3691 948 3754 ad
968 3690 1067 3767 ripam

322 3783 405 3861 Speii
427 3785 591 3861 Fluminis,
608 3785 660 3848 ubi
682 3790 816 3848 occurrit
837 3784 999 3847 vicariatus
1021 3798 1068 3845 se-

323 3879 564 3955 ptemtrionalis:
584 3879 778 3942 occidentalis
793 3885 897 3942 autem
912 3878 1004 3940 huius
1022 3876 1066 3936 ri-

321 3971 452 4034 coriatus
472 3974 559 4035 sedes
580 3973 639 4034 erit
660 3973 810 4051 Glasqua3
833 3971 994 4034 Districtus
1015 3969 1066 4030 de·

322 4065 1066 4144 niqueseptemtrionaliscomprehendetpartem
1148 4049 1152 4058 ’

322 4163 485 4225 comitatus
501 4163 676 4226 lnvernessi
691 4179 746 4243 per
762 4162 894 4224 limitem
908 4176 999 4239 supra
1014 4160 1064 4222 de·

303 4255 489 4333 scriptum,
522 4256 685 4318 comitatus
712 4255 920 4329 Oberdoniae,
950 4253 1065 4326 Banlli,

323 4345 1065 4424 lior·aviae,Nairoii,Rossi,Cromartii,Luther-

324 4443 453 4517 laudiae,
468 4443 648 4517 Caithnessi,
662 4442 790 4505 Orcades
806 4441 921 4502 insulas
936 4446 966 4501 et
977 4437 1066 4502 Shet·

323 4536 467 4612 Iandum;
489 4538 556 4597 eius
578 4553 653 4597 vero
673 4535 830 4599 districtus
852 4535 958 4596 vicarii
978 4534 1066 4594 sedes

322 4631 383 4691 erit
404 4630 588 4692 libcrdonia.
607 4632 660 4694 His
675 4631 716 4691 ita
731 4629 865 4703 statutis,
881 4625 1066 4690 venerabilis

324 4725 418 4787 irater
428 4725 602 4788 Alexander
619 4729 772 4792 Cameron
789 4725 956 4803 Episcopus
974 4721 1067 4782 llari-

324 4820 593 4898 mianopolitanus,
606 4821 659 4898 qui
675 4821 822 4881 hactenus
837 4817 974 4880 Vicarius
990 4818 1067 4892 apo-

322 4915 449 4990 stolicus
471 4915 504 4976 iu
525 4915 624 4993 planis
650 4915 767 4976 Scotiae
799 4921 882 4986 erat,
910 4910 1068 4972 orientalis

302 5008 480 5071 districtus
509 5008 642 5069 vicarius
667 5007 849 5085 apostolous
878 5004 948 5080 erit,
975 5013 1067 5081 atque

324 5100 509 5164 venerabilis
529 5103 625 5165 irater
641 5100 813 5163 Alexander
835 5101 978 5163 Peterson
995 5095 1067 5173 Epi-

323 5214 431 5277 scopus
454 5199 654 5278 Cybistranus
675 5199 740 5260 eius
767 5199 940 5274 coadiutor,
964 5201 1067 5278 plena,

323 5309 416 5370 quam
430 5308 446 5353 a
461 5293 549 5354 nohis
563 5299 730 5368 acceperat,
743 5291 890 5370 Episcopo
912 5293 1068 5354 Mariruia-

324 5387 503 5464 nopolitano
529 5386 668 5460 vivente,
696 5386 727 5446 in
754 5385 853 5464 planis
882 5387 1000 5449 Scotiae
1022 5387 1067 5446 iu-

323 5480 501 5543 risdictIone
521 5481 554 5541 in
576 5479 719 5541 orientali
747 5480 888 5542 districtu
911 5481 1065 5559 potietur3

323 5573 506 5636 venerabihs
518 5573 613 5635 trater
634 5587 710 5634 vero
731 5573 884 5635 Ranaldus
900 5574 1067 5653 Episcopus

323 5666 574 5746 heryudelensis,
597 5667 649 5743 qui
681 5666 828 5728 hactenus
851 5667 882 5728 in
911 5669 1066 5729 montanis

324 5768 353 5822 et
376 5761 485 5822 insulis
499 5758 617 5822 Scotiae
632 5759 764 5822 vicarius
784 5759 967 5838 apostolicus
988 5770 1064 5837 erat,

322 5854 433 5917 eodem
461 5869 593 5916 munere
623 5853 792 5930 fungetur,
822 5854 853 5913 in
886 5852 1065 5915 occidentali

324 5949 463 6011 eiusdem
479 5947 567 6024 regni
582 5945 732 6009 districtu.
749 5946 807 6008 Pro
820 5947 1067 6025 septemtrionali

429 6094 482 6141 lor.
499 6095 569 6142 Perat.
585 6093 616 6142 de
629 6095 705 6154 Prop.
722 6094 782 6142 Fide
796 6094 876 6141 Partis
891 6097 909 6141 1.
925 6094 978 6139 vol.
995 6094 1033 6140 lv.

1125 701 1258 781 denique
1272 699 1413 763 distrIctu
1428 697 1558 761 dilectus
1574 696 1656 760 iilius
1676 695 1813 758 sacerdos
1828 693 1873 755 la·

1124 795 1218 859 cobus
1229 795 1408 858 Franciseus
1423 793 1500 872 Kyle
1510 792 1615 854 vicarii
1631 788 1788 867 apostolici
1805 804 1872 851 mu·

1126 905 1184 950 nus
1206 895 1303 965 geret,
1320 904 1414 967 quem
1436 903 1491 966 per
1512 885 1583 946 alias
1605 883 1750 946 insimili
1772 881 1871 944 forma

1126 983 1228 1044 brevis
1249 990 1368 1044 nostras
1390 981 1494 1042 literas
1505 978 1690 1057 Episcopum
1711 976 1872 1039 Germani-

1125 1075 1259 1137 cieusem
1282 1074 1445 1151 elegimus,
1462 1079 1492 1134 et
1506 1073 1541 1133 ad
1557 1069 1720 1133 vicariatus
1735 1067 1871 1130 olllcium

1125 1167 1350 1246 deputavimus.
1381 1167 1460 1228 Haec
1483 1172 1568 1241 sunt,
1598 1162 1791 1226 venerabiles
1813 1160 1871 1222 lca·

1127 1267 1199 1339 tres,
1223 1278 1311 1340 puae,
1328 1260 1469 1339 precibus
1490 1259 1585 1322 etiam
1604 1258 1745 1335 votisque
1759 1254 1871 1317 vestris

1124 1363 1311 1430 annuentes,
1324 1355 1359 1416 ad
1375 1353 1519 1416 ecclesiae
1534 1353 1651 1414 bonum
1668 1351 1701 1412 in
1713 1349 1807 1428 patria
1820 1363 1871 1408 ve-

1124 1455 1186 1510 stra
1215 1450 1404 1524 augendum,
1432 1447 1465 1511 in
1493 1447 1627 1508 Domino
1656 1440 1871 1506 constituenda

1124 1557 1190 1603 esse
1212 1541 1425 1604 iudicavimus.

1164 1637 1183 1710 ἓ
1203 1637 1233 1699 5.
1257 1635 1450 1699 confidimus
1471 1642 1586 1709 autem,
1603 1634 1676 1706 ileo,
1689 1631 1744 1710 qui
1757 1631 1808 1692 dat
1822 1631 1871 1692 in-

1124 1739 1320 1796 crementum
1342 1730 1400 1806 hiS,
1424 1747 1502 1810 quae
1517 1748 1531 1790 a
1547 1729 1636 1792 nobis
1657 1733 1769 1790 statuta
1784 1732 1869 1800 sunt,

1125 1828 1363 1901 obsecundante,
1379 1823 1501 1886 lelicem
1516 1821 1710 1900 faustumque
1726 1820 1869 1897 religioni

1124 1935 1237 1981 novam
1260 1922 1337 1981 hanc
1357 1917 1550 1981 ecclesiastici
1565 1915 1725 1992 regiminis
1747 1913 1870 1977 divisio·

1125 2029 1198 2076 nem
1212 2029 1277 2075 esse
1289 2013 1437 2075 loturam.
1453 2013 1586 2073 Tantum
1598 2015 1644 2072 est
1656 2024 1730 2071 vero
1742 2023 1803 2086 quo
1816 2025 1870 2070 vos

1124 2106 1282 2185 praestatis
1303 2105 1478 2168 animarum
1504 2103 1609 2166 salutis
1637 2100 1870 2180 consequendae

1123 2201 1273 2274 studium,
1290 2205 1392 2262 tantus
1407 2214 1468 2277 quo
1488 2196 1637 2258 excellitis
1652 2195 1685 2257 in
1702 2194 1868 2257 Ecclesiam

1124 2293 1303 2356 catholicam
1327 2281 1424 2367 amor,
1446 2299 1493 2370 ut,
1510 2292 1572 2353 Deo
1593 2305 1682 2368 opem
1705 2289 1870 2363 lerente,a

1125 2387 1236 2449 vestris
1258 2386 1423 2460 laboribus,
1447 2383 1573 2460 vigiliis,
1589 2399 1724 2461 curaque
1747 2381 1868 2461 Episco-

1125 2481 1170 2558 pis
1184 2481 1288 2555 digna,
1304 2479 1476 2542 uberrimos
1494 2479 1526 2539 in
1548 2476 1639 2539 vinea
1660 2475 1784 2538 Domini
1806 2475 1871 2538 lru·

1124 2582 1191 2636 ctus
1219 2572 1400 2635 collecturos
1428 2588 1482 2632 vos
1510 2577 1659 2649 perpetuo
1688 2585 1754 2630 esse
1782 2569 1870 2632 duca·

1126 2684 1204 2730 mus.
1235 2667 1356 2729 Interea
1384 2665 1472 2727 vohis
1495 2671 1525 2726 et
1547 2662 1705 2726 catholicis
1725 2662 1870 2725 omnibus

1124 2760 1342 2824 ecclesiasticae
1358 2766 1477 2820 vestrae
1497 2756 1704 2820 iurisdictioni
1724 2754 1869 2817 subiectis

1123 2854 1317 2936 apostolicam
1334 2859 1472 2915 nostram
1495 2849 1742 2912 benedictionem
1757 2848 1871 2925 imper-

1126 2951 1233 3013 timor.

1164 3045 1275 3106 ilatum
1291 3043 1417 3115 Romae,
1439 3039 1518 3120 apud
1535 3037 1566 3100 S.
1584 3029 1724 3111 Petrum,
1739 3035 1797 3097 sub
1818 3051 1871 3096 an-

1125 3138 1201 3200 nulo
1221 3135 1380 3200 Piscatoris
1401 3133 1450 3196 die
1466 3149 1535 3195 nni.
1550 3130 1625 3193 lebr.
1643 3146 1868 3203 snccessurae,

1123 3231 1321 3310 pontificatus
1346 3227 1444 3289 nostri
1468 3241 1551 3288 arrno
1572 3241 1602 3284 v.

1376 3423 1615 3442 ..ψ-ι.-

1442 3605 1551 3672 XXIII.

1239 3798 1367 3860 Erectio
1386 3796 1510 3857 sodium
1529 3791 1757 3872 episcopalium

1197 3889 1449 3970 Michipuoeusis
1469 3893 1500 3949 et
1522 3884 1798 3949 Notdwestiensis.

1380 4060 1454 4127 1.Εο
1477 4056 1536 4125 ΡΡ.
1562 4055 1618 4123 llll.

1262 4178 1721 4250 mmmmmwm

1794 550 1851 618 681
1902 549 1957 604 An.
1972 551 2002 604 0.
2025 551 2093 604 1827

1916 1630 2060 1678 conclusio.

1162 4361 1219 4435 §I
1236 4361 1318 4421 inter
1331 4357 1516 4437 multiplices
1528 4355 1785 4433 gravissimasque
1800 4369 1868 4433 apo·
1901 4356 1975 4403 Ratio
1990 4358 2016 4420 pt
2028 4359 2102 4420 tenor

1122 4455 1250 4515 stolatus
1271 4453 1369 4514 nostri
1400 4467 1487 4514 curas
1517 4466 1579 4510 nou
1608 4448 1752 4524 exiguam
1782 4455 1868 4509 tenet

1123 4555 1241 4626 partem
1258 4563 1303 4621 ea,
1320 4561 1398 4624 quae
1412 4542 1598 4605 dioecesIum
1613 4558 1668 4619 per
1684 4542 1869 4603 universum

1124 4640 1231 4702 orbem
1254 4639 1488 4702 distributurum
1516 4635 1640 4713 respicit
1664 4643 1795 4696 statum:
1818 4650 1870 4695 su·

1124 4748 1247 4810 premae
1268 4731 1420 4808 siquidem
1443 4730 1600 4806 potestatis
1622 4729 1790 4806 iudiciique
1815 4743 1869 4789 no·

1123 4825 1178 4886 stri
1200 4834 1245 4885 est
1268 4839 1363 4886 novos
1391 4839 1499 4886 earum
1529 4823 1642 4885 limites
1667 4821 1867 4896 constituere,

1124 4918 1175 4980 vel
1202 4917 1385 4980 constitutos
1412 4917 1597 4991 immolare,
1629 4925 1740 4994 prout,
1768 4915 1869 4977 habita

1126 5021 1302 5089 temporum
1316 5027 1349 5072 ac
1363 5011 1667 5073 circumstantiarum
1686 5010 1816 5083 rationo,
1837 5009 1870 5068 sr-

1888 4421 2065 4457 concesstonts.

1124 5105 1240 5166 delium
1277 5105 1402 5166 utilitati
1436 5105 1611 5166 conducere
1646 5105 1866 5179 dignoscimus.
1943 5170 1946 5176 ,

1123 5198 1224 5272 Quum
1255 5214 1293 5258 eu
1320 5197 1450 5274 acceptis
1480 5197 1707 5260 venerabilium
1736 5197 1868 5258 fratrum

1124 5291 1276 5352 Ambrosii
1299 5291 1448 5353 hiatrechui
1473 5291 1701 5369 hrchiepiscopi
1723 5290 1869 5352 Ballinie-

1124 5386 1221 5447 rensis
1243 5395 1273 5448 et
1297 5385 1428 5448 Eduardi
1451 5387 1612 5449 Jenwinck
1635 5384 1775 5462 Episcopi
1798 5388 1869 5450 Cin·

1123 5479 1311 5540 cinnatensis
1343 5479 1539 5557 aliorumque
1568 5479 1757 5554 gravissimis
1786 5480 1870 5540 testi·
1945 5547 1949 5558 ι

1125 5572 1235 5631 moniis
1256 5571 1444 5646 constiterit,
1474 5573 1771 5648 opportunissimum
1804 5589 1869 5634 esse

1123 5664 1158 5725 ad
1190 5662 1377 5738 religionem
1401 5665 1433 5724 in
1465 5665 1632 5742 provinciis
1663 5664 1815 5738 blichigan
1838 5673 1869 5726 et

1123 5754 1866 5835 Nordwestaruplihcandarnconfirmandamque,

1122 5869 1160 5914 ex
1182 5853 1289 5913 iisdem
1312 5850 1490 5929 provinciis,
1513 5851 1625 5928 quibus
1647 5850 1794 5913 hactenus
1815 5867 1868 5912 ve·

1122 5947 1268 6010 nerabilis
1298 5947 1392 6010 lrater
1421 5945 1588 6025 Episcopus
1619 5945 1868 6008 cincinnatensis

1737 6094 1764 6136 86
