4808 6988
349 489 448 558 Άιιζῦ.
469 491 538 557 mat
587 491 648 569 622
743 444 746 451 Ι

568 647 599 706 et
627 642 820 708 obsecramus
848 647 883 709 in
911 637 1054 712 Domino
1072 649 1209 727 primum
1240 647 1311 710 satis

568 745 757 817 perspectam
776 747 933 819 pastorum
948 743 1188 818 solicitudinem,
1205 749 1239 806 ut
1254 742 1310 820 ipsi

567 833 653 894 omni
679 833 783 897 studio
813 836 886 898 dent
912 853 1037 916 operam
1064 836 1233 900 evellendis
1262 836 1311 898 ab·

567 924 673 987 usibus
694 933 725 988 et
752 927 950 991 stabiliendae
978 930 1197 993 ecclesiasticae
1225 929 1310 992 disci·

566 1017 679 1096 plicae,
697 1027 871 1099 opportune
891 1023 1072 1102 importune
1088 1023 1249 1098 instantes,
1265 1038 1311 1084 ar·

567 1114 701 1189 guendo,
712 1113 910 1192 obsecrando,
923 1116 1110 1196 increpando
1123 1116 1250 1178 inomni
1263 1131 1311 1193 pa·

567 1206 674 1269 tientii
696 1215 726 1269 et
747 1207 896 1285 doctrina
913 1209 1025 1272 deinde
1040 1197 1204 1273 monemus
1218 1209 1312 1272 etiam

567 1306 598 1360 et
617 1300 818 1364 adhortamur
832 1318 887 1381 per
901 1304 1017 1366 viscera
1033 1303 1198 1367 Salvatoris
1214 1300 1312 1364 nostri

567 1393 636 1456 lesu
657 1395 773 1458 Christi
794 1397 993 1461 ecclesiarum
1019 1399 1155 1461 aedituos
1181 1406 1312 1460 ceteros·

568 1501 629 1563 que
650 1485 766 1563 fideles,
788 1495 823 1549 ut
844 1489 972 1552 traditos
992 1488 1050 1550 sibi
1072 1505 1088 1548 a
1110 1488 1141 1552 S.
1162 1488 1240 1553 Sede
1261 1503 1312 1566 pa-

568 1585 667 1642 stores
688 1597 725 1643 eo
753 1597 814 1661 quo
836 1582 922 1646 decet
950 1582 1112 1663 obsequio,
1140 1584 1260 1645 honore
1280 1588 1312 1644 et

568 1674 744 1738 obedientia
759 1686 996 1755 prosequantur,
1010 1678 1079 1740 illos
1095 1688 1250 1759 tamquam
1262 1697 1312 1757 pa-

569 1776 631 1830 tres
662 1776 753 1847 atque
783 1769 959 1834 animarum
986 1789 1127 1835 suarum·
1145 1774 1311 1836 directores

568 1877 745 1940 agnoscere,
768 1862 895 1927 illorum
917 1865 1042 1928 monitis
1058 1865 1145 1928 lacile
1166 1867 1311 1946 praebere

568 1973 669 2032 aures,
691 1957 728 2018 iis
750 1959 918 2022 necessaria
939 1960 1021 2022 vitae
1043 1961 1177 2023 subsidia
1202 1977 1312 2040 suppe-

568 2051 676 2127 ditare,
700 2067 764 2113 non
790 2051 864 2112 alios
888 2054 1053 2115 sanctuarii
1080 2054 1239 2116 ministros
1260 2072 1311 2117 en-

567 2142 753 2220 ciperente
767 2145 821 2223 qui
836 2146 874 2208 ab
887 2146 995 2208 iisdem
1007 2146 1123 2225 probati
1139 2148 1211 2224 sint,
1224 2148 1313 2228 quid-

567 2237 641 2314 quid
663 2238 797 2317 deniqne
818 2237 863 2300 illi
877 2239 912 2300 ad
929 2248 1049 2302 rectum
1063 2240 1204 2304 ordinem
1220 2258 1253 2304 ac
1268 2241 1311 2305 di-

566 2329 726 2409 sciplinam
747 2332 990 2408 instaurandam,
1007 2333 1154 2413 quidquid
1170 2337 1207 2398 ad
1222 2336 1313 2398 resti·

568 2424 715 2487 tuendam
726 2441 833 2506 pacem
843 2426 986 2489 conterre
997 2444 1083 2506 posse
1093 2426 1308 2504 indicaverint,

566 2535 664 2598 aequo
685 2529 891 2599 promptoque
915 2521 1018 2584 animo
1033 2519 1177 2600 amplecti
1198 2523 1308 2594 velint,

566 2621 602 2676 ut
613 2629 675 2676 non
687 2613 750 2676 sint
760 2613 1080 2677 schismataetomnes
1090 2614 1309 2696 idemsapiant,

567 2705 708 2771 eamdem
722 2707 880 2772 caritatem
903 2709 1063 2788 habentes,
1080 2709 1242 2771 unanimes
1257 2693 1313 2773 idil

541 2802 545 2810 '
566 2817 656 2880 psum
665 2800 847 2878 sentientes,
856 2801 935 2864 nihil
947 2803 1245 2880 percontentionem
1258 2818 1311 2866 ne-

566 2909 629 2972 que
641 2908 696 2972 per
713 2893 838 2957 inanem
859 2894 1000 2970 gloriam,
1015 2895 1114 2956 sedin
1134 2894 1312 2956 humilitate

566 2988 740 3066 superiores
768 2987 824 3049 sibi
854 2987 990 3050 invicem
1017 2988 1201 3052 arbitrantes
1228 2987 1311 3069 (Plri-

567 3080 639 3160 lipp.
662 3081 692 3156 2,
714 3080 757 3163 2).
785 3081 823 3142 Et
845 3081 991 3159 quoniam
1012 3081 1070 3143 sub
1091 3080 1311 3144 florentissimo

567 3173 625 3236 isto
636 3174 796 3253 faustoque
808 3173 960 3253 regimine
970 3175 1126 3238 catholicis
1137 3176 1309 3249 detumest,

566 3277 687 3332 sanctae
701 3285 773 3332 suae
786 3269 948 3346 religionis
969 3267 1090 3331 cultum
1107 3268 1204 3331 libere
1224 3282 1312 3346 posse

565 3491 642 3538 ratiti
662 3495 733 3547 sunt,
748 3492 776 3536 in
796 3491 934 3538 ecclesiam
949 3495 997 3538 ant
1010 3491 1039 3538 in
1060 3491 1255 3548 presbyterales
1268 3491 1310 3537 do-

566 3569 622 3604 mos
636 3559 811 3604 introducere.

604 3638 639 3671 rv.
656 3629 688 3671 ut
701 3627 821 3682 pastores
836 3625 863 3670 in
877 3625 946 3672 sacri
961 3627 1003 3672 sui
1018 3626 1163 3672 ministerii
1182 3625 1309 3672 exercitio

564 3694 597 3740 ab
610 3693 780 3740 aedituorum
798 3695 959 3742 auctoritate
980 3695 1183 3752 independenter
1202 3695 1309 3740 omnino

564 3761 626 3807 sint.

603 3841 628 3875 v.
644 3831 754 3875 Demnm
770 3833 800 3875 ut
815 3829 916 3876 aeditui
930 3830 957 3876 in
967 3831 1098 3887 omnibus,
1109 3842 1176 3888 qnae
1186 3841 1308 3876 sacrare·

564 3896 689 3954 spiciunt,
702 3907 762 3941 cum
777 3897 903 3954 Episcopo
917 3898 1056 3944 convenire
1071 3897 1178 3944 omnino
1188 3898 1308 3951 debeant,

564 3963 780 4021 concorditerque
793 3974 853 4010 cum
869 3964 916 4009 illo
930 3976 957 4009 se
971 3975 1070 4021 gerere.
1087 3968 1140 4010 liae
1156 3964 1271 4020 quidem,
1282 3969 1309 4009 et

565 4030 588 4074 si
602 4041 669 4086 quae
690 4034 753 4076 sunt
772 4030 841 4076 aliae
862 4031 895 4077 ad
910 4031 1040 4077 Ecclesiae
1061 4032 1158 4077 bonum
1177 4035 1204 4076 et
1218 4041 1307 4088 pacem

565 4097 711 4153 tendentes,
731 4097 840 4154 regulae
854 4098 1037 4155 proponendae
1051 4099 1161 4144 suntab
1176 4097 1309 4155 Episcopls

564 4164 756 4210 catholicorum
775 4165 1036 4222 congregationibus,
1058 4177 1125 4222 quae
1145 4165 1188 4210 ius
1211 4165 1308 4210 habent

565 4231 716 4288 imponendi
728 4233 799 4289 leges
819 4233 934 4278 aedituis
947 4233 981 4278 ad
995 4233 1169 4278 cohibendam
1188 4231 1308 4277 immodi-

563 4299 622 4346 cam
636 4299 833 4355 anctoritatem,
848 4310 916 4357 quae
931 4299 1009 4344 nimis
1019 4300 1125 4345 incaute
1135 4300 1168 4346 ab
1178 4300 1255 4346 initio
1265 4300 1309 4344 iis-

564 4366 623 4411 dem
637 4367 735 4411 collata
747 4367 808 4420 tuit,
819 4377 939 4422 quaeque
947 4367 1066 4412 ornuium
1077 4367 1208 4412 malorum
1219 4377 1307 4412 semen

565 4436 591 4479 et
605 4443 685 4478 causa
697 4436 747 4478 est.

604 4501 716 4546 vestiens
730 4512 799 4546 nunc
812 4502 845 4546 ad
859 4501 990 4556 ecclesias,
999 4513 1065 4559 quas
1080 4502 1253 4560 imposterum
1268 4512 1308 4546 ae·

564 4569 668 4614 dittcari
682 4567 830 4624 contigerit,
845 4568 942 4614 merito
957 4572 1036 4615 Sacra
1048 4569 1222 4626 congregatio
1231 4570 1308 4615 couti-

565 4636 613 4691 dit,
628 4639 658 4680 ut
673 4635 762 4680 fideles
777 4637 896 4692 exemplo
909 4636 984 4681 ducti
998 4638 1137 4691 malorum,
1151 4648 1219 4693 quoe
1229 4637 1262 4682 ab
1272 4636 1308 4681 in·

564 4702 674 4748 definita
693 4702 862 4748 aedituorum
883 4706 1013 4759 potestate
1034 4703 1195 4758 acciderunt,
1212 4704 1307 4748 malint

566 4771 653 4830 potius
667 4770 694 4814 in
708 4770 783 4814 novis
797 4770 949 4814 extruendis
964 4769 1080 4815 ecclesiis
1095 4781 1148 4826 eas,
1162 4783 1192 4816 ac
1202 4771 1269 4816 bona
1279 4771 1309 4816 il·

564 4839 598 4885 lis
612 4839 714 4884 adnexa
723 4836 854 4894 Episcopis
868 4847 1012 4893 eorumque
1026 4839 1221 4884 successoribus
1230 4838 1308 4896 plane

564 4909 738 4955 committere.
761 4905 868 4956 Quoties
882 4906 920 4950 ita
935 4917 962 4950 se
981 4909 1083 4962 gerant,
1098 4918 1192 4953 curare
1213 4909 1307 4954 debent

564 4975 703 5022 antistites
718 4976 748 5019 ut
762 4973 790 5018 in
803 4973 861 5030 ipso
874 4972 947 5018 civili
960 4976 1098 5020 contractu
1115 4975 1204 5020 fideles
1217 4979 1307 5031 aperte

564 5044 707 5098 declarent,
721 5052 778 5086 sese
793 5051 823 5086 ea
837 5051 913 5085 sacra
931 5039 999 5085 bona
1018 5041 1178 5087 fiducialiter
1193 5046 1307 5098 tantum,

564 5120 594 5155 ac
607 5119 655 5166 pro
664 5117 714 5152 usu
724 5111 861 5152 extructae
871 5106 996 5151 ecclesiae
1005 5107 1172 5152 committere
1183 5107 1307 5166 Episcopo

565 5176 613 5221 loci
628 5173 797 5228 nominand03
815 5185 883 5230 quae
903 5173 1008 5229 quidem
1023 5172 1143 5218 clausula
1158 5178 1237 5229 atque
1251 5185 1308 5220 eon·

564 5243 639 5298 ditio,
653 5247 683 5288 ut
704 5243 819 5287 relatum
841 5240 916 5285 nobis
936 5244 985 5296 est,
1007 5240 1123 5296 inclytae
1138 5242 1308 5287 Americanae

564 5308 715 5365 provinciae
727 5308 832 5364 legibus
847 5307 956 5351 minime
976 5307 1159 5353 adversantur.
1174 5308 1211 5350 Ad
1226 5307 1309 5352 vitan·

565 5376 628 5420 dum
646 5378 736 5421 autem
755 5386 831 5420 omne
846 5375 993 5431 periculum
1011 5373 1190 5430 fraudemque,
1205 5385 1270 5430 opus
1285 5387 1307 5418 e-

566 5443 611 5499 rit,
620 5447 651 5488 ut
665 5444 804 5501 Episcopus
815 5442 968 5488 testamenti
979 5443 1021 5488 sui
1031 5443 1083 5487 dno
1093 5441 1214 5487 conficiat
1225 5453 1308 5487 exem·

563 5505 617 5568 pla,
631 5521 744 5567 quorum
758 5512 873 5556 altarum
888 5521 966 5566 penes
981 5510 1067 5566 ipsum
1083 5512 1232 5568 praesulem
1248 5510 1308 5555 reti-

563 5577 680 5622 nendum
701 5577 761 5632 erit,
775 5579 890 5624 alterum
912 5577 969 5623 viro
984 5577 1113 5634 religione
1132 5583 1211 5634 atque
1230 5579 1308 5624 bone-

565 5646 635 5690 state
649 5655 698 5689 sua
712 5643 904 5700 spectatissimo
914 5644 1081 5698 tradendum,
1092 5647 1130 5699 ut,
1140 5645 1163 5689 si
1175 5645 1242 5689 torte
1252 5657 1309 5690 con-

566 5711 668 5767 tigerit,
682 5712 830 5768 exemplum
851 5712 885 5756 ab
906 5712 1031 5768 Episcopo
1053 5714 1187 5756 retentum
1202 5711 1309 5768 dependi

565 5779 606 5823 vel
621 5777 757 5832 occultari,
767 5781 899 5833 nequeant
913 5779 986 5823 illius
997 5779 1123 5823 haeredes
1133 5779 1257 5823 ecclesiae
1267 5779 1308 5824 bo·

565 5855 600 5888 na
614 5841 665 5888 sibi
678 5842 817 5898 vindicare,
831 5854 892 5888 cum
907 5855 937 5888 ex
951 5843 1038 5889 altero
1058 5845 1177 5901 exemplo
1198 5847 1308 5899 constet,

566 5909 722 5970 Episcopum
743 5911 895 5956 eorumdem
917 5911 1046 5957 bonorum
1067 5910 1233 5957 fiduciariam
1254 5914 1309 5956 tan-

1091 524 1156 574 tun.
1180 525 1271 574 PONT-
1295 525 1335 574 DE
1357 527 1385 572 P.
1408 527 1438 572 F·
1463 525 1545 574 PARS
1566 525 1587 573 l.

1365 661 1521 724 exercere,
1535 645 1635 714 luceat
1648 655 1751 711 vestra
1765 648 1839 711 tides
1853 663 1887 710 ac
1900 647 1996 727 pietas
2011 661 2113 710 coram

1365 741 1520 818 omnibus,
1549 741 1590 805 ita
1614 749 1648 804 ut
1677 757 1740 804 non
1762 741 1853 805 modo
1881 740 2035 816 fidelibus,
2061 739 2112 802 sed

1364 835 1458 897 etiam
1486 835 1534 910 iis,
1557 835 1611 914 qui
1639 835 1712 897 ioris
1740 843 1826 911 sunt,
1856 834 2059 898 aedificationi
2082 840 2112 894 et

1365 927 1509 1005 exemplo
1530 943 1598 990 esse
1618 927 1751 1004 possitis,
1768 929 1830 990 ileo
1852 943 1885 990 ac
1906 927 2019 1006 patriae
2040 925 2113 988 ilde·

1365 1019 1437 1082 liter
1458 1021 1638 1083 servientes.
1661 1021 1746 1097 Quod
1770 1023 1844 1084 dnm
1859 1020 1984 1084 divinae
1997 1019 2111 1098 gratiae

1365 1112 1479 1176 auxilio
1499 1112 1606 1175 sedulo
1627 1112 1824 1193 libenterque
1843 1130 1897 1175 vos
1912 1113 2111 1192 praestituros

1365 1221 1431 1268 esse
1443 1206 1641 1282 confidimus,
1656 1206 1852 1285 apostolicam
1866 1207 1955 1270 vobis
1969 1204 2111 1268 omnibus

1366 1299 1614 1364 benedictionem
1636 1306 1833 1378 peramanter
1852 1300 1886 1361 in
1901 1299 2033 1362 Domino
2054 1298 2111 1360 im·

1365 1391 1529 1469 partimur.

1405 1487 1516 1553 Datum
1538 1486 1665 1563 Romae,
1694 1487 1774 1568 apud
1803 1488 1834 1551 S.
1866 1489 1992 1552 llariam
2021 1487 2111 1550 llaio-

1365 1595 1433 1642 rem
1460 1581 1519 1642 sub
1546 1580 1662 1642 annulo
1687 1582 1844 1660 piscatoris
1871 1583 1921 1645 die
1945 1597 2032 1644 xxiv.
2059 1597 2110 1642 au-

1365 1673 1448 1749 gusti
1478 1689 1685 1748 uncccxnn,
1714 1676 1910 1754 pontiilcatus
1936 1675 2031 1738 nostri
2058 1691 2110 1736 an·

1366 1781 1406 1826 no
1428 1781 1522 1832 xxrn.

1685 2427 1786 2492 CVlll.

1365 2705 1526 2786 Proropot
1546 2709 1738 2786 fucultatem
1765 2710 1972 2789 dispensandi
1993 2709 2033 2776 ab
2055 2715 2111 2776 im·

1404 2800 1595 2879 pedimentis
1622 2803 1931 2876 matrimonialibus,
1958 2813 1989 2868 et
2019 2806 2112 2885 dapu-

1405 2894 1498 2957 tucdc'
1528 2895 1652 2957 idoneos
1680 2896 1858 2959 sacerdotes
1884 2899 1925 2962 ad
1953 2897 2013 2963 illc
2042 2917 2111 2962 coo-

1406 2986 1576 3060 trabeodo,
1595 2990 1717 3069 tactum
1733 2991 1948 3056 Antistitt'bus
1971 2993 2112 3057 locorum

1406 3079 1580 3152 brasiliae,
1606 3081 1643 3144 S..
1659 3081 1790 3146 Tbomue
1813 3083 1847 3146 ic
1870 3087 1993 3160 laculo,
2013 3086 2045 3149 S.
2062 3089 2111 3151 lu-

1405 3171 1473 3236 cebi
1507 3174 1632 3252 Capitis
1668 3174 1784 3238 Viridis
1813 3183 1844 3240 at
1876 3178 2048 3260 nopotem·
2076 3183 2112 3243 ic

1406 3267 1532 3347 Africo.

1364 3493 1420 3536 tum
1437 3492 1512 3537 modo
1527 3503 1715 3548 possessorem,
1730 3504 1886 3552 merumque
1908 3496 2016 3544 illorum
2032 3499 2112 3546 adun·

1364 3559 1537 3606 nistratorem
1552 3559 1680 3607 extitisse.

1404 3627 1475 3677 Quod
1490 3627 1513 3672 si
1528 3628 1624 3674 malint
1639 3628 1729 3674 fideles
1744 3641 1820 3678 sacra
1841 3631 1971 3686 eiusmodi
1986 3634 2053 3681 bona
2067 3636 2112 3682 lai·

1363 3693 1400 3738 cis
1414 3693 1626 3740 administranda
1646 3697 1822 3754 committere,
1839 3703 1901 3746 tnnc
1915 3703 2021 3758 praesul
2040 3705 2111 3749 omni

1363 3760 1451 3805 studio
1465 3772 1558 3806 cavere
1572 3762 1658 3818 debet,
1673 3769 1702 3808 ut
1717 3765 1859 3811 commissa
1873 3766 1950 3814 laicis
1964 3770 2111 3816 auctoritas

1362 3827 1475 3872 incivili
1489 3831 1628 3874 contractu
1642 3830 1681 3876 ita
1695 3829 1837 3888 limitetur,
1853 3838 1883 3879 ut
1897 3846 1981 3892 neque
1996 3836 2054 3894 ipsi,
2070 3850 2112 3883 ne·

1367 3907 1417 3952 que
1432 3894 1541 3941 illorum
1564 3907 1727 3944 successores
1742 3911 1773 3944 ea
1787 3899 1889 3957 possint
1901 3902 1977 3948 abuti
1991 3907 2019 3949 in
2033 3906 2112 3951 detri-

1363 3963 1483 4006 mentum
1497 3962 1637 4008 Ecclesiae.
1653 3965 1826 4021 apponendae
1843 3966 2018 4015 limitationes
2032 3975 2111 4017 erunt

1362 4039 1408 4073 eae
1417 4027 1498 4084 ipsae,
1509 4041 1625 4086 quarum
1639 4043 1720 4089 supra
1731 4033 1911 4091 meminimus,
1922 4041 2002 4093 atque
2013 4041 2043 4083 ut
2054 4049 2111 4084 con·

1364 4097 1466 4141 tractus
1492 4096 1615 4153 legesque
1637 4099 1778 4156 impositae
1798 4101 1874 4146 laicis
1897 4103 1994 4148 maiori
2014 4105 2039 4150 vi
2059 4107 2111 4162 pol·

1362 4159 1444 4216 leant,
1454 4163 1607 4209 curandum
1622 4165 1684 4218 erit,
1699 4171 1730 4211 ut
1745 4167 1933 4214 documentum
1947 4180 1964 4214 a
1974 4172 2111 4219 catholico

1361 4239 1421 4274 rum
1437 4229 1647 4287 congregatione
1662 4233 1855 4280 subscribatur.
1871 4237 1961 4282 Posset
1971 4239 2053 4284 etiam
2064 4241 2111 4286 sor·

1362 4298 1433 4342 tasse
1453 4297 1580 4353 accidere,
1596 4301 1626 4344 ut
1641 4299 1732 4345 fideles
1746 4300 1827 4346 variis
1845 4301 1988 4359 aliquando
2009 4307 2110 4354 seducti

1361 4362 1519 4418 rationibus,
1535 4364 1792 4422 incircumscriptam
1807 4367 1863 4412 suis
1877 4369 1994 4417 aedituis
2004 4373 2110 4420 faculta-

1270 4455 1271 4460 =
1363 4431 1416 4474 tem
1431 4430 1549 4475 conferre
1565 4431 1682 4478 mallent.
1698 4435 1769 4477 'lunc
1790 4433 1934 4491 Episcopus
1948 4448 2053 4484 omnem
2068 4441 2111 4486 da-

1361 4493 1400 4540 bit
1414 4507 1531 4553 operam,
1546 4501 1576 4543 ut
1599 4498 1687 4544 fideles
1710 4500 1756 4545 isti
1778 4501 1811 4546 ab
1832 4501 1936 4547 exitiali
1957 4504 2110 4552 huiusmodi

1361 4563 1471 4608 consilio
1491 4571 1641 4611 avocentur.
1664 4567 1735 4616 Quod
1751 4567 1773 4611 si
1787 4568 1831 4612 illi
1844 4568 1872 4614 in
1894 4581 1942 4616 sua
1962 4573 2109 4627 pervicacia

1361 4632 1566 4687 permanserint,
1575 4632 1666 4678 licebit
1675 4635 1793 4689 praesuli
1803 4647 1885 4682 novae
1900 4637 2024 4685 ecclesiae
2034 4641 2108 4686 bene

1362 4697 1503 4743 dictionem
1517 4699 1655 4755 denegare,
1671 4701 1827 4758 nullumque
1837 4702 1871 4748 iis
1883 4708 2019 4762 tamquam
2030 4707 2109 4753 eccle·

1362 4763 1531 4810 siasticarum
1546 4766 1634 4822 legum
1649 4769 1875 4824 contemptoribus
1890 4775 2026 4827 pastorem
2037 4785 2111 4830 prae·

1363 4831 1447 4876 licere.
1464 4835 1516 4877 liae
1537 4835 1647 4890 regulae
1668 4839 1738 4890 sunt,
1753 4847 1819 4891 quas
1840 4839 1921 4882 Sacra
1935 4841 2110 4896 congregatio

1362 4900 1504 4944 servandas
1524 4911 1582 4946 esse
1603 4901 1705 4957 putavit
1725 4903 1758 4948 ad
1778 4904 1964 4960 propulsanda,
1979 4911 2108 4962 quantum

1363 4965 1420 5010 iteri
1436 4969 1530 5022 potest,
1545 4967 1687 5014 innumera
1697 4969 1827 5015 Ecclesiae
1841 4971 1946 5028 mmna,
1961 4984 2029 5029 quae
2042 4976 2111 5020 aedi·

1362 5035 1470 5078 tuorum
1484 5045 1566 5080 causa
1579 5034 1744 5084 exoriuntur.
1756 5047 1876 5094 quaeque
1886 5037 1963 5084 facile
1974 5052 2109 5098 nunquam

1360 5101 1510 5155 cessabunt,
1525 5101 1577 5146 nisi
1592 5101 1714 5148 effraenis
1728 5103 1780 5148 ista
1794 5103 1903 5149 illorum
1914 5107 2062 5154 auctoritas
2071 5121 2110 5154 co·

1362 5168 1495 5212 tribeatur.
1510 5171 1594 5213 Tuum
1616 5169 1676 5224 erit,
1697 5170 1861 5226 amplissime
1882 5173 2000 5229 Domine,
2015 5175 2108 5222 iisdem

1362 5235 1463 5292 regulis
1478 5239 1505 5280 et
1526 5236 1748 5282 instructionibus
1768 5248 1815 5294 pro
1837 5242 1883 5284 tua
1905 5240 2036 5296 sapientia
2050 5254 2111 5299 pru·

1361 5303 1512 5359 dentisque,
1528 5304 1568 5348 uti
1582 5304 1656 5348 iuxta
1673 5308 1823 5360 temporum
1833 5309 2067 5365 opportunitatem,
2078 5310 2109 5354 si-

1362 5371 1470 5426 mulque
1484 5380 1587 5423 curare,
1600 5373 1630 5415 ut
1645 5371 1740 5416 barum
1751 5369 1905 5416 litterarum
1916 5375 2065 5431 exemplum
2076 5377 2109 5422 ad

1361 5443 1468 5482 cunctos
1482 5436 1678 5482 foederatarum
1693 5439 1890 5494 provinciarum
1904 5441 2044 5499 Episcopus
2055 5455 2110 5500 per·

1362 5505 1472 5560 teratur,
1487 5507 1517 5550 ut
1531 5504 1560 5550 in
1573 5505 1731 5560 gravissimo
1745 5505 1898 5551 huiusmodi
1912 5510 2020 5564 negocio
2029 5511 2065 5555 sit
2076 5511 2109 5557 iis

1362 5583 1410 5628 pro
1425 5583 1526 5618 norma.
1541 5577 1576 5617 Ac
1589 5572 1644 5618 tore
1658 5571 1800 5625 confidens,
1815 5576 1845 5618 ut
1860 5577 1927 5620 Deus
1942 5575 2014 5631 pacis
2023 5588 2054 5622 ac
2064 5577 2110 5622 mi-

1363 5640 1519 5685 sericordiae
1534 5639 1645 5696 benigne
1661 5639 1732 5694 velit,
1743 5639 1832 5685 divina
1847 5652 1896 5686 sua
1915 5644 2037 5690 accedere
2052 5655 2109 5700 gra-

1362 5707 1409 5761 tia,
1424 5707 1465 5752 his
1480 5707 1654 5764 providentiis
1675 5707 1816 5754 efficaciam
1838 5709 1956 5755 tribuere
1976 5716 2057 5770 atque
2071 5714 2107 5757 in·

1362 5777 1536 5830 crementum,
1545 5777 1666 5820 eumdem
1674 5777 1752 5821 enixe
1762 5787 1855 5833 precor
1865 5781 1895 5823 ut
1905 5779 2107 5836 amplitudinem

1363 5846 1437 5888 tuam
1452 5843 1602 5889 diutissime
1617 5847 1703 5888 servet
1717 5855 1747 5889 ac
1762 5845 1880 5900 sospitet.

2142 509 2191 566 An.
2204 515 2230 569 0.
2247 519 2296 576 18²2
