4734 7004
321 581 375 637 An.
390 582 420 636 G.
441 581 511 636 1758
559 575 599 641 20

540 729 701 776 causarum
725 714 829 792 palatii
853 715 1010 794 apostolici
1032 716 1187 778 auditores
1208 715 1288 779 iudi·

539 807 601 868 cari
618 814 648 869 et
662 805 785 869 definiri
801 807 925 882 debere,
943 823 976 870 ac
995 808 1122 870 irritum
1141 816 1174 870 et
1194 809 1287 871 inane

540 900 563 960 si
586 917 674 964 secus
701 918 795 980 super
816 901 901 964 bisa
922 917 1079 980 quoquam
1103 902 1211 980 quavis
1234 917 1285 964 au·

540 994 694 1070 ctoritate,
706 995 840 1058 scienter
856 995 905 1058 vel
921 995 1101 1072 ignoranter
1119 995 1286 1072 contigerit

539 1087 695 1150 attentari.

329 1199 467 1248 contrariis
481 1201 522 1249 aa
579 1183 598 1259 ὃ
619 1183 649 1245 6.
673 1182 741 1246 Neu
757 1183 948 1247 obstantibus
966 1183 1240 1246 constitutionibus
1254 1188 1286 1244 et

309 1259 390 1312 '⁰⁸⁸2
540 1274 784 1338 ordinationibus
806 1273 987 1352 apostolicis,
1002 1290 1036 1338 ac
1057 1274 1234 1353 provinciae
1255 1283 1285 1338 et

539 1368 657 1430 ordinis
670 1368 897 1446 praedictorum
908 1369 1000 1431 etiam
1013 1368 1200 1444 iuramento,
1212 1385 1284 1431 con-

540 1460 717 1523 firmatione
740 1459 914 1539 apostolica,
937 1459 987 1521 vel
1008 1460 1116 1538 quavis
1138 1460 1284 1522 lirniitate

539 1553 595 1616 alia
626 1553 775 1614 roboratis
799 1551 922 1614 statutis
943 1561 974 1614 et
994 1551 1282 1628 consuetudinibus,

538 1647 709 1726 privilegiis
731 1662 866 1725 queque,
889 1645 1016 1708 indultis
1038 1654 1068 1708 et
1094 1647 1192 1708 literis
1214 1662 1285 1725 ape-

537 1741 653 1804 stelicis
674 1741 707 1801 in
731 1741 923 1804 eontrarium
948 1741 1188 1819 praemissorum
1208 1756 1283 1818 que

538 1836 706 1899 medelibet
727 1835 888 1912 concessis,
904 1835 1094 1898 confirmatis
1108 1843 1139 1896 et
1154 1835 1283 1898 innova·

539 1933 589 1994 tis.
605 1930 721 2006 Quibus
736 1929 881 1992 omnibus
900 1936 930 1992 et
943 1929 1076 2006 singulis
1092 1928 1218 1991 illerum
1239 1938 1282 1992 te-

538 2040 630 2088 neres
639 2023 853 2104 praesentibus
868 2039 923 2102 pre
935 2022 1027 2102 plene
1042 2029 1072 2084 et
1091 2022 1282 2086 sufficienter

538 2117 701 2199 expressis,
720 2135 753 2180 ac
773 2119 811 2180 de
831 2117 926 2180 verbe
946 2115 984 2178 ad
1005 2115 1137 2178 verbum
1158 2115 1282 2178 insertis

536 2213 696 2285 babentes,
710 2211 770 2274 illis
781 2212 853 2275 alias
865 2213 897 2272 iu
911 2226 967 2273 suo
982 2210 1093 2273 robore
1104 2225 1283 2289 permansu-

537 2307 594 2382 ris,
617 2307 653 2369 ad
674 2305 915 2386 praemissorum
941 2303 1109 2368 ellectuum
1137 2305 1193 2367 bac
1214 2305 1281 2369 vice

537 2398 1280 2478 dumtaxatspecialitereteupressederogamus,

536 2495 727 2573 caeterisque
747 2494 910 2557 contrariis
930 2494 1189 2573 quibuscumque.

338 2600 518 2657 rransumpte
576 2593 595 2667 5
618 2589 645 2650 7.
670 2588 822 2651 Volumus
844 2596 948 2652 aetem
970 2573 1182 2666 praesentium
1199 2589 1282 2652 litte-

304 2665 362 2701 ’ω
380 2654 449 2701 '¹⁶⁶⁸'
537 2701 643 2747 rarum
672 2682 874 2761 transumptis
900 2699 955 2745 seu
987 2681 1154 2762 exemplis,
1185 2683 1281 2745 etiam

536 2777 710 2858 impressis,
739 2793 835 2839 manu
865 2775 993 2838 alicuius
1022 2776 1132 2839 notarii
1167 2775 1280 2855 publici

505 2913 509 2922 ·
535 2872 714 2952 subscriptis
736 2879 767 2932 et
788 2869 891 2947 sigillo
916 2885 1064 2948 personae
1086 2871 1118 2934 in
1141 2870 1281 2933 ecclesia·

534 2967 609 3029 stica
630 2966 781 3044 dignitate
805 2965 993 3028 constitutae
1014 2965 1157 3041 munitis,
1173 2966 1280 3028 cariem

536 3077 660 3140 prorsus
689 3061 764 3122 tides
785 3057 975 3133 adhibeatur,
998 3073 1077 3138 quae
1102 3057 1174 3137 ipsis
1195 3074 1280 3137 prae-

533 3156 675 3220 sentibus
688 3153 887 3216 adhiberetur
900 3153 924 3214 si
941 3151 1043 3215 terent
1063 3153 1217 3215 exhibitae
1230 3151 1280 3214 vel

534 3257 685 3313 ostensae.

574 3344 686 3405 Datum
698 3341 824 3417 Romae,
837 3340 917 3420 apud
934 3341 965 3405 S.
978 3339 1103 3403 Mariam
1119 3341 1278 3416 Maiorem,

534 3438 592 3500 sub
612 3435 728 3500 annulo
751 3434 927 3510 Piscatoris,
957 3433 1006 3497 die
1032 3449 1084 3496 xv.
1107 3433 1280 3497 decembris

535 3547 711 3595 uoccuvrn.
736 3529 932 3608 pontificatus
959 3527 1057 3590 uestri
1078 3544 1160 3591 aune
1181 3544 1203 3591 1.

885 3909 921 3974 v.

533 4101 732 4170 Praescribit
747 4104 875 4166 medem
889 4102 1026 4178 stipendi
1042 4107 1112 4164 tem
1133 4098 1279 4164 abbatem

573 4199 767 4280 pecoralem,
792 4206 862 4260 tem
884 4201 1128 4276 preceretereet
1150 4211 1279 4274 penere-

573 4295 632 4356 lem
660 4293 792 4356 Ordinis
822 4290 1053 4354 Mercuriorum
1083 4287 1197 4350 Sancti
1219 4290 1279 4350 Be·

572 4387 643 4450 sitii
664 4387 787 4466 Magni.

726 4555 913 4626 caeneus
936 4555 995 4623 ΡΡ.
1013 4555 1082 4623 llltt.

652 4685 689 4752 ad
711 4687 882 4768 perpetuam
904 4679 948 4748 rei
976 4678 1156 4747 memorien.

572 4861 618 4926 Ex
639 4862 782 4924 iniuncto
804 4859 892 4922 uobis
914 4858 1094 4938 apostelicae
1118 4855 1297 4919 servitutis·

531 4971 664 5020 munere
685 4955 717 5017 in
738 4969 805 5017 eam
828 4969 933 5014 curam
954 4950 1094 5014 sollicitis
1110 4949 1218 5012 studiis
1232 4949 1278 5010 in·

532 5051 701 5120 tendimus,
723 5055 758 5110 ut
781 5045 895 5109 Christi
921 5044 1025 5107 fideles
1056 5042 1205 5106 altissimi
1226 5042 1278 5104 ob-

530 5142 645 5222 sequiis
666 5141 724 5204 sub
744 5139 831 5201 suavi
853 5137 1013 5215 religionis
1034 5139 1108 5214 iuge
1126 5136 1277 5198 tamulan-

532 5245 589 5310 tes,
601 5235 727 5298 sublatis
739 5233 901 5312 quibusvis
913 5230 1152 5309 impedimentis,
1165 5231 1198 5292 in
1210 5231 1277 5309 qui·

531 5331 589 5392 etis
610 5337 641 5391 et
662 5327 743 5407 pacis
770 5326 937 5388 amenitate
968 5334 1036 5387 veta
1062 5341 1116 5387 sua
1144 5323 1277 5386 Domino

531 5420 671 5496 reddant,
694 5437 727 5484 ac
753 5419 942 5482 felicioribus
965 5419 996 5480 in
1020 5419 1083 5481 dies
1114 5417 1275 5497 proficiant

531 5515 745 5578 incrementis.

322 5632 418 5676 cauma
434 5629 513 5677 nurus
571 5611 590 5685 ἓ
613 5609 640 5670 l.
665 5608 785 5686 Maponi
805 5607 959 5686 siquidem
981 5606 1068 5669 nebis
1089 5621 1190 5684 nuper
1204 5605 1276 5669 iecit

301 5683 391 5731 'mm'
531 5703 661 5766 dilectus
684 5701 765 5764 lilius
781 5699 955 5763 Alexander
965 5699 1103 5776 nguado,
1120 5699 1209 5761 abbas
1225 5715 1276 5776 ge·

531 5795 645 5857 neralis
666 5794 787 5857 Ordinis
808 5792 1028 5855 Menaenorum
1047 5791 1150 5856 Sancti
1172 5792 1275 5853 Basilii

530 5887 644 5965 Magni,
656 5889 749 5965 qued,
765 5902 835 5949 cum
851 5887 934 5962 alias,
951 5900 1065 5963 nempe
1076 5901 1102 5946 a.
1114 5900 1272 5948 ueccxnv.

530 5983 563 6046 in
591 5981 671 6046 dieta
699 5980 837 6060 generali
866 5981 1006 6042 eiusdem
1037 5977 1170 6056 Ordinis,
1192 5985 1274 6060 pest-

340 4874 484 4922 Exordium.

1059 597 1123 644 ibit.
1147 597 1238 646 bour.
1261 596 1302 643 DE
1324 597 1353 644 P.
1377 597 1406 644 F.
1431 596 1513 646 PARS
1535 597 1557 644 l.

2118 577 2172 635 Au.
2186 581 2216 635 0.
2238 585 2309 638 1759
2355 589 2356 662 l

1342 732 1436 794 quam
1451 715 1503 778 iel.
1521 733 1619 780 recor.
1637 715 1822 782 Benedictus
1837 716 1892 778 PP.
1910 716 1991 780 xiv.
2003 733 2090 796 prae-

1342 809 1483 872 decessor
1504 819 1611 874 noster
1628 827 1683 890 per
1704 807 1847 890 quasdam
1861 827 1931 873 suas
1946 811 1977 872 in
1993 811 2088 874 simili

1342 900 1440 964 fornia
1463 903 1570 967 Brevis
1591 904 1640 967 die
1661 921 1717 966 vn.
1741 903 1889 966 februarii
1911 921 2085 969 nnccxmv.

1341 995 1526 1075 incipientes
1554 995 1718 1060 nemaeus
1750 996 1903 1080 Pontifex
1935 1001 2088 1078 expeditas

1342 1087 1461 1150 litteras
1482 1091 1647 1167 quamdam
1675 1091 1889 1155 alternativam
1916 1092 1997 1155 inter
2018 1108 2088 1172 pre-

1342 1180 1459 1243 vincias
1480 1183 1552 1246 dicti
1581 1183 1698 1245 ordinis
1719 1183 1751 1246 in
1775 1184 1927 1248 electione
1950 1191 2011 1248 tam
2036 1184 2087 1247 ab·

1342 1273 1419 1335 batis
1440 1275 1604 1352 generalis,
1621 1293 1714 1356 quam
1733 1279 1938 1357 procuratoris
1959 1292 2087 1356 genera-

1342 1364 1377 1427 lis
1399 1375 1430 1428 et
1451 1369 1661 1431 assistentium
1689 1370 1886 1449 aliorumque
1907 1369 2086 1433 officialium
2131 1382 2213 1428 nubta
2228 1393 2323 1439 propo-

1342 1458 1491 1522 maiorum
1514 1461 1737 1525 observandam
1756 1464 2000 1542 praescripserat,
2017 1479 2085 1544 pre·
2104 1436 2323 1554 2¹0¹?ar‘i'effifirfiss

1341 1554 1476 1630 pesitum
1498 1554 1606 1619 luisset
1627 1557 1772 1620 dubium:
1795 1556 1960 1632 «Quinam
1981 1573 2085 1620 succe·
2104 1543 2324 1644 {ffllfflffi'ffilfunffl

1340 1646 1413 1708 dere
1434 1645 1542 1710 debeat
1564 1649 1596 1710 in
1618 1649 1720 1712 lecum
1741 1651 1856 1713 abbatis
1871 1650 2024 1730 generalis
2035 1652 2085 1714 de·
2104 1650 2231 1749 ffigrorum
2248 1651 2323 1697 erur-

1340 1740 1451 1818 luncti,
1473 1743 1540 1805 sive
1561 1759 1599 1804 er
1615 1760 1809 1823 quacumque
1823 1761 1913 1808 causa
1927 1744 2086 1822 generala—
2147 1738 2152 1748 '
2172 1789 2175 1794 -

1341 1841 1390 1895 tus
1403 1837 1570 1911 vacaverit,
1585 1843 1617 1898 et
1631 1837 1758 1915 quinam
1777 1838 1809 1900 iu
1826 1838 1926 1900 lecum
1942 1838 2084 1900 assisten-

1340 1926 1379 1988 tis
1400 1928 1554 2004 generalis
1576 1937 1628 1992 aut
1651 1931 1859 2008 procuratoris
1880 1931 2044 2008 generalis,
2059 1932 2084 1994 si

1340 2021 1455 2099 pariter
1481 2038 1677 2102 quacumque
1698 2041 1786 2086 causa
1811 2022 1964 2104 praedicta
1987 2025 2085 2088 cilicia

1339 2115 1583 2191 vacaverint»,
1600 2117 1707 2180 eadem
1729 2116 1808 2180 dieta
1823 2119 1976 2194 generalis
1996 2134 2084 2180 suam

1339 2206 1470 2270 ediderit
1493 2208 1730 2286 resolutionem,
1754 2210 1908 2274 videlicet:
1932 2211 1998 2275 «si
2020 2211 2084 2274 effl-

1338 2300 1420 2362 cium
1442 2301 1598 2379 generalis
1624 2305 1780 2367 vacaverit
1800 2313 1873 2368 ante
1898 2305 2082 2380 triennium,

1339 2400 1414 2458 tunc
1442 2410 1478 2456 ee
1506 2396 1572 2476 ipso
1593 2399 1737 2460 assistens
1766 2399 1919 2477 generalis
1947 2408 2083 2462 assumet

1338 2487 1526 2564 guberuium
1547 2491 1722 2568 religionis,
1738 2501 1771 2555 et
1788 2502 1968 2573 procurater
1988 2509 2084 2571 gene-
2136 2514 2322 2562 nowrunonss

1337 2581 1409 2643 ralis
1430 2581 1510 2645 inira
1521 2587 1655 2662 spatium
1678 2587 1774 2649 trium
1796 2586 1954 2649 meusium
1968 2601 2083 2650 cenve-
2101 2566 2185 2668 ᾓζῗωθ
2206 2579 2322 2625 ΨΜ·

1336 2681 1385 2736 cet
1406 2675 1519 2739 dietam
1547 2679 1726 2756 generalem
1752 2679 1967 2743 celebrandam
1993 2681 2025 2744 in
2048 2697 2082 2743 ea

1337 2775 1507 2852 provincia,
1524 2775 1556 2836 in
1571 2791 1632 2854 qua
1653 2775 1808 2838 vacaverit
1830 2774 2038 2852 generalatus,
2050 2781 2082 2836 et

1338 2870 1399 2949 ipsa
1420 2871 1518 2946 dieta,
1540 2871 1590 2932 cui
1611 2869 1677 2948 ipse
1698 2877 1879 2948 procurater
1899 2869 2080 2949 praesideat,

1336 2963 1431 3041 eligat
1451 2963 1483 3025 in
1506 2963 1657 3026 vicarium
1684 2960 1865 3040 generalem
1886 2962 2022 3042 aliquem
2043 2977 2081 3023 ex

1336 3057 1507 3131 abbatibus,
1528 3057 1595 3120 sive
1623 3056 1836 3135 praesentibus
1856 3057 1923 3118 sive
1949 3055 2082 3118 absenti-

1338 3155 1404 3231 bus,
1434 3153 1574 3216 eiusdem
1603 3154 1780 3232 provinciae
1804 3153 1841 3214 ad
1861 3152 2081 3231 complendum

1335 3249 1541 3326 sexennium3
1575 3249 1655 3328 qued
1677 3249 1702 3308 si
1724 3248 1805 3310 dieta
1831 3246 1926 3309 luerit
1947 3248 1980 3311 in
2008 3255 2081 3309 vete

1336 3345 1473 3424 eligendi
1495 3345 1527 3408 in
1541 3345 1697 3408 licerium
1720 3345 1896 3430 generalem
1918 3345 2021 3423 ipsum
2036 3363 2081 3406 as-

1335 3441 1510 3515 sistentem,
1528 3447 1604 3503 tunc
1617 3439 1710 3517 eligat
1726 3440 1758 3502 in
1773 3439 1969 3515 assistentem
1983 3441 2080 3504 alium

1335 3554 1373 3600 eu
1394 3536 1554 3600 abbatibus
1568 3535 1706 3597 ciusdem
1725 3533 1901 3612 provinciae
1915 3535 2030 3613 pariter
2044 3533 2081 3595 ad

1335 3629 1555 3710 complendum
1576 3627 1774 3691 sexennium.
1798 3628 1830 3692 Si
1852 3644 1929 3692 vere
1943 3629 2081 3692 cilicium

1337 3726 1488 3806 generalis
1519 3723 1674 3788 vacaverit
1701 3739 1757 3803 per
1788 3723 1979 3796 triennium,
2006 3729 2081 3786 tunc

1336 3821 1477 3884 visitator
1491 3819 1643 3881 illiusmet
1658 3816 1846 3898 provinciae,
1858 3833 1895 3880 ex
1910 3833 1970 3896 qua
1985 3815 2081 3878 luerit

1336 3924 1521 3990 antecessor,
1544 3921 1597 3976 aut
1618 3913 1758 3974 visitator
1787 3912 1945 3990 antiquior
1970 3928 2081 3975 secuu-

1336 4009 1412 4072 dum
1433 4007 1674 4088 professionem,
1697 4007 1722 4068 si
1743 4004 1837 4069 luerit
1858 4007 1891 4067 in
1911 4005 2081 4085 provinciis

1336 4104 1444 4178 unitis,
1460 4101 1655 4166 succedat·in
1677 4101 1780 4163 locum
1802 4100 1965 4178 generalis,
1982 4106 2013 4161 et
2029 4100 2080 4162 na-

1336 4198 1404 4261 beat
1425 4197 1565 4260 eamdem
1586 4195 1801 4258 auctoritatem
1816 4211 1850 4257 ac
1871 4195 2014 4258 babuerit
2027 4211 2081 4258 an·

1337 4300 1479 4361 tecesser,
1495 4297 1528 4351 et
1544 4289 1662 4366 primus
1677 4288 1823 4350 delinitor
1837 4295 1922 4364 gerat
1937 4289 2020 4350 vices
2035 4290 2080 4350 vi-

1334 4383 1470 4446 sitatoris
1491 4382 1679 4463 provinciae,
1700 4382 1798 4444 denec
1823 4381 2022 4460 provideatur
2043 4383 2080 4445 dc

1335 4478 1446 4540 idonee
1461 4477 1621 4537 visitatore
1636 4475 1674 4536 ab
1687 4473 1795 4537 abbate
1809 4475 1956 4551 generali.
1979 4476 2081 4551 Quan-

1334 4569 1372 4631 de
1395 4568 1572 4632 vacaverint
1600 4566 1705 4630 edicia-
1720 4567 1890 4631 assistentis
1917 4577 1949 4632 et
1969 4584 2079 4649 precu-

1335 4663 1444 4726 ratoris
1466 4661 1638 4740 generalis,
1661 4666 1737 4722 tunc
1760 4659 1976 4724 definitorium
1997 4662 2080 4725 illius

1335 4757 1522 4837 provinciae,
1537 4755 1625 4817 cuius
1640 4763 1685 4818 est
1706 4755 1842 4818 efficium
1857 4772 1979 4831 vacans,
1992 4771 2079 4834 prae·

1333 4857 1436 4912 sentat
1457 4848 1538 4911 intra
1553 4849 1630 4911 dues
1645 4863 1768 4910 menses
1790 4856 1852 4911 tres
1872 4849 1995 4913 abbates
2017 4867 2079 4914 ma·

1335 4943 1380 5021 gis
1395 4943 1521 5005 idoneos
1536 4942 1613 5020 patri
1628 4941 1727 5004 abbati
1743 4943 1892 5019 generali,
1909 4944 1961 5022 qui
1978 4961 2078 5008 unum

1334 5037 1454 5100 exiliis
1483 5037 1593 5110 tribus,
1616 5035 1667 5097 vel
1698 5050 1799 5098 unum
1821 5053 1859 5098 en
1886 5039 2076 5115 delinitorio,

1334 5133 1366 5194 in
1395 5132 1589 5194 assistentem
1620 5131 1668 5193 vel
1692 5139 1923 5209 procuratorem
1951 5147 2078 5209 gencra-

1332 5226 1396 5288 lem
1426 5233 1570 5288 teneatur
1590 5223 1716 5300 eligere.
1748 5225 1875 5287 Caetera
1903 5225 1999 5290 cilicia
2026 5236 2079 5290 aut

1333 5319 1539 5399 praelaturas,
1567 5318 1592 5380 si
1615 5318 1812 5395 vacaverint,
1843 5320 2001 5398 provideat
2028 5322 2078 5385 ab·

1333 5414 1384 5476 bas
1406 5412 1559 5490 generalis
1586 5427 1659 5474 eum
1680 5419 1752 5474 vote
1777 5430 1908 5477 suerum
1934 5416 2078 5479 assisten-

1333 5507 1410 5569 tium
1427 5524 1455 5567 e.

1371 5601 1390 5676 ἓ
1411 5601 1439 5662 2.
1462 5600 1545 5676 Quae
1559 5599 1686 5679 quidem
1698 5599 1847 5664 resolutio
1862 5602 1962 5666 dietae
1983 5619 2078 5681 gene-
2096 5609 2186 5672 ,Serra
2201 5613 2313 5669 congre-

1331 5694 1402 5757 ralis
1432 5694 1610 5756 huiusmodi
1641 5697 1856 5773 postmodum,
1887 5712 1999 5775 nempe
2094 5663 2312 5722 ⁸⁰‘¹⁰¹‘¹'¹⁸⁰⁰¹³⁰'

2027 5696 2076 5759 die
2094 5727 2150 5762 rum
2166 5721 2312 5775 abnegata-

1331 5803 1398 5851 xur.
1424 5789 1553 5850 ianuarii
1575 5804 1752 5862 succurra,
1769 5798 1919 5851 cumerta
1934 5791 2073 5866 essetlis,
2094 5769 2311 5873 {r'ssffiffiffi

1329 5889 1361 5944 et
1382 5882 1519 5960 cognitio
1540 5898 1646 5944 causae
1667 5881 1703 5942 ad
1725 5881 2009 5959 congregationem
2025 5900 2075 5945 ve·
2093 5876 2177 5977 2¹3?ss
2191 5880 2308 5928 modam-

1330 5975 1518 6038 uerabilium
1532 5972 1665 6036 lratrum
1676 5983 1856 6038 uestrorum
1869 5975 1898 6039 S.
1909 5974 1946 6037 R.
1957 5975 1991 6038 Ε.
2003 5975 2079 6042 Can,
