4750 6980
361 573 415 630 Aa.
429 578 459 630 0·
482 577 550 632 1⁷98
600 583 658 645 itt
1104 606 1168 650 rua.
1191 601 1282 648 ronr.
1306 599 1347 644 ua
1367 599 1396 644 a.
1420 599 1449 646 r.
1474 601 1557 648 rans
1578 603 1599 648 ι.
2101 567 2106 580 ’
2156 573 2212 632 Aa.
2226 575 2256 630 ⁰·
2276 579 2336 632 179ss
2357 581 2358 596 ¹

580 719 681 796 primo
697 719 800 783 loturo
819 731 849 785 et
864 739 918 803 pro
936 733 1072 803 tempore
1088 723 1235 786 existenti
1249 712 1333 804 vir-⁴
1349 724 1353 767 ¹
1380 727 1410 786 et
1430 724 1624 801 opportunis,
1647 731 1769 799 statuta,
1793 727 2001 790 ordinationes
2022 735 2053 790 et
2073 727 2122 790 de-

581 813 714 875 saviensi
735 815 884 897 Episcopo
912 818 1024 882 dietam
1049 833 1202 882 summam
1228 816 1267 890 ei,
1292 819 1324 876 ut
1380 823 1462 878 creta
1473 816 1528 878 alia
1540 817 1688 881 hactenus
1699 820 1789 894 edita,
1799 821 1919 900 quoties
1930 835 2007 899 opus
2019 822 2121 895 luerit,

581 907 764 984 praefertur,
787 912 966 974 attributam
995 914 1164 991 percipere,
1187 911 1322 986 exigere,
1351 924 1354 943 ·
1381 925 1453 972 cum
1482 911 1700 988 approbatione
1728 919 1788 974 tana
1811 914 1906 991 ipsius
1934 914 2031 977 futuri
2054 915 2123 994 Epi-

581 1000 685 1063 levare
705 1019 739 1064 ac
772 1005 803 1065 in
829 1021 900 1066 suos
928 1005 1088 1086 dictaeque
1115 1019 1240 1066 mensae
1261 1000 1324 1080 epi·
1380 1003 1461 1081 scopi
1484 1003 1693 1068 Varsaviensis
1708 1007 1739 1068 in
1757 1009 1918 1071 meliorem
1934 1007 2063 1070 lormam
2077 1025 2124 1070 re-

581 1095 708 1170 scopalis
723 1111 778 1174 per
793 1113 859 1174 nos,
875 1108 910 1162 ut
927 1099 1109 1178 praefertur,
1123 1095 1241 1160 erectae
1252 1111 1325 1156 usus
1352 1102 1355 1122 ·
1390 1097 1487 1173 ligere
1502 1105 1532 1161 et
1546 1098 1727 1175 reformare,
1743 1117 1797 1164 seu
1813 1102 1905 1165 etiam
1920 1102 1975 1164 alia
1991 1104 2028 1166 de
2044 1117 2124 1165 novo

582 1195 613 1250 et
634 1189 799 1252 utilitatem
821 1201 1017 1269 convertere,
1039 1190 1175 1255 cuiusvis
1202 1202 1326 1268 quoqne
1383 1207 1421 1254 ex
1442 1192 1564 1268 integro
1585 1195 1678 1256 sacris
1699 1195 1865 1257 canonibus
1880 1203 1911 1258 et
1932 1198 2126 1261 constitutio·

583 1280 704 1345 licentia
727 1284 859 1362 desuper
879 1286 1009 1349 minime
1030 1285 1185 1364 requisita.
1384 1287 1475 1348 nibus
1503 1287 1673 1365 apostolicis
1695 1289 1887 1368 decretisque
1910 1290 2037 1354 Concilii
2059 1293 2126 1354 'lri-

355 1379 565 1480 xiissiionnartswhras
624 1378 643 1452 ἓ
666 1377 713 1439 ld.
729 1379 898 1460 Eidemque
911 1383 1010 1460 primo
1021 1381 1126 1443 tuturo
1141 1384 1171 1440 et
1184 1393 1238 1455 pro
1250 1382 1327 1436 tem·
1384 1380 1504 1443 dontiui
1532 1381 1662 1444 minime
1692 1384 1892 1462 adversantia,
1920 1392 1962 1459 et,
1985 1391 2019 1448 ut
2040 1401 2126 1464 prae-

353 1487 480 1544 eprseopo.
519 1445 535 1492 ρ
585 1484 660 1547 pore
679 1472 824 1536 existenti
840 1475 986 1553 Episcopo
1002 1472 1195 1536 Varsavionsi
1210 1484 1265 1547 pro
1280 1467 1326 1528 sui
1355 1432 1357 1563 Ι
1384 1473 1496 1548 lentur,
1509 1489 1564 1550 per
1579 1474 1768 1550 praedictum
1787 1475 1929 1539 luturum
1942 1477 2126 1556 Episcopum

585 1567 744 1628 commoda
767 1572 797 1627 et
818 1565 939 1629 decenti
966 1567 1154 1630 habitatione
1179 1559 1329 1642 amplissi-
1386 1563 1617 1630 Varsaviensem
1645 1568 1847 1632 examinanda
1869 1577 1899 1632 et
1920 1571 2125 1650 approbanda,

586 1671 674 1717 mom
703 1658 849 1736 palatium
877 1678 973 1740 aeque
1005 1679 1038 1723 ac
1064 1658 1265 1736 magnificum
1297 1661 1328 1715 et
1385 1675 1417 1720 ar
1439 1674 1493 1736 per
1515 1676 1575 1736 eos,
1592 1661 1627 1724 ad
1643 1677 1718 1740 quos
1740 1677 1825 1726 nunc
1846 1670 1960 1742 spectat
1981 1671 2013 1726 et
2034 1666 2126 1744 perti·

587 1751 673 1811 omni
696 1752 726 1812 in
750 1761 834 1830 parte
852 1755 1092 1831 integerrimum
1113 1753 1173 1813 iam
1196 1765 1250 1829 pro
1271 1749 1329 1808 hu·
1356 1822 1358 1837 ³
1386 1759 1451 1827 net,
1466 1770 1500 1814 ac
1514 1769 1568 1832 pro
1583 1761 1723 1833 tempore
1738 1756 1967 1834 quomodolibet
1981 1758 2127 1835 spectabit

586 1844 716 1906 iusmodi
739 1863 796 1908 usu
818 1848 1019 1925 assignatum,
1032 1848 1065 1909 in
1087 1863 1148 1925 quo
1171 1846 1234 1922 ipse
1255 1841 1330 1904 resi·
1355 1861 1358 1965 q
1384 1853 1416 1906 et
1428 1846 1606 1923 pertinebit,
1619 1848 1809 1912 observanda
1824 1848 1881 1911 sub
1893 1851 1999 1926 poenis
2010 1850 2042 1912 in
2055 1867 2130 1914 con-

587 1939 724 2001 dentiam
744 1956 832 2003 suam
854 1941 952 2004 lacere
968 1939 1101 2013 debebit,
1116 1940 1194 2001 dicta
1209 1943 1327 2016 aposto·
1356 1987 1358 2044 y
1386 1941 1595 2003 traveniontcs
1616 1941 1805 2019 infligendis,
1821 1942 1966 2004 similiter
1987 1945 2078 2006 edere
2092 1944 2128 2005 li·

586 2030 643 2093 lica
663 2033 847 2096 auctoritate
867 2037 959 2096 etiam
988 2042 1138 2114 perpetuo
1158 2030 1330 2110 respective
1355 2051 1358 2096 ι
1386 2031 1458 2093 bere
1480 2041 1510 2094 et
1538 2033 1619 2096 licite
1640 2035 1758 2110 possint
1779 2043 1811 2096 et
1836 2034 1968 2110 valeant,
1991 2036 2126 2114 plenam,

586 2125 784 2188 concedimus
805 2137 836 2190 et
857 2129 1059 2205 assignamus.
1356 2160 1358 2177 ι
1386 2123 1514 2187 liberam
1535 2133 1566 2188 et
1594 2129 1802 2190 omnimodam
1833 2127 2020 2204 facultatem,
2044 2136 2130 2208 pote-

357 2223 568 2324 rxs⁰⁰¹i⁰ri³1⁸1⁸n¹2n¹t¹r¹x
627 2219 645 2293 5
669 2219 714 2281 to.
740 2221 915 2297 Caeterum,
939 2231 972 2284 ut
994 2231 1094 2284 erecta
1116 2221 1149 2281 in
1177 2215 1329 2296 praedicta
1356 2191 1358 2331 i
1385 2224 1492 2280 statem
1516 2228 1547 2282 et
1569 2222 1870 2284 auctoritatomdictn
1892 2223 2054 2298 apostolica
2075 2241 2129 2286 au-

357 2334 461 2394 sraanra,
483 2331 567 2377 rasore
586 2315 751 2378 cathedrali
773 2315 897 2379 ecclesia
919 2332 1024 2378 rerum
1047 2313 1203 2394 dispositio
1225 2311 1257 2372 in
1280 2309 1327 2385 iis,
1356 2347 1359 2388 ,
1386 2313 1523 2374 ctoritate
1543 2313 1685 2377 similiter
1707 2323 1856 2394 perpetuo
1880 2317 2075 2379 concedimus
2097 2327 2129 2382 et

357 2383 472 2440 *ΨΜ
587 2423 662 2486 quae
686 2407 767 2470 illius
795 2411 964 2489 capitulum
991 2413 1195 2481 concernunt,
1222 2405 1253 2469 in
1282 2402 1330 2463 iu·
1355 2407 1358 2495 l
1386 2406 1593 2483 impartimur.
2359 2467 2360 2472 ,

586 2509 694 2565 turum
724 2512 882 2580 servetur,
919 2507 1034 2568 eisdem
1066 2501 1179 2565 tuturis
1210 2509 1239 2562 et
1273 2502 1359 2651 pror
1425 2501 1513 2574 §tt
1538 2503 1724 2583 Eisdemque
1743 2505 2129 2585 luturisetprotempore
2162 2487 2360 2579 concessant-J

588 2605 727 2676 tempore
747 2599 950 2662 existentibus
972 2601 1085 2662 decano
1104 2605 1134 2659 et
1147 2593 1328 2658 archidiaco·
1356 2658 1358 2709 γ
1386 2595 1590 2658 existentibus
1604 2598 1717 2659 derarm
1729 2607 1759 2660 et
1769 2598 1983 2662 archidiacono
1998 2609 2029 2662 et
2044 2618 2129 2680 prae·
2148 2568 2300 2624 vinagiorum.
2359 2597 2360 2644 t

587 2706 639 2766 no,
655 2707 687 2753 ac
703 2692 874 2771 praeposito
893 2701 925 2755 et
946 2691 1076 2766 custodi,
1099 2709 1131 2753 ac
1152 2687 1329 2751 scholastico
1385 2687 1484 2764 posito
1506 2706 1538 2750 ac
1559 2691 1677 2752 custodi
1700 2701 1731 2752 et
1752 2691 1931 2754 scholastico
1952 2710 1985 2754 ac
2010 2697 2128 2757 cancei-
2359 2693 2360 2744 l

587 2793 618 2846 et
645 2787 827 2849 cancellario
857 2806 890 2850 uo
922 2785 1108 2864 primicerio,
1136 2782 1330 2860 singulisque
1356 2712 1358 2849 Ι
1385 2781 1462 2844 lario
1482 2791 1513 2845 et
1535 2784 1721 2862 primicerio,
1745 2787 1939 2866 singulisque
1960 2793 2127 2868 canonicis,

588 2883 741 2946 canonicis
772 2884 869 2946 dictae
900 2883 1078 2946 cathedralis
1106 2881 1249 2944 ecclesiae
1275 2893 1329 2956 per
1385 2883 1416 2937 et
1438 2877 1570 2952 vicariis,
1592 2879 1807 2941 mansionariis
1828 2887 1858 2942 et
1879 2884 2063 2960 cappellanis
2085 2889 2130 2950 di-

589 2993 656 3051 nos,
673 2988 707 3039 ut
729 2978 912 3057 praefertur,
929 2984 1060 3051 erectae,
1076 2977 1130 3050 sic,
1147 2982 1182 3036 nt
1197 2972 1331 3052 praeler-
1387 2975 1452 3031 ctae
1471 2972 1654 3034 cathedralis
1667 2972 1823 3050 ecclesiae,
1840 2989 1895 3053 per
1910 2993 1977 3054 nos,
1994 2985 2029 3040 nt
2044 2997 2130 3058 prae·

589 3081 651 3146 tur,
674 3073 845 3149 subrogatis
870 3071 1058 3144 huiusmodi,
1081 3079 1115 3131 ut
1137 3069 1193 3145 ipsi
1215 3067 1331 3143 capitu·
1388 3061 1497 3138 lentur,
1520 3073 1649 3141 erectae,
1670 3070 1714 3132 sic
1735 3085 1790 3147 per
1811 3085 1877 3144 nos,
1895 3077 1929 3132 ut
1944 3072 2128 3150 praefertur,

590 3167 695 3228 lariter
715 3165 893 3242 congregati
908 3179 964 3242 pro
978 3165 1076 3226 dictae
1090 3159 1269 3225 cathedralis
1284 3175 1332 3221 eo·
1386 3159 1558 3236 subrogatis
1574 3161 1762 3237 huiusmodi,
1774 3171 1808 3225 ut
1823 3163 1880 3242 ipsi
1896 3171 2047 3229 eteorum
2062 3171 2130 3246 qui·

590 3261 699 3324 clasiae
720 3276 775 3339 per
796 3275 864 3334 nos,
888 3265 920 3320 ut
942 3257 1126 3336 praefertur,
1150 3263 1279 3328 erectae,
1297 3250 1332 3313 il·
1387 3252 1474 3326 libet,
1498 3269 1554 3316 nec
1576 3270 1638 3316 non
1660 3255 1798 3332 ipsorum
1827 3259 1998 3336 respective
2019 3261 2130 3324 officia-

589 3354 712 3433 liusque
733 3369 859 3415 mensae
879 3350 1066 3429 capitularis,
1079 3365 1136 3411 nec
1156 3363 1220 3409 non
1241 3347 1332 3408 sacri·
1389 3347 1432 3409 les
1454 3356 1484 3409 et
1506 3349 1655 3426 ministri,
1678 3367 1710 3413 ac
1732 3365 1791 3424 res,
1808 3351 1897 3428 bona,
1914 3351 2129 3434 proprietates,

589 3447 676 3522 stiae,
693 3461 864 3524 eorumque
878 3445 1049 3524 respective
1070 3457 1177 3504 rernm
1191 3449 1222 3502 et
1237 3441 1333 3502 bono·
1388 3441 1453 3504 iura
1476 3459 1689 3521 quaecumque
1711 3444 1853 3506 omnibus
1870 3453 1900 3506 et
1921 3447 2052 3525 singulis
2068 3457 2131 3514 tam

591 3557 674 3616 runa,
696 3559 729 3603 ac
757 3540 876 3603 iuriam
903 3547 965 3601 tam
994 3534 1215 3614 spiritualium,
1238 3549 1332 3613 quam
1388 3536 1609 3613 spiritualibus,
1631 3553 1724 3617 quam
1747 3539 1982 3616 temporalibus,
2005 3543 2130 3618 privile-

592 3634 807 3714 temporaiium
829 3647 975 3712 prospero
996 3639 1027 3692 et
1047 3629 1128 3692 ielici
1147 3634 1241 3704 statu,
1254 3627 1333 3704 regi·
1390 3632 1459 3708 giis,
1477 3631 2009 3710 immunitatibus,exemptionibus,
2026 3649 2132 3713 praee-

591 3729 693 3805 rnine,
728 3726 879 3806 gubernio
909 3734 940 3786 et
971 3724 1152 3797 directione,
1181 3737 1238 3784 nec
1269 3735 1332 3782 non
1389 3724 1562 3800 minentiis,
1591 3725 1841 3801 antelationibus,
1869 3729 2130 3808 concessionibus,
2223 3750 2225 3759 ·

590 3837 725 3885 onerum
754 3821 814 3883 illis
842 3835 926 3883 nunc
954 3827 985 3880 et
1006 3834 1062 3896 pro
1089 3826 1228 3894 tempore
1258 3829 1334 3896 quo·
1391 3817 1530 3893 indultis,
1553 3818 1708 3880 favoribus
1730 3827 1761 3880 et
1782 3821 1899 3896 gratiis,
1923 3821 2035 3900 quibus
2056 3823 2132 3887 aliae

590 3915 759 3979 modolibet
797 3912 1047 3977 incumbentium
1080 3908 1332 3988 supportatione,
1390 3911 1506 3974 similes
1527 3913 1652 3974 iliarum
1673 3915 1807 3990 partium
1830 3915 2017 3978 cathedrales
2039 3919 2133 3982 eccle·

591 4010 771 4072 divinorum
801 4009 984 4080 ciliciorum,
1018 4003 1259 4082 processionum,
1288 4002 1334 4065 lu·
1390 4006 1463 4079 siae,
1486 4021 1654 4085 earumque
1676 4007 1818 4085 capitula,
1833 4011 1970 4071 canonici
1987 4020 2017 4074 et
2031 4013 2133 4090 digni-

592 4117 721 4175 nerum,
749 4099 1035 4164 anniversariorum
1057 4105 1088 4158 et
1114 4095 1334 4172 sullragiorum
1362 4146 1364 4172 ,
1392 4108 1468 4162 tates
1489 4117 1522 4161 ae
1552 4099 1699 4160 benebeia
1728 4101 1760 4161 in
1788 4101 1831 4162 eis
1858 4103 2045 4179 obtinentes,
2067 4106 2133 4168 illa-

592 4191 1073 4267 celebratione,distributionum
1084 4189 1334 4268 quotidianarum
1362 4176 1365 4339 ἱ
1392 4209 1525 4271 rumque
1547 4193 1695 4267 ministri,
1711 4202 1742 4254 et
1757 4195 1845 4269 bona,
1862 4197 1939 4274 iura,
1956 4215 2004 4260 res
2019 4208 2049 4262 et
2065 4218 2133 4280 pro-

593 4300 623 4353 et
645 4292 776 4352 aliorum
804 4288 1088 4350 emolumentorum
1114 4299 1335 4362 quornmcnm-
1392 4288 1536 4368 prietates
1551 4285 1589 4348 de
1604 4288 1681 4362 iure,
1698 4306 1770 4363 usu,
1789 4291 2023 4370 consuetudine,
2040 4297 2135 4374 privi-

593 4401 654 4464 que
684 4383 854 4457 exactione,
884 4380 1093 4460 perceptione,
1122 4378 1335 4456 repartitione,
1393 4383 1485 4459 legio,
1508 4390 1560 4442 ant
1580 4381 1651 4442 alias
1672 4381 1921 4462 quomodolibet,
1944 4402 2006 4449 non
2029 4395 2132 4454 tamen

594 4478 757 4552 divisione,
771 4490 938 4554 poenarum
950 4490 1004 4552 per
1015 4473 1167 4548 absentes,
1180 4476 1210 4534 et
1221 4471 1336 4534 divinis
1393 4477 1484 4539 titulo
1499 4492 1630 4538 oneroso
1646 4485 1697 4538 aut
1711 4492 1750 4537 ex
1766 4477 1886 4540 indulto
1900 4495 1954 4542 sen
1969 4482 2134 4561 privilegio

595 4571 701 4632 oiiiciis
722 4567 901 4631 huiusmodi
915 4567 978 4628 suis
993 4566 1058 4628 loco
1073 4573 1103 4626 et
1119 4573 1258 4642 tempore
1273 4583 1336 4628 non
1393 4570 1582 4651 particulari,
1596 4577 1739 4645 utuntur,
1753 4571 1913 4648 iruuntur,
1926 4575 2088 4653 potiuntur
2102 4587 2135 4640 et

597 4668 826 4736 interessentes,
852 4678 907 4723 seu
929 4676 1022 4724 onera
1049 4667 1079 4722 et
1100 4659 1272 4720 ministeria
1294 4661 1338 4722 eis
1395 4667 1541 4745 gaudent,
1557 4681 1590 4726 ac
1606 4663 1662 4739 uti,
1679 4662 1752 4740 lrni,
1769 4665 1860 4742 potiri
1875 4673 1905 4727 et
1921 4669 2054 4743 gaudere
2068 4686 2136 4748 ρος.

596 4767 626 4821 ot
647 4772 756 4820 eorum
777 4754 903 4818 cuilibet
930 4754 1099 4832 respective
1126 4753 1338 4817 incumbentia
1393 4767 1467 4824 sunt
1482 4765 1511 4821 et
1525 4764 1671 4836 poterunt
1687 4757 1918 4835 quomodolibet
1940 4761 1972 4822 in
1994 4761 2135 4824 laturum

595 4853 699 4914 subire
718 4849 912 4926 negligentes
927 4846 1196 4921 incurrendarum,
1211 4847 1338 4910 servitio
1394 4853 1537 4916 similiter
1548 4857 1578 4912 et
1591 4849 1797 4930 paritormiter
1817 4869 1913 4932 aeque
1927 4853 2138 4934 principaliter

596 4948 681 5010 chori
713 4943 894 5024 praestando
928 4941 1126 5019 singulorum
1158 4943 1338 5020 praesentiis
1395 4945 2138 5027 etabsqueullaprorsusdlllerentia,dummodo

597 5042 751 5116 notandis
780 5037 981 5102 caeremoniis
1006 5054 1039 5098 ac
1067 5036 1177 5097 ritibus
1200 5036 1232 5097 in
1253 5053 1340 5117 prae·
1396 5053 1501 5106 tamen
1525 5041 1574 5103 illu
1590 5041 1698 5102 sintin
1716 5047 1895 5103 usuetnon
1913 5049 2064 5115 revocata,
2081 5058 2139 5105 nec

597 5143 675 5204 dicta
697 5136 867 5202 cathedrali-
883 5134 1009 5198 erclesia
1031 5149 1085 5213 per
1105 5149 1174 5207 nos,
1198 5141 1231 5194 ut
1254 5149 1338 5210 prae·
1395 5135 1453 5199 snb
1480 5134 1582 5212 aliqua
1609 5135 1804 5196 revocatione
1831 5133 2063 5210 comprehensa,
2094 5152 2139 5196 sa-

597 5237 712 5310 lellffl's
741 5237 852 5306 electi,
882 5228 1028 5307 iuiusllue
1054 5229 1160 5301 ⁰¹¹01'0·
1193 5224 1337 5305 capitulo,
1395 5232 1517 5308 orisque
1544 5229 1712 5294 canonibus
1742 5236 1773 5289 et
1803 5226 1932 5290 Coracilii
1964 5227 2138 5290 Tridentini

597 5326 841 5408 processionibus
855 5331 885 5385 et
899 5319 965 5384 aliis
986 5321 1101 5384 actibus
1122 5319 1340 5399 capitularibus
1396 5323 1541 5403 praedicti
1563 5323 1692 5386 decretis
1719 5319 1846 5397 aliisque
1867 5319 2139 5382 constitutionibus

598 5422 774 5485 huiusfflfflli
796 5418 973 5490 servandis,
996 5415 1174 5477 Officillibus
1195 5421 1226 5476 θῑ
1248 5414 1339 5476 mini·
1397 5415 1680 5480 etordinationibus
1693 5413 1862 5492 apostolicis
1874 5429 1936 5474 non
1950 5423 2138 5490 repugnent,

597 5518 670 5578 stris
697 5517 796 5578 dictae
824 5511 1003 5576 cathedralis
1024 5509 1169 5571 ecclesiae
1194 5523 1248 5587 per
1269 5525 1338 5584 noe,
1396 5521 1426 5574 ot
1448 5513 1505 5585 uti,
1529 5509 1601 5583 lrui,
1625 5509 1716 5585 potiri
1736 5516 1767 5569 et
1783 5507 1915 5583 gaudere
1936 5522 2060 5585 quoqne
2074 5521 2140 5584 pos·

599 5620 633 5674 ut
655 5609 838 5688 praefertur,
854 5614 984 5680 erectae,
1001 5601 1179 5666 necessariis
1194 5604 1341 5680 deputari·
1396 5607 1470 5678 sint,
1487 5611 1517 5666 et
1539 5602 1671 5677 valeant,
1688 5600 1816 5679 perinde
1838 5617 1870 5662 ac
1890 5600 1915 5661 si
1938 5601 1980 5662 eis
2005 5599 2143 5676 speciali-

599 5707 644 5770 dis
665 5714 695 5767 et
718 5702 908 5776 amovendis,
930 5720 962 5763 ae
986 5700 1165 5764 ministeriis
1186 5715 1241 5776 per
1264 5699 1342 5777 ipsos
1398 5709 1445 5762 tor
1466 5695 1651 5759 nominatim
1679 5703 1710 5758 et
1738 5711 1881 5774 expresse
1902 5709 2043 5755 concessa
2068 5693 2143 5754 iuis·

599 5802 778 5874 subeundis,
794 5799 908 5861 salariis
922 5805 953 5861 et
967 5797 1127 5875 stipendiis
1142 5795 1340 5872 praestandis,
1397 5799 1477 5866 sent,
1505 5789 1611 5852 eudem
1636 5789 1796 5866 apostolica
1827 5786 2008 5850 auctoritate
2035 5801 2144 5864 perpe·

599 5915 633 5960 ac
653 5897 899 5976 quibuscumque
920 5893 986 5952 aliis
1002 5891 1092 5954 rebus
1113 5891 1145 5951 in
1167 5889 1342 5967 praemissis
1398 5893 1452 5948 tuo
1467 5885 1582 5962 pariter
1597 5883 1766 5960 respective
1781 5879 1978 5943 corroedimus
1995 5885 2026 5940 et
2042 5878 2143 5941 indul·

600 6000 631 6053 et
645 5990 722 6053 circa
737 5986 901 6066 praemissa
916 5983 1144 6063 quomodolibet
1164 5981 1343 6044 necessariis
1397 5995 1518 6058 gemus.
