4808 6988
347 527 400 585 Διι.
414 533 445 588 (l.
467 531 536 588 1826
585 532 643 595 672

565 681 597 728 se
618 681 694 741 esse,
710 681 773 728 non
794 667 886 728 modo
907 666 1101 745 permittere,
1118 664 1168 727 sed
1191 671 1223 726 et
1245 659 1317 724 eso-.
1363 661 1508 724 adhibere
1520 664 1690 739 constituit,
1704 665 1858 727 attributis
1869 666 2029 745 praecipue
2041 665 2115 729 fun·

564 776 644 835 cere,
658 766 692 822 ut
708 759 739 822 in
756 760 832 823 urbe
847 760 1011 824 Coethansi
1027 761 1154 823 ducatus
1165 759 1212 820 sni
1225 757 1308 835 prin·
1364 754 1409 817 dis
1431 771 1469 818 ex
1490 756 1539 830 iis,
1561 757 1613 835 qui
1635 757 1669 820 ad
1692 775 1765 822 eum
1787 760 1957 839 pertinent,
1974 763 2008 825 ad
2024 777 2114 841 paro-

564 853 642 931 cipe,
670 853 795 916 ecclesia
824 853 972 916 catholica
1003 852 1181 932 parochialis
1208 851 1307 929 eriga-

565 955 627 1022 tur,
649 947 681 1010 in
703 965 761 1026 qna
783 947 935 1023 catholici,
957 946 1010 1027 qui
1031 964 1065 1010 ea
1080 947 1112 1009 in
1129 946 1306 1021 urbesunt,

564 1040 660 1103 libere
692 1039 875 1118 religionem
912 1047 1050 1103 nostram
1083 1037 1307 1102 sanctissimam

563 1149 707 1196 exercere
728 1135 865 1214 possint3
897 1144 927 1198 et
950 1144 1105 1215 praeterea
1131 1142 1248 1213 petere,
1273 1141 1307 1195 nt

562 1228 635 1290 huic
655 1228 799 1290 ecclesiae
819 1231 956 1292 sacerdos
971 1229 1097 1307 probus,
1113 1227 1166 1290 ille
1181 1227 1306 1306 quidem

562 1321 698 1400 prudens
716 1329 746 1385 et
768 1338 874 1385 rernm
896 1322 1169 1384 ecclesiasticarum
1191 1321 1306 1399 peritus

563 1416 767 1494 praeficiatur,
791 1415 844 1494 qui
866 1417 988 1494 parochi
1009 1431 1126 1491 munus
1149 1422 1245 1492 gerat,
1263 1421 1305 1490 et,

562 1525 640 1588 quae
661 1506 822 1585 religionis
842 1517 929 1584 sunt,
946 1516 1107 1587 procuret;
1130 1525 1163 1570 ac
1177 1507 1260 1569 velle
1273 1525 1307 1570 se

562 1599 673 1663 fundos
694 1600 838 1664 ecclesiae
859 1601 959 1664 eidem
981 1601 1161 1674 attribuere,
1177 1617 1215 1662 ex
1230 1617 1306 1678 quo·

562 1710 633 1757 rum
654 1695 833 1772 redditibus,
849 1696 902 1776 qui
917 1697 1082 1776 quotannis
1097 1697 1306 1776 quadringen-

563 1795 608 1851 tos
630 1804 775 1852 nummos
804 1799 936 1852 scutatos
967 1792 1133 1868 attingent,
1158 1792 1306 1870 parochus

561 1884 670 1946 alatur.
695 1885 757 1948 Hoc
779 1887 894 1948 nuncio
915 1893 1049 1964 accepto,
1065 1891 1180 1949 tantam
1200 1901 1305 1949 conce·

561 1977 663 2054 pimus
677 1978 781 2041 animo
797 1979 955 2053 laetitiam,
972 1986 1118 2058 quautam
1135 1980 1189 2040 vix
1204 1978 1305 2040 verbis

560 2069 712 2150 explicare
733 2087 905 2149 possumus.
930 2073 1012 2149 Quae
1033 2072 1117 2134 enim
1134 2072 1231 2134 maior
1246 2072 1305 2135 lae-

561 2163 645 2226 tandi
665 2181 752 2227 causa
773 2181 839 2226 esse
859 2172 990 2243 poterat,
1008 2181 1100 2244 quam
1125 2167 1156 2228 in
1179 2165 1303 2240 ducatu,

560 2259 593 2320 in
615 2273 675 2336 quo
697 2259 844 2321 trecentis
865 2259 930 2322 fere
943 2268 1015 2323 aute
1030 2261 1119 2322 aonis
1134 2261 1245 2338 religio
1260 2279 1305 2324 oa·

561 2351 672 2412 thoiica
694 2359 809 2414 tantam
832 2352 978 2415 iacturam
993 2352 1118 2428 fecerat,
1131 2360 1166 2416 ut
1180 2354 1305 2432 penitus

560 2442 715 2506 interiisse
736 2445 905 2521 videretur,
922 2453 952 2508 et
967 2445 1019 2508 vix
1034 2447 1092 2509 sub
1107 2447 1233 2509 initium
1248 2447 1305 2508 hu-

560 2537 607 2600 ius
626 2539 738 2602 saeculi
753 2540 871 2619 aliquos
885 2539 1029 2614 cultores,
1046 2543 1098 2604 sed
1113 2556 1221 2620 paucos
1236 2541 1304 2604 ilios

560 2631 685 2710 quidem
708 2633 823 2696 iterum
841 2635 949 2711 adepta
964 2633 1075 2708 fuerat,
1092 2635 1242 2698 continuo
1258 2651 1304 2698 ea·

560 2725 630 2787 dem
647 2726 844 2800 reviviscere,
861 2733 953 2804 atque
967 2726 1007 2788 ita
1024 2734 1069 2801 ut,
1086 2728 1226 2807 principe
1241 2743 1304 2792 non

560 2818 724 2882 tollerante
746 2828 879 2896 tantum,
901 2819 952 2883 sed
979 2823 1108 2884 omnino
1130 2821 1250 2886 lavante
1273 2829 1304 2884 et

559 2911 735 2990 adiuvante,
766 2915 887 2995 publica
917 2916 1042 2979 ecclesia
1071 2917 1216 2982 catholica
1245 2918 1303 2981 eri-

581 3009 668 3069 aturf

343 3111 442 3162 dannot
458 3115 542 3162 ronu-
561 3022 579 3085 g
600 3102 618 3176 ἓ
639 3101 667 3163 3.
692 3103 750 3165 Sed
771 3103 807 3164 ad
836 3103 982 3180 gaudium
1010 3104 1068 3167 hoc
1089 3111 1230 3170 nostrum
1252 3125 1303 3172 cu-

329 3165 541 3278 {fj‘fqffiflfiffffl
561 3194 664 3256 mulus
686 3195 821 3271 accessit,
836 3212 908 3258 cum
929 3197 1146 3260 serenissimus
1161 3200 1303 3278 princeps

329 3273 542 3376 ssgffifffiuffi
559 3287 782 3363 ferdinandus,
811 3295 842 3351 et
871 3291 1067 3352 serenissima
1098 3293 1215 3354 ducissa
1237 3293 1303 3356 eius

329 3377 542 3492 fflffiffirgfr‘g'lssl
560 3395 650 3456 uxor,
665 3385 823 3461 postquam
839 3384 911 3444 satis
933 3383 1074 3446 instructi
1096 3401 1112 3445 a
1134 3386 1200 3447 viro
1215 3387 1302 3450 docto

329 3497 389 3552 nem
414 3489 541 3546 protessus
559 3483 590 3538 et
610 3475 660 3554 pio
680 3473 821 3552 fuerunt,
844 3476 892 3539 die
915 3477 1062 3554 vigesima
1086 3487 1192 3558 quarta
1213 3497 1302 3560 supe·

329 3540 413 3590 ‘mm‘
559 3571 649 3632 rioris
669 3569 801 3633 octobris
822 3587 917 3651 prope
938 3571 1066 3634 Parisios
1087 3588 1190 3635 coram
1208 3590 1303 3637 vene·

558 3665 645 3728 rabili
668 3664 762 3727 fratre
784 3665 1017 3746 archiepiscopo
1039 3665 1213 3743 formiensi,
1232 3668 1302 3730 hae-

557 3757 663 3833 resim,
679 3757 729 3820 cul
751 3758 899 3821 hacteuus
913 3759 1122 3835 adhaeserant,
1139 3761 1303 3825 eiurarnnt

558 3860 588 3913 et
607 3849 788 3914 catholicam
803 3849 987 3929 religionem
1002 3850 1129 3929 professi
1143 3863 1227 3930 sunt,
1246 3855 1302 3916 im-

557 3949 675 4024 petrata
695 3960 711 4004 a
732 3946 870 4007 censuris
892 3944 1096 4019 absolutione,
1113 3949 1302 4028 caeterisque

558 4037 703 4100 omnibus
724 4037 773 4114 pie
793 4045 959 4116 sancteque
980 4038 1122 4116 expletis,
1138 4056 1218 4118 quae
1234 4059 1301 4121 per-

557 4132 674 4209 agenda
694 4131 731 4194 ab
753 4131 788 4192 iis
810 4141 908 4194 erant.
933 4131 1060 4208 ligimus
1087 4133 1185 4210 igitur
1206 4137 1302 4197 maxi·

557 4240 623 4288 mas
644 4226 705 4287 Deo
727 4225 854 4304 eiusque
876 4225 938 4287 filio
956 4226 1023 4287 lesu
1040 4225 1162 4290 Christo
1178 4228 1301 4304 gratias,

558 4334 625 4382 eam
654 4318 749 4380 etiam
770 4319 808 4379 ob
828 4333 960 4392 causam,
989 4320 1071 4397 quod
1101 4319 1198 4383 fausta
1228 4322 1302 4385 haec

558 4411 645 4474 initia
675 4411 823 4473 maiorem
845 4411 877 4472 in
899 4410 962 4472 dies
989 4411 1150 4490 religionis
1177 4415 1303 4477 catholi-

557 4520 609 4567 cae
638 4502 817 4566 felicitatem
848 4512 878 4566 et
909 4517 1087 4583 progressus
1117 4508 1301 4583 protendere

557 4598 726 4661 videretur.

373 4703 538 4768 oouqrmauc
597 4692 666 4768 §b
690 4693 730 4756 Ut
751 4701 855 4756 autem
878 4693 965 4754 ilrma
986 4709 1020 4754 ac
1039 4691 1158 4754 stabilia
1186 4703 1300 4771 essent,

327 4757 540 4870 ξξῖπὲὲιῗεριῖῧῖ
558 4803 635 4867 quae
657 4793 719 4848 tam
741 4786 871 4849 feliciter
887 4785 1026 4848 inchoata
1040 4793 1127 4860 suot,
1144 4794 1240 4866 utque
1254 4803 1300 4849 se-

327 4864 426 4912 ΜΒΝ·
556 4881 712 4943 renissimi
735 4879 891 4959 principis,
906 4881 970 4942 imo
984 4879 1045 4941 iam
1061 4877 1251 4942 dilectissimi
1267 4882 1299 4944 in

558 4973 679 5039 Christo
703 4973 757 5036 filii
778 4975 875 5036 nostri
900 4973 1086 5038 ferdinandi
1108 4973 1204 5048 ducis,
1221 4975 1301 5036 votis

557 5068 810 5144 satisfaceremus,
823 5075 853 5130 et
867 5069 1112 5146 significaremus
1127 5087 1219 5149 qnam
1233 5086 1300 5148 gra·

557 5169 586 5226 ta
606 5162 694 5224 nobis
715 5161 832 5225 fuerint
846 5179 925 5241 qnae
939 5173 1125 5239 evenerunt,
1142 5168 1215 5226 haec
1228 5181 1301 5228 con-

556 5255 663 5320 stituta
679 5265 765 5332 sunt,
780 5272 859 5336 qnae
872 5272 946 5318 mox
960 5257 1161 5319 indicabimus
1176 5265 1207 5319 et
1222 5274 1300 5336 quae

556 5350 716 5414 scribenda
737 5349 772 5412 ad
786 5357 818 5412 te
833 5361 898 5412 esse
911 5350 1100 5427 censuimus,
1117 5351 1301 5414 venerabilis

556 5444 661 5523 frater,
684 5443 765 5524 quod
788 5462 851 5508 non
872 5447 986 5522 exigua
1007 5446 1038 5507 in
1060 5445 1096 5507 iis
1111 5447 1300 5526 exequendis

556 5556 624 5618 pars
646 5539 702 5600 tibi
724 5539 838 5602 tributa
858 5557 874 5600 a
895 5540 984 5602 nobis
1005 5540 1055 5600 sit.
1073 5539 1177 5618 ltaque
1192 5556 1300 5619 appro-

556 5634 681 5708 bamus,
713 5633 776 5695 imo
811 5633 1015 5696 vehementer
1046 5636 1300 5699 commendamus

557 5728 721 5791 consilium
748 5729 937 5791 extruendae
964 5727 1108 5790 ecclesiae
1134 5728 1300 5792 catholicae

556 5823 588 5884 in
610 5821 686 5884 urbe
709 5821 884 5897 Coethensi,
907 5838 940 5883 ac
961 5823 1100 5885 studium
1125 5831 1156 5884 et
1178 5823 1299 5901 largita·

557 5926 621 5981 tem
643 5931 735 5997 quam
764 5931 831 5978 eam
852 5916 885 5977 in
906 5931 974 5978 rem
1002 5917 1216 5981 ferdinandus
1237 5921 1299 5984 dux

1090 545 1153 591 ibit.
1176 543 1268 590 PONT·
1292 542 1332 588 DE
1353 543 1382 587 Ρ.
1406 543 1435 587 tf.
1460 543 1541 589 PARS
1563 544 1584 588 l.

2143 526 2196 582 An.
2208 533 2234 587 il.
2250 537 2301 594 itas

1364 848 1458 911 chum
1470 853 1720 930 sustentandum,
1731 868 1865 932 quorum
1877 853 2115 934 redditusquot-

1364 943 1452 1004 annis
1467 945 1701 1022 quadringentis
1717 947 1855 1009 nummis
1866 949 1990 1011 scutatis
2001 965 2114 1028 aequa-

1365 1035 1407 1097 les
1421 1035 1494 1098 sint.
1509 1037 1551 1098 Ea
1566 1035 1763 1102 ecclesiabeo
1778 1037 1929 1103 dicabitur
1944 1041 1976 1103 in
1992 1043 2115 1106 honore

1364 1129 1508 1208 iteiparae
1530 1129 1668 1207 virginis
1689 1132 1795 1194 matris
1822 1139 1945 1196 nostae
1965 1137 2114 1198 amantis-

1363 1221 1469 1297 simae,
1498 1229 1590 1300 atque
1616 1224 1756 1287 eiusdem
1784 1225 1915 1303 virginis
1942 1226 2113 1305 imaginem

1364 1312 1449 1375 inea
1469 1314 1593 1378 ecclesia
1614 1317 1753 1379 fidelium
1774 1319 1880 1395 pietati
1895 1323 2114 1398 exponendam

1363 1405 1444 1469 dono
1460 1407 1602 1471 misimus
1619 1409 1731 1472 affabre
1745 1426 1919 1489 expressam
1935 1431 1974 1476 ex
1988 1414 2116 1494 elegan-

1365 1500 1479 1562 tissima
1501 1502 1603 1564 tabula
1625 1503 1785 1581 Raphaelis
1810 1505 1926 1570 Sanctii
1954 1508 2114 1572 Urbinatis

1365 1595 1517 1672 pictorum
1537 1597 1626 1660 facile
1644 1598 1803 1678 principis,
1819 1617 1897 1680 qnae
1911 1617 2022 1679 paucos
2036 1611 2115 1667 ante

1362 1704 1459 1751 annos
1481 1691 1512 1753 in
1529 1691 1705 1755 Vaticanum
1720 1693 1949 1771 pinacothecam
1966 1698 2114 1761 translata

1364 1788 1421 1856 est,
1443 1799 1517 1844 com
1537 1791 1625 1848 antea
1647 1787 1678 1848 in
1701 1787 1810 1867 oppido
1837 1791 1994 1868 fulginati
2016 1802 2111 1870 esset,

1362 1875 1443 1952 quod
1466 1875 1583 1939 ditione
1615 1889 1718 1940 nostra
1747 1883 1938 1960 continetur,
1961 1892 1991 1948 et
2012 1886 2113 1949 Roma

1363 1967 1415 2028 vix
1437 1978 1565 2032 centum
1588 1972 1673 2034 mille
1689 1974 1823 2051 passibus
1838 1977 1940 2039 distat.
1958 1979 1999 2040 Ea
2013 1979 2113 2042 eccle·

1361 2059 1404 2121 sia
1419 2062 1577 2139 parochiae
1593 2065 1757 2128 catholicae
1772 2067 1921 2144 dignitate
1934 2079 1966 2132 et
1981 2073 2113 2135 nomine

1362 2155 1509 2231 potietur,
1531 2165 1625 2235 atque
1645 2159 1678 2221 in
1700 2175 1767 2222 eam
1795 2163 1985 2226 convenient
2008 2168 2114 2228 catho-

1364 2247 1424 2324 lici,
1447 2253 1481 2311 ut
1501 2267 1587 2328 quae¹
1602 2252 1760 2328 religionis
1781 2261 1854 2316 sunt
1875 2253 1984 2334 officia,
2004 2265 2113 2320 sancte

1362 2325 1398 2403 et'
1415 2342 1510 2404 iibere
1529 2343 1656 2421 explere
1678 2348 1804 2422 possint.

1401 2435 1468 2510 §d
1493 2434 1556 2498 Nec
1578 2453 1651 2500 vero
1674 2440 1747 2502 haec
1769 2441 1894 2505 ecclesia
1913 2444 1970 2507 ulli
1986 2445 2111 2524 Episoo·
2163 2457 2261 2504 nectara
2278 2461 2319 2508 m-

1362 2544 1411 2606 po,
1434 2529 1487 2606 qui
1507 2539 1594 2592 extra
1615 2530 1760 2594 ducatum
1783 2535 1987 2598 Coetheusem
2006 2555 2109 2602 more-
2129 2510 2318 2614 ffiffdlffluliilj

1363 2628 1424 2696 tur,
1447 2621 1498 2683 sed
1521 2623 1699 2688 immediate
1721 2628 1808 2690 nobis
1836 2639 1867 2692 et
1894 2639 2016 2695 sanctae
2033 2633 2110 2698 huic
2130 2617 2156 2663 ¹¹¹
2172 2619 2298 2668 ⁸⁸¹³¹¹⁰³¹¹¹⁵

1361 2712 1432 2777 Sedi
1453 2717 1643 2794 spostolicae
1672 2720 1863 2786 subiicietur.
1889 2725 1928 2788 tlt
1958 2728 2110 2805 qnoniam

1361 2823 1417 2870 nos
1439 2806 1531 2886 longe
1550 2811 1708 2889 absumus,
1732 2825 1892 2894 propterea
1909 2821 2110 2884 decernimus

1362 2908 1396 2962 ut
1419 2903 1539 2966 invice
1561 2911 1662 2966 nostra
1682 2906 1716 2968 in
1738 2908 1816 2970 urbe
1836 2919 1868 2974 et
1888 2913 1999 2976 ducatu
2030 2916 2108 2978 Coe-

1361 2994 1465 3057 thensi
1495 2995 1644 3074 fungaris,
1667 3003 1870 3066 concedentes
1899 3006 1953 3068 tibi
1974 3010 2110 3071 auctori-

1362 3098 1422 3150 tate
1442 3090 1605 3169 apostolica
1625 3100 1660 3157 ut
1681 3111 1715 3157 ea
1731 3096 1763 3158 in
1780 3099 1855 3162 urbe
1869 3107 1901 3162 et
1914 3103 2025 3163 ducatu
2042 3109 2108 3164 uta·

1360 3181 1402 3243 ris
1424 3181 1616 3248 facultatibus
1637 3186 1674 3248 iis
1695 3190 1850 3267 omnibus,
1873 3193 1985 3271 quibus
2007 3195 2108 3258 veluti

1361 3273 1500 3339 llicarins
1514 3277 1705 3356 Apostolicus
1724 3284 1755 3346 in
1771 3283 1901 3348 Saxonia
1917 3289 2045 3352 donatus
2060 3305 2105 3351 es.

1360 3369 1463 3432 Tuum
1484 3373 1544 3434 erit
1565 3377 1725 3453 praecipue
1752 3379 1911 3456 parochiae
1938 3383 2108 3449 Goethensi

1359 3471 1548 3534 sacerdotem
1574 3472 1671 3552 pium,
1701 3477 1888 3552 prudentem
1915 3476 2108 3562 doctumque

1359 3565 1531 3642 designare,
1555 3567 1722 3644 praeficere
1741 3576 1773 3631 et
1795 3570 1971 3648 instituere,
1987 3575 2040 3653 qui
2056 3591 2108 3653 pa-

1358 3659 1444 3719 rochi
1466 3674 1581 3720 munus
1604 3661 1663 3721 rite
1683 3668 1828 3742 recteque
1852 3664 1939 3726 obire
1954 3668 2060 3745 possit,
2078 3670 2107 3732 ei

1359 3749 1546 3813 conferendo
1571 3751 1728 3815 facultates
1755 3757 1879 3818 muneri
1900 3756 1944 3820 iili
1967 3776 2107 3824 necessa-

1359 3846 1428 3906 rias.

1398 3941 1417 4014 5
1436 3940 1465 4002 6.
1483 3939 1634 4014 Quoniam
1650 3957 1724 4003 vero
1740 3943 1876 4005 multum
1888 3945 2037 4010 interesse
2048 3965 2106 4028 pu·
2145 3965 2271 4030 paparano
2282 3974 2315 4021 pa-

1359 4039 1459 4095 tamus
1481 4049 1589 4096 omnes
1610 4035 1798 4113 intelligere,
1822 4053 1966 4115 magnam
1990 4057 2045 4104 nos
2067 4047 2108 4108 de
2126 4021 2204 4068 Μ’

1359 4147 1438 4192 nova
1459 4131 1515 4194 hac
1537 4133 1674 4209 parochia
1697 4149 1801 4196 curam
1818 4142 1849 4196 et
1862 4137 2107 4203 sollicitudinem

1359 4241 1480 4302 gerere,
1503 4226 1659 4289 voluimus
1681 4243 1736 4290 nos
1758 4228 1813 4306 ipsi
1841 4230 1941 4308 prima
1962 4232 2017 4294 hac
2038 4234 2107 4299 vice

1358 4321 1526 4398 parochum
1548 4320 1708 4396 designare
1729 4338 1762 4383 ac
1783 4323 2013 4400 designavimus
2031 4329 2108 4392 dile-

1358 4423 1444 4477 ctum
1464 4430 1575 4493 nempe
1597 4415 1697 4478 filium
1719 4416 1751 4477 P.
1770 4418 1864 4481 Bechs
1886 4422 2105 4502 presbyterum

1358 4526 1396 4572 ex
1418 4509 1568 4572 societate
1590 4508 1656 4572 iesu
1687 4510 1836 4574 hactenus
1858 4515 1935 4577 iuris
1965 4519 2105 4580 canonici

1358 4599 1563 4680 professorem
1577 4600 1609 4662 in
1626 4601 1791 4664 seminario
1806 4603 2053 4684 iiildesemiensi,
2066 4611 2105 4671 de

1357 4693 1443 4755 ouius
1466 4693 1588 4772 pietate,
1613 4695 1751 4758 doctrina
1777 4704 1806 4758 et
1829 4698 1989 4775 prudentia
2017 4716 2104 4778 prae·

1357 4786 1436 4848 clara
1457 4789 1631 4866 accepimus
1647 4789 1833 4851 testimonia.
1852 4793 1939 4855 Hunc
1956 4802 1988 4856 tu
2005 4794 2036 4856 in
2052 4810 2102 4872 pa-

1357 4881 1460 4943 rochia
1482 4881 1646 4944 Coethensi
1670 4883 1837 4959 parochum
1858 4887 1918 4947 rite
1945 4887 2101 4951 institues.

1358 4973 1436 5036 llaec
1466 4980 1550 5051 sunt,
1579 4991 1656 5054 quae
1685 4979 1941 5041 communicanda
1963 4989 1994 5042 et
2017 4997 2102 5044 man·

1357 5066 1453 5131 danda
1476 5067 1540 5143 tibi,
1558 5069 1745 5132 venerabilis
1760 5069 1865 5145 frater,
1881 5088 1895 5132 a
1911 5074 1999 5135 nobis
2015 5084 2103 5139 erant

1357 5162 1394 5224 de
1416 5163 1597 5238 gravissimo
1619 5163 1676 5226 hoc
1690 5164 1824 5242 negotio.
1843 5164 1911 5227 Non
1927 5165 2102 5233 dubitamus

1356 5258 1434 5334 quin
1456 5263 1490 5320 tu
1511 5272 1567 5334 pro
1597 5266 1646 5320 tua
1677 5261 1790 5336 pietate
1818 5267 1849 5322 et
1870 5260 1915 5322 rei
1936 5260 2102 5325 catholicae

1356 5352 1515 5430 augendae
1535 5349 1647 5428 studio,
1664 5351 1899 5430 diligentissime
1914 5369 2020 5417 omnes
2035 5371 2103 5418 mu·

1357 5447 1440 5508 neris
1463 5447 1517 5510 tibi
1538 5447 1694 5510 commissi
1715 5455 1817 5526 partes
1841 5450 1882 5511 sis
1904 5450 2099 5529 impleturus.

1357 5541 2099 5621 Eritnobispergratum‚tibiqueamplissimum,

1357 5643 1398 5710 et,
1415 5635 1495 5713 quod
1517 5643 1606 5711 caput
1627 5641 1684 5711 est,
1701 5635 1763 5699 [leo
1778 5643 1808 5696 et
1824 5636 1981 5698 Servatori
1995 5644 2101 5699 nostro

1356 5729 1611 5808 acceptissimum,
1626 5737 1753 5798 excitari
1777 5746 1827 5800 tua
1846 5755 1938 5817 opera
1952 5741 1985 5802 iu
2000 5757 2033 5801 ea
2050 5759 2100 5804 ur·

1356 5823 1393 5884 be
1414 5831 1444 5886 et
1465 5825 1576 5888 ducatu
1599 5825 1782 5906 religionem
1808 5832 2046 5895 intermortuam
2070 5842 2101 5897 et

1354 5915 1419 5978 fere
1440 5919 1621 5994 extinctam,
1645 5939 1677 5984 ac
1699 5921 1813 5986 imitari
1837 5935 1866 5988 te
1887 5926 2101 6005 exemplatio
