4740 6962
314 567 368 623 Aa.
383 573 412 624 o.
435 571 508 624 ιιιι
553 561 613 625 200

535 696 576 763 Ειι
598 695 749 762 audientia
774 695 958 764 sanctissimi
981 693 1086 761 domini
1109 690 1205 758 nostri
1228 689 1278 756 do·

574 783 1277 872 mmmmmhffimwafflmw

575 878 1278 969 immmfflmmmmmm

575 977 771 1063 propaganda
802 978 882 1056 fide,
912 974 1118 1043 secretarium
1149 972 1279 1057 Stepha-

575 1088 640 1139 num
661 1071 780 1157 Bongia,
802 1071 849 1138 die
875 1089 952 1134 xxvi.
970 1070 1066 1138 martii
1089 1085 1275 1132 uoccnrxn.

573 1261 720 1326 inclitum
752 1261 784 1326 S·.
817 1261 920 1325 Basilii
951 1260 1052 1337 Magni
1085 1258 1278 1332 institutum,

534 1355 614 1434 quod
636 1356 824 1434 profitentur
851 1353 994 1416 monachi
1021 1349 1281 1416 Graeco-bleichf-

536 1455 583 1509 tae
604 1447 855 1524 congregationis
884 1445 1074 1510 sanctissimi
1099 1441 1279 1516 Salvatoris,

535 1557 706 1618 eorumque
736 1541 823 1618 pium
845 1541 877 1602 in
900 1539 1069 1603 virtutibus
1099 1534 1280 1616 proficiendi

534 1633 685 1709 studium,
708 1639 739 1696 et
760 1649 833 1710 erga
864 1648 1043 1712 supremam
1072 1629 1176 1694 Sancti
1199 1627 1280 1690 Petri

535 1726 684 1804 Principis
706 1727 924 1806 Apostolorum
944 1726 1121 1788 cathedram
1143 1724 1279 1796 devotio,

535 1818 691 1897 postulare
713 1819 870 1893 videntur,
894 1826 928 1881 ut
950 1817 1081 1880 Romani
1103 1815 1280 1888 Pontifices,

535 1911 618 1973 illius
632 1927 822 1976 successores
836 1919 867 1974 ιι
883 1911 1039 1990 potestatis
1054 1911 1192 1984 heredes,
1205 1909 1281 1986 ipso-

535 2021 603 2066 rum
627 2006 767 2082 precibus
784 2021 817 2067 se
831 2004 932 2067 faciles
948 2004 1126 2083 praebeant:
1144 2018 1281 2081 praeser-

535 2097 593 2159 tim
614 2112 686 2160 cum
708 2115 754 2174 ea,
777 2114 855 2176 quae
880 2102 1062 2176 exposcunt,
1084 2096 1138 2158 llei
1160 2095 1281 2158 cultum

536 2199 566 2252 ιι
587 2190 763 2252 animarum
785 2191 948 2269 respiciant
969 2191 1114 2253 salutem.
1133 2189 1212 2251 Cum
1228 2187 1282 2248 ita·

536 2298 597 2362 que
617 2284 807 2346 reverendus
837 2292 924 2362 pater
951 2283 1137 2346 Athanasius
1165 2279 1282 2343 Debbas

534 2374 688 2454 praelatae
708 2378 955 2454 congregationis
972 2375 1124 2453 generalis
1138 2390 1282 2454 procura-

536 2476 585 2529 tor
604 2469 796 2531 sanctissimo
810 2469 937 2531 domino
952 2477 1058 2534 nostro
1073 2468 1200 2532 domino
1215 2467 1281 2531 Cie-

535 2561 634 2621 menti
655 2560 759 2623 divina
781 2563 975 2640 providentia
995 2563 1050 2624 PP.
1069 2559 1149 2626 XlV.
1167 2560 1281 2624 humil·

537 2653 609 2715 lime
623 2654 854 2732 supplicaverit,
872 2662 906 2717 ut
922 2656 1093 2734 Apostolica
1109 2653 1202 2717 Sedes
1216 2671 1283 2716 mo-

536 2747 641 2808 nachis
661 2754 692 2808 et
712 2749 900 2811 monialibus
915 2749 1053 2811 eiusdem
1069 2749 1282 2826 congregatio·

536 2841 596 2914 nis,
619 2857 676 2902 nec
697 2856 761 2903 non
783 2841 937 2904 universis
959 2841 1219 2906 christifidelibus
1238 2841 1282 2902 vi-

534 2933 699 3008 sitantibus
726 2934 879 3010 ecclesias,
902 2935 1054 3017 cappellas'
1072 2953 1127 3000 seu
1149 2938 1281 3000 oratoria

535 3026 577 3104 ad
592 3025 718 3088 eosdem
735 3027 900 3090 monachos
914 3036 946 3090 ιι
960 3029 1109 3092 moniales
1123 3031 1283 3110 pertinen-

536 3119 589 3195 tia,
612 3119 778 3182 nounnllas
800 3120 1010 3198 indulgentias
1032 3129 1100 3184 tum
1115 3125 1279 3202 plenarias,

536 3220 604 3275 tum
626 3213 767 3291 partiales
788 3229 843 3292 pro
871 3215 1053 3292 quibusdam
1081 3217 1188 3281 diebus
1210 3234 1282 3282 con·

535 3304 1281 3392 mwwmmwfflmfflffimmwe

537 3399 639 3460 titioui
671 3399 806 3476 benigne
836 3404 1039 3465 annuendum
1067 3407 1203 3482 censuit,
1237 3407 1282 3469 iu·

535 3493 707 3570 irascriptas
728 3493 941 3570 indulgentias
963 3499 1119 3576 perpetuis
1140 3500 1281 3566 valituris

537 3585 729 3663 temporibus
749 3586 903 3663 elargiens
925 3591 1026 3665 modo,
1042 3607 1104 3670 quo
1121 3595 1279 3672 sequitur:

577 3679 624 3741 Er
645 3677 746 3756 primo
767 3679 893 3756 quidem
919 3685 1065 3747 omnibus
1093 3694 1138 3768 et,
1151 3688 1282 3766 singulis

536 3771 700 3849 utriusque
719 3788 812 3835 senus
837 3773 1096 3843 christifidelibus
1117 3797 1191 3844 vere
1213 3799 1283 3861 poe·

537 3865 709 3928 nitentibus
730 3867 877 3930 confessis
898 3877 929 3932 et
949 3887 1031 3932 sacra
1053 3874 1282 3938 communione

535 3958 669 4033 refectis,
692 3959 803 4022 devote
824 3962 1023 4026 visitantibus
1044 3965 1197 4043 ecclesias,
1216 3985 1282 4047 cap·

536 4050 631 4128 pellas
651 4069 706 4115 seu
728 4053 860 4116 oratoria
883 4065 917 4118 ut
937 4072 1041 4136 supra,
1057 4065 1121 4120 tam
1136 4060 1282 4124 hactenus

536 4153 648 4220 erecta,
671 4162 765 4225 quam
792 4147 995 4226 imposterum
1023 4151 1283 4234 quandocumque

536 4246 568 4299 ιι
590 4237 778 4318 ubicumque
796 4242 954 4318 erigenda,
971 4243 1075 4324 ibique
1091 4262 1145 4325 per
1160 4249 1282 4328 aliquod

537 4331 685 4410 temporis
706 4335 839 4410 spatium
863 4350 916 4413 pro
939 4337 1114 4401 infidelium
1132 4347 1163 4402 et
1178 4341 1284 4404 haere-

538 4424 668 4487 ticorum
678 4485 679 4488 ,
690 4429 905 4504 conversione,
921 4439 952 4491 et
967 4431 1093 4493 Sanctae
1109 4432 1212 4495 llatris
1228 4434 1283 4496 lle-

536 4517 645 4579 clesiae
666 4518 854 4582 exaltatione
868 4522 990 4584 sincero
1005 4525 1094 4585 corde
1109 4526 1281 4604 orantibus,

537 4609 709 4688 plenariam
724 4612 952 4689 indulgentiam
968 4617 1001 4677 iu
1013 4615 1210 4697 infrascriptis
1222 4621 1283 4684 die·

537 4704 593 4766 bus
614 4704 856 4769 misericorditer
877 4709 1034 4771 concedit:

578 4816 600 4860 ι.
624 4799 658 4860 ln
680 4797 899 4862 festivitatibus
928 4801 1009 4863 tituli
1038 4805 1283 4886 uniuscuiusque

537 4909 575 4955 ιι
597 4892 759 4971 praedictis
789 4893 934 4970 ecclesiis,
965 4897 1111 4974 cappellis
1140 4916 1193 4963 seo
1218 4919 1285 4964 ora-

539 4988 639 5064 toriis,

577 5099 613 5142 ιι.
630 5083 665 5143 ln
681 5081 850 5160 Epiphania
867 5083 922 5146 lini
939 5086 1036 5146 nostri
1051 5087 1119 5150 lesu
1135 5088 1261 5164 Christi,

577 5191 625 5235 ιιι.
650 5175 684 5236 ln
706 5177 926 5253 assumptione
953 5178 985 5240 in
1007 5180 1127 5242 caelum
1156 5179 1284 5244 Sanctae

537 5267 648 5330 Mariae
670 5268 819 5345 Virginis,

577 5377 618 5422 ιι.
643 5362 676 5423 ln
697 5360 775 5424 festo
798 5363 981 5426 Sanctorum
996 5365 1214 5442 Apostolorum
1231 5371 1283 5430 Pe-

539 5453 579 5513 tri
600 5462 631 5514 et
653 5454 748 5530 Pauli,

579 5563 607 5606 v.
631 5547 708 5608 item
730 5548 834 5611 Sancti
856 5549 957 5613 Basilii
980 5553 1094 5631 llagni,

578 5657 620 5700 vr.
647 5640 685 5701 Et
707 5642 739 5702 in
761 5643 799 5704 iis
814 5644 933 5722 diebus,
950 5648 982 5708 in
998 5649 1111 5725 quibus
1126 5648 1282 5712 occasione

538 5732 686 5796 orationis
716 5737 918 5814 quadraginta
948 5741 997 5801 vel
1033 5740 1283 5820 vigintiquatuor

537 5826 685 5889 horarum
708 5829 738 5890 in
763 5835 943 5895 memoratis
971 5835 1116 5909 ecclesiis,
1139 5836 1283 5914 cappellis

537 5935 594 5982 seu
615 5923 754 6012 oratoriis
776 5925 915 6003 publicae
936 5927 1129 5990 venerationi
1151 5929 1211 5990 erit
1231 5945 1284 5991 en-

1059 575 1121 620 ltilt.
1148 574 1239 618 honr.
1262 571 1303 616 DE
1325 571 1355 616 1¹·
1378 570 1406 616 12.
1432 570 1514 614 PARS
1536 569 1556 612 l.

1335 691 1468 768 positum
1491 685 1725 752 Sanctissimum
1748 681 1960 748 Eucharistiae
1982 679 2084 742 Sacra-

1335 790 1489 845 mentum.

1375 875 1523 938 Concedit
1545 875 1671 952 insuper
1692 872 1810 935 eisdem
1826 866 2085 932 christifidelibus

1336 971 1426 1032 corde
1457 968 1567 1031 saltem
1597 966 1756 1039 contritis,
1788 979 1887 1025 sacras
1917 959 2085 1040 praedictas

1336 1063 1424 1125 aedes
1440 1061 1646 1134 visitantibus,
1660 1057 1886 1134 indulgentiam
1900 1061 2020 1133 septem
2032 1068 2084 1113 an-

1337 1170 1450 1218 norum
1473 1161 1503 1216 ιι
1526 1153 1655 1216 totidem
1677 1152 1963 1230 quadragenarum:

1378 1265 1399 1310 ι.
1425 1249 1458 1310 ln
1481 1247 1627 1309 omnibus
1649 1242 1868 1307 festivitatibus
1888 1240 2011 1303 Domini
2025 1238 2085 1302 Nu·

1337 1343 1393 1404 stri
1415 1341 1482 1402 lesu
1505 1338 1631 1415 Christi,

1378 1450 1413 1495 ιι.
1437 1433 1546 1494 Βιιιιι
1568 1431 1679 1494 Μιιιιι
1700 1428 1850 1507 Virginis,

1378 1543 1426 1590 ιιι.
1451 1527 1653 1589 Exaltationis
1674 1525 1804 1588 Sanctae
1826 1522 1944 1598 Crucis,

1378 1639 1421 1685 ιι.
1444 1619 1619 1684 Nativitatis
1641 1618 1746 1683 Sancti
1760 1615 1904 1679 iohannis
1919 1616 2084 1693 baptistae,

1378 1733 1406 1778 ι.
1430 1714 1582 1779 Similiter
1603 1713 1637 1774 in
1659 1712 1738 1776 festo
1758 1710 1861 1775 Sancti
1877 1707 1997 1788 losephi
2013 1710 2085 1771 Bea-

1339 1819 1386 1872 ιιι
1408 1809 1519 1870 Μιιιιι
1542 1806 1680 1884 Virginis
1700 1805 1824 1884 Sponsi,

1379 1920 1420 1966 ιι.
1446 1903 1630 1966 Sanctorum
1653 1898 1883 1979 Apostolorum,

1378 2012 1434 2057 ιιι.
1459 1993 1563 2056 Sancti
1586 1991 1715 2056 Antonii
1736 1990 1873 2065 Abbatis,

1379 2104 1448 2149 ιιιι.
1473 2086 1578 2149 Sancti
1598 2083 1741 2160 Gregorii
1762 2081 1963 2160 Nazianzeni,

1379 2195 1424 2242 ιιι.
1449 2179 1553 2244 Sancti
1568 2177 1685 2240 Nicolai
1699 2175 1861 2254 Myrensis,
1876 2186 2085 2254 cognomento

1339 2273 1593 2348 Thaumaturgi,'

1379 2381 1410 2427 x.
1435 2365 1573 2430 Tandem
1594 2365 1777 2429 Sanctarum
1796 2365 1948 2428 Macrinae
1963 2373 2030 2429 tum
2047 2367 2085 2428 A·

1339 2460 1417 2535 viae,
1442 2465 1508 2522 tum
1530 2457 1649 2522 Sororis
1669 2458 1772 2522 Sancti
1794 2459 1898 2522 Basilii
1919 2459 2035 2537 llagui.

1378 2553 1503 2615 Praeter
1524 2553 1577 2614 has
1598 2568 1709 2615 omnes
1723 2560 1753 2614 et
1767 2550 1904 2630 singulas
1919 2552 2085 2629 induigen-

1338 2647 1394 2707 tias
1409 2645 1567 2707 monachis
1588 2653 1620 2708 et
1641 2642 1829 2708 monialibus
1843 2645 2006 2723 praedictis
2022 2646 2085 2724 ple

1339 2739 1458 2800 nariam
1489 2737 1671 2815 impertitur
1701 2736 1930 2813 indulgentiam
1959 2738 1990 2799 ιιι
2022 2739 2084 2813 die,

1338 2847 1398 2909 qua
1419 2829 1519 2908 primo
1540 2830 1723 2907 religiosum
1749 2831 1890 2892 habitum
1911 2831 1943 2893 in
1967 2845 2084 2893 memo-

1338 2929 1404 2986 rato
1424 2925 1568 2987 instituto
1598 2925 1741 2999 induent,
1768 2925 1800 2987 in
1821 2923 1882 3000 die,
1911 2941 1971 3003 qua
1994 2925 2026 2987 in
2048 2941 2084 2988 eo

1338 3017 1561 3097 professionem
1585 3018 1759 3082 solemnem
1781 3019 1938 3094 emittent,
1961 3028 2085 3084 etcum

1337 3125 1393 3188 per
1414 3113 1520 3174 decem
1542 3111 1590 3172 vel
1612 3112 1722 3174 saltem
1744 3120 1812 3174 octo
1834 3113 1898 3175 dies
1919 3113 2084 3191 spirituali·

1338 3205 1395 3267 bus
1415 3203 1570 3268 exercitiis
1598 3205 1761 3280 vacabunt,
1791 3206 1960 3269 dummodo
1982 3214 2085 3272 tamen

1339 3297 1370 3360 in
1390 3298 1429 3359 iis
1449 3297 1568 3374 diebus,
1600 3297 1765 3375 praemissa
1797 3306 1992 3377 peccatorum
2014 3318 2085 3363 exo·

1339 3391 1489 3468 molegesi
1515 3398 1546 3454 et
1565 3409 1648 3456 sacra
1679 3391 1924 3470 Communione‚
1956 3411 2085 3459 suorum

1337 3487 1508 3565 respective
1524 3486 1785 3548 monasteriorum
1800 3487 1952 3565 ecclesias,
1967 3491 2085 3568 cappel·
2112 3481 2114 3488 ’

1337 3580 1380 3643 las
1400 3597 1456 3643 sen
1478 3579 1610 3642 oratoria
1632 3581 1743 3642 devote
1764 3580 1972 3658 visitaverint,
1996 3593 2027 3648 ιι
2048 3587 2084 3650 ad

1339 3675 1438 3736 ileum
1469 3689 1574 3752 preces
1604 3672 1784 3748 effuderint,
1807 3689 1870 3736 non
1903 3683 2025 3741 tantum
2046 3694 2085 3742 ex

1339 3767 1451 3831 caussis
1481 3765 1623 3843 superius
1656 3767 1813 3843 expositis,
1835 3769 1888 3830 sed
1919 3769 2027 3846 etiam,
2050 3779 2085 3834 ut

1339 3863 1403 3939 ipse
1423 3859 1569 3938 spiritum
1597 3858 1767 3922 fundatoris
1789 3860 1821 3921 in
1845 3859 1952 3924 inclito
1973 3863 2087 3928 Ordine

1340 3955 1443 4019 Sancti
1464 3953 1567 4017 Basilii
1590 3952 1693 4029 llagni
1720 3953 1908 4016 Graecorum
1929 3955 2086 4020 Melchita·

1340 4066 1411 4112 rum
1442 4046 1636 4121 conservari,
1670 4053 1701 4108 et
1732 4045 1825 4107 latius
1856 4047 1987 4111 diffundi
2019 4066 2086 4130 per·

1340 4144 1455 4206 mittat.

1379 4243 1476 4318 Quam
1508 4239 1679 4318 plenariam
1711 4239 1938 4316 indulgentiam
1968 4241 2086 4307 eisdem

1341 4335 1498 4399 monachis
1519 4339 1549 4396 ιι
1570 4332 1756 4396 monialibus
1773 4333 1960 4414 subscriptas
1982 4337 2087 4400 condi-

1340 4431 1440 4491 tiones
1461 4426 1700 4505 adimplentibus
1721 4427 1815 4488 eliam
1838 4426 2003 4504 elargitur:

1380 4541 1401 4587 ι.
1426 4525 1461 4585 ιιι
1483 4521 1663 4596 Νιιιιιιιιι,
1685 4520 1829 4583 Paschate
1850 4529 1880 4582 et
1899 4523 2086 4587 Ascensione

1340 4617 1464 4682 ltomini
1486 4615 1592 4678 Nostri
1613 4615 1679 4676 lesu
1702 4614 1829 4690 Christi,

1381 4729 1416 4775 ιι.
1441 4713 1473 4772 ln
1496 4709 1653 4771 Dominica
1676 4709 1882 4786 Pentecostes,

1380 4824 1429 4871 ιιι.
1453 4809 1487 4870 ln
1516 4803 1735 4867 festivitatibus
1764 4805 2002 4880 Purificationis,
2026 4810 2087 4870 An·

1340 4900 1549 4966 nunciationis
1579 4906 1610 4961 et
1632 4897 1806 4961 Nativitatis
1838 4901 1948 4963 Beatae
1978 4901 2086 4964 Mariae

1340 4995 1489 5071 Virginis,

1381 5106 1421 5150 vv.
1447 5086 1647 5149 Eraitationis
1669 5087 1799 5150 Sanctae
1821 5087 1940 5164 Crucis,

1379 5198 1410 5242 v.
1434 5179 1609 5242 Nativitatis
1630 5177 1731 5242 Sancti
1754 5181 1898 5243 iohannis
1925 5182 2085 5262 Baptistae,

1379 5291 1421 5336 vr.
1446 5274 1480 5335 ln
1503 5272 1580 5334 festo
1602 5273 1707 5337 Sancti
1733 5273 1853 5352 losephi
1875 5272 1986 5353 Sponsi
2008 5277 2085 5338 eius-

1340 5369 1410 5430 dem
1432 5367 1542 5429 Beatae
1562 5366 1674 5428 blaviae
1696 5365 1846 5444 Virginis,

1379 5476 1436 5523 ιιι.
1460 5460 1642 5525 Sanctorum
1664 5460 1805 5536 Gregorii
1828 5459 2028 5541 Nazianzeni,

1379 5570 1448 5616 vur.
1473 5553 1642 5628 Athanasii,

1381 5663 1424 5709 vx.
1450 5648 1592 5709 lobannis
1615 5646 1838 5724 chrysostomi,

1380 5758 1410 5803 x.
1435 5741 1578 5804 iohannis
1599 5741 1788 5816 Damasceni,

1380 5852 1424 5896 ιιι.
1448 5835 1576 5897 Antonii
1598 5835 1735 5911 nubatis,

1381 5944 1437 5991 xm.
1463 5927 1578 5990 Nicolai
1600 5928 1762 6006 llyrensis,

2114 545 2169 598 An.
2183 547 2215 598 0.
2238 545 2310 596 1773
