4750 6980
988 586 1058 630 nius
1079 584 1129 629 oo.
1154 585 1209 629 ιιι.
1795 565 1851 626 ιιι
1906 566 1959 616 Au.
1974 566 2004 619 o.
2027 564 2098 617 1803

313 701 450 778 pientes,
483 701 556 781 quid
589 703 764 765 animarum
795 703 937 764 omnium
969 700 1063 764 saluti
1122 703 1160 762 tis
1183 702 1364 780 propensius
1386 709 1572 774 annuentes,
1596 718 1629 763 ac
1648 702 1680 763 ιιι
1696 698 1874 778 praemissis

312 792 456 854 conterre
477 792 587 867 valeat,
611 795 724 856 mentis
742 803 865 856 nostrae
879 793 943 854 acie
956 793 1064 856 sedulo
1121 795 1266 856 omnihus
1286 795 1449 873 providere
1470 794 1622 869 volentes,
1646 803 1733 855 motu
1748 792 1874 870 proprio

314 885 508 947 considerare
531 901 693 963 nunquam
714 887 909 961 desistimus,
933 886 1063 962 ideoque
1122 892 1152 947 et
1180 903 1218 947 ex
1246 894 1327 948 certa
1358 887 1485 949 scientia
1516 895 1697 964 maturaque
1724 885 1874 947 delibera·

314 977 504 1040 dilectissimi
528 979 557 1040 in
575 979 697 1042 Christo
713 980 768 1041 lilii
784 980 882 1040 nostri
897 977 997 1042 Caroli
1013 978 1064 1040 lli·
1123 979 1206 1040 tione
1229 980 1355 1054 nostris,
1378 982 1478 1056 (ιειριε
1500 979 1684 1057 apostolicae
1716 979 1874 1057 potestatis

313 1071 491 1146 spaniarum
514 1073 595 1147 regis
616 1072 756 1134 catholici
781 1073 926 1151 piissimis
948 1073 1064 1134 deside·
1122 1070 1328 1148 plenitudine,
1352 1071 1386 1132 ad
1410 1072 1633 1149 omnipotentis
1668 1072 1719 1132 llei
1749 1071 1874 1132 laudern

313 1163 367 1224 riis
385 1157 642 1238 obsecundantes,
660 1175 694 1226 ut
708 1166 895 1228 orthodoxae
911 1165 980 1226 tadei
997 1181 1065 1241 pro·
1122 1172 1152 1224 et
1174 1163 1317 1239 gloriam,
1340 1181 1373 1226 ac
1395 1164 1463 1226 ddei
1487 1163 1653 1226 catholicae
1681 1163 1875 1242 propagatio-

314 1256 481 1332 pagationi,
507 1256 606 1334 ‹puoad
629 1258 712 1319 vires
737 1267 860 1320 nostrae
880 1265 1064 1335 suppetunt,
1092 1300 1094 1311 .
1123 1271 1195 1316 nem
1227 1257 1430 1334 praecipimus
1460 1263 1552 1334 atque
1582 1257 1759 1329 statuimus,
1782 1254 1873 1318 utin

314 1349 377 1410 lleo
397 1349 581 1426 opitulante,
602 1350 791 1425 consulatur,
809 1351 951 1412 muneris
966 1350 1065 1412 nostri
1121 1364 1216 1426 super
1237 1349 1389 1425 expressis
1411 1350 1485 1413 locis
1506 1349 1541 1410 ad
1564 1351 1718 1411 dioeceses
1739 1351 1778 1411 de
1792 1348 1874 1409 Plata

315 1440 1066 1518 esseducimuspostulationibushuiusmodicle·
1123 1440 1218 1515 vulgo
1242 1441 1394 1512 Charace,
1419 1442 1450 1504 S.
1471 1442 1569 1504 lacobi
1591 1442 1628 1504 de
1649 1441 1750 1514 Chile,
1773 1442 1874 1504 Tarou-

315 1541 440 1594 mentcr
461 1535 633 1610 indulgere.
1124 1549 1246 1594 manant
1262 1535 1345 1595 etde
1361 1533 1514 1612 hreqnipa
1530 1536 1701 1613 respective
1716 1534 1875 1610 pertinen·

84 1625 217 1682 expositio
237 1637 297 1685 pre·

70 1689 135 1726 cum.

355 1626 374 1700 ἓ
394 1626 423 1687 2.
441 1626 521 1689 Cum
537 1628 641 1706 itaque
656 1628 785 1690 dilectus
800 1629 883 1690 illius
897 1644 992 1706 eques
1004 1630 1066 1688 hn-

315 1718 423 1779 tonius
444 1719 487 1782 lle
509 1719 623 1796 Vargas
648 1737 667 1798 y
688 1721 826 1797 Lagona,
850 1720 927 1800 apud
951 1736 1007 1782 nos
1036 1727 1066 1781 et

316 1809 428 1874 Sedem
453 1812 665 1889 xpoptoticam
693 1815 831 1876 eiusdem
860 1811 962 1876 Caroli
984 1813 1066 1888 regis
1093 1810 1095 1823 '

315 1903 606 1982 plenipotentiarius
620 1907 812 1979 administer,
827 1905 957 1969 nomine
972 1904 1067 1982 ipsius

316 1995 415 2058 Caroli
427 1999 510 2073 regis
526 1999 613 2060 uobis
626 1999 862 2076 significaverit,
876 1997 954 2076 duod
969 2013 1067 2075 usquc

314 2091 352 2154 ab
371 2106 454 2152 anno
476 2091 595 2154 domini
616 2108 756 2154 xnccxc.
780 2093 883 2154 eidem
903 2093 969 2167 regi
986 2091 1066 2153 noti-

315 2185 390 2246 tiam
412 2187 569 2262 pervenit,
592 2185 705 2246 eximia
727 2187 840 2262 pietate
853 2193 884 2247 et
903 2185 1007 2246 labore
1022 2185 1067 2244 di·

316 2277 387 2338 lecti
420 2276 475 2338 lilii
510 2278 671 2355 llapbaelis
703 2280 830 2340 hndreu
860 2295 879 2357 p·
910 2278 1066 2341 Guerrero

1125 1626 1216 1700 tibus,
1240 1641 1323 1688 unus
1352 1627 1513 1705 presbyter
1542 1627 1593 1689 vel
1617 1626 1794 1700 saecularis,
1824 1624 1874 1685 vel

1123 1719 1259 1780 cuiusvis
1280 1719 1397 1781 ordinis
1419 1718 1581 1795 regularis
1598 1720 1630 1780 in
1646 1719 1798 1794 theologia
1819 1733 1875 1780 seu

1123 1813 1255 1882 decretis
1287 1812 1463 1888 graduatus,
1485 1812 1595 1874 habilis
1616 1820 1647 1874 et
1668 1812 1800 1875 idoneus
1819 1826 1875 1888 per

1122 1902 1225 1980 ipsum
1241 1903 1387 1966 Carnium
1409 1913 1440 1965 et
1461 1919 1518 1982 pro
1534 1913 1674 1981 tempore
1688 1904 1876 1965 existentem

1124 1997 1339 2072 Hispaniarum
1363 2013 1468 2074 regem
1491 1996 1678 2059 catholicum
1699 2012 1822 2074 semper
1842 2003 1875 2056 et

1123 2090 1217 2149 etiam
1240 2105 1293 2167 pro
1316 2090 1370 2152 hac
1391 2090 1489 2166 prima
1510 2091 1578 2150 vice
1600 2089 1818 2163 nominandus,
1842 2104 1875 2149 ac

1123 2195 1178 2257 per
1205 2198 1261 2243 nos
1289 2191 1319 2244 et
1342 2183 1519 2245 Romanum
1548 2182 1731 2244 Pontificem
1753 2181 1789 2242 ad
1811 2181 1876 2258 epi-

1122 2273 1272 2351 scopalem
1286 2275 1446 2338 ecclesiam
1462 2275 1619 2336 titularem
1630 2275 1873 2352 promovendus,

1123 2368 1177 2446 qui
1198 2369 1362 2445 praecipue
1380 2369 1413 2430 in
1427 2368 1567 2444 portibus
1582 2377 1613 2430 et
1627 2368 1689 2429 oris
1705 2366 1808 2428 Sancti
1823 2365 1876 2427 Ni-

1122 2460 1198 2520 colai
1221 2468 1252 2521 et
1274 2461 1382 2522 Beatae
1404 2461 1514 2522 Mariae
1535 2460 1674 2537 Virginis
1690 2457 1738 2521 dol
1754 2459 1875 2536 Popoeo

1123 2553 1264 2628 resideat,
1293 2553 1440 2632 illiusque
1470 2554 1576 2632 populi
1609 2563 1671 2616 tam
1701 2551 1873 2626 christiani,

1123 2660 1216 2722 quam
1238 2646 1375 2721 gentilis,
1399 2663 1457 2709 nec
1478 2663 1542 2708 uon
1560 2647 1756 2725 oppidorum,
1782 2654 1877 2707 terra-

1124 2753 1194 2800 rum
1217 2748 1248 2799 et
1276 2738 1415 2801 locorum
1439 2740 1470 2801 in
1493 2741 1675 2801 eorumdem
1705 2737 1875 2800 territorio·

1124 2846 1197 2892 rum
1229 2831 1390 2906 limitibus,
1414 2833 1556 2895 terminis
1578 2840 1608 2894 et
1630 2833 1703 2894 locis
1733 2831 1876 2909 praelatis

1124 2923 1361 2985 consistentium
1378 2926 1548 3003 respective
1560 2925 1754 3002 spiritualem
1768 2938 1876 2986 curam

315 2369 500 2448 presbyteri,
522 2369 555 2430 iu
577 2385 675 2446 regno
689 2372 727 2432 de
743 2371 842 2444 Chilo,
859 2378 986 2433 centum
1002 2369 1067 2430 leu·
1093 2426 1095 2435 .

316 2478 421 2523 carum
444 2462 609 2525 intervallo
630 2479 646 2522 a
668 2462 738 2523 villa
762 2471 937 2541 nuncupata
958 2461 995 2522 de
1012 2462 1066 2524 Go-
1093 2470 1095 2529 t

315 2555 421 2632 piopd,
446 2555 564 2633 aliquos
595 2553 778 2618 habitatores
799 2556 914 2633 absque
935 2555 999 2616 ullo
1020 2570 1068 2616 ca-

316 2645 446 2707 tholicae
468 2646 628 2722 religionis
648 2646 774 2720 auxilio,
791 2654 821 2707 et
843 2646 955 2708 deinde
968 2645 1005 2706 ad
1020 2645 1068 2705 in·

316 2737 454 2814 cognitas
486 2739 629 2814 regiones
658 2748 763 2816 aperto
794 2737 879 2799 aditu
909 2738 942 2804 in
966 2738 1066 2800 medio

316 2831 429 2892 deserti
451 2831 482 2894 di
502 2833 645 2893 htacama
674 2833 844 2909 nuncupati
872 2831 906 2893 in
929 2831 994 2893 loco
1016 2847 1067 2908 pa-

317 2924 393 2986 riter
425 2934 608 3004 nuncupato
630 2923 678 2986 del
701 2924 820 3002 Poposo
843 2925 993 2986 maiorem
1016 2923 1066 2984 ha·
1093 2952 1095 3002 p

317 3018 482 3080 bitatorum
506 3035 676 3081 numerum
706 3019 878 3096 respective
902 3018 1066 3080 inventum
1094 3014 1096 3081 l
1124 3017 1252 3077 nomine
1272 3034 1306 3077 ac
1331 3018 1399 3079 vice
1426 3018 1673 3095 respectivorum
1699 3017 1875 3081 Ordinatio·

317 3110 422 3184 luisse,
445 3127 522 3188 quos
545 3110 624 3173 idern
645 3111 777 3189 Raphael
792 3110 981 3172 orthodoxae
996 3109 1066 3170 lidei
1093 3126 1096 3197 p
1124 3124 1195 3169 rum
1217 3125 1255 3169 ex
1276 3125 1384 3173 eorum
1405 3111 1527 3188 speciali
1541 3111 1733 3186 delegatione
1749 3111 1875 3184 habere,

317 3205 488 3281 praeceptis
518 3205 688 3279 erudiebat,
711 3214 742 3265 et
763 3204 837 3265 alios
869 3202 1067 3282 probabiliter

318 3297 485 3358 inventum
500 3295 550 3370 iri,
567 3303 659 3374 atque
681 3295 794 3358 idcirco
813 3295 914 3373 putari
930 3311 1066 3358 necessa·

318 3387 413 3462 rium,
437 3397 471 3450 ut
492 3388 592 3467 aliqua
614 3389 816 3451 ecclesiastica
838 3403 968 3466 persona
989 3389 1068 3450 desi-

319 3488 479 3558 gnaretur,
502 3481 551 3544 cui
572 3483 748 3544 animarum
764 3483 801 3544 iis
817 3481 850 3543 in
867 3481 938 3542 locis
954 3483 1066 3557 degen-

319 3573 397 3636 tiuni
419 3590 492 3636 cura
513 3591 528 3634 a
548 3573 729 3651 respectivis
744 3574 912 3638 Ordinariis
926 3573 1067 3634 commit·

320 3675 450 3742 teretur,
461 3682 517 3744 pro
529 3683 576 3742 eo,
590 3668 683 3744 quod,
695 3675 813 3728 attenta
824 3667 1067 3743 quadringenta-

320 3775 388 3819 rum
401 3757 561 3821 leucarum
576 3758 720 3820 distantia
736 3776 751 3818 a
766 3759 929 3836 praecipua
943 3759 1068 3820 civitate

320 3849 447 3927 praelati
474 3851 577 3927 regni,
602 3851 689 3913 nullo
710 3850 769 3911 alio
798 3854 888 3913 modo
908 3850 1068 3928 spirituale

321 3942 471 4005 auxilium
501 3945 664 4006 animabus
695 3943 872 4006 huiusmodi
893 3953 1068 4022 opportune

1124 3209 1154 3261 et
1177 3201 1253 3261 inibi
1275 3204 1460 3280 praedicare,
1479 3221 1512 3266 ac
1533 3204 1626 3264 etiam
1649 3219 1703 3282 per
1720 3203 1792 3264 alias
1807 3218 1876 3280 per·

1123 3309 1212 3355 sonas
1233 3295 1449 3358 ecclesiasticas
1470 3297 1509 3358 ab
1529 3310 1566 3357 eo
1587 3295 1774 3373 deputandas
1789 3310 1875 3374 prae·
1977 3299 1980 3306 '

1124 3386 1218 3449 dicari
1244 3387 1354 3462 lacere,
1387 3389 1583 3466 gentilesque
1615 3388 1760 3467 praedicti
1782 3397 1817 3451 ut
1837 3390 1874 3453 ad

1124 3480 1313 3541 orthodoxae
1333 3481 1405 3542 hilei
1426 3481 1547 3543 cultum
1569 3488 1794 3543 convertantur
1810 3489 1876 3543 stu-

1124 3573 1209 3644 dere,
1221 3580 1253 3634 et
1266 3588 1443 3647 conversos,
1458 3574 1489 3635 in
1502 3575 1608 3638 eadem
1620 3575 1679 3636 ilde
1690 3575 1876 3637 conllrmare

1124 3670 1217 3743 atque
1242 3667 1386 3745 baptismi
1413 3667 1543 3742 gratiam
1564 3674 1595 3728 et
1616 3667 1873 3743 confirmationis,

1124 3773 1181 3819 nec
1210 3775 1276 3819 non
1299 3760 1489 3822 matrimonii
1510 3767 1541 3821 et
1567 3775 1729 3822 sacrorum
1753 3777 1876 3840 qnoque

1124 3851 1269 3913 ordinum
1291 3860 1481 3914 sacramenta
1501 3853 1693 3932 impendere,
1713 3861 1745 3914 et
1762 3863 1823 3916 tam
1838 3855 1876 3914 il·

1127 3944 1162 4004 lis
1182 3946 1226 4006 sic
1246 3946 1416 4019 conversis,
1438 3961 1531 4024 quam
1554 3946 1698 4008 omnibus
1719 3946 1786 4008 aliis
1802 3945 1875 4008 lide·

321 4043 422 4114 posset
443 4037 688 4114 subministrar·i;
1094 4026 1097 4087 l
1127 4037 1205 4098 libus
1228 4039 1258 4099 in
1288 4039 1453 4100 territoriis
1485 4039 1673 4115 huiusmodi,
1703 4056 1876 4119 eorumque

359 4127 378 4203 ἓ
400 4129 429 4190 3.
454 4130 596 4207 Cumque
616 4129 699 4192 idem
727 4129 853 4192 Carolus
875 4145 930 4192 rex
952 4129 1068 4208 optime
1095 4112 1097 4213 Ι
1126 4127 1296 4204 respective
1317 4129 1446 4206 oppidis,
1471 4131 1571 4204 terris,
1595 4129 1687 4206 villis,
1704 4131 1826 4194 locisac
1841 4132 1879 4195 li·

320 4223 492 4299 agnoverit,
516 4221 597 4300 quod
619 4223 724 4300 populi
742 4223 794 4283 isti
808 4225 845 4285 de
860 4229 1010 4301 potestate
1025 4231 1069 4283 te·
1095 4244 1097 4253 ·
1126 4221 1253 4282 mitibus
1266 4237 1320 4298 pro
1333 4230 1473 4298 tempore
1484 4223 1679 4298 degentibus,
1690 4226 1765 4287 etad
1778 4241 1813 4287 ea
1824 4225 1876 4289 de·

321 4316 488 4377 nebrarum
510 4315 620 4392 erepti,
637 4325 667 4376 et
685 4317 721 4377 ad
737 4318 868 4392 gratiam
883 4316 1070 4378 coruscantis
1096 4300 1098 4319 '
1126 4313 1323 4390 elinantibus,
1340 4315 1444 4375 omnia
1465 4315 1633 4392 spiritualia
1652 4331 1783 4379 munera
1800 4327 1877 4380 tam·

321 4409 450 4471 luminis
476 4409 660 4485 sempiterni
687 4410 840 4486 perducti,
864 4428 880 4470 e
904 4409 1070 4470 remotissi-
1096 4456 1098 4465 ,
1126 4423 1219 4485 quam
1235 4409 1398 4486 deputatus
1413 4409 1445 4468 in
1461 4409 1613 4471 atxxilium
1627 4411 1877 4488 supradictorum

321 4502 379 4562 mis
401 4501 462 4562 illis
484 4501 556 4562 locis
577 4501 613 4562 ad
634 4502 822 4578 respectivos
839 4502 999 4562 antistites
1020 4517 1070 4563 eo·
1096 4481 1098 4575 l
1126 4501 1351 4580 hrchiepiscopi
1384 4509 1415 4562 et
1448 4501 1682 4579 Episcoporum,
1715 4511 1808 4582 atque
1829 4504 1878 4568 uti

321 4609 393 4655 rum
425 4609 529 4672 preces
561 4593 620 4655 nisi
651 4595 773 4668 magnis
806 4592 1007 4655 incommodis
1039 4601 1069 4655 et
1096 4590 1098 4684 ξ
1127 4597 1262 4675 ipsorum
1279 4594 1507 4673 archiepiscopi
1521 4600 1552 4656 et
1568 4593 1800 4674 Episcoporum,
1818 4613 1879 4662 nec

319 4687 495 4748 animarum
527 4701 651 4762 quoque
675 4686 833 4763 periculis,
860 4689 1071 4748 transmittere
1096 4689 1098 4704 '
1127 4705 1190 4750 non
1212 4689 1304 4750 etiam
1327 4686 1414 4750 Sedis
1436 4687 1626 4766 Apostolicae
1642 4689 1780 4766 specialis
1794 4690 1876 4753 dele-

321 4779 451 4842 miuime
473 4778 625 4852 valerent,
648 4778 716 4838 ideo
738 4779 822 4839 iuxta
845 4787 955 4839 votum
976 4779 1068 4840 etiam
1096 4764 1098 4787 ¹
1126 4790 1215 4858 gatus
1235 4781 1269 4842 in
1291 4780 1468 4844 huiusmodi
1492 4781 1565 4844 locis
1586 4783 1768 4860 respective,
1785 4785 1879 4846 mini·
1917 4813 1920 4818 ·

320 4871 507 4934 venerahilis
528 4870 630 4932 iratris
646 4871 787 4948 Episcopi
801 4869 905 4932 Sancti
920 4871 1017 4932 lacobi
1032 4873 1070 4934 de
1126 4883 1235 4951 strare,
1262 4882 1294 4937 et
1313 4875 1529 4940 ,administrari
1560 4891 1685 4952 quoquc
1716 4875 1817 4938 lacere
1847 4885 1879 4938 et

322 4965 421 5041 cutte,
443 4963 478 5024 ad
500 4964 588 5026 cuius
612 4963 774 5026 dioecesim
798 4979 908 5040 magna
932 4964 1070 5026 locorum
1127 4984 1291 5047 procurare
1305 4967 1399 5044 possit
1413 4977 1444 5028 et
1461 4966 1569 5029 valeat.
1586 4970 1630 5030 lta
1646 4977 1680 5029 ut
1695 4968 1759 5047 ipse
1774 4969 1879 5032 omnia

322 5059 498 5120 huiusmodi
519 5073 589 5136 pars
609 5058 758 5136 pertinet,
774 5057 928 5134 spirituali
948 5073 1070 5121 earum·
1096 5040 1099 5117 l
1126 5069 1157 5122 et
1177 5062 1311 5137 singula,
1334 5077 1412 5138 quae
1433 5062 1468 5123 ad
1491 5059 1590 5122 divini
1610 5061 1713 5123 cultus
1727 5077 1878 5138 augmen·

321 5153 392 5216 dem
414 5151 564 5229 proiectui
586 5159 798 5230 opportunum
815 5151 986 5228 videretur,
1002 5167 1071 5230 per·
1128 5163 1196 5218 tum
1217 5164 1248 5217 et
1269 5156 1315 5220 ad.
1328 5155 1506 5216 animarum
1520 5155 1653 5217 salutem
1668 5155 1814 5232 expedire
1828 5171 1878 5218 co·

320 5265 426 5311 sonam
458 5247 693 5311 ecclesiasticam
724 5249 759 5308 ad
787 5247 973 5309 erudiendos
995 5249 1070 5310 tales
1127 5247 1285 5324 gnoverit,
1309 5261 1449 5325 quaeque
1474 5247 1730 5326 Archiepiscopus
1755 5256 1785 5308 et
1807 5248 1879 5326 Epi·

320 5341 449 5420 populos
470 5342 645 5418 deputatam
668 5339 831 5417 episcopali
852 5339 1004 5416 dignitate
1024 5343 1070 5402 in·
1096 5354 1099 5423 ι
1126 5340 1210 5418 scopi
1230 5339 1377 5402 antedicti
1398 5339 1498 5402 lacere
1518 5349 1643 5417 possent
1664 5357 1697 5402 ac
1716 5341 1879 5415 deberent,

320 5435 442 5512 signiri,
465 5441 500 5495 ut
522 5433 696 5495 animarum
713 5433 897 5510 populorum
914 5449 1006 5496 curae
1020 5451 1070 5495 su·
1126 5432 1160 5494 in
1182 5433 1219 5494 iis
1241 5433 1314 5494 locis
1335 5432 1466 5495 nomine
1487 5449 1520 5495 ac
1541 5435 1609 5495 vice
1624 5434 1808 5495 eorumdem
1822 5438 1879 5496 Αι-

322 5531 449 5610 pradicti
470 5528 503 5591 S.
526 5527 623 5590 iacobi
646 5527 684 5588 de
697 5527 787 5588 Chilo
808 5533 839 5588 et
860 5526 1071 5607 infrascripto-
1127 5526 1310 5606 chlepiscopi
1332 5535 1364 5587 et
1386 5527 1619 5605 Episcoporum,
1652 5535 1745 5604 atque
1774 5527 1820 5588 uti
1841 5527 1879 5589 ab

321 5639 390 5686 rum
414 5622 636 5700 Episcoporum
657 5621 907 5696 commissorum,
930 5637 1069 5698 congruo
1127 5619 1163 5681 iis
1184 5619 1357 5697 specialiter
1378 5621 1550 5696 respective
1574 5619 1745 5695 delegatus,
1768 5635 1879 5698 gerere

320 5715 480 5792 regimini,
498 5713 624 5776 illorum
646 5713 724 5784 vice,
749 5712 866 5774 valeret
887 5715 1066 5776 consulere:
1127 5713 1221 5792 possit
1242 5729 1276 5774 ac
1296 5711 1415 5788 debeat,
1437 5713 1590 5789 assignata
1622 5722 1726 5774 tamen
1758 5727 1814 5790 ρει·
1834 5713 1879 5774 di-

360 5808 435 5884 §ln
463 5806 525 5868 Nos
557 5807 660 5885 itaque
689 5805 833 5884 pastorali
861 5806 1070 5870 sollicitudine
1097 5860 1099 5899 ,
1126 5815 1212 5868 otum
1234 5805 1380 5868 Gabolum
1405 5807 1621 5884 Hispaniarum
1644 5825 1751 5886 regem
1773 5827 1876 5873 annue

323 5902 403 5964 votis
423 5901 562 5963 eiusdem
584 5899 684 5962 Caroli
700 5899 783 5975 regis
796 5899 938 5976 superius
951 5903 1070 5980 exposi-
1097 5906 1099 5966 l
1126 5914 1247 5961 summa
1260 5900 1297 5961 ab
1308 5901 1425 5962 aerario
1440 5902 1526 5976 regio
1538 5900 1716 5964 huiusmodi
1729 5904 1883 5983 Episcopo

89 4127 185 4192 ¹Ratio
202 4138 304 4178 conces·

72 4193 170 4228 sionis.

94 5803 189 5864 ,nepot
204 5808 303 5846 conces·

79 5864 174 5900 monis.
