4740 6962
898 573 970 620 Plus
992 573 1040 618 Pe.
1066 575 1107 621 vt.

234 689 307 750 sicut
328 692 436 752 eadem
466 694 616 771 expositio
640 693 859 770 subiungebat,
883 709 974 768 vegu-

235 783 278 844 lae
303 790 334 844 et
365 784 506 846 instituta
536 787 794 862 congregationis
823 786 976 848 Romanae

233 877 361 940 subinde
373 895 389 940 ι
400 896 461 940 ιιι.
477 896 571 942 mem.
585 881 894 957 PauloV.,Gregorio
906 879 972 943 xv.

234 979 263 1033 et
282 971 408 1034 Urbano
424 973 500 1036 vttt.
517 975 663 1036 Romanis
678 975 878 1037 Pontificibus
889 989 976 1052 prae-

234 1065 440 1130 decessoribus
468 1069 582 1131 nostris
612 1068 785 1145 specialiter
812 1067 973 1147 approbata

234 1159 350 1238 ipsique
377 1162 612 1238 congregationi
640 1163 795 1224 Romanae
826 1179 859 1223 ac
890 1161 975 1222 illius

234 1253 375 1317 ecelesiae
389 1254 577 1334 presbyteris
598 1271 631 1318 ao
653 1256 792 1332 personis
814 1256 850 1318 ab
865 1253 974 1315 iisdem

235 1356 262 1408 et
284 1347 385 1409 forsan
408 1349 475 1410 aliis
496 1348 642 1410 Romanis
667 1349 868 1411 Pontificibus
890 1363 976 1426 prae-

235 1442 441 1504 decessoribus
463 1443 576 1504 nostris
592 1443 689 1504 multa
704 1443 878 1520 privilegia,
892 1439 974 1502 lavo-

237 1552 292 1610 res,
326 1537 454 1612 gratiae,
492 1535 715 1612 indulgentiae,
748 1535 973 1612 exemptiones,

237 1626 359 1704 regulae
381 1637 412 1690 et
433 1628 551 1691 indulta
573 1645 712 1691 concessa
734 1628 862 1702 luerint,
884 1633 975 1705 prout

235 1723 266 1783 in
289 1721 425 1800 ipsorum
447 1725 715 1800 praedecessorum
739 1723 835 1784 literis
857 1731 975 1799 aposto-

237 1816 299 1877 licis
320 1817 452 1894 desuper
477 1817 649 1893 respective
676 1816 826 1894 expeditis
848 1815 974 1876 uberius

236 1911 345 1972 dicitur
365 1911 530 1972 contineri.
557 1911 701 1988 lpsivero
722 1916 913 1986 exponentes
928 1925 975 1970 re-

236 2005 319 2082 gulas
349 2015 380 2067 et
409 2005 550 2068 instituta
584 2006 760 2068 huiusmodi
788 2005 973 2082 receperint,

235 2116 286 2162 seu
307 2101 445 2177 recipere
467 2109 497 2160 et
520 2099 569 2161 illa
593 2115 647 2177 pro
673 2099 791 2160 viribus
812 2098 975 2160 observare

236 2196 327 2272 parati
348 2195 424 2268 sint,
440 2213 472 2256 ac
487 2193 617 2272 proinde
637 2193 747 2256 iisdem
768 2209 892 2271 quoque
914 2192 975 2269 pri·

236 2288 354 2366 vilegiis
375 2296 405 2350 ιι
437 2287 543 2364 gratiis
561 2287 634 2350 -lrni
664 2295 695 2349 ιι
723 2287 858 2364 gaudere
888 2304 975 2365 posse

235 2385 403 2460 plurimum
426 2383 612 2456 desiderant,
628 2382 715 2444 nobis
736 2389 897 2458 propterea
920 2382 975 2444 bu·

236 2477 349 2540 militer
369 2477 532 2555 supplicari
549 2477 702 2552 lecerunt,
719 2484 753 2537 ut
767 2475 825 2538 sibi
841 2477 872 2537 in
890 2491 974 2553 prae-

234 2573 332 2633 missis
353 2580 528 2651 opportune
550 2570 734 2649 provvidere
757 2576 800 2642 et,
824 2575 859 2631 ut
883 2569 973 2642 inira,

234 2667 395 2743 indulgere
415 2665 453 2727 de
476 2665 667 2741 benignitate
689 2662 851 2740 apostolica
870 2664 975 2739 digna-

233 2779 350 2826 remur.

77 2860 215 2924 satiandum
271 2858 290 2931 ἓ
309 2857 340 2918 3.
365 2855 426 2917 Nos
442 2855 538 2932 igitur
552 2855 715 2932 specialem
732 2854 804 2932 ipsis
819 2869 976 2932 exponen·

68 2918 216 3078 5.ιῖξὲἷ;;ἓέῑ
234 2954 313 3016 tibus
341 2952 472 3027 gratiam
503 2949 603 3011 lacere
632 2949 782 3022 volentes,
808 2957 839 3010 et
866 2965 975 3010 eorum

74 3037 129 3076 ιιι,
208 3045 217 3052 -

68 3079 169 3130 regumn.

232 3046 405 3123 singulares
426 3061 569 3122 personas
584 3061 599 3104 a
616 3043 776 3121 quibusvis
798 3061 976 3110 excommn-

234 3140 397 3204 uicationis
412 3151 442 3200 et
459 3137 624 3212 interdicti,
647 3137 775 3216 aliisque
796 3139 976 3202 ecelesiasti-

234 3240 274 3302 cis
302 3233 453 3308 censnris,
486 3232 650 3293 sententiis
677 3239 707 3292 et
737 3233 845 3310 poenis
866 3235 975 3310 quovis

235 3335 324 3398 modo
344 3339 377 3392 et
398 3345 594 3408 quacumque
610 3327 647 3389 de
662 3345 749 3390 eaxvsa
768 3329 848 3404 latis,
861 3332 885 3391 si
901 3349 975 3409 qnas

233 3429 313 3489 lorte
333 3425 548 3495 incurrerunt,
566 3420 658 3483 nitius
673 3427 792 3483 tantum
816 3423 859 3483 rei
879 3426 975 3499 gratia

234 3521 428 3584 absolventes
449 3525 481 3577 et
494 3515 646 3577 absolutas
668 3514 733 3577 lore
754 3527 926 3592 censentes,
942 3537 975 3582 ac

235 3615 457 3694 praedictarum
479 3611 638 3672 literarum
662 3616 786 3671 tenores
809 3614 974 3688 praesenti-

236 3711 290 3772 bus
311 3723 367 3784 pro
388 3704 480 3781 plene
502 3709 532 3764 et
553 3701 743 3763 sufficienter
765 3706 915 3778 expressis
944 3717 974 3769 et

235 3799 359 3863 insertis
387 3795 546 3867 habentes,
576 3793 753 3854 huiusmodi
781 3795 977 3874 supplicatio-

236 3894 324 3956 nibus
347 3889 499 3962 inclinati,
523 3886 693 3963 praedictae
720 3887 975 3965 Congrogattonts

234 3985 365 4051 Oratorii
387 3981 490 4047 Sancti
505 3980 639 4058 Pbilippi
655 3978 740 4042 Nerii
755 3981 846 4043 villae
861 3985 898 4045 de
912 3985 976 4049 Ori-

235 4097 306 4143 zava
329 4077 512 4156 praedictae,
527 4073 672 4151 illiusque
687 4073 842 4150 ecclesiae,
859 4094 893 4140 ac
908 4095 975 4156 pre-

234 4173 364 4250 sbvteris
385 4168 590 4232 saecularibus
617 4176 648 4229 et
676 4170 814 4246 personis
840 4184 975 4238 nuncet

236 4284 287 4346 pro
309 4275 451 4342 tempore
477 4261 692 4335 existentibus,
716 4267 750 4322 ιιι
779 4265 923 4327 omnibus
946 4279 976 4332 et

234 4359 364 4436 singulis
379 4356 563 4436 privilegiis,
578 4355 744 4429 lavoribus,
763 4356 869 4432 gratiis
884 4367 914 4420 et
931 4361 976 4423 in·

235 4452 416 4528 dulgentiis,
446 4449 713 4528 exemptionibus,
740 4450 855 4524 regalis
876 4460 907 4514 et
929 4456 975 4517 in-

235 4546 326 4608 dultis
348 4551 537 4608 memoratae
559 4543 798 4620 congregationi
822 4544 977 4611 Romanae

236 4645 363 4719 eiusque
394 4638 541 4700 ecclesiae
572 4639 759 4716 presbyteris
781 4646 811 4700 et
837 4643 977 4720 personis

234 4753 287 4816 per
307 4733 479 4814 praedictos
493 4731 646 4793 llomanos
668 4731 831 4794 Pontifices
852 4736 976 4812 praede-

236 4843 366 4893 cessores
399 4835 521 4888 nostros
552 4825 785 4904 quomodolibet
814 4830 975 4906 concessis,

236 4924 326 4985 etiam
353 4921 494 5000 specitica
515 4927 546 4980 et
575 4919 730 4980 individua
756 4922 916 4982 mentione
946 4930 977 4984 et

238 5017 429 5096 expressione
452 5013 565 5090 dignis,
588 5019 618 5074 et
640 5012 753 5091 quibus
775 5016 880 5077 eadem
897 5017 977 5078 Con-

238 5111 371 5188 gregatio
387 5108 523 5184 Romana
538 5105 665 5184 eiusque
679 5105 836 5180 ecclesiae,
853 5109 976 5186 presby-

239 5205 304 5279 teri,
325 5211 357 5265 et
378 5215 526 5281 personae
548 5215 584 5260 ex
607 5207 851 5262 memoratorum
874 5202 976 5264 Ponti·

239 5299 327 5360 lmum
349 5294 619 5374 praedecessorum
651 5299 831 5355 nostrorum
855 5313 978 5358 conces-

237 5389 320 5449 sione
341 5387 379 5449 de
399 5385 537 5462 presenti
568 5392 714 5459 utuntur,
740 5384 901 5462 fruuntur,
926 5403 977 5465 po-

239 5481 356 5544 tiuntur
377 5487 409 5542 et
430 5479 577 5556 gaudent,
600 5494 633 5540 ao
655 5479 713 5552 uti,
736 5478 808 5555 lrui,
832 5481 924 5557 potiri
946 5491 976 5544 et

240 5575 367 5652 gaudere
379 5580 505 5650 possunt
526 5571 603 5653 (non
621 5581 682 5632 tam
699 5573 893 5650 indulgentia
910 5591 977 5652 per·
1012 5633 1016 5642 ,

239 5677 325 5746 petua
340 5683 355 5728 a
370 5683 432 5728 ιιι.
457 5666 551 5728 etiam
573 5680 668 5728 mem.
692 5666 859 5729 Benedicto
881 5667 975 5743 lllll.,

239 5763 340 5824 itidem
360 5761 592 5839 praedecessore
605 5767 711 5820 nostro
727 5770 915 5824 memoratae
930 5778 977 5824 ec·

241 5855 343 5918 clesiae
363 5853 492 5918 Sanctae
505 5853 615 5915 llariae
637 5861 668 5915 et
689 5852 829 5933 Gregorii
851 5857 883 5918 in
906 5853 976 5917 Val-

241 5947 333 6011 licella
353 5947 411 6010 snb
431 5946 523 6008 certis
543 5943 637 6008 modo
658 5955 688 6008 et
710 5947 806 6011 lorma
829 5957 903 6010 tunc
924 5965 976 6010 ex·

1698 552 1757 617 215
1807 551 1860 604 tn.
1875 555 1904 605 c.
1927 555 1996 608 1775

1032 693 1145 770 pressis
1175 691 1332 771 concessa)
1357 693 1423 770 pari
1457 695 1547 755 modo
1570 692 1626 764 uti,
1651 690 1723 764 lrui,
1746 697 1776 750 et

1033 789 1166 860 gaudere
1190 786 1287 848 libere
1303 793 1341 864 et
1357 786 1438 848 licite
1462 787 1578 864 possint
1595 793 1624 846 et
1642 783 1775 856 valeant,

1032 879 1063 940 in
1086 880 1231 942 omnibus
1262 886 1293 940 et
1324 894 1380 958 per
1408 880 1513 940 omnia
1542 877 1671 959 perinde
1698 895 1730 936 ιι
1752 875 1776 936 si

1033 971 1212 1049 privilegia,
1236 972 1370 1048 lavores,
1394 972 1527 1048 gratiae,
1551 968 1776 1046 indulgentiae,

1032 1066 1258 1144 exemptiones,
1293 1065 1429 1142 regulae,
1456 1066 1575 1127 indulta
1596 1061 1774 1125 huiusmodi

1033 1157 1088 1236 ipsi
1111 1158 1353 1234 congregationi
1377 1157 1468 1220 villue
1490 1159 1527 1221 de
1548 1157 1675 1222 Orizava
1697 1155 1777 1216 eius·

1031 1269 1092 1330 que
1112 1252 1258 1314 eeclesiae
1284 1252 1472 1330 presbyteris
1497 1261 1527 1312 et
1549 1249 1689 1331 personis
1710 1263 1776 1326 spe-

1032 1345 1150 1407 cialiter
1170 1361 1312 1413 concessa
1335 1345 1560 1424 reperirentur.

1073 1439 1091 1513 ἓ
1113 1439 1141 1499 l.
1167 1438 1242 1501 Sine
1264 1439 1451 1518 praeiudicio
1466 1447 1571 1500 tamen
1593 1438 1774 1515 gratiarum,
1835 1446 2006 1508 erues-ervum

1033 1531 1226 1593 indultorum
1256 1542 1287 1593 et
1307 1531 1543 1608 privilegiorum
1573 1533 1674 1593 eidem
1697 1531 1775 1594 Gon·
1794 1502 1945 1608 basilide&
1956 1511 2007 1599 1¹ssssss

1032 1624 1204 1700 gregationi
1226 1623 1318 1684 villae
1339 1623 1376 1684 de
1396 1624 1521 1687 tlriuava
1543 1643 1558 1683 a
1580 1625 1680 1698 nobis,
1696 1623 1776 1686 sicut
1794 1605 2007 1714 {ffiffiicg'g'ffgg

1032 1715 1227 1794 praelertur,
1260 1715 1516 1791 coxxrrnissormn,
1545 1725 1577 1778 ιι
1607 1717 1775 1779 dummodo
1794 1723 1887 1760 sorum.

1031 1807 1126 1886 ipsius
1139 1808 1397 1884 Congregationis
1412 1807 1505 1870 villae
1520 1809 1556 1869 de
1568 1808 1695 1871 Orizava
1708 1825 1775 1886 pre·

1031 1903 1147 1979 sbyteri
1171 1911 1201 1963 et
1223 1917 1386 1979 personae,
1399 1917 1484 1964 nunc
1507 1909 1536 1963 et
1560 1919 1613 1980 pro
1637 1910 1776 1981 tempore
1817 1957 1819 1966 .

1032 1996 1211 2069 existentes,
1235 1996 1356 2070 regulas
1384 2004 1414 2057 ot
1443 1995 1583 2056 instituta
1615 2011 1670 2072 pro
1696 1995 1775 2056 dicta

1033 2088 1280 2164 Congregatione
1303 2088 1448 2162 Romana,
1471 2094 1506 2148 ut
1526 2087 1708 2164 praelector,
1725 2103 1775 2163 ap-

1031 2182 1157 2259 probata
1188 2180 1372 2255 observent,
1401 2181 1564 2258 apostoliea
1593 2182 1775 2242 auctoritate

1034 2284 1140 2336 tenore
1162 2274 1372 2353 praesentium
1401 2274 1598 2336 concedimus
1622 2283 1652 2336 et
1674 2274 1775 2336 indul·

1032 2383 1151 2444 gemus.
1539 2426 1545 2449 ,

1072 2463 1090 2536 ἓ
1111 2461 1140 2522 5.
1164 2463 1372 2524 decernentes
1393 2461 1512 2522 easdem
1541 2467 1718 2538 praesentes
1740 2462 1774 2522 li·
1819 2479 2005 2544 clausulaeq-

1034 2563 1111 2618 teras
1142 2571 1266 2632 sexxtper
1294 2555 1409 2629 lirmaS,
1442 2553 1554 2616 vuilidas
1576 2563 1606 2616 et
1637 2556 1773 2618 ellicaces
1792 2533 1888 2634 ἑξξξῖζῗ
1910 2539 2004 2583 ΜΠ·

1032 2650 1166 2711 existere
1187 2653 1218 2708 et
1241 2647 1316 2722 lore,
1339 2664 1469 2726 suosque
1495 2648 1647 2727 plenarios
1675 2658 1706 2710 ιι
1728 2650 1774 2710 in-

1034 2751 1136 2821 tegros
1158 2742 1284 2803 elice-tus
1305 2743 1409 2804 sortiri
1422 2751 1454 2802 et
1475 2742 1628 2816 obtinere,
1645 2759 1677 2804 ac
1700 2742 1772 2818 illis,

1033 2841 1068 2900 ad
1090 2855 1166 2916 quos
1188 2841 1316 2914 xpectat,
1340 2845 1369 2897 et
1391 2851 1447 2914 pro
1475 2845 1614 2914 tempore
1636 2839 1772 2914 quando-

1032 2948 1166 3009 cumque
1180 2929 1339 3008 sper-tnbit,
1353 2930 1383 2990 in
1396 2930 1541 2991 omnibus
1556 2938 1586 2991 et
1601 2932 1773 3008 peremnia

1033 3027 1210 3108 plenissime
1231 3025 1404 3101 sutiragari,
1427 3035 1459 3084 et
1480 3025 1517 3086 ab
1538 3025 1581 3085 eis
1603 3027 1773 3104 respective

1033 3119 1253 3183 inviolabiliter
1265 3118 1432 3180 observari.
1450 3117 1562 3196 Sisque
1578 3119 1610 3179 in
1626 3121 1773 3198 praemis-

1032 3219 1072 3278 sis
1095 3230 1149 3293 per
1170 3228 1381 3291 quoscumque
1403 3211 1518 3273 iudices
1548 3212 1720 3274 ordinarios
1742 3225 1774 3276 et

1032 3310 1197 3386 delegatos,
1214 3307 1307 3367 etiam
1322 3321 1482 3366 causarum
1498 3305 1603 3382 palatii
1617 3307 1772 3384 apostolici

1032 3403 1198 3476 auditores,
1215 3398 1342 3462 iudicari
1357 3406 1388 3460 et
1409 3399 1531 3461 deliniri
1554 3400 1676 3476 debore,
1688 3419 1721 3463 ac
1733 3402 1774 3462 ir-

1033 3503 1127 3564 ritum
1150 3507 1181 3558 et
1203 3497 1305 3571 inane,
1321 3497 1346 3556 si
1367 3511 1455 3558 secus
1476 3511 1569 3573 super
1591 3496 1676 3556 laisa
1698 3513 1774 3576 quo-

1032 3611 1124 3674 quam
1146 3591 1253 3669 quuvis
1274 3591 1456 3652 auctoritate
1470 3589 1605 3651 scienter
1620 3589 1669 3652 vel
1685 3590 1771 3667 igno-

1033 3696 1137 3752 canter
1157 3682 1324 3757 contigerit
1346 3681 1502 3744 attentari.

1073 3781 1091 3854 ἓ
1112 3778 1141 3840 b.
1166 3776 1233 3838 Non
1249 3776 1390 3837 obstante
1404 3783 1506 3836 nostra
1523 3783 1553 3838 et
1569 3777 1774 3840 Cancellariae
1802 3796 1935 3857 perpassio
1949 3808 2007 3844 con-

1033 3873 1222 3955 bpostolicae
1237 3870 1343 3945 regula
1363 3869 1401 3931 de
1423 3885 1486 3932 non
1507 3870 1712 3934 concedendis
1728 3873 1775 3935 in·
1794 3852 1940 3896 ‘¹'³'¹⁰¹¹¹¹¹¹·

1032 3967 1204 4044 dulgentiis
1225 3967 1260 4026 ad
1290 3965 1399 4040 instar,
1422 3964 1551 4043 aliisque
1578 3967 1774 4028 constitutio·

1034 4063 1124 4124 nibus
1145 4072 1175 4122 et
1197 4058 1442 4121 ordinationibus
1464 4058 1647 4136 apostolicis,
1670 4069 1787 4138 quate

1034 4175 1092 4219 nus
1115 4172 1191 4235 opus
1219 4155 1269 4229 sit,
1292 4153 1388 4214 dictae
1408 4153 1657 4228 congregationis
1683 4155 1776 4218 villae

1034 4251 1070 4312 de
1092 4249 1231 4322 Οιίιιιι,
1254 4246 1383 4324 aliisque
1398 4245 1559 4323 quibusvis
1581 4249 1673 4310 etiam
1696 4249 1775 4310 iura-

1034 4349 1152 4416 mento,
1164 4339 1401 4402 confirmatione
1417 4338 1590 4416 apostolica,
1603 4340 1654 4402 vel
1668 4341 1776 4418 quavis

1034 4437 1180 4520 firmitate
1201 4433 1258 4495 alia
1280 4432 1430 4493 roboratis
1450 4432 1573 4494 statutis
1594 4440 1624 4493 et
1646 4451 1776 4497 consue-

1035 4531 1211 4604 tudinibus;
1242 4527 1412 4604 privilegiis
1433 4542 1567 4605 qnoque,
1590 4526 1718 4589 indultis
1744 4538 1775 4593 et

1035 4626 1133 4688 literis
1153 4622 1326 4702 apostolicis
1347 4621 1559 4698 superioribus
1580 4629 1610 4681 et
1635 4625 1776 4698 personis

1034 4721 1091 4782 snb
1111 4718 1358 4797 quibuscumque
1380 4714 1539 4775 tenoribus
1560 4721 1590 4775 et
1613 4714 1718 4778 lormis
1742 4737 1776 4780 ac

1034 4829 1105 4877 cum
1126 4809 1389 4890 quibusvisetiam
1411 4809 1674 4883 derogatoriarum
1689 4812 1776 4874 dero·

1035 4907 1171 4984 gatoriis,
1194 4906 1321 4984 aliisque
1350 4901 1582 4977 efficacioribus,
1605 4902 1774 4967 efficacissi-

1035 5001 1093 5062 mis
1121 5017 1154 5061 ac
1181 4998 1313 5061 insolitis
1341 4998 1496 5071 clausulis,
1520 4997 1775 5079 irritantibnsque

1034 5107 1065 5161 et
1087 5097 1153 5158 aliis
1175 5094 1303 5158 decretis
1326 5095 1357 5155 in
1384 5109 1500 5170 genere
1528 5093 1579 5154 vel
1599 5094 1631 5155 in
1659 5097 1773 5173 specie,

1034 5209 1067 5253 ac
1087 5189 1153 5252 aliis
1175 5189 1206 5250 in
1228 5185 1421 5248 eontrarium
1451 5186 1683 5263 quomodolibet
1704 5204 1775 5249 con·

1035 5284 1135 5360 cessis,
1152 5281 1323 5361 approbatis
1339 5288 1368 5342 et
1385 5280 1548 5342 innovatis.
1572 5279 1689 5354 Quibus
1710 5298 1775 5343 om-

1035 5381 1125 5442 nibus
1146 5388 1176 5442 et
1196 5378 1328 5454 singulis
1349 5375 1478 5438 illorum
1491 5385 1612 5438 tenores
1634 5391 1777 5456 praesen·

1036 5477 1127 5552 tibus,
1150 5489 1205 5552 pro
1233 5472 1326 5550 plene
1349 5479 1380 5533 et
1400 5471 1591 5535 sufficienter
1611 5471 1773 5549 expressis,

1035 5587 1068 5633 ac
1088 5571 1125 5632 de
1147 5568 1242 5630 verbo
1265 5565 1447 5628 adverbum
1470 5565 1593 5627 insertis
1614 5565 1774 5641 habentes,

1035 5664 1096 5726 illis
1117 5663 1191 5724 alias
1212 5663 1245 5724 in
1266 5677 1322 5722 suo
1351 5661 1460 5722 robore
1488 5660 1711 5737 permansuris,
1739 5661 1776 5724 ad

1035 5757 1274 5837 praemissorum
1289 5755 1428 5828 ellotom,
1444 5754 1499 5814 lvac
1514 5755 1581 5815 vice
1602 5753 1773 5830 dumtaxat,

1034 5852 1208 5932 specialiter
1234 5857 1265 5912 et
1293 5863 1435 5928 expresse
1460 5846 1656 5924 derogamus,
1678 5856 1775 5910 caete·

1033 5948 1137 6024 risque
1160 5944 1322 6007 contrariis
1342 5942 1600 6021 quibuscumque.
