4856 7010
340 531 393 584 Au.
408 531 438 585 (1.
461 533 529 584 1830
580 531 638 595 7916

559 665 777 728 1666661666
800 664 966 728 utilitatem
989 663 1176 742 pertineant,
1190 661 1304 738 gratili-

559 758 619 820 cari
648 757 727 820 votis
752 757 913 836 possimus.
948 756 1117 819 Enimvero
1144 755 1304 816 nationem

558 859 692 914 vestram
715 851 876 930 praecipuo
894 857 1038 928 paternae
1058 847 1190 912 caritatis
1211 863 1303 910 seusu

559 944 805 1024 complectimur,
835 943 1000 1022 illumque,
1027 942 1079 1005 ubi
1100 942 1304 1021 opportunius

559 1039 654 1102 inerit
675 1037 761 1100 iactis
790 1038 862 1116 ipsis
890 1039 1113 1111 demonstrare,
1136 1035 1198 1098 Deo
1227 1035 1305 1096 bene

560 1132 726 1193 adiuvante
738 1146 801 1192 uon
816 1131 1008 1192 omittemus.
1026 1127 1171 1191 Eiusdem
1187 1129 1304 1190 interea

561 1225 673 1304 pignus
694 1225 800 1286 damus
827 1222 1021 1301 apostolicam
1044 1222 1303 1294 benedictionem,

560 1335 654 1398 quam
675 1327 786 1382 cuncto
802 1318 928 1395 quidem
943 1315 1025 1379 clero
1040 1315 1216 1396 populoque
1232 1315 1305 1376 ilde·

561 1408 638 1476 lium
658 1412 877 1476 Maronitarum
905 1425 1104 1472 communem
1127 1423 1190 1471 esse
1219 1408 1304 1470 volu-

561 1523 642 1580 mus,
665 1507 716 1568 sed
744 1502 935 1580 singularem
958 1502 989 1564 16
1012 1503 1139 1564 modum
1163 1501 1305 1563 iraterni-

563 1601 617 1663 tati
632 1608 703 1662 tuae
713 1599 903 1675 caeterisque
918 1611 1013 1658 6666.
1026 1595 1170 1658 iratribus
1182 1595 1306 1658 Archia-

562 1693 692 1772 piscopis
712 1697 743 1754 et
764 1691 919 1770 Episcopis
947 1696 1142 1768 peramanter
1168 1689 1307 1767 imperti-

562 1803 645 1848 mur.

602 1881 714 1943 batum
739 1878 854 1941 Romae
884 1877 964 1955 apud
993 1876 1024 1940 8.
1056 1875 1183 1936 Mariam
1216 1875 1306 1938 illaia-

563 1990 629 2038 666
652 1974 710 2036 sub
724 1972 841 2036 annulo
860 1970 1017 2034 Piscatoris
1039 1970 1087 2033 die
1107 1985 1152 2031 xx.
1176 1969 1306 2032 ianuarii

563 2065 969 2144 uueccxxx.,pomlncatus
984 2064 1083 2126 nostri
1104 2079 1185 2124 anna
1203 2080 1224 2124 ι.

817 2269 1056 2281 ffl—

906 2444 960 2508 xl.

563 2635 646 2700 tcta
658 2637 720 2715 leae
735 2636 771 2698 in
787 2631 943 2696 Borusstd
958 2632 994 2694 de
1009 2631 1197 2695 educatione
1207 2631 1307 2710 prolis

602 2731 638 2792 in
659 2726 877 2792 matrimoniis
899 2727 1014 2788 minatis
1035 2725 1143 2804 putris
1166 2722 1307 2786 arbitrio

603 2821 841 2892 committenda,
851 2827 881 2882 et
894 2837 956 2898 qua
966 2817 1198 2898 prohibebatur
1209 2818 1307 2879 etiam

600 2913 750 2995 parocbia
774 2913 942 2977 catholicis
965 2911 1066 2976 uliam
1088 2911 1214 2990 erigere
1237 2926 1307 2972 con-

603 3009 758 3074 ditionem
780 3005 817 3067 de
846 3005 945 3083 prolis
977 3004 1141 3084 religione,
1173 3019 1245 3065 cum
1272 3019 1307 3066 ea

602 3100 813 3166 enutrimenta
835 3097 1116 3166 contraherentur,
1138 3094 1307 3174 Episcopus

603 3194 718 3268 Ebeni,
736 3191 852 3272 quibus
873 3197 970 3255 antee
993 3195 1213 3252 commemorat
1228 3189 1307 3269 lepos

603 3295 634 3353 et
648 3288 780 3367 praesim
795 3284 957 3350 Ecclesiae
971 3284 1058 3346 cirea
1073 3283 1178 3344 eadem
1194 3283 1308 3345 matri·

556 3405 559 3412 ·
602 3381 723 3451 mertia,
746 3377 886 3442 instruit
902 3377 937 3438 de
952 3376 1050 3446 modo,
1069 3392 1129 3453 quo
1149 3391 1181 3436 se
1202 3391 1308 3455 perere

602 3474 734 3556 parasiti
758 3470 889 3536 debeant
912 3485 983 3533 cum
1005 3468 1120 3549 agitur
1138 3468 1173 3531 de
1195 3467 1308 3531 buius-

604 3569 688 3632 modi
710 3564 930 3630 matrimoniis
950 3560 1007 3646 (l).

805 3746 891 3816 ritis
913 3747 974 3815 ΡΡ,
996 3745 1064 3814 lttll.

768 3937 966 4008 venerabiles
988 3937 1103 4004 iratres

597 4040 725 4108 salutem
748 4041 780 4103 et
801 4031 999 4118 apostolicam
1027 4028 1275 4098 benedictionem.

602 4233 621 4306 ᾖ
645 4231 672 4290 1.
696 4227 808 4290 Literis
829 4225 925 4287 altero
947 4222 1058 4284 abhinc
1078 4236 1161 4282 anuo
1182 4219 1310 4282 661166-

564 4340 637 4387 666
659 4322 725 4386 llll.
749 4319 827 4397 glor.
850 4331 946 4379 mem.
971 4315 1234 4394 praedecessorem
1256 4329 1310 4375 no·

564 4426 664 4479 strum
687 4414 762 4477 datis
783 4412 959 4488 diligenter,
983 4423 1054 4469 ven.
1080 4407 1311 4485 1616666666-

564 4509 679 4584 6616116,
691 4507 824 4569 arduum
835 4506 867 4566 iu
879 4519 941 4583 quo
953 4501 1120 4564 versamini
1131 4500 1309 4575 discrimen,

565 4609 725 4681 propterea
739 4601 820 4679 quod
836 4597 919 4660 civili
936 4596 1015 4674 lege,
1034 4594 1099 4657 istic
1114 4602 1185 4656 ante
1200 4609 1310 4672 paucos

564 4713 661 4759 annos
682 4695 751 4770 lati,
775 4691 999 4773 praescriptum
1022 4695 1131 4763 estut
1150 4688 1182 4748 16
1205 4687 1310 4748 matri-

566 4791 678 4854 moniis
698 4787 803 4851 mixtis
819 4784 910 4846 liberi
925 4784 1086 4860 utriusque
1108 4797 1201 4843 sexus
1216 4781 1248 4842 in
1265 4796 1311 4842 re·

564 4887 680 4963 ligione
702 4884 807 4963 patris,
830 4887 882 4943 aut
904 4887 987 4942 certe
1002 4877 1039 4938 ad
1054 4879 1120 4938 elus
1134 4875 1309 4950 arbitrium,

566 4981 749 5053 educentur,
775 4975 929 5052 simulque
953 4971 1161 5035 sacerdotibus
1184 4969 1310 5031 interdi-

564 5082 662 5148 ctum,
678 5088 719 5134 66
734 5086 749 5131 a
765 5070 901 5148 personis
920 5065 1117 5129 matrimonia
1132 5064 1310 5126 huiusmodi

566 5165 768 5230 contracturis
790 5162 885 5227 uliam
907 5160 1032 5236 exigant
1053 5173 1147 5237 super
1169 5155 1312 5233 religiosa

566 5261 739 5325 nasciturae
760 5257 854 5337 666116
875 5254 1070 5318 institutione
1097 5252 1308 5330 sponsionem.

567 5355 605 5417 Et
625 5355 681 5432 ipsi
704 5350 829 5432 quidem
851 5349 901 5410 661
917 5363 954 5409 ex
970 5363 1006 5408 66
1029 5355 1168 5424 tempore
1189 5343 1311 5422 partici-

567 5463 618 5528 pes
647 5446 763 5510 luimus
793 5443 909 5506 sumini
941 5441 1105 5514 moeroris,
1138 5454 1199 5517 quo
1227 5435 1311 5497 idem

565 5541 700 5620 optimus
720 5537 861 5600 Pontifex
883 5536 1008 5598 allectus
1028 5543 1074 5594 est
1097 5533 1135 5594 ob
1155 5529 1311 5607 augustias

567 5637 619 5695 bas
633 5639 761 5706 vestras,
774 5647 849 5709 quas
864 5645 917 5691 eae
933 5629 1039 5689 literae
1049 5624 1169 5704 plenius
1180 5624 1312 5702 explica·

567 5727 649 5789 bant.
675 5725 732 5788 Sed
745 5723 878 5800 graviori
893 5721 991 5783 adbuc
1005 5719 1145 5781 molestiis
1160 5733 1244 5779 nunc
1258 5733 1313 5779 an-

1083 547 1147 590 11111.
1172 546 1261 590 ΡΟΝΤ.
1286 545 1325 589 lte
1348 545 1376 589 P.
1400 545 1428 590 E·
1454 546 1534 590 PARS
1557 546 1577 589 l.

1361 661 1475 738 gimur,
1499 679 1569 726 eum
1585 664 1753 728 humilitati
1768 671 1890 728 nostrae
1911 660 2103 726 inscrutabili

1360 756 1412 818 liei
1425 757 1537 820 iudicio
1548 767 1738 822 reservatum
1749 767 1795 822 est
1810 774 1843 822 ea
1858 758 1945 820 robis
1959 773 2103 835 responsa

1361 851 1499 925 reddere,
1522 868 1600 930 quae
1629 851 1841 931 praedecessor
1867 859 1972 914 noster
2001 860 2104 913 morte

1360 955 1547 1020 praeventus
1569 961 1632 1008 uon
1654 945 1766 1024 potuit.
1790 944 1951 1023 Siquidem
1978 943 2008 1008 S.
2033 943 2106 1006 buic

1362 1037 1432 1100 Sedi
1454 1053 1578 1115 prorsus
1600 1053 1663 1100 non
1684 1038 1756 1100 licet
1776 1037 1826 1098 illa
1854 1039 1958 1100 omnia
1979 1037 2107 1116 permit·

1363 1138 1437 1204 tere,
1460 1147 1538 1210 quae
1559 1133 1592 1193 iu
1614 1131 1680 1194 istis
1699 1131 1877 1208 regionibus
1891 1133 1926 1194 ad
1942 1133 2008 1194 eius
2030 1130 2108 1207 legis

1361 1225 1578 1287 executionem
1600 1225 1747 1304 postulari
1768 1224 1971 1302 significastis.
1987 1223 2107 1287 ilerum

1361 1317 1422 1379 duo
1444 1326 1516 1380 sunt
1537 1334 1613 1396 quae
1638 1319 1715 1380 baad
1741 1334 1851 1396 parum
1872 1333 1927 1380 nos
1953 1325 2106 1394 recreant,

1363 1411 1504 1474 videlicet
1536 1420 1675 1473 restrum
1704 1411 1817 1489 pariter
1845 1421 1876 1473 et
1901 1413 2106 1486 sacerdotum,

1363 1507 1414 1584 qui
1437 1506 1494 1566 sub
1515 1505 1602 1567 vobis
1622 1511 1708 1580 sunt,
1724 1521 1779 1583 pro
1795 1505 1932 1567 doctrina
1955 1505 2109 1567 Ecclesiae

1365 1599 1477 1662 tuendi
1491 1600 1711 1678 servandisque
1732 1597 1814 1660 iilius
1825 1597 1940 1676 regulis
1955 1599 2107 1673 studium,

1363 1691 1444 1771 quod
1473 1693 1633 1771 praedictis
1658 1709 1782 1771 quoque
1809 1694 1843 1755 ad
1873 1692 2009 1755 Leonem
2038 1692 2106 1756 Xil.

1363 1786 1462 1849 literis
1477 1787 1727 1864 demonstrastis;
1751 1803 1784 1849 ac
1798 1786 1984 1850 serenissimi
1996 1787 2109 1848 Borus·

1363 1882 1425 1942 siae
1445 1879 1536 1956 iiegis
1557 1879 1764 1956 indulgentia,
1787 1881 1852 1958 qul,
1870 1887 1904 1941 ut
1926 1881 2040 1958 pariter
2063 1881 2110 1941 in-

1365 1972 1489 2047 nuistis,
1505 1973 1569 2049 ipse
1583 1979 1689 2034 auctor
1704 1973 1928 2049 quodammodo
1939 1972 2025 2034 vobis
2035 1972 2108 2048 tuit,

1365 2075 1399 2129 ut
1420 2065 1611 2145 dpostoiicae
1632 2065 1704 2128 huic
1726 2065 1796 2129 Scdi
1820 2067 1978 2142 integrum
2000 2081 2108 2128 rerum

1363 2166 1479 2220 statum
1508 2159 1641 2235 ingenue
1673 2158 1871 2236 explicantes,
1905 2157 1989 2220 illam
2016 2175 2110 2236 super·

1364 2251 1571 2314 anxietatibus
1583 2251 1693 2312 restris
1704 2251 1918 2314 consuleretis.
1930 2251 2008 2315 ilinc
2022 2253 2109 2314 euim

1364 2344 1477 2406 merito
1498 2343 1683 2406 confidimus
1697 2359 1760 2406 non
1777 2343 1867 2406 modo
1882 2360 1936 2407 vos
1952 2345 2109 2423 rescriptis

1364 2438 1446 2499 bisce
1461 2437 1574 2498 uostris
1588 2438 1677 2514 plane
1692 2438 1928 2515 obsequutores,
1943 2439 1996 2501 sed
2012 2439 2109 2516 ipsam

1363 2548 1487 2610 quoque
1507 2530 1698 2592 serenissimi
1709 2529 1800 2606 Regis
1816 2531 2006 2592 maiestatem
2023 2531 2110 2593 vobis

1363 2641 1425 2690 non
1446 2639 1674 2699 succensuram,
1697 2623 1722 2684 si
1744 2625 1842 2686 eidem
1866 2627 1898 2686 in
1920 2627 2013 2686 rebus
2034 2626 2110 2688 6161-

1364 2718 1443 2780 libus
1463 2734 1502 2780 ex
1530 2717 1633 2778 66166
1665 2717 1923 2793 obsecundantes,
1946 2719 1978 2779 in
2001 2719 2038 2779 iis
2070 2727 2108 2780 ta-

1364 2827 1450 2886 rnen,
1473 2827 1552 2889 quae
1567 2825 1630 2872 nou
1646 2810 1751 2872 civiles
1771 2811 1960 2872 matrimonii
1983 2811 2110 2875 eliectus

1364 2907 1415 2968 sed
1439 2906 1534 2982 ipsam
1563 2907 1725 2980 attingunt
1753 2904 1943 2967 matrimonii
1969 2905 2108 2966 eiusdem

1363 2999 1558 3060 sanctitatem
1585 3007 1616 3059 et
1644 2996 1786 3074 religiosa
1814 2999 1989 3080 coniugum
2013 2999 2111 3060 olircia

1364 3092 1545 3171 respiciunt,
1568 3108 1667 3153 sacras
1688 3090 1858 3166 Religionis
1880 3090 2047 3152 catholicae
2062 3107 2110 3151 re-

1364 3187 1450 3262 gulas
1471 3185 1656 3256 custodiatis.

1404 3281 1475 3354 52.
1499 3279 1604 3356 ltaque
1629 3279 1663 3342 ad
1694 3293 1761 3340 666
1783 3278 1907 3357 6666166
1936 3278 2109 3354 venientes,

1366 3375 1445 3436 baud
1461 3373 1548 3435 nobis
1563 3386 1638 3448 opus
1650 3381 1707 3447 est,
1721 3377 1755 3433 ut
1771 3370 1978 3433 iraternitates
1994 3381 2111 3433 vestras

1364 3467 1448 3530 sacri
1478 3465 1562 3527 6661
1595 3465 1734 3526 doctrinis
1761 3465 1961 3542 peritissimas
1988 3466 2111 3526 edocea-

1365 3579 1446 3634 mus,
1469 3575 1621 3638 quaenam
1642 3558 1787 3619 adversus
1808 3558 1929 3632 mixtas,
1946 3558 2112 3636 dequibus

1366 3656 1480 3732 agitur,
1513 3655 1635 3732 nuptias
1667 3650 1819 3714 Ecclesiae
1848 3651 1925 3712 ratio
1952 3653 2001 3713 sit.
2028 3651 2111 3728 Ergo

1366 3747 1509 3826 ignotum
1532 3746 1617 3808 vobis
1639 3762 1702 3807 non
1722 3751 1781 3820 est,
1795 3743 1962 3806 Ecclesiam
1983 3745 2111 3822 ipsama

1365 3841 1531 3906 connubiis
1553 3839 1740 3913 huiusmodi,
1756 3853 1834 3915 quae
1850 3854 1912 3898 non
1934 3853 2044 3916 parum
2059 3839 2110 3900 de-

1366 3933 1530 3998 iormitatis
1552 3938 1583 3994 61
1607 3931 1774 4011 spiritualis
1803 3930 1933 4008 periculi
1962 3931 2111 4010 praeseie-

1367 4039 1453 4104 runt,
1476 4027 1654 4097 abborrere,
1671 4031 1763 4102 atque
1777 4023 1889 4086 idcirco
1905 4025 2110 4103 apostolicam

1367 4124 1445 4184 banc
1465 4121 1577 4184 Sedena
1601 4134 1724 4180 summo
1747 4133 1870 4197 semper
1896 4119 2113 4198 constantique

1367 4216 1468 4278 studio
1498 4227 1629 4287 curasse,
1653 4221 1687 4274 ut
1708 4212 1873 4274 canonicae
1901 4211 1985 4288 leges
2007 4211 2112 4272 matri·

1367 4309 1470 4372 monia
1493 4309 1599 4368 eadem
1621 4303 1821 4383 prohibentes
1847 4304 1990 4380 religiose
2010 4313 2111 4366 custo-

1367 4405 1521 4464 direntur.
1544 4398 1629 4474 Quod
1645 4399 1670 4459 61
1685 4398 1814 4459 Romani
1836 4397 2000 4460 Pontifices
2014 4415 2030 4458 a
2044 4414 2112 4459 san·

1367 4497 1502 4559 ctissime
1523 4494 1575 4555 illo
1597 4507 1753 4554 canonum
1774 4491 1939 4554 interdicto
1953 4507 2112 4553 nonnum-

1367 4606 1459 4670 quam
1481 4587 1669 4666 dispensasse
1691 4585 1909 4662 lnveniuutur,
1925 4585 1955 4647 id
1977 4585 2112 4662 proiecto

1367 4697 1476 4758 graves
1498 4681 1535 4740 ob
1555 4695 1659 4740 causas
1681 4687 1712 4739 et
1733 4693 1824 4753 aegre
1846 4677 2012 4738 admodum
2034 4675 2113 4738 iece-

1367 4783 1455 4851 runt,
1466 4775 1591 4852 snisque
1605 4770 1886 4850 dispensationibus
1896 4769 2026 4833 adiicere
2041 4787 2113 4832 con·

1366 4877 1538 4932 sueverunt
1560 4865 1769 4928 conditionem
1784 4877 1959 4942 expressam
1975 4863 2012 4925 de
2027 4877 2113 4941 prae·

1367 4959 1525 5024 mittendis
1547 4958 1746 5021 matrimonio
1768 4956 1949 5036 opportunis
1963 4957 2112 5018 cautioni-

2132 533 2180 584 An.
2193 534 2218 587 d.
2235 539 2285 594 18311

1368 5055 1435 5132 bus,
1468 5070 1531 5115 666
1561 5053 1651 5113 6616
1679 5060 1713 5113 ut
1743 5051 1857 5112 coniux
1885 5049 2050 5111 catholicus
2075 5051 2113 5110 ab
2151 5046 2155 5053 '

1366 5147 1531 5210 acatholico
1554 5144 1690 5224 66666611
1711 5159 1774 5206 666
1790 5153 1900 5220 posset,
1918 5143 1995 5221 quin
2010 5143 2112 5220 potins

1365 5241 1420 5303 ille
1443 5240 1542 5303 teneri
1559 5255 1591 5300 se
1604 5239 1697 5300 sciret
1711 5237 1747 5298 ad
1762 5237 1846 5298 bunc
1868 5251 1922 5315 pro
1944 5235 2062 5296 viribus
2076 5235 2112 5296 ab

1366 5352 1472 5397 errore
1500 5335 1737 5404 retrahendum,
1759 5330 1926 5393 sedetiam
1955 5338 1989 5390 ut
2012 5328 2112 5406 666166

1369 5432 1528 5507 utriusque
1543 5444 1634 5489 sexus
1650 5443 1687 5487 ex
1702 5425 1810 5487 eodem
1829 5423 2028 5484 matrimonio
2043 5437 2110 5500 pro-

1366 5526 1495 5585 creanda
1517 5525 1549 5585 in
1571 5519 1734 5584 catholicae
1755 5518 1923 5594 Religionis
1949 5516 2112 5580 sanctitate

1367 5619 1497 5680 666166
1511 5620 1705 5679 educaretur.
1723 5613 1823 5676 Nostis
1838 5621 1954 5684 autem,
1967 5625 2040 5670 ven.
2054 5609 2112 5670 ira-

1368 5722 1441 5787 tres,
1467 5713 1542 5789 ipsas
1558 5726 1666 5771 ornnes
1688 5708 1845 5770 cautiones
1860 5721 1896 5767 eo
1911 5711 2060 5783 spectare,
2077 5711 2111 5764 ut

607 5938 637 5996 (ll
653 5939 689 5980 Ex
703 5935 852 5982 Roskovani
866 5939 942 5982 Matr.
958 5937 1031 5980 mixt.
1048 5937 1065 5979 t.
1081 5935 1101 5988 t,
1118 5945 1140 5988 p.
1156 5933 1202 5984 231,
1217 5930 1304 5976 collat.
1321 5931 1367 5974 etc.
