4734 7004
895 589 1037 648 cranaus
1057 589 1129 646 xttl.

245 722 391 786 triarcbae
413 721 566 786 Ecclesiae
584 717 736 802 praefatae
758 718 985 798 predecessores

245 817 286 879 tui
310 817 347 878 de
369 817 448 890 iure,
472 833 529 878 usu
552 825 583 878 et
605 813 840 889 cousuetudine,
856 813 916 889 usi,
933 827 983 888 ga·

244 910 300 972 visi
320 917 351 970 et
372 908 459 972 fruiti
480 908 622 985 luerunt,
645 909 709 988 pari
731 907 821 969 modo
841 921 984 969 exerceas

243 1019 275 1066 ac
295 1003 330 1064 iis
345 1003 453 1079 utaris,
476 1002 588 1064 fruaris
610 1009 641 1064 et
657 1003 787 1078 gaudeas
802 1001 834 1062 iu
850 999 914 1072 illo,
931 1000 985 1076 qui

243 1097 291 1158 dat
312 1097 425 1172 gratias
440 1104 470 1158 et
485 1096 618 1172 largitur
635 1093 778 1174 praemia,
795 1091 985 1156 confidentes

243 1191 334 1268 quod,
350 1189 506 1266 dirigente
531 1189 665 1250 Domino
689 1197 774 1250 actus
795 1193 876 1260 tuos,
899 1200 985 1263 prae·

243 1283 319 1346 dicta
340 1282 475 1344 Ecclesia
490 1283 684 1345 butiocbeua
699 1280 832 1344 nationis
847 1276 986 1342 eiusdem

241 1377 297 1438 sub
318 1384 373 1439 tiro
393 1375 474 1440 felici
496 1376 651 1452 regimine
665 1381 794 1451 regetur
815 1372 933 1435 utiliter
954 1377 985 1431 et

242 1485 388 1548 prospere
408 1471 571 1547 dirigetur,
593 1487 626 1531 ac
651 1474 737 1546 grata
759 1467 792 1528 iu
813 1465 930 1527 eisdem
953 1465 985 1525 iu

240 1562 454 1641 spiritualibus
474 1563 619 1642 suscipiet
640 1563 843 1624 incrementa.

95 1674 223 1728 irruente
279 1659 298 1732 ἓ
321 1657 350 1718 3.
375 1657 422 1718 ‘lu
447 1657 545 1732 igitur
570 1655 605 1716 ad
635 1654 774 1716 eamdem
801 1651 986 1713 Patriarclra-

77 1733 196 1784 untalaim
202 1727 225 1772 tt·

78 1791 133 1837 ulau,
148 1783 223 1830 callid-

241 1749 300 1812 lem
325 1749 495 1812 Ecclesiam
511 1749 738 1812 Antiochenam
755 1745 888 1810 nationis
903 1761 986 1824 prae-

79 1851 120 1890 αα
138 1835 223 1894 amaea
240 1841 318 1904 fatae
341 1858 414 1904 cum
436 1842 532 1919 gratia
553 1848 677 1903 nostrae
698 1838 919 1903 benedictionis
940 1854 987 1899 ac·

80 1905 142 1956 trnqtlt
155 1899 222 1935 summ

83 1943 224 2002 ars-traebat·
239 1935 366 2011 cedens,
390 1950 494 1998 curam
517 1943 548 1996 et
568 1933 870 1996 administrationem
904 1947 986 2009 prae·

84 2014 127 2050 num
135 2005 222 2044 multem

86 2059 116 2104 dli

239 2031 336 2093 dictas
350 2031 394 2093 sic
407 2045 554 2094 exercere
567 2031 688 2092 studeas
711 2028 853 2101 fideliter,
869 2025 986 2088 solicite

238 2133 269 2188 et
290 2126 476 2202 prudenter,
492 2123 573 2202 quod
589 2121 721 2186 Ecclesia
743 2122 806 2199 ipsa
821 2119 986 2184 Antioche-

238 2233 277 2278 na
298 2217 401 2279 dictae
424 2216 557 2278 nationis
579 2214 781 2293 gubernatori
805 2212 933 2291 provido
955 2219 986 2273 et

238 2309 400 2374 fructuoso
429 2308 671 2372 administratori
697 2308 825 2385 gaudeat
846 2322 878 2368 se
903 2321 986 2367 com-

237 2404 378 2480 missam,
401 2412 514 2483 tuque,
537 2409 659 2482 praeter
680 2410 824 2463 aeternae
852 2399 984 2461 retribu-

237 2497 334 2558 tionis
358 2497 543 2574 praemium,
566 2501 704 2557 nostram
725 2499 757 2556 et
777 2493 875 2556 dieue
901 2489 987 2554 Sedis

238 2589 491 2652 benedictionem
513 2606 546 2652 ac
568 2589 698 2666 gratiam
721 2586 836 2648 exinde
857 2585 985 2648 uberius

238 2684 390 2760 consequi
411 2682 570 2744 merearis.

100 2808 160 2854 tutat
175 2807 222 2862 upa.
278 2778 298 2852 §
321 2776 351 2838 4·
374 2776 520 2851 Quocirca
534 2773 651 2837 eisdem
662 2789 758 2836 venn.
771 2773 916 2836 fratribus
931 2774 988 2835 br·

83 2861 222 2918 werninge-

84 2929 110 2960 αα·
125 2917 170 2959 clero
187 2925 221 2958 re-

238 2871 441 2948 corepiscopis
469 2877 500 2931 et
526 2868 682 2947 Episcopis
711 2867 924 2944 suffraganeis,
953 2883 986 2928 ac

83 2970 222 3030 ,uaaaoeu-
239 2966 363 3028 dileotis
392 2966 508 3044 pariter
530 2963 601 3026 liliis
629 2961 764 3040 capitulo
792 2968 823 3023 et
853 2961 986 3022 vassallis

83 3035 111 3068 lid.
122 3031 221 3066 tartesso-

82 3075 221 3132 aappuana-
241 3059 396 3123 Ecclesiae
425 3059 636 3120 antiochenae
662 3055 796 3117 nationis
824 3052 986 3132 praefatae,

82 3133 121 3174 tau
139 3127 222 3172 delebi-

82 3181 222 3234 ,gggnoq
239 3169 273 3214 ac
293 3153 380 3214 clero
400 3150 548 3214 saeculari
563 3157 594 3210 et
610 3147 757 3226 regulari,
770 3147 864 3210 etiam
886 3146 987 3210 Socie-

82 3236 171 3294 txgoriro
184 3237 222 3280 Pa·

81 3289 149 3332 tutatae
167 3289 222 3334 obc-

240 3246 312 3310 tatis
335 3247 413 3319 lesu,
437 3253 467 3308 et
492 3243 604 3323 populo
630 3243 760 3306 civitatis
783 3256 815 3302 ac
842 3239 988 3302 dioecesis

78 3343 222 3402 acclamans
239 3340 454 3402 Antiochense
475 3339 613 3400 eiusdem
638 3336 772 3398 nationis
794 3351 848 3414 per
869 3340 987 3413 aposto·

77 3403 139 3440 rautan
152 3399 170 3440 et
182 3405 222 3440 ab·

75 3451 127 3492 riam
140 3449 222 3504 pueta-
239 3433 297 3496 lica
318 3433 431 3510 scripta
453 3433 647 3505 mandamus,
669 3437 704 3491 ut
725 3427 910 3504 suffraganei
933 3425 989 3489 tibi

74 3505 102 3546 stri

239 3533 401 3606 tamquam
427 3525 567 3587 membra
589 3524 680 3602 capiti
712 3523 932 3600 obsequentes,
955 3525 988 3581 et

239 3620 414 3700 capitulum
429 3619 484 3682 tibi
500 3625 658 3696 tamquam
668 3615 748 3696 patri
758 3624 790 3676 et
800 3613 913 3693 pastori
924 3613 989 3676 ani-

238 3729 365 3778 marum
386 3711 688 3776 suarumbumiliter
708 3709 918 3781 intendentes,
934 3723 987 3770 ex-

239 3807 369 3871 lribeaut
396 3807 451 3870 tibi
480 3804 691 3868 obedientiam
719 3808 750 3864 et
778 3802 987 3864 reverentiam

238 3903 358 3964 debitas
380 3907 410 3962 et
438 3901 573 3972 devotas,
596 3899 637 3960 ita
667 3897 749 3976 quod
775 3902 883 3960 mutua
904 3895 988 3958 inter

239 4003 269 4058 te
291 4003 328 4057 et
348 3995 429 4073 ipsos
448 3993 659 4070 suffraganeos
680 3989 777 4067 gratia
802 3997 903 4065 gratos
923 4005 988 4050 sor-

238 4089 338 4153 tiatur
357 4087 495 4163 allectus,
517 4095 550 4148 et
570 4103 627 4148 uos
647 4102 756 4148 eorum
788 4085 986 4149 devotionem

238 4184 395 4262 possimus
406 4189 567 4260 propterea
581 4181 614 4242 iu
630 4180 762 4242 bomine
778 4180 890 4242 merito
904 4197 988 4244 com-

237 4277 407 4340 mendare:
430 4293 464 4338 ac
484 4275 585 4338 clerus
607 4283 638 4336 te
658 4288 714 4352 pro
730 4274 833 4336 nostri
854 4283 885 4336 et
905 4275 987 4338 eius·

238 4371 312 4433 dem
335 4369 421 4432 Sedis
442 4369 618 4432 reverentii
646 4367 782 4443 benigue
803 4367 986 4446 recipientes

237 4471 271 4526 et
295 4463 469 4526 bonor-ilice
500 4469 733 4541 pertractantes,
762 4468 815 4523 tua
843 4462 985 4524 salutaria

238 4557 360 4620 monita
382 4567 413 4619 et
434 4555 575 4619 mandata
589 4555 755 4632 suscipiant
777 4556 941 4620 humiliter
955 4563 986 4618 et

238 4651 405 4714 efficaciter
434 4649 605 4728 adimplere
636 4656 816 4728 procurent.
852 4649 986 4728 Populus

238 4763 315 4810 xero
337 4754 368 4808 te
390 4756 546 4823 tamquam
561 4753 680 4822 patrem
702 4750 733 4805 et
754 4752 907 4822 pastorem
921 4744 986 4808 ani-

239 4856 366 4902 marum
385 4853 515 4901 suarum
529 4839 640 4900 deuote
660 4837 873 4915 suscipientes,
890 4845 920 4901 et
935 4838 987 4902 de-

240 4934 305 4996 bita
326 4933 563 4996 honoriticentia
584 4939 817 5009 prosequentes,
840 4931 900 4994 tuis
921 4948 985 4994 uto-

240 5029 316 5090 uitis
337 5037 369 5090 et
389 5029 541 5100 mandatis
561 5027 735 5089 salubribus
756 5027 918 5091 bumiliter
940 5029 986 5092 in·

241 5125 388 5200 tendant;
410 5123 451 5185 ita
471 5121 554 5202 quod
577 5123 664 5188 tuin
690 5123 735 5184 eis
759 5123 929 5186 devotionis
951 5124 985 5184 ti-

240 5217 299 5279 lios
320 5225 351 5279 et
376 5219 435 5296 ipsi
457 5217 491 5280 in
513 5227 542 5280 te
565 5233 620 5297 per
646 5233 839 5296 consequeus
865 5228 985 5296 patrem

241 5311 432 5374 benevolum
464 5311 621 5373 invenisse
653 5312 820 5387 gaudeatis.
860 5311 984 5374 Vassalli

242 5413 348 5467 autem
369 5403 532 5484 praedicti,
562 5413 591 5467 te
613 5404 717 5468 debito
739 5405 856 5468 bonore
883 5421 986 5484 prose·

242 5506 384 5576 quentes,
416 5497 471 5560 tibi
499 5497 679 5561 fidelitatem
704 5497 837 5574 solitam,
860 5516 893 5562 ac
913 5517 985 5563 con·

243 5597 328 5652 sueta
358 5589 485 5652 servitia
509 5597 541 5652 et
563 5591 630 5652 iura
653 5591 710 5654 tibi
737 5590 775 5652 alt
809 5589 854 5654 eis
885 5591 985 5654 debita

243 5681 366 5760 integre
387 5683 534 5748 exhibere
557 5691 735 5761 procurent,
758 5683 895 5763 alioquin
916 5701 985 5746 seu·

245 5780 372 5842 tentiam
385 5777 452 5838 sive
463 5793 606 5857 poenam,
618 5793 712 5855 quam
726 5777 786 5839 rite
801 5777 909 5839 tuleris
920 5779 986 5840 sive

244 5873 386 5934 statueris
408 5871 441 5934 iu
462 5871 604 5947 rebelles,
627 5880 725 5938 ratam
746 5871 936 5948 babebimus,
955 5881 985 5934 et

246 5962 400 6042 faciemus,
420 5970 547 6031 auctore
567 5963 711 6041 Domino,
724 5979 824 6043 usque
844 5966 880 6028 ad
900 5965 987 6028 satis-

1724 570 1763 644 53
1813 573 1868 636 An.
1881 575 1912 635 e.
1933 573 2002 634 1760

1039 716 1205 782 factionem
1226 715 1412 796 condignam
1438 717 1658 781 iuviolabiliter
1679 717 1782 780 obser-

1040 828 1115 873 rari.

1079 907 1097 982 ἓ
1118 907 1147 968 5.
1165 906 1319 970 Volumus
1330 917 1445 988 autem,
1462 913 1543 989 quod
1560 919 1604 987 tu,
1617 919 1779 990 antequam
1814 916 1845 961 Ut
1860 913 1918 962 fidei
1930 913 2015 962 carua-

1801 965 1865 1014 ltcae
1882 968 2014 1030 professio·
2107 977 2110 984 ’

1039 1001 1186 1078 regimini
1207 1011 1238 1064 et
1259 1003 1517 1068 administrationi
1538 1007 1635 1070 diotae
1655 1006 1782 1085 patriar·
1801 1031 1859 1067 uam
1880 1032 1908 1068 aa
1928 1021 2015 1067 mant-

1040 1105 1133 1166 cbalis
1155 1105 1306 1168 Ecclesiae
1321 1103 1530 1168 Antiochenae
1552 1101 1685 1162 nationis
1697 1115 1781 1180 prae·
1800 1074 2015 1174 ῗέξιῗέἶθῗέςῖξῄῗ

1039 1197 1119 1259 fatae
1141 1205 1171 1259 te
1191 1198 1224 1259 in
1246 1198 1349 1276 aliquo
1380 1197 1563 1271 immisceas,
1586 1193 1618 1255 in
1639 1193 1782 1256 manibus
1800 1181 2016 1281 {ffssffi‘ffi‘ss

1039 1290 1169 1354 alicuius
1189 1292 1329 1354 catbolici
1344 1291 1501 1356 antistitis
1516 1290 1645 1367 gratiam
1656 1297 1687 1352 et
1701 1303 1783 1352 com·
1800 1287 1849 1334 ‘¹¹¹¹
1873 1288 2013 1352 resarum.

1040 1385 1223 1447 munionem
1239 1385 1325 1448 Sedis
1340 1385 1530 1464 spostolicae
1546 1383 1685 1446 babentis
1704 1389 1735 1444 et
1749 1383 1782 1444 iu
1800 1341 2014 1452 iiffiiiiiiiai]

1041 1477 1101 1538 illis
1122 1479 1259 1556 partibus
1280 1478 1432 1555 degentis,
1446 1477 1515 1538 fidet
1537 1475 1701 1540 catholicae
1712 1490 1782 1553 pro·
1801 1448 2016 1564 ζ’ὖᾞῖξξᾎὶῃθῗιῗ

1041 1570 1207 1633 sessionem
1237 1589 1253 1632 a
1284 1571 1363 1634 Sede
1394 1571 1547 1650 praedicta
1577 1569 1783 1634 Orientalibus
1802 1555 1939 1602 ⁰⁶⁰¹¹²⁸⁸¹³·

1040 1665 1270 1743 praescriptam,
1293 1666 1376 1726 iuxta
1401 1679 1507 1739 unam,
1530 1679 1673 1742 expresse
1693 1663 1784 1726 emit·

1041 1765 1118 1832 tere,
1149 1767 1180 1820 et
1212 1758 1367 1821 fidelitatis
1397 1755 1517 1819 debitae
1545 1757 1672 1820 solitum
1702 1757 1784 1820 iura-

1041 1859 1196 1926 mentum,
1220 1851 1304 1914 iuxta
1326 1851 1454 1912 alteram
1483 1851 1594 1914 formas
1615 1851 1784 1930 praesemi-

1041 1945 1097 2006 bus
1119 1946 1287 2020 adnotatas,
1310 1951 1465 2023 praestare
1487 1946 1618 2008 omniuo
1640 1945 1783 2021 tenearis,

1040 2056 1072 2102 ac
1094 2038 1292 2117 professionis
1314 2037 1385 2100 fidei
1406 2054 1500 2116 quam
1521 2037 1671 2112 emiseris,
1686 2045 1719 2100 et
1739 2039 1785 2100 iu·

1041 2131 1174 2193 rameuti
1194 2130 1372 2194 huiusmodi
1390 2133 1471 2211 quod
1494 2133 1707 2211 praestaveris,
1723 2131 1784 2194 for·

1040 2240 1104 2286 mas
1127 2224 1368 2300 congregationi
1391 2225 1428 2286 de
1443 2226 1639 2303 Propagandi
1660 2225 1733 2287 Fide
1747 2223 1785 2288 de

1040 2321 1135 2382 verbo
1157 2321 1192 2380 ad
1215 2319 1347 2382 verbum
1362 2334 1417 2397 per
1432 2326 1497 2380 tuas
1519 2327 1660 2397 patentes
1681 2317 1785 2380 literas

1042 2421 1094 2474 tuo
1115 2412 1216 2489 sigillo
1238 2415 1373 2476 munitas
1389 2428 1443 2491 per
1453 2414 1613 2492 proprium
1635 2414 1785 2475 nuntium

1040 2507 1247 2584 quantocitius
1267 2506 1421 2569 destinare
1441 2523 1596 2586 procures.

1079 2601 1188 2663 llorma
1220 2609 1323 2663 autent
1355 2599 1551 2678 professionis
1580 2599 1663 2676 fidei,
1691 2617 1785 2680 quam

1040 2692 1175 2768 emittes,
1197 2692 1272 2754 baec
1293 2701 1354 2754 est:

1083 2787 1148 2865 Epa
1164 2785 1328 2849 liquimus
1343 2786 1460 2848 electus
1472 2785 1710 2848 Patrinrcbnlis
1726 2785 1785 2848 Ec·
1829 2795 1974 2858 pomulam
1993 2805 2017 2840 a.

1041 2881 1153 2942 clasiae
1172 2878 1387 2944 Antiocltcuae
1408 2880 1553 2941 nationis
1577 2881 1785 2946 Gracco-Mel·
1803 2849 2017 2966 {iiiiiiifiaiiil

1041 2972 1205 3036 abiturum
1238 2972 1333 3049 firmat
1366 2971 1425 3051 fitia
1457 2973 1548 3034 credo
1576 2981 1605 3034 et
1634 2973 1784 3052 profiteor
1803 2955 2017 3057 ῗξῆἰῗζῇἓῖξξὲἶ

1042 3067 1149 3130 omniu
1174 3071 1205 3128 at
1235 3067 1376 3146 singula,
1404 3083 1483 3144 quaa
1511 3069 1721 3146 confiscentur
1748 3069 1783 3129 in
1803 3060 1874 3172 iffi
1891 3064 2017 3164 ggffl·

1044 3158 1186 3238 Symbola
1207 3161 1278 3240 fidei
1299 3178 1358 3239 qua
1382 3159 1414 3222 S.
1432 3160 1469 3222 tt.
1494 3163 1530 3224 lt.
1554 3162 1678 3232 utitur,
1700 3161 1785 3224 vide·
1945 3127 1962 3174 ⁸
2009 3152 2014 3163 '

1042 3254 1129 3316 licet:
1154 3253 1253 3318 Credo
1274 3253 1309 3314 in
1327 3269 1429 3316 unum
1444 3254 1545 3316 Deum
1567 3252 1698 3338 Patrem
1715 3255 1785 3317 Orn-

1041 3345 1236 3424 nipatentem
1257 3348 1411 3426 factorem
1436 3345 1520 3410 Coeli
1541 3354 1571 3408 et
1599 3346 1722 3417 Terrae,
1739 3347 1785 3410 ai·

1041 3437 1187 3502 sibiliam
1215 3440 1357 3502 omnium
1382 3446 1412 3502 et
1441 3438 1673 3514 invisibilium,
1697 3448 1726 3503 at
1750 3440 1786 3504 iu

1043 3549 1144 3596 unum
1165 3532 1337 3596 Dominum
1352 3534 1455 3597 lesum
1473 3533 1640 3597 Christum
1666 3533 1786 3596 Filium

1043 3629 1101 3691 Dei
1127 3627 1344 3708 Unigenitum,
1361 3633 1392 3688 et
1406 3645 1446 3690 eu
1461 3629 1560 3690 Patra
1580 3632 1695 3690 natum
1711 3633 1786 3692 ante

1043 3723 1150 3784 omnia
1170 3723 1311 3792 saecula,
1336 3722 1442 3784 'Deum
1464 3721 1501 3784 de
1523 3721 1595 3792 Deo,
1620 3721 1727 3783 tumen
1749 3721 1786 3784 de

1043 3814 1174 3885 lumine,
1198 3814 1299 3878 Deum
1319 3831 1429 3878 cerum
1451 3815 1488 3878 de
1507 3816 1571 3878 Deo
1591 3833 1675 3888 aera,
1699 3816 1787 3897 pani·

1044 3913 1112 3970 tam
1124 3923 1188 3969 non
1202 3910 1338 3987 foetam,
1356 3905 1661 3972 consubstantialem
1676 3909 1783 3980 Patri,

1041 4015 1097 4078 per
1118 4017 1208 4079 quem
1230 4002 1338 4065 omnia
1359 4003 1450 4083 [ncta
1470 4008 1561 4074 sunt,
1577 4001 1632 4080 qui
1652 4005 1786 4080 propter

1042 4111 1097 4156 nos
1119 4094 1271 4168 faeminas,
1290 4101 1320 4156 et
1334 4102 1467 4173 propter
1481 4099 1625 4157 nostram
1646 4097 1785 4158 salutem

1042 4188 1202 4250 descendit
1224 4187 1260 4250 de
1283 4187 1395 4258 Caelis,
1419 4195 1450 4249 et
1472 4189 1664 4252 incarnatus
1686 4195 1732 4250 est
1749 4188 1785 4249 de

1042 4282 1173 4360 Spiritu
1197 4282 1312 4344 Sancto
1334 4298 1373 4344 eu
1395 4281 1502 4348 Maria
1528 4282 1664 4360 Virgine,
1687 4288 1718 4343 et
1733 4281 1785 4343 lto·

1041 4391 1091 4436 mo
1112 4375 1221 4452 factus
1243 4380 1305 4446 est,
1328 4373 1506 4454 crucifissus
1532 4373 1631 4438 ctiam
1651 4390 1710 4453 pro
1732 4391 1786 4438 no·

1042 4467 1089 4532 bis
1110 4467 1169 4531 sub
1191 4467 1307 4530 Pontio
1328 4467 1446 4542 Pilato,
1462 4483 1577 4546 passas
1594 4475 1624 4530 et
1640 4468 1785 4547 sepultus

1041 4569 1100 4636 est,
1129 4569 1160 4624 et
1182 4563 1365 4624 resurreaait
1399 4563 1497 4625 tertia
1530 4562 1580 4624 alie
1610 4562 1785 4626 secundum

1042 4655 1244 4735 Scripturas,
1267 4660 1298 4717 et
1319 4657 1463 4719 ascendit
1487 4655 1521 4716 in
1545 4657 1683 4730 Caelum,
1700 4657 1785 4720 sedet

1041 4751 1083 4814 ad
1104 4751 1270 4814 deuterum
1292 4750 1413 4824 Putris,
1436 4755 1466 4812 at
1488 4751 1607 4813 iterum
1626 4759 1784 4814 venturus

1041 4853 1087 4908 est
1109 4861 1182 4907 cum
1197 4844 1303 4924 pieria
1325 4845 1470 4907 iudicare
1484 4845 1570 4906 ainos
1586 4851 1615 4906 et
1627 4849 1781 4918 mortuos,

1042 4937 1136 4999 cuius
1151 4935 1242 5014 regni
1257 4951 1321 4996 non
1335 4936 1398 4996 erit
1413 4934 1508 5013 finim-
1528 4941 1558 4996 et
1572 4936 1607 4996 in
1623 4934 1784 5013 Spiritum

1042 5029 1197 5093 Sartctam
1219 5026 1401 5102 Dominum,
1425 5033 1455 5089 et
1477 5027 1704 5107 vivificantem,
1729 5029 1785 5106 qui

1041 5139 1080 5185 en
1102 5121 1203 5186 Patre
1224 5122 1366 5199 Filioque
1383 5122 1538 5199 procedit,
1554 5123 1608 5200 qui
1631 5138 1702 5184 cum
1724 5123 1786 5186 Pa-

1043 5223 1142 5279 treet
1167 5215 1251 5278 Filio
1272 5215 1370 5276 simral
1392 5213 1562 5287 adoratur,
1577 5223 1607 5278 et
1629 5215 1785 5295 conglori-

1040 5312 1171 5391 ficatur,
1184 5311 1240 5388 qui
1256 5309 1409 5388 loquutus
1423 5313 1470 5370 est
1485 5325 1540 5386 per
1551 5308 1740 5386 Prophetae
1751 5314 1782 5371 et

1042 5419 1152 5474 unam,
1163 5409 1321 5471 sanctam,
1331 5401 1523 5465 catholicam
1536 5408 1567 5463 at
1578 5401 1784 5480 apostolicam

1041 5495 1234 5568 Ecclesium·
1255 5495 1404 5575 confiteor
1432 5511 1535 5557 unum
1557 5497 1724 5574 Baptistae
1746 5497 1783 5558 in

1042 5589 1256 5652 remissionem
1283 5593 1505 5667 peccatorum·
1530 5593 1561 5650 et
1587 5594 1715 5668 aspecta
1738 5607 1786 5650 re·

1041 5682 1275 5746 surrectionem
1295 5689 1518 5756 mortuarum·
1539 5688 1569 5743 et
1590 5684 1692 5746 vitam
1713 5700 1785 5745 uen-

1042 5777 1112 5839 turi
1140 5775 1274 5838 saecati.
1299 5775 1407 5838 Amen.
1435 5808 1451 5820 -
1478 5777 1609 5838 l'eneror
1628 5777 1729 5839 etium
1755 5785 1784 5839 et

1041 5869 1183 5947 suscipio
1212 5869 1408 5934 Universales
1443 5869 1599 5948 synodos,
1620 5878 1719 5950 prout
1740 5889 1787 5933 sc-

1042 5965 1169 6044 quitnr,
1191 5965 1357 6029 videlicet.-
1379 5965 1555 6030 Nicaenam
1580 5965 1731 6046 primam,
1754 5973 1784 6032 et
