4776 6974
319 539 372 593 An.
387 540 417 592 (l.
440 537 508 594 1786
561 537 619 600 308
2119 526 2181 578 An.
2198 524 2236 576 (l.
2263 518 2338 570 1787

538 673 641 734 omnia
671 672 848 750 plenissime
869 669 1040 746 sullragari,
1064 675 1095 732 et
1121 669 1158 729 ab
1178 669 1223 729 eis
1238 683 1285 728 re·
1342 681 1450 728 manae
1472 665 1622 727 Ecclesiae
1644 663 1852 727 cardinalium
1872 661 1964 724 sacris
1980 661 2089 724 ritibus
2108 673 2279 730 congregat.
2305 667 2348 710 m-

1062 547 1125 596 ibit.
1150 547 1240 594 PONT.
1265 546 1306 592 DE
1327 548 1355 591 P.
1380 545 1409 592 F.
1433 547 1515 592 PARS
1537 548 1558 591 l.

318 1429 451 1485 berogatio
461 1439 519 1475 con·

309 1485 453 1530 trariorom.

302 5899 433 5946 decretum
449 5899 515 5944 alias

302 5953 403 6001 editum
414 5963 429 5998 3
439 5953 516 6000 sacra
535 5947 609 5994 nel'tl

538 767 673 844 spectivo
695 763 920 828 inviolabiliter.
934 764 1108 840 observari,
1131 761 1237 841 sicque
1252 761 1283 821 in
2107 733 2203 776 ‘⁰⁰⁰¹'

539 859 712 937 praemissis
733 874 789 937 per
806 873 1019 937 quoscumque
1035 857 1149 918 iudices
1164 854 1284 916 ordina·

540 954 600 1013 rios
622 960 652 1014 ot
673 951 840 1028 delegatos,
865 952 959 1013 etiam
989 963 1150 1011 causarum
1181 948 1283 1026 palatii

539 1046 693 1126 apostolici
716 1045 881 1118 auditores,
903 1045 1029 1106 iudicari
1050 1051 1081 1105 et
1096 1042 1218 1104 deliniri
1234 1040 1285 1103 de·

539 1142 624 1214 bero,
646 1157 679 1200 ac
701 1139 826 1200 irritum
854 1147 885 1199 et
907 1138 1009 1213 inane,
1032 1138 1057 1198 si
1078 1152 1165 1198 secus
1192 1149 1285 1212 super

539 1234 622 1295 laisa
644 1247 798 1312 quoqqu
820 1231 926 1309 qamvis
948 1230 1130 1292 auctoritate
1151 1229 1285 1290 scienter

540 1325 588 1386 vel
612 1325 790 1397 ignoranter
811 1324 975 1400 contigerit
997 1323 1152 1385 ellemari.

578 1420 597 1493 ἓ
617 1419 646 1478 o.
664 1417 732 1479 Non
749 1417 941 1479 obstantibus
956 1417 1142 1496 praemissis,
1156 1432 1199 1489 ac,
1212 1429 1284 1492 qua-

539 1519 631 1574 tenus
652 1527 728 1589 opos
748 1510 800 1584 sit,
822 1511 860 1572 de
882 1510 950 1572 iure
975 1509 1114 1589 quaesito
1142 1525 1204 1570 non
1227 1506 1286 1568 tol-

538 1604 641 1678 lendo,
663 1621 696 1665 ac
717 1603 755 1664 do
786 1603 989 1680 exprimendo
1020 1619 1094 1664 vero
1125 1601 1230 1662 valore
1252 1601 1284 1661 in

537 1695 815 1776 suppressionibus,
840 1695 1009 1758 unionibus
1033 1711 1088 1757 sen
1110 1693 1284 1773 applicatio·

539 1789 640 1866 nibus,
658 1791 782 1869 illisque
804 1789 1036 1852 committendis
1050 1791 1085 1850 ad
1102 1797 1215 1867 partes,
1232 1803 1284 1846 vo-

538 1884 611 1946 catis
637 1899 772 1963 quorum
794 1883 935 1958 interest,
958 1901 991 1945 ac
1015 1883 1082 1944 aliis
1107 1890 1229 1944 nostrae
1254 1888 1285 1942 et

466 2027 470 2062 2
537 1975 1285 2054 Cancellariaebpostolicaeregulis,necnonLa-

538 2070 707 2133 teranensis
728 2070 859 2132 Concilii
882 2071 1012 2130 uniones
1035 2077 1209 2148 perpetuas,
1225 2068 1283 2132 nisi

538 2165 568 2224 in
591 2165 710 2227 casibus
731 2181 746 2224 a
769 2164 835 2224 iure
850 2163 1019 2240 permissis,
1036 2165 1102 2225 fieri
1118 2164 1283 2242 probiben-

538 2259 588 2330 tis,
610 2258 738 2336 aliisque
758 2255 929 2335 apostolicis
948 2273 981 2318 ac
1003 2257 1033 2318 in
1056 2257 1283 2320 universalibus

537 2349 839 2429 provincialibusque
860 2359 890 2411 et
911 2349 1107 2426 synodalibus
1125 2351 1216 2412 editis
1231 2365 1284 2426 ge-

537 2444 693 2507 neralibus
722 2441 772 2504 vel
798 2443 980 2520 specialibus
1008 2445 1283 2505 constitutionibus

536 2549 567 2600 et
587 2535 842 2609 ordinationibus,
859 2552 995 2598 necnon
1015 2537 1086 2598 dicti
1101 2537 1282 2598 monasterii

536 2633 628 2695 etiam
651 2631 838 2704 iuramento,
855 2631 1090 2692 conllrmatione
1107 2631 1280 2709 apostoliea,

536 2727 585 2788 vel
608 2724 716 2804 quavis
745 2721 890 2784 firmitate
912 2724 968 2784 alia
990 2723 1139 2786 roboratis
1159 2724 1282 2786 statutis

536 2827 567 2882 et
588 2817 881 2892 consuetudinibus,
898 2817 1069 2895 privilegiis
1083 2835 1219 2897 quoque,
1237 2819 1282 2879 in-

535 2913 629 2976 dultis
651 2920 681 2973 et
703 2910 799 2973 literis
821 2910 993 2986 apostolicis
1020 2911 1232 2989 superioribus
1252 2920 1283 2974 et

536 3005 674 3084 personis
703 3005 761 3065 sub
791 3003 1040 3082 quibuscumque
1068 3005 1230 3068 tenoribus
1251 3012 1283 3066 et

536 3102 654 3174 lormis,
677 3115 710 3160 ac
731 3113 802 3159 cum
824 3097 986 3176 quibusvis
1009 3098 1102 3160 etiam
1123 3101 1283 3176 derogato·

536 3195 653 3255 riarum
674 3191 887 3270 derogatoriis,
903 3191 1032 3270 aliisque
1049 3193 1280 3269 efficacioribus,

535 3289 750 3352 efficacissimis
772 3304 804 3348 ac
828 3287 959 3348 insolitis
980 3287 1135 3364 clausulis,
1160 3291 1281 3352 irritan-

536 3383 679 3461 tibusque
700 3389 731 3443 et
752 3381 818 3444 aliis
840 3379 969 3442 decretis
991 3381 1023 3442 in
1039 3395 1156 3458 genere
1176 3385 1226 3446 vel
1249 3386 1281 3447 in

533 3477 645 3556 specie,
661 3491 694 3537 ac
708 3475 774 3535 aliis
790 3475 822 3536 in
836 3474 1027 3537 contrarium
1042 3477 1279 3553 praemissorum

534 3569 765 3648 quomodolibet
790 3567 952 3642 concessis,
981 3569 1154 3646 approbatis
1180 3579 1211 3632 et
1235 3572 1281 3634 in·

534 3664 665 3727 novatis.
695 3663 811 3738 Quibus
838 3661 983 3723 omnibus
1010 3669 1040 3723 et
1061 3663 1193 3741 singulis
1215 3665 1282 3728 illo-

534 3773 606 3820 rum
629 3765 752 3819 tenores
771 3755 983 3834 praesentibus
998 3772 1053 3834 pro
1068 3757 1160 3836 plene
1174 3767 1205 3820 et
1218 3759 1281 3822 sul·

535 3853 675 3914 sicienter
696 3849 846 3928 expressis
867 3865 900 3909 ac
921 3850 959 3910 de
980 3849 1075 3911 verbo
1097 3851 1280 3915 adverbum

535 3945 660 4008 insertis
680 3943 845 4016 babentes,
861 3941 920 4002 illis
942 3941 1014 4003 alias
1037 3942 1068 4003 in
1090 3959 1146 4006 suo
1169 3947 1279 4009 robore

534 4037 756 4118 permansuris,
786 4035 820 4096 ad
851 4035 1092 4112 praemissorum
1122 4037 1279 4116 ellectum,

535 4133 589 4195 bac
607 4131 673 4194 vice
694 4131 854 4192 dumtaxat
881 4128 1050 4206 specialiter
1078 4137 1109 4192 et
1138 4148 1281 4211 expresse

535 4227 730 4303 derogamus,
757 4221 947 4300 caeterisque
968 4225 1130 4287 contrariis
1156 4226 1280 4305 quibus·

535 4334 679 4398 cumque.

576 4415 686 4476 Datum
707 4412 822 4474 Romae
842 4413 920 4490 apud
944 4414 974 4476 S.
1000 4413 1138 4489 Petrum,
1156 4416 1213 4479 sub
1228 4433 1280 4478 an·

536 4508 611 4572 nolo
632 4504 803 4580 Piscatocis,
821 4504 870 4567 dic
892 4521 942 4566 xv.
960 4508 1025 4569 dec.
1045 4524 1278 4587 noeoxxxxvr,

534 4601 730 4684 pontificatus
751 4599 849 4660 nostri
870 4615 953 4660 anno
975 4613 1032 4660 xn.

789 4759 1026 4770 ---...-..-...

861 4884 952 4950 Lxu.

537 5077 571 5139 lo
593 5072 724 5138 ecclesie
755 5074 946 5137 monialium
978 5075 1168 5135 monosterii
1201 5072 1281 5153 Cup-

572 5172 787 5248 purcioorum
819 5169 967 5230 ciuitatis·
989 5167 1144 5230 Limnaee
1173 5170 1208 5230 iu
1229 5171 1280 5235 Io·

575 5265 638 5326 diis
668 5265 767 5325 misso
799 5263 906 5323 votivo
934 5261 969 5322 de
992 5261 1202 5324 sanctissimo
1225 5260 1280 5325 Su·

574 5363 737 5421 33333333
759 5357 890 5419 centuri
911 5371 998 5434 posse
1021 5354 1173 5417 concedit.

789 5526 875 5594 Pills
900 5527 958 5593 ΡΡ.
984 5525 1030 5592 vt.

678 5649 1141 5720 mmmmmmm

361 5848 514 5892 memoratur
573 5839 592 5912 ς
615 5831 642 5896 l,
667 5829 748 5892 Alias
766 5830 922 5890 emanavit
936 5847 952 5890 a
967 5826 1216 5904 congregatione
1232 5842 1283 5887 ve·

614 5923 724 5991 biliuxn
741 5923 873 5985 fratrum
889 5931 1068 5985 nostrorum
1083 5921 1211 5984 Sanctae
1226 5919 1284 5983 Ro·

1341 760 1585 838 praepositorum
1607 759 1766 819 decretum
1791 756 1908 818 tenoris
1929 757 2088 834 sequentis

1341 853 1500 918 videlicet:

1642 990 1790 1053 leleb

1382 1139 1526 1202 Precibus
1543 1138 1724 1200 monialium
1740 1138 1861 1202 Ordinis
1877 1135 1978 1200 Sancti
1994 1139 2091 1200 Fran·
2122 1161 2219 1204 aanor
2234 1153 2343 1200 occasu.

1341 1233 1411 1295 cisci
1434 1233 1697 1310 Cappuccinarum
1729 1233 1861 1296 civitatis
1889 1231 2035 1294 Limanae
2057 1232 2089 1294 in

1342 1342 1439 1402 regno
1469 1326 1609 1388 l‘ernano
1641 1343 1696 1404 per
1717 1342 1768 1387 me
1790 1326 2021 1404 infrascriptum
2042 1343 2088 1386 se-

1341 1419 1508 1480 cretarium
1520 1418 1635 1493 relatis,
1647 1419 1858 1480 sanctissimus
1874 1420 2019 1480 dominus
2035 1436 2090 1480 no-

1340 1521 1404 1575 ster
1425 1513 1495 1574 Pius
1517 1512 1566 1574 lll.
1597 1511 1737 1589 pontilex
1771 1513 1923 1574 maximus
1951 1512 2087 1587 benigne

1341 1608 1507 1669 annuendo
1539 1605 1685 1680 indulsit,
1719 1614 1753 1667 rxt
1775 1605 1883 1684 primis
1915 1605 2022 1666 diebus
2042 1623 2089 1667 se·

1341 1701 1473 1777 plenarii
1496 1698 1707 1778 praecedentis
1729 1697 1842 1762 testum
1864 1697 1967 1761 Sancti
1983 1700 2088 1776 loseplt

1340 1795 1442 1872 sponsi
1476 1793 1670 1855 beatissimae
1701 1791 1851 1868 Virginis,
1884 1794 1965 1870 quod
1987 1792 2019 1853 in
2041 1809 2090 1854 ec-

1341 1888 1430 1949 clesia
1452 1886 1603 1948 dictarum
1632 1885 1817 1946 monialium
1841 1885 1990 1947 celebrari
2016 1903 2089 1948 con-

1340 1980 1442 2043 suevit
1464 1996 1537 2041 cum
1558 1979 1751 2055 expositione
1778 1978 1963 2040 sanctissimi
1984 1978 2088 2041 Sacra·

1341 2075 1439 2137 menti
1455 2074 1487 2135 in
1499 2073 1597 2135 lorma
1609 2072 1810 2151 quadraginta
1822 2071 1983 2147 horarum,
1999 2075 2087 2134 missa

1340 2166 1541 2246 expositionis
1569 2174 1600 2227 et
1621 2163 1817 2244 repositionis
1847 2173 1877 2226 et
1904 2165 1964 2228 diei
1991 2166 2086 2229 inter-

1341 2261 1459 2322 mediae
1479 2259 1594 2321 cantari
1618 2258 1711 2338 possit
1727 2257 1830 2318 votiva
1844 2258 1882 2319 de
1895 2260 2006 2320 eodem
2021 2277 2087 2323 san-

1339 2352 1474 2414 ctissimo
1486 2351 1686 2414 Sacramento
1701 2367 1757 2430 pro
1774 2367 1807 2411 re
1819 2351 1905 2426 gravi
1921 2367 1993 2413 cum
2004 2369 2087 2414 eom-

1339 2447 1563 2508 memoratione
1584 2445 1654 2506 lasti
1668 2444 1871 2517 occurrentis
1889 2444 1959 2506 licet
1973 2445 2085 2508 lestum

1339 2555 1503 2601 occurrens
1524 2539 1563 2602 sit
1585 2537 1737 2602 dominica
1756 2537 2019 2616 quadragesimae,
2037 2541 2085 2601 vel

1339 2632 1427 2694 aliter
1448 2632 1690 2711 privilegiatum,
1710 2630 1873 2694 contrariis
1887 2632 2085 2710 quibuscum-

1338 2741 1400 2804 que
1421 2743 1484 2788 non
1506 2725 1711 2788 obstantibus.

1399 2851 1479 2913 Loco
1491 2854 1527 2925 ff<
1540 2849 1639 2926 Signi.

1468 2973 1502 3034 L.
1527 2971 1614 3034 Card.
1639 2971 1788 3034 brcbioto
1810 2973 1993 3037 Praefectus.

1468 3065 1564 3128 lolius
1578 3065 1617 3126 Μ.
1635 3067 1672 3127 de
1688 3065 1819 3128 Somalia
1835 3068 1866 3128 S.
1880 3066 1915 3128 lt.
1931 3069 1965 3128 lt.
1980 3067 2064 3132 Secr.

1377 3204 1396 3278 5
1417 3204 1446 3266 2.
1466 3203 1544 3265 Com
1560 3209 1677 3275 autem,
1700 3201 1780 3263 sicut
1800 3201 1928 3264 dilectae
1949 3204 1980 3264 in
2000 3203 2086 3267 Cbri-
2133 3217 2233 3261 arecas
2253 3226 2334 3272 pom-

1337 3305 1386 3360 sto
1407 3297 1486 3359 tiliae
1506 3295 1666 3368 abbatissa,
1681 3312 1736 3357 seu
1752 3296 1908 3374 priorissa,
1925 3305 1955 3358 et
1971 3299 2085 3358 monia·
2103 3273 2233 3388 {22¹}ssssss
2245 3271 2334 3370 {1⁰02ssss

1338 3391 1382 3453 les
1397 3388 1577 3452 monasterii
1596 3389 1742 3466 praedicti
1758 3389 1846 3451 nobis
1861 3406 1960 3467 nuper
1975 3391 2086 3470 exponi
2104 3377 2132 3423 ²¹·

1338 3483 1491 3557 lecerunt,
1517 3483 1598 3560 ipsae
1623 3483 1784 3544 decretum
1813 3483 2002 3558 huiusmodi,
2025 3502 2086 3563 quo

1339 3577 1460 3638 firmius
1480 3575 1625 3637 subsistat
1646 3583 1677 3636 et
1697 3584 1840 3638 servetur
1853 3577 2000 3653 exactius,
2017 3593 2085 3656 apo-

1337 3670 1461 3732 stolicae
1491 3668 1735 3730 confirmationis
1764 3678 1889 3732 nostrae
1916 3673 2086 3750 patrocinio

1338 3762 1526 3826 communiri
1547 3777 1748 3841 summopere
1778 3763 1974 3842 desiderent;
1998 3767 2086 3828 nobis

1337 3847 1498 3937 propterea
1520 3855 1682 3918 humiliter
1702 3856 1866 3935 supplicari
1880 3857 2034 3935 lecerunt,
2051 3869 2086 3922 ut

1336 3950 1393 4012 sibi
1416 3950 1447 4012 in
1470 3950 1644 4026 praemissis
1665 3957 1839 4028 opportune
1861 3951 2037 4027 providere,
2053 3961 2083 4014 et

1336 4052 1372 4106 ut
1393 4043 1472 4106 inlra
1500 4042 1666 4118 indulgere
1686 4043 1722 4103 de
1752 4043 1947 4122 benignitate
1967 4052 2085 4122 aposto·

1336 4139 1393 4200 lica
1415 4137 1628 4214 dignaremur.

1376 4232 1395 4307 5
1416 4232 1445 4292 3.
1470 4229 1529 4292 Nos
1545 4229 1641 4306 igitur
1655 4229 1750 4292 dictas
1765 4239 1958 4309 exponentes
1973 4233 2085 4312 specia-
2131 4251 2222 4312 aanor
2237 4251 2326 4295 eonor-

1338 4325 1416 4389 libus
1438 4325 1546 4404 gratiis
1567 4333 1598 4386 et
1619 4323 1776 4386 favoribus
1805 4327 1949 4404 prosequi
1978 4327 2084 4389 velen·
2104 4306 2245 4350 matronas.

1338 4427 1393 4496 teS,
1417 4425 1448 4481 et
1469 4433 1577 4480 earum
1607 4417 1780 4493 singulares
1812 4433 1958 4494 personas
1979 4436 1995 4480 a
2018 4421 2086 4500 qni·

1337 4513 1441 4576 busvis
1462 4511 1792 4575 excommonicationis
1813 4519 1844 4573 et
1865 4511 2035 4588 interdicti,
2055 4530 2087 4574 a·

1338 4606 1449 4685 liisque
1469 4603 1678 4668 ecclesiasticis
1700 4603 1850 4679 censuris,
1871 4606 2033 4668 sententiis
2054 4615 2086 4670 et

1338 4699 1444 4781 poenis
1459 4697 1568 4778 quovis
1583 4697 1673 4759 modo
1689 4707 1720 4758 et
1734 4713 1931 4776 quacumque
1945 4701 1982 4762 de
1997 4715 2086 4762 causa

1339 4795 1417 4869 latis,
1439 4792 1464 4854 si
1485 4807 1559 4871 quas
1580 4790 1660 4852 iorte
1681 4790 1884 4868 incurrerint,
1904 4793 1997 4854 buius
2018 4803 2085 4854 tan·

1338 4895 1406 4950 tum
1428 4886 1471 4948 rei
1488 4885 1584 4964 gratia
1602 4883 1795 4946 absolventes
1811 4892 1842 4946 et
1855 4885 2007 4947 absolutas
2022 4885 2087 4948 iore

1337 4989 1509 5054 censentes,
1538 4977 1812 5056 supplicationibus
1842 4969 2019 5042 huiusmodi
2041 4981 2086 5042 in·

1337 5073 1454 5148 clinati,
1477 5073 1635 5135 decretum
1659 5070 1889 5147 praeinsertum
1904 5071 2087 5134 auctoritate

1337 5166 1499 5246 apostolica
1520 5173 1631 5227 tenore
1653 5165 1865 5242 praesentium
1880 5167 2085 5244 approbamus

1337 5270 1368 5323 et
1388 5261 1619 5334 confirmamus,
1639 5257 1747 5336 illique
1763 5258 1950 5321 inviolabilis
1965 5269 2083 5338 aposto-

1338 5353 1412 5416 licae
1434 5352 1588 5414 ilrmitatis
1611 5351 1705 5414 robur
1726 5351 1898 5428 adiicimus,
1915 5368 2086 5432 omnesque

1337 5455 1368 5509 et
1388 5446 1527 5524 singulos
1558 5445 1634 5508 iuris
1655 5452 1687 5507 et
1715 5443 1783 5506 lacti
1814 5445 1963 5521 delectus,
1985 5447 2010 5508 si
2032 5448 2087 5526 qui

1338 5543 1469 5618 desuper
1490 5539 1722 5618 quomodolibet
1751 5539 1993 5616 intervenerint,
2016 5557 2085 5620 sup·

1338 5635 1458 5711 plemus
1479 5643 1510 5695 et
1528 5647 1683 5694 sanamus.

1378 5729 1445 5802 §b
1470 5728 1678 5788 Decernentes
1707 5727 1827 5789 easdem
1854 5735 2029 5805 praesentes
2051 5728 2086 5790 li·
2125 5742 2322 5792 clausurasue

1340 5831 1418 5885 teras
1446 5839 1570 5901 semper
1601 5824 1722 5899 sirmas,
1752 5825 1866 5887 validas
1894 5834 1923 5887 et
1951 5827 2086 5888 elticaces
2105 5796 2161 5897 {2²1}
2182 5799 2320 5898 fliam&

1339 5917 1472 5980 existere
1493 5924 1524 5978 et
1555 5915 1631 5991 lore,
1652 5934 1786 5998 suosque
1814 5919 1967 5998 plenarios
1988 5929 2018 5982 et
2041 5922 2088 5984 in·
