4740 6962
918 559 989 610 alus
1012 561 1061 609 ΡΡ.
1086 559 1128 609 ill.

248 695 334 742 mum
347 697 381 742 ea
393 689 440 743 est
456 691 506 745 tua
521 681 666 760 dignitas,
684 685 708 746 is
722 684 878 747 virtulum
893 681 994 760 splen·

247 775 313 848 dor,
335 789 370 835 ea
391 776 528 838 nominis
549 777 747 854 existimatio,
765 784 799 839 ut
820 775 993 840 multorum

247 867 281 928 ad
303 874 335 930 te
351 870 457 933 oculos
471 885 680 933 conversurus
693 871 745 946 sis,
761 871 826 950 qui,
843 870 867 932 si
884 876 913 931 te
928 869 994 930 abs-

247 962 349 1025 tinere
369 963 407 1025 ab
428 962 488 1026 illis
503 965 692 1027 novitatibus
706 963 937 1044 conspexerint,
954 978 994 1024 ne

247 1055 303 1136 ipsi
334 1057 474 1136 quidem,
497 1065 552 1121 tuo
580 1064 643 1119 ιιιιι
673 1056 786 1120 illustri
818 1055 993 1119 contirmati

247 1149 400 1228 exemplo,
424 1149 531 1213 adduci
553 1152 659 1213 adeas
691 1149 757 1212 ullo
787 1151 866 1212 lacto
888 1167 993 1212 eonse-

245 1245 369 1306 ctandas
390 1250 549 1323 poterunt.
567 1247 610 1306 nc
624 1244 853 1323 omnipotentis
869 1244 923 1307 liei
936 1244 994 1306 mi-

246 1337 445 1401 sericordiam
467 1354 522 1418 per
536 1338 571 1399 Ι).
588 1337 626 1402 Ν.
644 1338 746 1400 lesum
761 1339 918 1401 Christum
936 1339 992 1400 irn-

245 1431 413 1510 ploramus‚
436 1439 471 1494 ut
493 1433 644 1511 propitius
676 1447 742 1494 esse
771 1431 923 1493 Ecclesiae
944 1433 993 1493 his

246 1526 439 1604 temporibus
455 1525 542 1601 velit,
559 1542 684 1605 quoque
707 1535 736 1589 te
758 1527 860 1606 ipsum
879 1527 910 1588 in
927 1535 993 1588 tan-

247 1619 284 1681 tis
304 1619 458 1697 angustiis
474 1619 680 1683 coustitutum
694 1618 749 1682 sut
763 1619 861 1696 gratia
875 1619 993 1681 soletur

245 1729 278 1774 ac
291 1712 450 1776 sublevet:
468 1712 608 1775 eiusdem
626 1713 781 1790 auspicem
796 1712 993 1792 apostolicam

246 1805 494 1869 benedictionem
517 1807 583 1880 tibi,
605 1821 677 1869 ven.
694 1806 799 1881 irater,
817 1807 848 1868 in
868 1813 993 1868 nostrae

246 1897 338 1961 etiam
358 1901 493 1963 eximiae
513 1900 646 1963 caritatis
671 1899 942 1962 confirmationem
964 1917 994 1960 a·

244 1995 437 2057 mantissime
457 1994 666 2072 impertimur.

284 2088 398 2151 Datum
425 2088 557 2162 Rornae,
583 2087 662 2166 apud
692 2087 723 2150 S.
747 2087 873 2150 Mariam
901 2088 993 2150 Maio-

245 2198 323 2257 rem,
334 2182 394 2244 sub
408 2181 525 2243 annulo
541 2181 715 2254 Piscatoris,
726 2181 776 2243 die
792 2197 826 2242 ιι.
845 2180 993 2243 lebrnarii

245 2292 472 2351 unccuxxrn„
495 2275 690 2354 pontificatus
712 2275 810 2338 nostri
832 2291 915 2337 anno
936 2291 990 2336 ιιι.

534 2745 701 2811 xxxvln.

248 2938 350 3018 Eligit
374 2937 405 3000 S.
430 2938 556 3001 Annum
579 2938 614 2999 in
643 2943 816 3014 patronem
845 2934 991 2997 civitatis

285 3037 315 3092 et
338 3031 486 3092 dioecesis
508 3030 539 3093 S.
564 3029 662 3092 Paeti
683 3030 719 3091 in
738 3031 885 3093 Asterien
901 3029 993 3091 Laesi-

287 3131 375 3186 tenc.

496 3292 582 3362 etus
606 3295 665 3362 ΡΡ.
693 3294 739 3360 vt.

385 3420 422 3487 ad
445 3419 575 3486 luturan
602 3419 646 3485 rei
668 3418 849 3485 memoriam.

76 3592 165 3649 bl⁰⁵¹¹¹⁰
181 3601 227 3646 paa-
284 3595 355 3670 §l
379 3594 506 3678 Nuper
506 3595 541 3656 ad
572 3610 678 3673 preces
708 3593 892 3655 dilectorum
916 3591 991 3654 tilio·

69 3649 227 3796 ἶῖῗςιῗῖξὲξῗι-
246 3703 316 3750 rum
338 3687 465 3767 capituli
487 3693 517 3748 et
537 3687 613 3749 cleri
638 3686 772 3749 civitatis
793 3693 824 3748 et
845 3685 992 3747 dioecesis

68 3752 206 3850 ἷιῗὶἷῗ.1Ιί
132 3765 228 3852 atonis
218 3777 352 3846 Sancti
380 3779 501 3843 Pauli
494 3796 526 3842 m
549 3780 690 3842 America
718 3779 861 3842 Lusitana
883 3795 897 3838 a
920 3794 991 3841 con-

69 3858 226 3956 taenareo
246 3873 428 3952 gregatione
458 3872 685 3936 venerabilium
712 3871 844 3934 lratrum
872 3879 994 3934 nostro·

245 3984 317 4030 rum
339 3967 468 4031 saneim
492 3966 647 4027 Romanae
673 3965 825 4027 Ecclesiae
846 3964 993 4027 Cardine·

245 4061 324 4124 lium
345 4059 437 4123 sacris
458 4058 569 4121 ritibus
597 4057 842 4137 praepositorum
871 4059 992 4119 editum

246 4151 993 4230 luitdecrelum,tenorisquisequitur:‹S.Pau·

246 4247 267 4310 li
282 4249 315 4310 in
331 4247 473 4310 Ameriea
487 4245 631 4308 Lusitana
645 4279 665 4289 -
680 4245 783 4308 Electa
802 4263 931 4327 nupera
946 4267 993 4311 ea-

246 4339 357 4418 pitulo,
378 4338 511 4401 etoleno
533 4337 674 4410 civitatis,
698 4347 729 4402 et
750 4339 896 4404 dioecesis
919 4343 994 4406 San·

245 4435 285 4496 oti
306 4432 393 4495 Pauli
413 4432 447 4494 in
462 4432 601 4494 America
618 4432 764 4495 Lusitana
779 4433 889 4498 Sancta
904 4438 993 4498 Anna

245 4526 355 4588 Beatae
387 4525 499 4588 blariae
529 4525 666 4602 Virginis
697 4534 797 4590 matre
827 4530 860 4590 in
892 4537 992 4606 patro-

246 4635 318 4682 nam
339 4626 372 4680 el
393 4617 609 4696 protectricem
631 4620 801 4698 praedictae
816 4621 947 4686 civitatis
962 4630 993 4686 et

246 4711 405 4786 dioecesis,
427 4711 518 4774 modo
538 4725 577 4772 ex
593 4717 679 4790 parte
694 4711 833 4775 eiusdem
848 4714 922 4777 cleri
938 4732 993 4795 pro

245 4803 483 4866 confirmatione
515 4803 687 4883 praedictae
714 4805 875 4869 electionis
893 4825 993 4872 sacro·

245 4912 317 4960 rum
339 4897 460 4959 rituum
480 4899 713 4974 congregationi
731 4900 907 4963 humillime
921 4918 994 4982 sup

246 4990 393 5068 plicatum
414 4989 489 5066 luit;
512 4997 543 5052 et
556 5007 641 5053 sacra
656 4993 762 5054 eadem
780 4998 991 5072 congregatio,

246 5083 407 5147 accedente
422 5084 516 5146 etiam
531 5084 781 5148 reverendissimi
793 5087 935 5169 Episcopi
950 5108 993 5152 as-

246 5193 351 5255 sensu,
374 5179 494 5242 admei
525 5177 711 5258 infrascripti
739 5182 900 5244 secretarii
917 5183 993 5245 rela-

247 5271 376 5347 tionem,
389 5278 507 5334 attento
520 5273 602 5350 quod
618 5272 797 5336 huiusmodi
812 5273 921 5338 electio
931 5293 993 5338 ser·

247 5365 323 5427 valis
353 5364 511 5427 servandis
539 5373 570 5427 et
598 5365 683 5427 iuxta
715 5367 938 5446 praescriptum
961 5370 993 5432 in

248 5457 369 5521 decreto
389 5473 455 5520 san.
478 5473 574 5520 mem.
598 5458 714 5521 Urbani
736 5460 791 5521 ΡΡ.
810 5461 887 5524 Vlll.
910 5461 994 5525 edito

247 5550 387 5629 legitime
406 5549 483 5614 lacta
504 5549 611 5629 luerit,
632 5554 773 5616 eamdem
798 5554 994 5616 confirmavit

247 5653 277 5707 et
303 5644 494 5725 approbavit,
523 5645 756 5725 praedictaeque
782 5647 911 5710 Sanctae
931 5649 994 5710 nn·

249 5753 303 5801 nae
324 5739 435 5800 beatae
464 5739 576 5801 blariae
597 5739 732 5817 Virginis
761 5739 868 5802 matris
896 5741 993 5804 sicin

249 5837 407 5910 patronam
428 5839 459 5892 et
484 5832 701 5910 protectricem
729 5825 855 5908 electae,
878 5832 994 5896 lestivi-

251 5925 300 5986 tati
323 5925 549 6006 praerogativas
570 5941 680 5988 omnes
700 5933 878 5990 sanctorum
893 5935 995 6006 patro-

1720 541 1779 610 267
1829 550 1883 602 An.
1897 549 1928 604 0.
1949 549 2017 602 tres

1050 697 1165 743 norum
1194 689 1224 744 et
1246 688 1458 760 protectorum
1479 679 1563 745 lestis
1588 688 1798 761 competentes

1050 774 1192 838 attribuit
1214 783 1307 855 atque
1329 776 1488 838 concessit.

1090 867 1145 930 Die
1166 883 1280 932 nsvin.
1305 870 1377 931 maii
1401 885 1589 932 nncccxxu.

1131 992 1211 1054 Loco
1223 991 1245 1069 †
1259 991 1358 1069 Signi.

1227 1113 1261 1174 L.
1286 1113 1374 1177 Card.
1399 1115 1565 1177 nncnrnro
1587 1097 1758 1194 praelectus

1228 1207 1261 1270 G.
1286 1212 1420 1270 Αιιιοιιιι
1444 1208 1474 1272 S.
1500 1210 1535 1271 R.
1561 1210 1593 1273 C.
1619 1211 1768 1272 Secret.»

1090 1343 1109 1416 ἓ
1130 1342 1492 1418 sermonumdicat
1513 1345 1677 1407 memorati
1698 1345 1799 1409 clerus
1861 1365 2031 1414 connrmacur

1050 1451 1083 1496 ac
1111 1436 1296 1498 universitas
1324 1443 1354 1496 et
1376 1437 1519 1500 homines
1549 1437 1637 1500 nobis
1667 1439 1798 1502 subinde
1817 1420 1948 1520 iffi?
1964 1431 2030 1530 2²1²,ss

1050 1529 1163 1608 erponi
1185 1531 1361 1606 iecerunt,¹
1354 1533 1410 1610 ipsi
1431 1535 1591 1597 decretum
1606 1534 1796 1609 huiusmodi,
1818 1527 1916 1574 ⁵²⁰¹i⁰³l

1050 1639 1112 1700 quo
1133 1624 1255 1685 firmius
1269 1625 1413 1687 subsistat
1417 1628 1621 1706 ‚apostolicae
1636 1629 1800 1690 confirma-

1051 1717 1142 1778 tionis
1163 1724 1286 1780 nostrae
1307 1721 1478 1796 patrocinio
1498 1720 1687 1783 communiri
1703 1721 1799 1799 pluri-

1050 1826 1138 1872 mum
1161 1813 1348 1887 desiderent,
1365 1812 1426 1874 Nos
1439 1813 1603 1891 specialem
1619 1814 1691 1892 ipsis
1705 1831 1800 1893 espo-

1051 1905 1198 1968 nentibus
1213 1907 1345 1983 gratiam
1360 1908 1461 1970 lacere
1477 1907 1629 1984 volentes,
1641 1915 1673 1970 et
1687 1926 1798 1973 eorum

1050 2000 1223 2076 singulares
1245 2015 1420 2078 personasa
1439 2002 1599 2080 quibusvis
1620 2019 1799 2068 excommu-

1052 2093 1215 2155 nicationis
1235 2101 1266 2155 et
1289 2094 1456 2176 interdicti,
1469 2093 1598 2173 aliisque
1618 2097 1798 2159 ecclesiasti·

1051 2186 1093 2248 cis
1123 2187 1273 2262 censuris,
1302 2188 1465 2250 sententiis
1486 2197 1518 2251 et
1549 2190 1657 2267 poenis
1688 2191 1798 2270 quovis

1051 2280 1141 2342 modo
1162 2289 1194 2342 et
1215 2297 1411 2360 qaaecumque
1432 2284 1470 2344 de
1485 2300 1573 2346 causa
1587 2283 1667 2359 latis,
1683 2283 1710 2344 si
1724 2299 1797 2360 quas
1877 2314 1891 2340 .

1051 2373 1131 2436 lorte
1151 2374 1354 2449 incurrerint,
1375 2375 1467 2438 buius
1490 2386 1612 2440 tanturn
1634 2377 1680 2439 rei
1702 2378 1797 2453 gratia

1050 2468 1244 2531 absolventes
1275 2476 1306 2530 et
1337 2469 1490 2534 absolutos
1523 2470 1588 2533 lore
1619 2465 1796 2547 censentes,

1049 2562 1323 2641 supplicationibus
1344 2579 1454 2626 eorum
1482 2565 1610 2627 nomine
1631 2565 1719 2627 nobis
1739 2566 1798 2626 hu-

1050 2655 1166 2718 rniliter
1188 2657 1336 2734 porrectis
1357 2657 1508 2732 inclinati,
1531 2661 1689 2721 decretum
1711 2675 1796 2738 prae-

1049 2749 1202 2812 insertnm
1218 2751 1398 2813 auctoritate
1413 2752 1575 2829 apostolica
1591 2759 1699 2815 tenore
1711 2768 1797 2832 prae-

1049 2843 1187 2906 sentium
1208 2844 1410 2922 approbamus
1432 2851 1463 2906 et
1483 2846 1716 2922 confirmamus,
1738 2845 1797 2907 illi·

1049 2954 1111 3017 que
1132 2935 1319 2999 inviolabilis
1337 2937 1519 3016 apostolicae
1534 2939 1688 3001 tirmitatis
1702 2939 1798 3001 robur

1048 3031 1225 3106 adiicimus;
1248 3032 1329 3092 salva
1345 3039 1449 3093 tamen
1464 3047 1587 3111 semper
1601 3033 1635 3093 in
1650 3032 1795 3110 praemis·

994 3203 997 3210 Ι
1047 3125 1088 3188 sis
1109 3124 1290 3189 auctoritate
1319 3132 1507 3188 memoratae
1538 3126 1795 3202 congregationis

1050 3218 1269 3283 Cardinalium.

1089 3312 1388 3389 §secernentes
1413 3314 1535 3376 easdem
1565 3323 1741 3394 praesentes
1763 3316 1798 3378 li·
1817 3323 2031 3424 lactatusu13s1n

1051 3415 1129 3469 teras
1144 3421 1267 3485 semper
1279 3407 1317 3468 lit
1319 3422 1393 3482 mas,
1408 3406 1520 3469 validas
1536 3415 1566 3470 et
1581 3408 1718 3470 efficaces
1733 3409 1796 3472 eti·
1817 3382 1873 3478 cutm
1888 3382 2030 3478 iliaca?

1048 3507 1129 3562 stere
1145 3507 1176 3562 et
1190 3499 1267 3576 lore,
1283 3515 1418 3579 suosque
1439 3500 1592 3580 plenarios
1613 3510 1644 3564 et
1661 3503 1798 3579 integros

1049 3594 1176 3657 ellectus
1190 3593 1294 3656 sortiri
1310 3603 1341 3657 et
1363 3595 1514 3671 obtinere,
1531 3613 1564 3658 ac
1580 3595 1651 3671 illis,
1668 3598 1704 3660 ad
1720 3612 1798 3676 quos

1048 3695 1176 3766 spectat,
1193 3696 1224 3750 et
1240 3687 1271 3749 in
1287 3687 1428 3750 laturum
1444 3688 1603 3766 spectabit,
1620 3689 1797 3768 plenissime

1048 3781 1229 3858 sullragari;
1252 3781 1357 3860 sicque
1380 3779 1411 3842 in
1433 3781 1608 3858 praemissis
1630 3798 1686 3861 per
1708 3800 1799 3862 quos-

1049 3891 1184 3954 cumque
1215 3875 1329 3937 iudices
1359 3873 1531 3936 ordinarios
1562 3882 1592 3937 et
1624 3876 1796 3954 delegatos,

1050 3967 1142 4030 etiam
1157 3982 1319 4030 causarum
1335 3967 1439 4043 palatii
1458 3967 1615 4045 apostolici
1630 3969 1797 4047 auditores,

1050 4058 1177 4122 iudicari
1199 4066 1230 4121 et
1258 4059 1382 4122 deliniri
1409 4059 1533 4134 debere,
1563 4078 1596 4122 ae
1618 4061 1744 4125 irritum
1767 4073 1799 4126 et

1050 4153 1152 4228 inane,
1175 4153 1201 4214 si
1222 4167 1310 4214 secus
1330 4167 1422 4231 super
1444 4152 1491 4214 iris
1509 4170 1525 4213 a
1540 4169 1709 4233 quoquam,
1725 4172 1797 4234 qua·

1049 4247 1097 4308 vis
1110 4245 1303 4319 auctoritate,
1315 4245 1450 4306 scienter
1465 4245 1513 4307 rel
1529 4246 1711 4324 ignoranter
1727 4264 1799 4311 con-

1051 4340 1157 4418 tigerit
1177 4339 1335 4402 attentari.

1090 4437 1110 4510 ᾖ
1130 4435 1158 4496 q,
1183 4433 1251 4495 Non
1267 4432 1459 4495 obstantibus
1474 4435 1752 4498 constitutionibus
1768 4443 1798 4498 et
1830 4444 2030 4508 ιιιιοιιῑίοιοι·

1051 4527 1296 4591 ordinationibus
1318 4525 1501 4604 apostolicis,
1514 4528 1704 4608 caeterisque
1726 4545 1797 4592 con·
1817 4498 1909 4544 “³⁰⁰
1898 4510 1962 4545 ⁰¹¹¹

1049 4621 1152 4683 trariis
1173 4619 1435 4699 quibuscumque.

1090 4715 1202 4776 Datum
1224 4713 1385 4789 caesenae,
1409 4714 1467 4776 sub
1487 4716 1604 4778 annulo
1623 4716 1796 4792 Piscatoris‚

1050 4807 1098 4870 die
1114 4805 1271 4883 trigesima
1285 4807 1384 4884 prima
1400 4807 1485 4882 maii,
1499 4808 1665 4871 millesimo
1680 4811 1797 4890 septin-

1050 4899 1224 4978 gentesimo
1247 4899 1456 4974 octuagesimo
1477 4900 1623 4976 secundo,
1640 4903 1799 4982 pontitlca·

1050 5001 1100 5058 tus
1121 4993 1218 5055 nostri
1241 5007 1322 5053 anno
1344 4998 1461 5054 octavo.

1307 5245 1546 5256 —nn--n——n--n-—n

1352 5461 1496 5527 xxxix.

1050 5648 1294 5728 archiepiscopo
1327 5650 1500 5715 Mutinensi
1534 5651 1631 5715 ieocto
1663 5658 1798 5714 mentem

1094 5741 1264 5805 Clementis
1281 5743 1334 5806 XI.
1359 5749 1389 5804 et
1405 5744 1571 5806 Benedicti
1587 5745 1665 5806 XIV.
1682 5745 1798 5808 scribit

1091 5834 1126 5896 de
1148 5835 1442 5912 dispensationibus
1469 5838 1614 5899 matrim.
1640 5839 1727 5898 inter
1748 5855 1799 5904 ea·

1092 5926 1246 5990 titoiicum
1267 5937 1297 5991 et
1320 5931 1529 5997 haereticum.
