4722 6976
309 509 363 569 An.
377 515 408 568 O.
430 516 498 568 1819

296 3363 441 3410 Reservatio
454 3371 509 3419 pro·

296 3417 411 3472 prietatis
430 3417 509 3462 bono-

295 3481 353 3532 rum
378 3475 402 3516 et
426 3467 509 3516 ecclc-

295 3533 348 3570 stae
361 3521 423 3569 olim
435 3522 509 3570 colle·

295 3577 338 3633 gie
361 3577 507 3634 spectantis.

548 523 607 586 576

528 659 597 720 dem
613 656 711 734 quoad
727 657 841 720 vixerit
853 666 1058 734 reservantes,
1072 667 1163 738 teque
1178 676 1194 721 a
1208 659 1275 738 qni·

528 750 633 812 busvis
667 751 997 822 excommunicationis
1034 759 1065 814 et
1093 753 1273 828 interdicti,

527 843 656 921 aliisque
684 844 895 906 ecclesiasticis
923 845 1078 920 censuris,
1111 845 1275 907 sententiis

528 943 558 997 et
580 936 687 1014 poenis
708 936 819 1015 quovis
847 938 939 998 modo
961 943 992 999 et
1013 953 1209 1015 quacumque
1238 939 1273 1000 da

528 1045 616 1090 causa
633 1029 714 1105 latis,
737 1029 761 1092 si
784 1046 859 1109 quas
879 1029 959 1093 torte
985 1030 1156 1106 incurristi,
1180 1032 1274 1092 huius

529 1127 651 1183 tantum
672 1124 716 1184 rei
735 1123 831 1199 gratia
846 1122 1041 1184 absolventes
1055 1130 1085 1184 et
1100 1123 1271 1185 absolutum

528 1213 593 1275 lore
614 1223 786 1290 censentes,
816 1216 992 1278 huiusmodi
1021 1217 1162 1294 precibus
1188 1216 1276 1280 incli-

529 1306 603 1382 nati,
627 1307 694 1382 tibi,
717 1309 829 1370 dilecte
851 1309 906 1385 fili,
923 1317 1031 1387 utpote
1052 1309 1147 1387 priori
1162 1315 1275 1386 etpro-

528 1399 663 1460 curatori
685 1399 806 1476 collegii
834 1400 1034 1464 hibernensis
1056 1417 1111 1480 pro
1136 1409 1274 1479 tempore

527 1491 626 1552 electo
647 1509 680 1554 ac
702 1492 1013 1573 legitimedcputato,
1028 1510 1112 1556 nunc
1129 1509 1184 1572 pro
1199 1500 1275 1557 tunc

527 1585 648 1660 quando
668 1600 685 1645 e
707 1586 789 1648 vivis
814 1587 977 1650 decesserit
1002 1587 1156 1666 praelatus
1184 1587 1276 1649 abbas

527 1678 670 1742 Octavius
690 1671 810 1757 Adonai,
826 1682 858 1743 in
874 1687 1060 1758 perpetuum
1075 1680 1180 1742 favore
1195 1681 1276 1742 eius·

527 1772 598 1834 dem
619 1774 740 1849 collegii
763 1776 878 1837 dictum
903 1776 1123 1838 monasterium
1140 1775 1205 1836 sive
1221 1778 1274 1839 ho·

527 1868 655 1944 spitium
678 1868 924 1932 coelestinorum
953 1887 1023 1931 cum
1047 1869 1173 1934 ecclesia
1201 1872 1275 1934 San-

527 1967 593 2023 ctae
612 1960 723 2022 Mariae
745 1961 776 2022 in
800 1961 957 2024 Posterula
973 1979 1033 2024 una
1055 1979 1127 2026 curn
1148 1965 1211 2026 suis
1226 1963 1275 2024 atl-

529 2053 617 2114 nexis
631 2061 662 2114 et
676 2053 837 2126 connexis,
854 2054 1034 2130 redditibus,
1050 2056 1169 2131 usibus,
1186 2055 1274 2117 bonis

528 2147 776 2225 quibuscumque
797 2155 827 2209 ct
849 2148 1019 2224 respective
1041 2149 1199 2223 oneribus,
1223 2165 1274 2210 ex·

528 2246 616 2318 cepto
645 2248 749 2301 tamen
775 2257 972 2319 quocumque
999 2240 1162 2319 parochiali
1194 2243 1273 2318 iure,

528 2343 718 2414 exceptaque
747 2336 885 2413 paroecia
913 2339 976 2414 ipsa
1003 2353 1073 2398 cum
1105 2335 1274 2399 redditibus

527 2428 673 2504 separatis
694 2436 725 2488 et
745 2429 871 2490 adnexis
886 2429 990 2490 favore
1005 2430 1141 2507 parochi,
1156 2430 1181 2490 si
1197 2447 1275 2507 quae

527 2531 613 2596 sunt,
630 2535 764 2583 necnon
788 2521 866 2582 bona
888 2529 918 2582 et
940 2521 1078 2584 redditus
1098 2524 1274 2586 cuiuscum-

528 2631 588 2692 que
619 2614 743 2691 generis
764 2613 800 2675 ad
828 2615 1018 2692 praedictum
1050 2618 1274 2678 monasterium

528 2707 631 2770 Sancti
645 2708 779 2782 Eusebii,
792 2710 867 2770 dum
882 2711 918 2770 ad
932 2708 1179 2771 Goelestinorum
1196 2711 1276 2772 Con·

528 2801 741 2878 gregationem
764 2801 947 2878 pertinebat,
967 2802 1147 2879 spectantia,
1169 2801 1195 2862 si
1216 2818 1273 2880 qua

527 2895 626 2956 adhuc
641 2910 704 2955 non
719 2893 847 2956 alienata
861 2903 1030 2972 supersunt
1044 2903 1075 2956 et
1090 2913 1105 2954 a
1120 2894 1274 2971 praedicto

527 2987 634 3048 abbate
658 2986 783 3050 Octavio
804 2987 911 3048 hdami
934 2987 1142 3066 possidentur,
1165 2990 1273 3049 eodem

528 3082 670 3143 modoet
699 3081 808 3154 lorma,
831 3081 941 3159 quibus
969 3096 1054 3141 nunc
1081 3081 1161 3142 idem
1189 3081 1274 3144 Octa·

528 3173 597 3235 vius
617 3171 708 3235 abbas
730 3173 838 3235 iisdem
869 3174 999 3251 gaudet,
1023 3173 1221 3238 concedimus
1243 3183 1274 3238 ct

526 3267 727 3343 assignamus.

555 3362 586 3436 ,ἓ
608 3362 636 3422 lt.
660 3363 785 3423 Attenta
808 3372 911 3425 antem
934 3362 1041 3423 maiori
1072 3362 1274 3440 applicatione

528 3456 705 3520 reddituum
727 3457 881 3534 praedicto
903 3456 1033 3532 collegio
1055 3455 1240 3518 Hibernensi
1258 3472 1273 3516 a

528 3550 617 3612 nobis
637 3551 781 3627 superius
795 3549 883 3624 facta,
899 3550 1058 3611 ecclesiam
1074 3558 1103 3611 et
1121 3556 1268 3611 monaste·

528 3643 610 3704 rium
632 3644 736 3706 Sancti
767 3644 893 3706 Eusebii
914 3659 986 3705 cum
1012 3643 1165 3704 viridariis
1192 3643 1272 3704 inira

525 3736 592 3797 eius
613 3745 696 3814 septa
716 3738 947 3814 comprehensis
969 3736 1057 3798 nobis
1078 3753 1111 3796 ac
1128 3735 1273 3799 Romanis

528 3829 725 3890 Pontificibus
740 3829 967 3891 successoribus
985 3828 1097 3889 uostris
1115 3827 1212 3889 libere
1229 3845 1272 3890 rc·

525 3937 696 3995 servamus,
719 3921 887 4000 eademque
902 3921 1040 3983 derauso
1062 3921 1141 3982 bona
1156 3921 1270 3997 omnia,

526 4015 665 4078 redditus
686 4023 717 4076 et
738 4021 909 4092 proventus
930 4014 1153 4091 cuiuscumque
1177 4029 1271 4092 genc-

526 4111 580 4186 ris,
611 4127 689 4188 quae
720 4110 795 4171 olim
817 4109 851 4168 ad
881 4111 1044 4187 collegium
1078 4112 1272 4176 Hibernensc

526 4205 630 4268 Sancti
651 4203 793 4265 Matthaei
816 4203 847 4264 in
877 4203 1033 4265 Merulana
1055 4215 1270 4285 nuncupatum

525 4297 716 4375 spectabant,
748 4311 888 4374 quaeque
920 4296 1056 4374 praelato
1084 4300 1207 4376 patritio
1235 4299 1267 4362 O.

526 4391 662 4469 Hondley
687 4391 793 4453 tradita
814 4391 954 4465 luerunt,
979 4402 1101 4454 nostrae
1117 4400 1147 4454 et
1164 4393 1271 4454 Roma-

526 4500 640 4548 norum
654 4485 840 4546 Pontificum
862 4501 1074 4546 successorum
1091 4495 1270 4548 riostrorum

526 4577 624 4638 libere
639 4575 832 4652 dispositioni
847 4578 961 4654 pariter
975 4593 1180 4650 reservamus,
1193 4581 1269 4656 quin

527 4671 591 4732 tillo
623 4686 769 4748 umquam
802 4677 940 4748 ternpore
960 4671 1017 4732 sub
1048 4672 1156 4748 quovis
1179 4671 1270 4734 titulo

525 4763 690 4841 collegium
722 4764 914 4826 hibernense
945 4765 1059 4825 dictam
1091 4765 1269 4840 ecclesiam,

526 4857 768 4932 monasterium,
793 4857 946 4932 viridaria,
973 4868 1155 4936 caeteraque
1182 4859 1269 4934 bona,

525 4951 604 5026 iura,
622 4949 759 5012 redditus
780 4958 809 5013 et
833 4960 1003 5029 proventus
1024 4952 1099 5013 olirn
1121 4951 1155 5012 ad
1180 4952 1270 5013 colle-

526 5045 613 5121 gium
635 5043 738 5107 Sancti
754 5044 895 5106 Matthaei
914 5045 944 5106 in
962 5044 1119 5106 Merolana
1133 5053 1270 5122 spectan-

526 5140 578 5214 tia,
601 5139 658 5202 sibi
680 5139 778 5201 valeat
799 5137 966 5200 vindicare.
990 5139 1122 5200 Fructus
1145 5155 1219 5200 vcro
1241 5147 1271 5200 et

525 5233 659 5295 redditus
675 5249 711 5293 ex
727 5247 828 5310 nuper
848 5232 1026 5292 memoratis
1048 5231 1135 5292 bonis
1146 5231 1220 5292 olim
1236 5230 1272 5292 ad

525 5328 694 5404 collegium
723 5327 913 5388 Hibernense
939 5325 1040 5389 Sancti
1069 5325 1211 5386 Matthaei
1240 5325 1271 5386 in

526 5421 684 5482 Merulana
706 5418 875 5498 nuncupati
903 5419 1141 5498 provenientes,
1166 5417 1198 5477 in
1221 5433 1272 5478 cx·

528 5513 710 5574 tinctionem
724 5514 802 5573 aeris
814 5512 904 5573 alieni
919 5527 972 5589 pro
988 5511 1214 5572 restauratione
1225 5527 1272 5572 ec·

524 5604 633 5668 clasiae
654 5613 684 5666 et
706 5605 885 5667 monasterii
900 5605 1004 5668 Sancti
1018 5603 1141 5665 Eusebii
1156 5621 1171 5664 a
1187 5619 1271 5682 prae·

526 5697 606 5759 dicto
628 5697 751 5776 patritio
772 5699 805 5762 Ο.
830 5697 963 5775 Mandley
986 5697 1146 5770 contracti,
1168 5696 1273 5758 lavore

526 5791 693 5865 artificum,
717 5792 769 5869 qui
797 5791 955 5852 bonafide
983 5797 1153 5865 caementa,
1177 5790 1270 5866 ligna,

526 5884 645 5962 aliaque
666 5883 702 5944 ad
724 5884 982 5946 restaurationem
1005 5885 1173 5946 necessaria
1189 5899 1273 5962 prac-

1048 541 1111 586 ibn.
1137 541 1227 586 honr.
1252 541 1291 587 ott
1314 543 1341 587 P·
1367 543 1395 588 F·
1420 542 1503 588 PARS
1525 543 1545 587 Ι.

1329 660 1479 735 stiterint,
1497 659 1618 736 integre
1633 676 1717 722 nunc
1738 659 1857 738 erogari
1881 657 2075 720 mandamns.

1331 753 1400 814 Post
1419 753 1631 815 omnimodam
1646 768 1721 814 vero
1737 753 1810 817 dicti
1825 753 1904 814 acris
1918 751 2011 814 alieni
2025 767 2078 812 ex-

1330 845 1525 920 tinctionem,
1543 845 1615 906 haec
1629 845 1708 907 bona
1730 846 1766 906 iis
1788 845 1894 907 usibus
1914 845 2005 907 sivea
2023 861 2077 906 no·

1330 938 1387 1014 bis,
1410 939 1476 999 sive
1497 955 1513 998 a
1534 937 1680 1000 Romanis
1702 939 1903 1000 Pontificibus
1923 955 2077 1002 successo-

1331 1031 1416 1093 ribus
1437 1031 1552 1093 nostris
1571 1031 1819 1108 applicabuntur,
1836 1048 1912 1109 quos
1934 1033 2029 1108 magis
2043 1032 2077 1094 iu

1331 1124 1463 1186 Domino
1479 1125 1637 1187 videbitur
1651 1123 1807 1202 expedire.
1831 1125 1998 1202 Propterea
2012 1140 2077 1186 om·

1332 1217 1424 1278 nibus
1446 1225 1477 1279 ct
1499 1218 1631 1294 singulis
1655 1216 1689 1278 ad
1712 1233 1789 1295 quos
1817 1224 1944 1294 spectat,
1967 1233 2000 1280 ac
2021 1233 2077 1294 pro

1331 1319 1471 1386 tempore
1485 1310 1647 1388 spectabit,
1660 1311 1853 1385 mandamus,
1866 1317 1902 1372 ut
1917 1317 2076 1389 postquam

1332 1402 1461 1465 dilectus
1482 1403 1565 1466 tilios
1585 1402 1677 1464 abbas
1698 1403 1841 1465 Octavius
1856 1401 1964 1465 hdami
1986 1419 2077 1480 snpra

1331 1503 1521 1557 memoratus
1543 1494 1625 1556 diem
1640 1509 1827 1572 supremum
1848 1495 1971 1569 obierit,
1987 1495 2077 1558 colle-

1332 1587 1419 1664 ginm
1440 1586 1641 1650 alumnorum
1667 1587 1913 1652 Hibernensium
1942 1589 1974 1650 in
2001 1589 2076 1650 libc-

1332 1696 1397 1741 ram
1419 1682 1641 1758 possessionem
1658 1679 1814 1742 bonorum
1836 1682 1990 1757 omnium,
2007 1684 2075 1745 red-

1331 1772 1454 1834 dituum
1485 1789 1519 1834 ac
1548 1773 1666 1834 iuriam
1697 1789 1776 1850 quae
1807 1774 1908 1835 eidem
1936 1777 2078 1853 superins

1331 1876 1481 1943 perpetuo
1495 1866 1701 1929 concessimus
1719 1874 1751 1927 et
1765 1866 1997 1946 applicavimus,
2014 1870 2078 1947 ipso

1330 1957 1408 2020 lacto
1430 1958 1648 2021 constituatur.

2106 517 2160 574 An.
2174 521 2204 574 d.
2224 521 2284 576 tata

1370 2051 1439 2126 §b
1463 2051 1671 2113 Decernentes
1704 2060 1866 2130 propterea
1903 2061 2078 2132 praesentes
2115 2072 2297 2121 exananiens

1332 2144 1432 2206 literas
1457 2159 1580 2221 semper
1609 2146 1729 2219 ilrmas,
1757 2146 1872 2208 validas
1892 2153 1923 2208 et
1943 2146 2078 2210 efficaces

1331 2238 1464 2299 existere
1481 2237 1603 2312 strare,
1619 2255 1752 2318 suosque
1773 2239 1926 2316 plenarios
1947 2249 1978 2303 et
2000 2241 2078 2305 inte-

1331 2345 1401 2406 gros
1424 2329 1549 2392 eftectus
1570 2332 1675 2393 sortiri
1691 2340 1721 2393 ct
1735 2333 1889 2408 obtinere,
1906 2334 1991 2396 acab
2012 2349 2078 2398 om-

1331 2421 1434 2496 nibus,
1445 2422 1480 2482 ad
1492 2439 1568 2500 quos
1581 2429 1707 2502 spectat,
1721 2431 1753 2485 et
1763 2440 1819 2502 pro
1831 2432 1969 2504 tempore
1981 2443 2077 2505 quan-

1331 2515 1504 2592 documque
1518 2518 1675 2593 spectabit,
1693 2517 1726 2579 in
1740 2519 1886 2581 omnibus
1899 2527 1930 2579 et
1944 2535 1999 2596 per
2013 2537 2077 2583 orn·

1331 2606 1380 2667 nia
1402 2607 1580 2684 plenissime
1600 2609 1773 2687 suliragari,
1799 2619 1830 2674 et
1850 2613 1887 2673 ab
1909 2614 1952 2674 eis
1977 2630 2076 2692 respe-

1330 2700 1411 2760 ctive
1444 2701 1663 2764 inviolabiliter
1690 2703 1857 2780 observari,
1888 2706 2007 2786 tibique
2034 2708 2078 2770 di-

1330 2801 1440 2870 ctoque
1462 2793 1592 2870 collegio
1614 2795 1646 2858 in
1675 2798 1820 2860 omnibus
1841 2807 1872 2860 et
1894 2816 1949 2878 per
1973 2803 2076 2862 omnia

1330 2884 1510 2962 plenissime
1530 2889 1709 2966 sutlragari3
1731 2891 1837 2970 sicque
1853 2892 1885 2954 in
1905 2896 2078 2972 praemissis

1330 2991 1385 3054 per
1408 2995 1621 3060 quoscumque
1642 2983 1758 3046 iudices
1783 2985 1955 3048 ordinarios
1975 2997 2007 3050 et
2027 2989 2077 3051 de

1332 3070 1446 3148 legatos
1468 3074 1561 3135 etiam
1582 3092 1742 3138 causarum
1764 3077 1867 3153 palatii
1889 3081 1986 3141 nostri
2008 3069 2077 3158 apo-

1329 3166 1429 3232 stolici
1456 3166 1620 3242 auditores,
1644 3185 1676 3230 ac
1697 3168 1728 3231 S.
1752 3171 1789 3234 it.
1815 3171 1849 3232 Ε.
1889 3174 2075 3251 cardinales,

1314 3262 1447 3324 ³sublata
1469 3260 1513 3322 eis
1534 3266 1695 3325 eteorum
1716 3264 1843 3326 cuilibet
1859 3269 1966 3345 quavis
1988 3270 2077 3333 aliter

1331 3359 1484 3422 iudicandi
1505 3366 1536 3420 et
1558 3360 1781 3435 interpretandi
1803 3359 1946 3422 laenitate
1971 3369 2001 3424 et
2025 3382 2077 3425 au-

1330 3454 1483 3529 ctoritate,
1506 3452 1632 3516 iudicari
1648 3460 1679 3513 et
1693 3451 1817 3514 definiri
1836 3454 1958 3530 debere,
1982 3475 2015 3518 ac
2036 3458 2076 3518 ir·

1330 3547 1424 3609 ritum
1448 3555 1478 3607 et
1500 3545 1603 3620 inane,
1627 3545 1652 3606 si
1676 3563 1763 3608 secus
1784 3563 1878 3624 super
1898 3548 1946 3609 his
1966 3567 1981 3610 a
2002 3569 2078 3630 quo·

1330 3655 1423 3717 quam
1444 3639 1551 3718 quavis
1572 3639 1754 3701 anctoritate
1774 3641 1909 3703 scienter
1924 3643 1973 3704 vel
1990 3644 2076 3720 igno-

1328 3740 1434 3794 ranter
1455 3731 1620 3808 contigerit
1642 3733 1798 3794 attentari.

2096 2126 2152 2172 lata
2174 2133 2199 2173 et
2219 2127 2296 2174 decre-
2355 2141 2356 2148 ¹

2095 2184 2153 2226 turn
2171 2181 2273 2228 irritans,

1369 3826 1388 3899 ἓ
1403 3825 1432 3886 6.
1447 3823 1516 3885 Non
1529 3825 1722 3886 obstantibus
1733 3828 1908 3902 praemissis
1919 3836 1960 3904 et,
1972 3838 2078 3909 quate.
2103 3847 2295 3910 mmmm,

1329 3935 1387 3981 nus
1413 3933 1490 3995 opus
1514 3916 1565 3990 sit,
1592 3916 1643 3977 iel.
1662 3933 1722 3979 roc.
1743 3919 1900 3982 Benedicti
1923 3922 1977 3984 PP.
1994 3924 2073 3988 XIV.
2094 3902 2238 3946 trarrornm.

1330 4013 1514 4090 praedecess.
1539 4011 1636 4071 nostri
1658 4013 1917 4088 superdivisione
1936 4019 2077 4080 materia·

1328 4121 1411 4179 rum,
1426 4119 1557 4165 necnon
1571 4102 1654 4165 Pauli
1667 4103 1702 4164 li.
1718 4105 1822 4165 itidem
1835 4109 2078 4182 praedecessoris

1329 4196 1427 4259 nostri
1448 4201 1485 4258 de
1508 4196 1595 4257 ironis
1620 4195 1833 4259 ecclesiasticis
1855 4216 1918 4262 non
1940 4202 2077 4265 alienan-

1329 4291 1384 4364 dis,
1402 4289 1530 4367 aliisque
1552 4289 1725 4366 apostolicis
1746 4307 1780 4352 ac
1794 4292 1826 4353 in
1849 4294 2077 4359 universalibus

1328 4383 1631 4461 provincialibusque
1658 4390 1689 4444 et
1716 4385 1912 4461 synodalibus
1939 4389 2078 4452 conciliis

1328 4476 1416 4538 editis
1445 4475 1642 4551 generalibus
1673 4476 1723 4538 vel
1754 4477 1936 4554 specialibus
1964 4484 2078 4544 cousti-

1329 4569 1500 4634 tutionibus
1513 4577 1545 4630 et
1560 4568 1820 4644 ordinationibus,
1837 4587 1966 4634 necnon
1983 4575 2077 4638 dicto-

1328 4680 1398 4726 rum
1410 4662 1542 4739 collegii,
1556 4663 1815 4726 monasteriorum
1825 4672 1855 4726 et
1865 4665 2076 4746 ecclesiarum,

1328 4773 1498 4835 eorumque
1524 4756 1741 4819 fundationum
1767 4757 1859 4818 etiam
1888 4759 2075 4838 iuramento,

1327 4852 1564 4912 confirmatione
1593 4849 1773 4927 apostolica,
1803 4851 1852 4912 vel
1887 4855 1995 4931 quavis
2027 4857 2079 4917 hr-

1329 4943 1503 5005 mitatcalia
1520 4943 1667 5004 roboratis
1684 4945 1806 5005 statutis
1829 4953 1859 5006 et
1881 4949 2079 5010 consuetudi·

1329 5038 1438 5114 nibus;
1456 5035 1626 5115 privilegiis
1641 5053 1777 5115 quoque,
1791 5039 1919 5100 indultis
1933 5047 1964 5100 et
1980 5040 2078 5102 literis

1328 5131 1498 5210 apostolicis
1529 5131 1740 5206 superioribus
1772 5141 1803 5193 et
1835 5133 1991 5210 personis,
2020 5136 2078 5196 sub

1328 5225 1576 5304 quibuscumque
1592 5223 1747 5286 tenoribus
1769 5233 1800 5286 et
1821 5224 1941 5301 tor-mis,
1958 5243 1991 5289 ac
2005 5244 2078 5290 com

1328 5318 1488 5397 quibusvis
1509 5317 1602 5378 etiam
1630 5319 1894 5394 derogatoriaruni
1919 5324 2078 5398 derogato·

1329 5413 1393 5486 riis,
1409 5411 1538 5489 aliisque
1557 5411 1787 5485 etlicaciorihus,
1805 5412 2020 5474 efficacissimis
2044 5431 2078 5476 ac

1330 5505 1460 5567 insolitis
1489 5504 1643 5580 clausulis,
1672 5503 1929 5582 irritantibusquc
1954 5512 1984 5566 ct
2011 5507 2078 5568 aliis

1329 5597 1460 5659 decretis
1489 5597 1520 5659 in
1546 5612 1662 5674 genere
1686 5596 1736 5659 vel
1761 5597 1794 5657 in
1817 5598 1929 5674 specie,
1953 5616 1985 5660 ac
2012 5599 2079 5660 aliis

1331 5691 1361 5753 in
1383 5692 1574 5752 contrarium
1596 5689 1828 5768 quomodolibet
1850 5693 2011 5766 concessis,
2028 5709 2077 5772 ap·

1330 5784 1463 5861 probatis
1484 5792 1515 5845 et
1545 5783 1708 5845 innovatis.
1738 5784 1855 5858 Quibus
1879 5785 2024 5846 omnibus
2046 5793 2078 5848 et

1329 5878 1460 5955 singolis
1483 5878 1610 5939 illorum
1637 5887 1759 5941 tenores
1784 5882 1995 5958 praesentibus
2023 5899 2078 5962 pro
