4754 6966
290 585 344 646 An.
359 589 389 645 d.
411 585 480 644 1765
533 582 589 652 118

510 728 592 797 dare,
617 734 652 788 ut
673 727 798 800 abusus,
819 725 845 786 si
866 726 920 806 qui
942 723 1045 788 forent
1064 725 1095 786 iu
1111 724 1256 787 dioecesi·

511 821 567 882 bus
587 819 699 882 vestris
721 819 770 881 vel
803 827 980 899 temporum
1011 820 1185 882 calamitate
1205 818 1256 880 vel

512 913 673 974 homiuum
688 913 796 975 lraude
811 912 936 988 invecti,
956 915 1084 974 omnino
1100 913 1258 990 extirpen-

510 1013 573 1080 tur,
597 1023 629 1068 ac
651 1007 813 1084 purissima
828 1005 988 1082 religionis
1004 1004 1094 1068 iacies
1108 1004 1176 1066 sine
1191 1005 1257 1067 labe

510 1107 563 1161 aut
584 1098 703 1160 macula
734 1098 848 1177 ubique
879 1098 1082 1176 splendescat.
1114 1099 1173 1160 Pro
1194 1115 1256 1176 quo

511 1209 603 1254 verae
624 1193 746 1271 pietalis
766 1209 800 1255 ac
822 1192 981 1271 pastoralis
1002 1193 1094 1255 olllcii
1112 1193 1178 1254 zelo
1193 1207 1257 1254 nou

510 1287 612 1348 solum
633 1286 749 1349 debitas
771 1287 858 1347 rubis
873 1285 976 1348 laudes
993 1286 1133 1363 impense
1149 1285 1257 1347 tribui-

512 1397 594 1456 mus,
616 1379 667 1442 sed
690 1381 784 1442 etlam
805 1380 940 1457 petimus
954 1385 1047 1456 atque
1062 1379 1258 1441 obsecramus

512 1474 545 1535 in
567 1473 712 1548 Domino,
729 1480 764 1535 ut
782 1473 840 1534 hoc
854 1473 1017 1549 egregium
1033 1471 1145 1551 pieque
1158 1488 1259 1534 susce-

512 1574 599 1645 ptum
634 1567 803 1643 negocium
824 1566 860 1628 ad
882 1566 978 1626 finem
1006 1581 1102 1644 usque
1125 1565 1258 1627 viriliter
1361 1605 1362 1608 κ

512 1659 697 1738 perducatis,
720 1667 750 1722 et
772 1660 883 1722 abusus
905 1659 1075 1737 praedictos
1096 1659 1162 1720 sive
1177 1659 1260 1720 iuter

513 1754 642 1832 populos
663 1755 845 1832 irrepserint
866 1753 932 1816 sire
954 1753 1036 1814 inter
1053 1769 1153 1814 sacros
1169 1753 1260 1812 mini-

512 1858 592 1909 stros
612 1847 760 1925 regimini
782 1855 885 1909 restro
907 1847 1097 1920 commissos,
1120 1862 1137 1908 e
1159 1845 1260 1908 medio

514 1941 579 2002 tolli
600 1959 633 2003 ac
647 1941 772 2019 peuilns
786 1939 934 2002 eradicari
949 1939 1074 2002 laciatis.
1091 1939 1176 2014 Quod
1194 1938 1260 2016 nui·

514 2035 585 2096 dem
606 2034 736 2096 unicum
756 2043 850 2111 atque
870 2034 981 2094 ardens
1002 2032 1191 2095 desiderium
1207 2047 1261 2093 uo

514 2131 615 2188 strum
637 2135 740 2203 aperte
763 2125 861 2202 magis
882 2141 915 2210 ac
936 2124 1035 2186 fusius
1057 2125 1143 2186 vobis
1165 2124 1261 2203 eupli-

515 2220 594 2281 oahlt
625 2234 697 2279 ven.
723 2217 817 2278 irater
838 2217 994 2279 Antonius
1024 2219 1184 2294 Eugenins
1207 2220 1262 2279 Αι-

514 2301 725 2390 chlepiscopus
737 2311 911 2389 Ephesinus
924 2319 1029 2374 noster
1040 2318 1071 2372 et
1084 2311 1170 2375 Sedis
1181 2313 1262 2390 Apo-

513 2405 638 2466 stolicae
659 2403 690 2465 ih
713 2419 810 2480 regno
831 2404 975 2466 Polouiae
990 2403 1138 2479 Nuntius,
1154 2420 1260 2484 quem,

514 2507 549 2560 ut
564 2497 747 2574 intelligatis
764 2505 956 2576 quantopere
971 2515 1025 2558 vos
1040 2514 1192 2573 amemus
1211 2515 1261 2560 ve-

513 2601 671 2670 stramque
694 2591 845 2652 virtulem
860 2591 968 2669 quanli
983 2591 1141 2667 faciamus,
1159 2591 1261 2654 eidem

515 2684 639 2764 syuodo
658 2687 762 2770 adesse
776 2702 809 2746 ac
824 2693 929 2747 nostro
945 2686 1074 2747 nomine
1088 2687 1262 2763 praesidere

515 2781 683 2854 voluimus
707 2795 768 2858 quo
789 2778 908 2841 facilius
929 2786 960 2840 et
981 2780 1193 2857 spiritualibus
1212 2797 1263 2842 ve·

514 2875 585 2934 stris
606 2872 840 2934 necessitatibus
863 2887 952 2951 opem
975 2873 1067 2948 lerre,
1091 2880 1122 2935 et
1144 2880 1262 2936 caetera

515 2967 619 3028 omnia
646 2965 752 3027 sedulo
779 2979 872 3040 agere
893 2981 926 3026 ac
948 2981 1134 3042 promovere
1155 2967 1261 3043 possit,

514 3075 593 3138 quae
625 3060 748 3122 divinae
774 3058 889 3134 gloriae
917 3060 1124 3133 incremeut0,
1147 3059 1264 3120 anima-

516 3171 586 3216 rum
606 3153 698 3215 saluti
721 3159 751 3213 et
772 3152 933 3213 communi
962 3162 1066 3214 vestro
1089 3152 1169 3213 bono
1192 3169 1262 3213 con-

469 3319 475 3337 k
515 3249 730 3325 ducerentque
741 3247 887 3323 expedire
899 3245 1100 3308 videbuntur.
1115 3245 1262 3308 Vestrum

515 3341 613 3417 igitur
633 3340 693 3401 erit
715 3338 788 3400 huic
808 3337 941 3415 praesuli
962 3339 1144 3401 auctoritate
1159 3340 1264 3401 nostra

515 3433 654 3507 sullulto,
683 3441 750 3494 tum
779 3448 830 3493 eos
861 3432 995 3493 honores
1016 3439 1047 3493 et
1070 3435 1264 3494 reverentiae

516 3524 757 3602 significationes
779 3525 937 3599 exhibere,
953 3541 1029 3603 quas
1051 3525 1263 3604 praecellenti-

517 3619 573 3680 bus
594 3619 661 3680 eius
692 3618 814 3680 dotibus
836 3627 866 3680 el
887 3621 1053 3695 conspicuo
1080 3620 1162 3697 quod
1185 3621 1265 3696 gerit

518 3712 642 3774 muneri
673 3710 778 3774 deberi
811 3710 997 3788 intelligitis,
1028 3722 1096 3774 turn
1124 3713 1264 3775 eiusdem

517 3805 634 3866 monita
653 3812 683 3865 et
698 3803 824 3864 consilia
840 3803 989 3866 benevole
1004 3806 1146 3882 excipere
1161 3808 1193 3868 in
1210 3807 1265 3869 Ec·

475 3903 476 3906 ’
518 3899 628 3960 clesiae
658 3907 688 3958 et
720 3897 854 3958 nationis
889 3904 1007 3959 vestrae
1042 3907 1263 3962 ornamentum

519 3993 599 4054 haud
620 3991 712 4054 dubie
738 4007 870 4052 cessura.
894 3990 976 4064 Quae
997 3990 1072 4052 dum
1099 4006 1153 4052 vos
1174 3991 1265 4054 alacri

518 4094 724 4164 promptoque
744 4085 848 4146 auimo
865 4084 904 4145 ita
922 4087 1123 4162 praestituros
1138 4087 1267 4148 conlidi·

519 4195 600 4252 mus,
623 4186 659 4240 ut
690 4178 803 4238 maiora
834 4177 865 4238 in
893 4177 994 4238 dlesa
1023 4179 1110 4240 nobis
1141 4179 1265 4243 laudum

520 4273 680 4351 praeconia
706 4279 737 4331 et
760 4270 946 4332 uberrimam
973 4271 1004 4332 in
1027 4272 1120 4334 coelis
1151 4289 1266 4336 merce-

520 4368 591 4428 dem
613 4366 760 4442 consequi
783 4364 981 4437 mereamini,
1004 4365 1100 4426 ileum
1127 4367 1268 4444 omnipo-

522 4467 639 4523 tentem
662 4473 818 4533 rogamus,
836 4466 870 4519 ut
891 4456 931 4518 sit
948 4458 980 4518 ln
996 4460 1098 4521 medio
1114 4467 1266 4535 vestrum,

520 4559 674 4630 quatenus
695 4552 730 4612 ad
754 4550 836 4611 illius
858 4551 1007 4611 iustitiam
1029 4551 1199 4614 faciendam
1216 4571 1268 4615 re-

520 4654 583 4706 stra
604 4645 770 4722 procedant
796 4643 928 4720 eloquia,
952 4644 1128 4720 dirigantur
1156 4648 1268 4724 cogita-

521 4740 621 4800 tiones
643 4746 674 4798 et
695 4751 796 4813 opera.
828 4735 866 4796 Et
887 4736 1134 4800 iraternltatibus
1156 4743 1268 4802 vestris

522 4830 718 4907 apostolicam
737 4828 984 4889 benedictionem
1001 4842 1197 4907 peramanter
1213 4835 1269 4895 im·

521 4925 686 5002 perlimur.

561 5019 672 5079 llatum
694 5017 727 5078 iu
749 5018 828 5077 hrce
856 5015 954 5077 Casti-i
982 5017 1157 5097 (laudulphi
1180 5019 1269 5080 Alba-

523 5112 626 5173 nensis
649 5111 806 5185 dioecesis,
822 5110 881 5170 sub
899 5110 1017 5171 annulo
1033 5110 1205 5188 Piscatoris,
1222 5114 1271 5175 dle

524 5221 575 5266 xv.
593 5205 670 5266 iunii
688 5219 861 5278 nucccxr„
877 5204 986 5281 pontii.
1001 5205 1098 5266 nostri
1114 5222 1196 5267 anno
1212 5223 1267 5267 ru.

781 5363 1019 5374 —n———n-—a-

871 5487 919 5550 Ll.

527 5677 755 5755 Superioribus
778 5673 938 5740 llutdenis
969 5676 1103 5740 Ordinis
1126 5675 1157 5739 S.
1181 5674 1273 5738 Busi-

565 5773 604 5833 ιιι
626 5773 667 5838 M.
691 5772 869 5850 praesidem
891 5771 1011 5848 snnodt
1026 5769 1271 5848 prouincialisa

1035 600 1099 651 ιιιιι.
1123 597 1215 651 bour.
1238 597 1279 649 uls
1301 603 1329 648 ι.
1354 595 1383 649 r.
1407 605 1489 650 raus
1511 593 1532 650 l.

1353 741 1386 784 se
1407 723 1624 786 ‹eomttmmm
1645 724 1849 801 monifestat,
1866 738 1975 800 essone
1990 716 2062 784 dor-

1355 820 1450 879 tntnr
1471 825 1508 878 nl
1532 817 1656 893 synodo
1682 817 1850 885 intersint,
1874 832 1970 894 caque
1992 831 2063 892 pro-

1353 915 1476 987 ponunt
1497 911 1670 974 sanciendo
1692 926 1771 987 qnae
1788 909 1855 971 sint
1871 908 1951 970 cleri
1966 912 1996 970 ct
2010 923 2062 985 po-

1352 1003 1424 1080 puli
1446 1000 1588 1066 moribus
1612 1002 1828 1084 reformandis
1851 1002 1965 1065 idonea
1984 1000 2040 1084 (l).

1315 1185 1536 1253 bdmmsldb
1560 1184 2059 1265 mnbmcmmmddne,pmuu

1355 1277 2060 1348 mmmmmmmmmmmmbm

1357 1375 1403 1440 on
1426 1370 1722 1456 s.sacuruapm,

1505 1518 1693 1606 θιΕΜΕΝὸ
1718 1517 1872 1586 ΡΡ.Χιι

1591 1653 1697 1721 dilecti
1724 1651 1792 1733 lilii,

1350 1746 2030 1832 smmdmmmmmmmmm

1357 1939 1391 2000 lu
1417 1955 1541 2000 summo
1568 1939 1753 2017 apostolatus
1782 1939 1898 2001 vertice
1926 1939 2065 2002 collocati

1318 2031 1396 2093 nihil
1419 2034 1516 2109 magis
1532 2048 1603 2110 prae
1618 2032 1715 2094 oculis
1731 2032 1880 2094 habemus
1895 2040 1988 2111 atque
2002 2031 2067 2092 ani·

1318 2141 1369 2186 mo
1390 2125 1648 2203 concupiscimus,
1672 2141 1766 2203 quam
1781 2125 1950 2187 Ecclesiam
1964 2125 2067 2187 catho-

1319 2218 1420 2292 licam,
1442 2218 1511 2279 lesu
1533 2218 1648 2280 Christi
1672 2218 1831 2294 Sanguine
1854 2218 2016 2280 lundatam
2037 2225 2068 2280 et

1317 2311 1518 2372 sanctissimis
1540 2310 1658 2386 legibus
1685 2312 1870 2385 institutam,
1892 2311 2012 2373 sincerd
2035 2311 2068 2371 li·

1317 2402 1367 2464 dei
1388 2403 1583 2464 observantid
1605 2419 1792 2482 morumque
1820 2403 1936 2465 illibata
1957 2403 2069 2464 llorere

1318 2496 1488 2574 disciplina.
1512 2496 1624 2572 Quare,
1648 2513 1720 2558 cum
1751 2513 1847 2558 venu.
1876 2495 1987 2559 iratres
2013 2513 2069 2559 no-

1317 2591 1374 2651 stri
1396 2590 1533 2652 Rutlrenl
1561 2590 1714 2668 Episcopi,
1736 2590 1876 2652 eiusdem
1907 2589 1978 2652 fidei
2000 2591 2069 2651 vin·

1319 2683 1388 2744 culo
1420 2683 1581 2745 nobiscum
1614 2693 1695 2745 arcte
1727 2683 1900 2758 coniuncti,
1925 2683 1957 2744 iu
1990 2683 2069 2762 Syn-

1320 2778 1413 2840 odum
1434 2777 1657 2856 provincialem
1672 2779 1844 2840 convenire
1858 2776 2068 2854 decreverint,

1319 2878 1354 2932 ut
1376 2869 1508 2948 propriis
1530 2871 1691 2946 gregibus
1706 2870 1732 2930 si
1755 2870 1823 2947 quis
1841 2885 1978 2948 unquam
1995 2871 2069 2933 abu·

1319 2981 1370 3025 sus
1393 2963 1474 3024 inter
1505 2962 1574 3024 illos
1604 2963 1776 3042 irrepserit,
1799 2965 1975 3027 remedium
1997 2965 2070 3026 alle-

1320 3062 1402 3131 raut,
1425 3063 1517 3133 atque
1547 3057 1735 3118 orthodoxae
1763 3055 1924 3131 religionis
1948 3057 2069 3119 cultum

1321 3149 1481 3224 integrum
1509 3149 1547 3210 ab
1577 3149 1664 3210 omui
1698 3149 1765 3210 labe
1797 3150 1989 3227 custodiant,
2013 3167 2070 3212 nos

1321 3242 1473 3304 eiusmodi
1496 3243 1660 3320 egregium
1683 3244 1833 3322 piumque
1854 3245 2071 3308 consiliumet

1322 3337 1409 3399 valde
1440 3336 1639 3415 probavimus
1670 3343 1701 3398 et
1731 3341 1899 3414 negocium
1930 3338 2070 3402 dedimus

1322 3446 1393 3492 ven.
1418 3430 1506 3492 fratri
1521 3431 1659 3492 antonio
1676 3431 1819 3507 Eugeuio
1834 3432 2070 3512 archiepiscopo

1322 3524 1490 3601 Ephesius,
1522 3532 1628 3585 nostro
1654 3535 1686 3585 et
1715 3525 1802 3586 Sedis
1824 3525 2014 3603 hpostolicae
2037 3526 2068 3586 iu

1322 3632 1419 3693 regno
1442 3616 1586 3678 Poloniae
1608 3615 1737 3691 Nuntio,
1762 3625 1796 3678 ut
1818 3616 1970 3694 praelatae
1991 3617 2071 3694 syu-

1321 3710 1378 3771 odo
1401 3711 1538 3784 intersit,
1561 3711 1652 3788 eique
1682 3711 1859 3788 praesidens
1887 3712 2070 3773 auctoritate

1322 3806 1426 3865 nustrd
1446 3802 1553 3866 sedulo
1581 3811 1763 3881 promoveat
1784 3819 2000 3882 quaecumque
2021 3820 2069 3864 co-

1322 3898 1467 3974 gnoverit
1488 3896 1627 3975 apprime
1649 3897 1737 3957 utilla
1766 3897 1816 3957 rel
1836 3896 1998 3973 religionis
2020 3897 2071 3957 bo·

1322 4005 1373 4065 nd,
1397 3991 1447 4050 vel
1469 3991 1604 4051 nationis
1625 3990 1788 4052 lluthenae
1802 3993 1964 4053 commodo
1978 3999 2071 4070 alque

1323 4091 1516 4144 ornamento.
1543 4082 1673 4157 Verum,
1696 4083 1799 4146 dilecti
1827 4084 1895 4158 lilii,
1925 4099 1997 4146 cum
2019 4101 2072 4145 ve·

1322 4185 1384 4236 stra
1402 4191 1527 4253 quoque
1541 4177 1716 4251 auctoritas,
1734 4177 1873 4238 doctrina
1888 4193 1923 4240 ac
1937 4179 2071 4254 pruden-

1325 4269 1364 4328 tia
1385 4269 1466 4329 haud
1489 4284 1598 4346 parum
1619 4268 1691 4330 huic
1710 4277 1815 4330 sancto
1830 4271 1917 4348 operi
1931 4269 2072 4332 conferre

1325 4362 1434 4435 valeat,
1458 4361 1525 4422 ideo
1553 4377 1606 4422 ros
1628 4362 1659 4423 iu
1690 4362 1824 4423 Domino
1856 4363 2018 4425 hortamur
2039 4381 2073 4423 ac

1324 4455 1472 4532 petimus,
1496 4461 1542 4528 nt,
1566 4455 1829 4532 quemadmodum
1851 4457 1925 4518 alias
1940 4458 2073 4537 impigre

1325 4548 1450 4621 lecistis,
1469 4547 1570 4609 eidem
1594 4548 1717 4625 synodo
1733 4549 1836 4612 adesse
1852 4557 1944 4629 atque
1961 4552 1993 4613 in
2009 4567 2073 4613 me-

1325 4642 1411 4704 dium
1426 4640 1566 4719 prolerre
1582 4642 1686 4702 velitis
1700 4641 1848 4720 quidquid
1862 4654 2072 4722 opportunum

1325 4735 1485 4797 ridebitur
1514 4741 1580 4797 tuni
1603 4736 1657 4796 Dei
1680 4735 1795 4812 gloriae
1823 4738 2073 4816 amplificandae,

1327 4836 1394 4892 tum
1415 4830 1490 4892 cleri
1513 4836 1543 4890 et
1565 4829 1670 4906 populi
1692 4831 1830 4893 moribus
1859 4830 2073 4909 reformandis,

1327 4939 1367 4986 ne
1381 4924 1485 4986 sordes
1500 4924 1659 5001 neglectae
1673 4926 1707 4987 in
1724 4925 1868 4988 morbum
1884 4926 2027 5002 evadant,
2044 4936 2074 4988 et

1326 5019 1453 5094 gravius
1474 5017 1546 5078 inde
1567 5017 1732 5080 discrimen
1765 5021 1892 5081 oriatur.
1917 5019 1975 5082 Cui
1997 5021 2075 5082 desi-

1326 5112 1411 5172 derio
1427 5119 1534 5172 nostro
1549 5113 1623 5173 dum
1640 5113 1730 5190 plane
1745 5113 1931 5176 confidimus
1947 5129 2001 5174 vos
2016 5112 2075 5173 ala·

1326 5205 1370 5266 cri
1391 5204 1539 5282 obsequio
1559 5205 1779 5281 satislacturos,
1800 5223 1816 5266 a
1838 5208 1899 5268 [leo
1922 5207 2010 5269 Patre
2028 5206 2075 5267 lu·

1328 5297 1451 5358 minum
1471 5298 1559 5359 vobis
1581 5299 1699 5360 interea
1719 5299 1897 5362 caelestium
1919 5301 2075 5362 donorum

1326 5391 1447 5469 copiam
1473 5407 1646 5468 precamur,
1671 5404 1701 5453 et
1728 5393 1926 5471 apostolicam
1953 5393 2076 5455 benedi·

1327 5486 1463 5548 ctionem
1487 5492 1682 5563 peramanter
1705 5486 1914 5565 impertimur.

2092 572 2300 639 lsrnancs
2371 613 2372 618 ,

1369 5579 1480 5640 [latum
1502 5580 1533 5639 in
1555 5579 1634 5641 Arce
1663 5580 1760 5642 Castri
1788 5578 1965 5658 Gaudulphi
1988 5579 2078 5640 lllba·
2126 5644 2128 5648 ,

1329 5673 1435 5733 nensis
1457 5673 1616 5748 dioecesis,
1632 5674 1689 5734 sub
1704 5673 1822 5734 annulo
1839 5673 2011 5748 Piscatoris,
2028 5673 2079 5734 die

1329 5782 1380 5826 nv.
1399 5767 1478 5827 iunii
1494 5783 1669 5840 nnconsv,
1685 5765 1794 5844 pontif.
1811 5767 1907 5826 nostri
1924 5781 2006 5828 anno
2020 5782 2075 5827 vu.

1039 5905 1570 5918 -..-.....-—-----—-........-.-

570 5987 598 6045 tl)
614 5990 650 6031 Ex
666 5989 779 6032 Modum.
796 5987 917 6032 Polouiae
931 5997 946 6031 a
961 5989 987 6030 P.
1003 5986 1116 6030 Theiner
1129 5985 1216 6030 colles.
1232 5987 1279 6029 etc.
