4776 6974
40 326 46 437 t

42 566 45 613 Ξ
90 586 133 642 In.
145 585 170 637 0.
185 567 242 632 1792

937 583 1008 644 blus
1028 583 1078 642 nb.
1103 587 1146 644 vt.

267 711 357 787 sniis,
387 713 643 794 irritantibnsque
670 723 700 779 et
728 715 794 778 aliis
822 715 951 778 decretis
979 715 1012 779 in

269 823 382 884 genere
400 808 451 870 vel
473 808 504 870 in
520 811 632 888 specie,
648 828 681 872 ac
694 811 760 873 aliis
776 812 807 873 iu
822 810 1013 874 contrarium

269 902 506 978 praemissorum
530 904 762 982 quomodolibet
780 893 942 979 concessis,
965 921 1015 984 ap·

270 994 402 1072 probatIs
423 1001 454 1056 et
481 995 646 1058 innovatis.
676 997 793 1072 Quibus
819 999 964 1061 omnibus
985 1003 1015 1059 et

270 1086 399 1164 singuiis
423 1087 548 1151 iliorum
570 1095 693 1153 tenores
718 1093 933 1168 praesentibus
959 1107 1016 1170 pro

271 1181 361 1260 plene
382 1188 412 1244 et
432 1183 622 1245 sufficienter
644 1185 806 1264 expressis,
822 1203 855 1248 ac
869 1184 906 1248 de
920 1185 1016 1247 uerbo

272 1275 458 1338 adverbum
481 1277 602 1338 inserds
624 1278 782 1354 babentes
805 1279 865 1340 illis
890 1279 961 1340 alias
984 1279 1015 1340 in

272 1386 325 1431 suo
346 1370 458 1431 robore
479 1372 699 1452 permansuris,
717 1373 752 1433 ad
774 1372 1016 1451 praemissorum

274 1463 415 1525 enectum
437 1463 491 1525 trac
516 1464 583 1526 viee
609 1467 768 1528 dumtaxat
794 1465 966 1544 specialiter
987 1471 1018 1526 et

275 1569 414 1634 expresse
435 1557 632 1632 derogamus,
652 1559 843 1638 caeterisque
858 1558 1018 1621 contrariis

275 1649 532 1728 quibuscumque

313 1745 424 1806 [latum
449 1743 581 1820 Romae,
607 1745 687 1824 apud
717 1747 748 1810 S.
775 1747 899 1809 Mariam
928 1746 1020 1809 Ilaio·

277 1853 352 1912 rena,
379 1836 438 1898 sub
465 1839 582 1900 annulo
603 1838 774 1914 Piscator-is,
805 1839 855 1901 die
881 1855 951 1902 xxxx.
975 1855 1021 1900 se-

277 1931 422 2010 ptembris
445 1947 613 2009 undenos,
632 1934 827 2011 pontificatus
848 1934 945 1996 nostri
968 1949 1020 1994 an·

278 2041 317 2087 no
330 2040 408 2087 xxxx.

595 2411 700 2474 XCIX.

288 2594 453 2675 Confirmet
469 2603 499 2658 et
514 2597 659 2660 ecte-odit
674 2597 788 2662 literne
804 2597 917 2662 Beued.
936 2596 1021 2662 XIII.

322 2689 354 2750 de
375 2691 573 2766 exemptione
595 2689 633 2752 ob
652 2691 838 2754 Ordiuorit's
861 2694 1026 2755 tertiario-

323 2798 392 2844 rum
417 2781 448 2846 S.
471 2781 642 2845 Francisci
664 2784 699 2844 in
724 2785 866 2863 fororem
894 2787 1021 2848 tortior.

325 2877 357 2938 n.
373 2875 414 2939 di.
430 2875 465 2936 de
479 2874 587 2940 Monte
601 2876 744 2940 Cormelo
759 2878 855 2940 villae
872 2878 1025 2940 sedetve-

285 2999 287 3008 ·
325 2971 402 3033 toris
418 2970 455 3031 dc
467 2968 600 3047 Compos
613 2969 760 3048 [luminis
775 2971 929 3034 Ianuarii
944 2973 1025 3034 dioe-

324 3080 408 3124 rests.

533 3231 702 3301 eiusne.
728 3234 773 3304 lll.

401 3356 438 3424 ad
461 3361 637 3440 perpetuen
660 3357 705 3425 rei
728 3360 906 3429 memoriam.

42 3592 43 3601 ,
113 3539 271 3642 ‘genitore
322 3536 392 3614 gl.
423 3534 544 3613 Exponi
573 3533 659 3596 nobis
687 3552 789 3615 nuper
814 3537 955 3602 iecerunt
984 3540 1027 3602 di-

285 3631 351 3694 lecti
368 3629 424 3690 lilii
440 3628 593 3702 minister,
608 3629 787 3706 confratres,
804 3631 889 3709 prior
904 3641 935 3694 et
950 3649 1028 3696 mas·

283 3724 350 3787 sarii
374 3721 588 3786 tertiariorum
610 3722 744 3785 duorum
766 3725 912 3788 ordinum
930 3729 1027 3790 saneti

284 3817 434 3882 FrancIsci
449 3814 564 3876 scilicet
579 3822 611 3877 et
626 3815 731 3878 beatae
749 3817 857 3880 Mariae
871 3818 909 3881 de
924 3821 1029 3883 Monte

284 3911 425 3975 Carmelo
447 3908 510 3986 Ioci
538 3925 593 3971 seu
620 3909 712 3971 villae
738 3913 836 3974 sancti
859 3887 1029 3979 salvatoris

283 4006 321 4067 de
348 4005 480 4082 Campos
510 4000 564 4063 dos
596 4003 789 4078 soraracares
821 4006 959 4070 fluminis
988 4009 1030 4071 Ia-

284 4098 385 4161 nuarii
402 4096 560 4171 dioecesis,
576 4097 657 4174 quod
680 4097 751 4158 alias
771 4098 868 4160 felicis
890 4104 1031 4166 recorda-

284 4192 377 4255 tIonis
399 4189 582 4252 Benedictus
604 4190 658 4251 ΡΡ.
677 4191 755 4254 ΧΙΙΙ.
779 4208 922 4270 persnas
944 4195 976 4258 in
991 4197 1029 4258 si·

285 4284 351 4347 mili
372 4283 471 4348 forma
490 4284 596 4346 Brevis
612 4282 662 4346 die
676 4299 753 4346 xxx.
771 4302 841 4362 aug.
858 4304 1027 4352 nucexxn.

285 4376 441 4456 expeditas
461 4375 564 4437 literas
585 4378 817 4453 exemptionem
831 4397 847 4440 a
862 4383 969 4458 quavis
984 4383 1031 4447 Iu-

287 4470 463 4534 risdIctione
485 4476 516 4531 et
543 4470 759 4548 superioritate
783 4473 1030 4552 ordinariorum,

287 4579 377 4642 quam
393 4578 450 4641 per
464 4562 536 4623 alias
550 4579 619 4624 suas
634 4563 695 4626 diei
707 4580 777 4626 xm.
790 4565 854 4629 dec.
866 4585 1029 4632 nncoxxr.

288 4657 342 4718 sub
362 4656 491 4736 plumbo
512 4657 594 4717 datas
617 4657 762 4719 tertiariis
784 4659 901 4722 ordinis
928 4662 1032 4727 Sancti

288 4749 441 4811 Francisci
463 4756 665 4823 concesserat,
688 4752 723 4812 ad
748 4753 900 4816 tertiarios
915 4755 1032 4818 ordinis

289 4842 434 4920 praedicti
455 4841 559 4902 beatae
580 4841 690 4904 Mariae
718 4844 849 4921 vtrginis
871 4849 908 4910 de
930 4849 1034 4912 Monte

291 4936 429 4998 Carmelo
451 4936 591 4998 extendit
612 4945 643 4999 et
663 4939 834 5016 ampliavit,
859 4943 973 5004 tenoris
988 4960 1034 5006 se·

292 5028 431 5108 quentis:

469 5205 660 5268 Benedictus
681 5208 744 5269 PP.
768 5207 853 5273 XIII.

389 5326 437 5391 Ad
459 5337 644 5404 perpetuum
667 5331 714 5391 rei
736 5331 932 5393 memorium.

143 5497 197 5543 illd
211 5499 278 5548 tuers-
330 5503 450 5581 Expoui
473 5503 561 5565 nobIs
582 5521 683 5582 nuper
710 5505 780 5566 iecit
802 5505 932 5568 dilectus
955 5505 1035 5568 filius

128 5559 163 5594 nn
182 5555 278 5601 aosmli-

127 5611 184 5649 enn
197 5611 279 5654 arimin
296 5593 460 5657 modernus
482 5604 662 5674 procurator
677 5598 830 5673 generalis
845 5598 963 5660 ordinis
976 5598 1034 5659 ira-

126 5657 211 5704 abeued
227 5663 279 5708 Pon·

39 5748 41 5777 ἲ
125 5708 174 5756 litte.

296 5693 375 5749 trum
409 5688 512 5750 beatae
543 5688 654 5750 Mariae
682 5689 719 5750 de
747 5690 850 5752 Monte
880 5691 1035 5766 carmelo,

296 5781 474 5857 quodcum
495 5781 548 5843 ille
570 5783 660 5857 longa
682 5783 875 5859 experIentia
896 5799 1036 5862 compro-

296 5874 411 5936 baverit
434 5875 599 5936 nonnullas
625 5875 779 5937 molestias
800 5893 832 5938 ae
857 5876 1036 5938 vexationes

297 5969 455 6048 utriusque
487 5985 578 6030 sexus
612 5969 750 6032 eiusdem
785 5970 901 6032 ordinis
934 5971 1036 6032 tertia·

1070 715 1123 776 riis
1146 715 1242 778 illatas
1264 717 1300 778 ab
1322 716 1383 778 illis
1406 717 1545 779 Iocorum
1560 715 1739 792 OrdInariis,
1763 721 1814 797 qui

1070 809 1222 872 eiusmodi
1258 809 1410 872 tertiarios
1439 811 1474 872 ad
1510 825 1619 872 eorum
1652 811 1816 874 subiecim-

1071 917 1143 964 nem
1172 917 1226 964 sen
1256 903 1506 981 superioritatem
1537 903 1660 979 adigere
1687 903 1815 980 volunt,

1071 995 1197 1070 exoriri,
1222 996 1312 1074 idque
1337 996 1444 1057 iisdem
1467 995 1610 1057 tertiariis
1631 999 1727 1059 animi
1749 1015 1816 1078 per·

1070 1089 1278 1151 turbationem
1306 1089 1496 1168 spiritusque
1516 1090 1750 1168 dIspersionem,
1774 1102 1819 1157 at·

1071 1197 1132 1259 que
1163 1183 1330 1258 supradicti
1360 1182 1477 1246 ordinis
1510 1183 1722 1262 superioribus
1754 1201 1817 1249 non

1073 1275 1224 1337 modicam
1241 1274 1482 1337 sollicitudinem
1497 1276 1620 1352 atterre,
1636 1277 1736 1340 dictus
1750 1296 1818 1358 pro·

1073 1375 1196 1430 curator
1222 1367 1386 1444 generalis,
1410 1385 1470 1446 quo
1491 1368 1643 1432 similibus
1665 1371 1820 1435 inordina·

1075 1461 1212 1522 tionibus
1247 1468 1443 1536 occurratur,
1476 1461 1579 1524 literas
1615 1472 1732 1526 nostras
1763 1468 1822 1529 sub

1074 1553 1201 1630 plumbo
1223 1553 1355 1632 desuper
1375 1555 1410 1616 ad
1432 1562 1614 1632 'perpetuam
1636 1558 1681 1619 rei
1704 1575 1819 1621 memo·

1074 1646 1152 1708 riam
1184 1663 1267 1708 anuo
1298 1647 1518 1709 incarnationis
1551 1649 1722 1714 dominicae
1753 1653 1821 1714 mil·

1075 1739 1184 1800 Iesimo
1218 1739 1493 1817 septingentesimo
1521 1737 1672 1817 nigeuno
1698 1745 1821 1823 quinto,

1077 1842 1187 1912 quarto
1208 1835 1275 1896 idus
1296 1833 1481 1909 decembris,
1501 1834 1698 1911 pontificatus
1723 1840 1821 1901 nostri

1076 1943 1158 1989 anno
1178 1929 1324 2000 secundo,
1350 1928 1517 2004 expeditas,
1540 1942 1596 2005 per
1622 1946 1709 2008 quas,
1738 1932 1822 1996 inter

1077 2021 1146 2096 alia,
1162 2020 1293 2082 tertiarii
1316 2020 1432 2083 ordinis
1447 2023 1543 2082 sancti
1566 2024 1716 2087 FrancIsci
1733 2027 1821 2088 iurIs-

1077 2113 1211 2176 dictione
1233 2122 1262 2175 et
1277 2113 1495 2192 superioritate
1508 2115 1742 2181 Ordiuariorum
1758 2122 1822 2182 exi-

1078 2216 1215 2282 mantur,
1232 2206 1267 2268 ad
1283 2209 1436 2270 tertiarios
1447 2207 1620 2285 primodicti
1635 2211 1754 2274 ordinis
1768 2229 1824 2292 per

1079 2317 1134 2364 nos
1155 2317 1353 2379 summopere
1379 2301 1502 2364 extendi
1529 2309 1560 2363 et
1585 2303 1727 2382 ampliari
1747 2308 1824 2368 desi·

1079 2398 1175 2459 derat.
1192 2396 1285 2460 Nubis
1300 2403 1462 2475 propterea
1477 2396 1629 2475 praetatus
1644 2409 1824 2474 procurator

1080 2492 1232 2571 generaIIs
1255 2491 1416 2555 humiliter
1436 2491 1601 2569 supplicari
1629 2492 1712 2570 lecit,
1734 2502 1770 2558 ut
1792 2496 1824 2558 iu

1080 2589 1253 2668 praemissis
1268 2591 1442 2665 opportune
1456 2585 1633 2664 providere,
1650 2593 1680 2649 et
1695 2595 1730 2650 ut
1747 2589 1825 2652 inira

1081 2683 1245 2759 indulgere
1259 2682 1297 2743 de
1309 2679 1502 2756 benignitate
1513 2680 1675 2757 apostolica
1684 2681 1826 2758 dignare·

1081 2794 1163 2840 mur.
1183 2775 1243 2837 Nos
1259 2774 1354 2852 igitur
1368 2772 1470 2850 ipsum
1484 2779 1714 2850 procuratorem
1732 2791 1827 2853 gene·

1081 2870 1178 2933 ralem
1196 2867 1375 2946 specialibus
1390 2865 1545 2928 lareribus
1561 2875 1591 2928 et
1605 2867 1709 2944 gratiis
1725 2886 1828 2948 prose-
1862 2893 1863 2896 ¹

1081 2965 1135 3043 qui
1146 2963 1287 3025 volentes
1298 2968 1329 3020 et
1340 2977 1355 3019 a
1368 2959 1527 3038 quibuvas
1538 2963 1828 3026 excommunicatio-

1083 3053 1827 3135 nis,suspensionisetinterdicti,eliisqueeccle·

1082 3150 1209 3220 siasticis
1229 3146 1392 3210 sententiis
1407 3147 1547 3209 censuris
1562 3157 1592 3210 et
1607 3150 1713 3228 poenis
1729 3167 1744 3210 a
1761 3153 1828 3215 iure

1085 3245 1134 3307 vel
1153 3244 1190 3306 ab
1210 3242 1338 3306 bomine
1358 3241 1466 3318 quavis
1487 3241 1645 3306 occasione
1668 3245 1719 3306 vel
1741 3263 1828 3310 cansa

1084 3343 1163 3418 latis,
1175 3342 1200 3402 si
1216 3340 1327 3420 quibus
1343 3338 1574 3416 quomodolibet
1589 3339 1828 3404 innodatusexi·

1082 3442 1147 3515 stit,
1160 3441 1195 3502 ad
1207 3437 1351 3499 ellectum
1367 3434 1576 3513 praesentium
1587 3434 1745 3499 dumtaxat
1756 3455 1830 3501 con·

1083 3531 1289 3613 sequendum,
1306 3533 1416 3592 barum
1431 3529 1510 3590 sene
1524 3529 1719 3593 absolventes
1734 3545 1765 3597 et
1779 3538 1829 3598 ab·

1082 3628 1220 3690 solutum
1240 3623 1307 3686 lore
1327 3631 1500 3697 censentes,
1523 3622 1700 3686 huiusmodi
1714 3630 1830 3707 suppli-

1083 3719 1255 3784 cationibus
1267 3716 1407 3779 inclinati
1421 3716 1524 3778 literas
1540 3723 1658 3780 nostras
1669 3720 1828 3798 praelatas,

1085 3832 1140 3895 per
1161 3829 1235 3892 quas
1250 3809 1381 3872 tertiarii
1395 3809 1529 3873 secundo
1544 3810 1617 3874 dicti
1633 3812 1751 3875 ordinis
1765 3832 1830 3878 om-

1085 3911 1227 3979 nimodae
1253 3904 1457 3970 inrisdIctioni
1485 3911 1517 3964 et
1545 3905 1692 3982 regimini
1721 3925 1830 3973 eorum

1086 4005 1220 4072 ministri
1244 4001 1398 4081 generalis
1418 3999 1637 4074 subjiciuntur,
1663 4003 1698 4063 ad
1728 4003 1832 4066 tertia·

1085 4103 1147 4164 rios
1164 4098 1329 4175 utriusque
1343 4110 1435 4156 sexus
1457 4093 1632 4172 primodicti
1647 4096 1765 4158 ordinIs
1779 4114 1831 4159 au-

1085 4194 1227 4258 ctoritate
1239 4188 1400 4270 apostolica
1417 4194 1523 4249 tenore
1540 4189 1751 4266 praesentium
1763 4206 1833 4269 per·

1086 4294 1180 4369 petuo
1194 4283 1391 4348 extendimus
1406 4287 1436 4342 et
1450 4281 1651 4359 ampliamus3
1676 4284 1716 4346 tta
1739 4294 1773 4347 nt
1788 4287 1834 4348 illi

1087 4381 1181 4463 priori
1197 4377 1333 4457 generali
1350 4393 1404 4455 pro
1420 4384 1561 4452 tempore
1575 4377 1720 4440 existenti
1740 4379 1834 4443 buius

1087 4474 1203 4540 ordinis
1225 4487 1316 4535 curae
1336 4479 1367 4532 et
1387 4469 1597 4548 superioritati
1617 4471 1747 4535 subiecti
1770 4490 1835 4536 om-

1088 4569 1163 4632 nino
1184 4568 1258 4640 siut,
1285 4581 1348 4627 nou
1375 4563 1566 4626 obstantibus
1594 4566 1779 4644 praemissis,
1802 4585 1835 4630 ac

1088 4659 1361 4726 constitutIonibns
1382 4657 1566 4737 apostolicis,
1589 4675 1646 4722 nec
1667 4677 1743 4736 non,
1762 4679 1835 4741 qua·

1087 4765 1181 4820 tenus
1210 4771 1286 4834 opus
1311 4753 1366 4828 sit,
1392 4751 1570 4831 primodicti
1597 4753 1713 4816 ordinis
1741 4755 1835 4818 etiam

1087 4851 1262 4914 iuramento
1273 4845 1509 4910 confirmatIone
1521 4846 1684 4925 apostolica
1699 4847 1750 4910 vel
1763 4865 1835 4926 qua·

1090 4946 1136 5007 vis
1157 4943 1303 5005 firmitate
1323 4940 1381 5002 alia
1404 4941 1554 5002 roboratis
1568 4941 1691 5003 statutis
1713 4950 1744 5003 et
1765 4959 1836 5004 con·

1088 5035 1327 5110 suetudinibus3
1356 5031 1527 5111 privilegus
1548 5049 1683 5112 qnoque,
1709 5035 1838 5098 indultis

1090 5139 1121 5193 et
1142 5129 1240 5191 literis
1267 5127 1440 5207 apostolicis
1468 5125 1501 5188 in
1528 5127 1724 5190 eontrarium
1751 5143 1839 5206 prae-

1091 5225 1256 5288 missorum
1282 5219 1514 5306 quomodolibet
1543 5222 1703 5296 concessis,
1726 5223 1838 5285 conlit-

1091 5318 1180 5380 matis
1202 5323 1234 5379 et
1257 5315 1422 5378 innovatis.
1438 5315 1553 5391 Quibus
1571 5315 1716 5378 omnibus
1732 5323 1762 5378 et
1776 5319 1839 5378 sin·

1091 5410 1171 5487 gnus
1191 5409 1320 5471 illorum
1337 5417 1461 5470 tenores
1476 5409 1687 5486 praesentibus
1702 5425 1758 5487 pro
1775 5410 1840 5488 ple·

1091 5520 1131 5566 ne
1152 5509 1183 5564 et
1204 5502 1393 5564 sufficienter
1415 5501 1578 5579 expressis,
1594 5518 1627 5562 ac
1641 5501 1679 5563 de
1693 5503 1788 5564 verbo
1802 5504 1839 5564 ad

1091 5597 1222 5658 verbum
1245 5595 1369 5656 insertis
1391 5593 1550 5668 babentes,
1566 5595 1627 5656 illis
1649 5595 1720 5657 alias
1736 5596 1767 5658 in
1782 5613 1839 5658 suo

1091 5690 1201 5752 robore
1223 5687 1445 5768 permansuris,
1462 5689 1496 5750 ad
1513 5689 1753 5764 praemissorum
1768 5689 1839 5752 elle-

1092 5788 1177 5845 ctum
1200 5784 1254 5844 bac
1275 5782 1343 5842 vice
1363 5779 1523 5842 dumtaxat
1543 5781 1719 5858 specialiter
1736 5792 1766 5843 et
1789 5799 1839 5844 ex·

1092 5891 1196 5954 presse
1226 5876 1428 5950 derogamus,
1458 5873 1648 5951 caeterisque
1679 5877 1840 5937 contrariis

1092 5969 1352 6050 quibuscumque.
1381 5966 1533 6030 Volumus
1560 5974 1676 6045 autem,
1700 5977 1734 6030 nt
1755 5985 1839 6050 prae·

1736 567 1793 642 3⁹23
1845 585 1898 638 Au.
1913 571 1943 639 (l.
1965 570 2033 634 1792
2072 655 2074 658 .
