4808 6988
355 577 454 646 dno.
475 570 545 634 xea‘o
594 558 654 637 ebo

462 2663 556 2758 ttddt

575 710 623 770 ius
644 708 789 771 ecclesiae
815 705 1016 786 coloniaeque
1043 705 1127 769 illius
1155 704 1321 784 spiritualis

575 803 701 864 utilitati
717 803 935 882 prospiciendi.
953 802 1118 880 Propterea
1133 799 1245 862 iactum
1263 805 1320 873 est,

575 901 610 956 ut
632 895 715 971 regin
737 894 951 958 munificentia
975 911 1008 956 ac
1029 893 1113 955 iussu
1137 909 1175 953 ex
1196 891 1322 954 redditi-

575 986 631 1048 bus
654 987 844 1064 praelaturae
873 987 984 1050 Montis
1005 984 1138 1062 Regalis,
1160 985 1226 1046 sive
1256 983 1322 1045 eius

575 1097 712 1156 mensae,
729 1081 781 1160 qui
803 1089 983 1161 supersunt,
1000 1081 1116 1158 quique
1136 1094 1175 1140 ex
1198 1093 1321 1140 conces·

574 1173 661 1235 sione
682 1176 857 1254 apostolica,
880 1174 925 1238 uti
948 1173 1107 1247 asseritur,
1124 1171 1159 1233 ad
1183 1171 1249 1234 eius
1264 1188 1322 1234 nu·

575 1275 643 1328 tum
665 1267 698 1328 in
721 1268 778 1345 piis
800 1268 907 1329 usibus
928 1283 962 1328 ac
984 1265 1236 1343 dispositionibus
1257 1281 1322 1326 ero-

575 1359 668 1434 gandi
683 1368 767 1430 sunt,
784 1373 939 1422 summam
961 1373 1097 1419 annuam
1112 1357 1322 1434 quadringen-

576 1461 677 1514 tarum
700 1453 864 1515 unciarum
876 1451 981 1512 lavore
996 1465 1095 1511 novae
1116 1449 1210 1512 buius
1231 1449 1322 1510 colle-

574 1547 672 1620 giatae
682 1561 737 1624 per
748 1561 803 1606 nos
816 1545 980 1620 erigendae
992 1543 1125 1605 libenter
1137 1542 1320 1604 decreverit.

573 1637 670 1712 Quam
706 1639 832 1717 quidem
857 1653 992 1699 annuam
1019 1636 1322 1714 quadringentarum

574 1731 737 1793 unciarum
758 1746 914 1792 summam
936 1745 1018 1790 novo
1032 1729 1106 1790 huic
1120 1728 1254 1804 capitulo
1275 1729 1322 1788 in·

575 1833 694 1900 tegram
715 1829 745 1885 et
765 1824 879 1903 absque
900 1823 965 1884 ullo
983 1824 1119 1901 pondere
1140 1821 1321 1896 addicimus,

574 1927 605 1979 et
626 1917 813 1994 applicamus
839 1923 1004 1996 perpetuo,
1028 1922 1063 1978 ut
1085 1915 1168 1977 iuter
1189 1915 1322 1990 dignita-

575 2019 638 2072 tem
660 2011 864 2090 praedictam,
887 2010 1025 2088 aliosque
1047 2009 1228 2085 capitulares
1250 2024 1323 2069 con-

574 2105 715 2166 venienti
745 2121 799 2179 eo,
829 2121 890 2181 quo
913 2103 1058 2177 libuerit,
1087 2103 1197 2176 modo,
1221 2101 1322 2162 habita

575 2197 666 2260 etiam
697 2198 819 2260 ratione
843 2212 1051 2278 expensarum
1080 2195 1238 2272 ecclesiae,
1268 2210 1322 2272 per

574 2291 767 2369 infrascripta
789 2290 915 2369 capituli
934 2297 1047 2351 statuta
1061 2288 1262 2366 designando,
1279 2287 1322 2349 di·

575 2383 699 2446 vidatur
720 2394 752 2446 et
772 2385 959 2460 assignetur.

356 2496 502 2543 assensus
519 2497 556 2542 vu·
615 2479 634 2554 ἓ
654 2478 683 2540 6.
708 2477 746 2540 Et
760 2483 877 2538 attenta
892 2475 1044 2553 praedicta
1056 2477 1140 2553 regia
1151 2475 1319 2550 dotatione,

343 2551 556 2661 {lssqlfflllsalffl
574 2571 731 2634 carissimo
741 2571 774 2631 in
787 2569 911 2632 Christo
922 2570 987 2631 illio
1001 2569 1195 2632 Ferdinando
1207 2570 1321 2630 utrius-

343 2667 403 2703 vore
418 2669 443 2703 re

344 2721 426 2767 usque

575 2681 636 2744 que
657 2665 779 2728 Siciliae
799 2664 1013 2742 regi-eiusque
1034 2663 1260 2726 successoribus
1276 2663 1322 2723 in·

574 2759 750 2835 dulgeurus,
766 2765 801 2821 ut
822 2759 854 2819 in
870 2774 939 2820 casu
961 2758 1127 2818 vacationis
1148 2757 1321 2834 praedictae

575 2851 893 2931 archipresbyteratus
907 2851 1075 2926 dignitatis,
1091 2850 1156 2910 sive
1168 2857 1321 2928 proto-pa·

575 2961 640 3025 pae,
653 2952 817 3008 exerceant
832 2944 881 3006 ius
896 2944 1077 3006 nominandi
1089 2945 1124 3006 ad
1141 2959 1208 3005 eam
1220 2944 1320 3020 digni·

574 3047 672 3102 tatem
686 3054 848 3117 personam
864 3055 902 3100 ex
917 3039 972 3112 eis,
988 3055 1078 3116 quae,
1092 3038 1176 3099 iuxta
1190 3037 1320 3100 concilii

575 3133 751 3197 Tridentini
783 3131 1028 3210 praescriptum,
1054 3146 1110 3208 per
1133 3145 1319 3192 concursum

574 3228 753 3290 institutum
775 3225 808 3286 in
830 3225 911 3286 curia
937 3224 1186 3304 archiepiscopali
1207 3224 1320 3288 Montis

574 3321 707 3398 Regalis,
723 3319 796 3382 huic
810 3319 936 3381 muneri
951 3318 1113 3381 subeundo
1130 3319 1257 3381 idoneae
1273 3336 1321 3382 re·

574 3405 829 3494 pertae'tueriut.
852 3411 1130 3480 Praetereaeidem
1152 3412 1259 3476 luturo
1274 3430 1321 3476 ca-

574 3507 674 3587 pitulo
694 3506 793 3570 dictae
807 3505 982 3582 collegiatae
996 3505 1173 3567 facultatem
1193 3506 1320 3570 iacimus

574 3600 740 3676 condendi,
763 3599 844 3662 licita
874 3610 978 3662 tamen
1007 3608 1038 3660 et
1067 3599 1221 3661 honestati
1249 3618 1320 3664 con-

574 3698 745 3774 venientia,
761 3704 874 3760 statuta
894 3697 972 3762 circa
994 3717 1029 3762 ea
1048 3703 1163 3778 omnia,
1180 3722 1258 3783 quae
1274 3723 1322 3770 re·

573 3799 708 3879 spiciunt
739 3797 918 3862 huiusmodi
950 3798 1126 3876 collegiatae
1155 3801 1255 3875 graeci
1281 3805 1320 3866 ri-

575 3901 623 3958 tus
641 3893 815 3965 servitium,
832 3892 1064 3956 distributiones
1079 3897 1318 3971 respectivarum

574 3987 821 4068 praebendarum
850 3986 932 4047 inter
962 3986 1158 4064 dignitatem,
1184 3989 1320 4068 aliosque

573 4079 756 4160 capitulares
777 4095 810 4140 ac
832 4079 906 4140 novi
921 4079 1047 4156 capituli
1066 4083 1275 4144 caeremonias
1287 4085 1320 4145 'et

472 4191 480 4206 ·
573 4173 726 4248 habitum,
742 4187 820 4250 quae
835 4171 962 4234 consilio
976 4180 1006 4234 et
1021 4188 1112 4252 opera
1133 4175 1320 4238 venerabilis

573 4266 677 4330 iratris
702 4265 857 4328 Francisci
885 4265 1082 4329 Cbiarchiaro
1111 4269 1213 4344 graeci
1242 4270 1320 4332 ritus

574 4359 737 4422 orthodoxi
750 4359 888 4436 Episcopi
901 4357 1130 4438 Lampsacensis
1140 4363 1172 4422 iu
1183 4362 1320 4440 partibus

573 4451 757 4517 adamussim
779 4451 931 4514 elaborata
959 4460 991 4514 et
1013 4455 1173 4532 praefinita
1196 4473 1211 4515 a
1240 4457 1319 4519 Con·

574 4545 755 4625 gregatione
777 4545 814 4606 de
844 4543 1040 4622 Propaganda
1069 4547 1142 4609 Fide
1163 4556 1258 4610 erunt
1287 4551 1318 4612 in

574 4647 733 4720 posterum
768 4637 971 4716 approbanda.
1008 4639 1208 4702 Fraternitati
1243 4658 1319 4704 vero

572 4741 645 4798 tuae
666 4749 721 4811 per
741 4739 917 4808 praesentes
935 4731 1160 4795 committimus
1182 4741 1212 4797 et
1226 4729 1320 4796 'man-

573 4828 693 4900 damus,
711 4832 745 4888 ut
759 4825 949 4903 praedictum
971 4825 1317 4904 archipresbyteratum,

573 4919 768 4982 canonicatus
789 4923 821 4979 et
850 4917 1045 4980 sacerdotum
1076 4917 1318 4982 inservientium

573 5013 669 5076 officia
692 5012 725 5076 in
747 5013 854 5074 eadem
877 5011 1005 5073 matrice
1022 5011 1147 5074 ecclesia
1169 5029 1242 5075 cum
1269 5031 1319 5074 su-

572 5122 628 5184 pra
649 5105 800 5184 expressis
828 5104 1010 5183 praebendis
1033 5114 1063 5168 et
1090 5105 1318 5170 conditionibus

573 5200 755 5262 auctoritate
770 5207 873 5260 nostra
888 5197 1032 5273 stabilias,
1049 5215 1106 5261 nec
1121 5215 1184 5261 non
1201 5190 1337 5263 memo?

572 5301 671 5355 ratam
691 5293 851 5355 ecclesiam
873 5307 938 5354 esse
959 5292 1103 5370 deinceps
1124 5294 1316 5371 collegiatam

573 5388 720 5450 decernas
747 5393 839 5466 atque
863 5386 997 5449 declares
1021 5401 1093 5448 cum
1115 5388 1260 5449 omnibus
1288 5395 1319 5450 et

572 5479 705 5556 singulis
733 5477 916 5556 privilegiis,
940 5479 1172 5556 praerogativis
1194 5480 1319 5542 inculta-

573 5572 655 5635 tibus
670 5581 700 5634 et
716 5573 981 5650 praeeminentiis,
997 5571 1109 5649 quibus
1130 5573 1205 5634 aliae
1227 5573 1318 5635 colle·

573 5667 672 5744 giatae
691 5665 728 5726 ab
750 5665 804 5728 hac
826 5665 998 5744 Apostolica
1014 5665 1092 5729 Sede
1113 5666 1253 5742 legitime
1268 5668 1318 5729 de·

572 5760 703 5822 tiaratae
724 5759 762 5820 de
784 5759 863 5832 iure,
879 5775 938 5821 usu
960 5768 990 5821 et
1011 5760 1248 5834 consuetudine,
1265 5766 1318 5820 aut

572 5852 645 5914 alias
677 5851 908 5930 quomodolibet
937 5857 1084 5927 utuntur,
1113 5851 1263 5915 fruuntur
1287 5859 1318 5914 et

573 5944 721 6036 gaudent,
744 5961 799 6007 seu
820 5947 954 6022 gaudere
975 5953 1134 6025 poterunt.

1096 577 1159 632 tun.
1185 576 1276 632 bour.
1300 583 1340 629 nn
1361 582 1390 630 1³.
1414 577 1444 632 r.
1468 579 1551 630 bans
1573 578 1595 629 t.

1416 705 1435 779 ἐ
1457 703 1489 765 7..
1509 705 1717 766 Deceruentes
1739 703 1791 764 bas
1812 709 1991 782 praesentes
2006 698 2124 772 literas,
2162 710 2337 766 clauseramu-

1376 815 1451 877 quas
1473 813 1527 874 per
1542 806 1680 859 nostram
1696 797 1842 858 brevium
1857 795 2054 857 secretariam
2068 793 2124 855 bac
2142 765 2197 866 illl,
2211 771 2335 871 iflffl*

1376 892 1444 953 vice
1465 891 1602 968 expediri
1626 889 1855 963 mandavimus,
1880 890 1994 962 sirmas,
2010 885 2124 948 validas

1376 992 1407 1046 et
1428 985 1563 1046 efficaces
1585 985 1719 1046 existere
1740 1000 1774 1045 ac
1796 982 1875 1057 lore,
1899 996 2034 1060 suosque
2062 977 2123 1056 ple·

1376 1079 1478 1140 uarios
1503 1084 1534 1138 et
1552 1079 1691 1154 integros
1711 1078 1840 1140 allectus
1862 1075 1965 1138 sortiri
1990 1081 2021 1134 et
2046 1071 2124 1134 obti-

1377 1187 1464 1245 nere,
1480 1188 1514 1232 ac
1533 1169 1581 1245 iis,
1598 1172 1633 1232 ad
1656 1186 1732 1248 quos
1753 1176 1894 1248 spectant
1918 1177 1949 1230 et
1970 1183 2025 1246 pro
2048 1175 2123 1228 tem-

1376 1279 1450 1342 pore
1461 1264 1717 1342 quandocumque
1729 1263 1923 1342 spectabunt,
1936 1263 1968 1322 in
1980 1257 2123 1322 omnibus

1377 1365 1409 1420 et
1431 1373 1485 1436 per
1507 1356 1611 1417 omnia
1635 1356 1812 1434 plenissime
1841 1353 2015 1430 suliragari,
2037 1359 2068 1413 et
2088 1353 2125 1413 ab

1376 1450 1420 1511 eis
1442 1449 1613 1528 respective
1635 1448 1857 1510 inviolabiliter
1877 1447 2047 1520 observar·i;
2069 1445 2124 1505 sic-

1377 1559 1438 1621 que
1462 1543 1494 1604 in
1524 1543 1698 1620 praemissis
1719 1557 1775 1620 per
1805 1555 2019 1620 quoscumque
2048 1538 2126 1600 iudi·

1376 1651 1426 1697 ces
1445 1635 1615 1696 ordinarios
1630 1643 1659 1696 et
1675 1634 1841 1710 delegatos,
1853 1635 1947 1696 etiam
1964 1645 2124 1694 causarum

1377 1728 1479 1807 palatii
1501 1727 1658 1807 apostolici
1681 1727 1847 1803 auditores,
1870 1727 1997 1789 iudicari
2019 1733 2050 1788 et
2074 1724 2125 1786 de-

1379 1824 1462 1885 dniri
1480 1823 1605 1898 debere,
1620 1839 1654 1884 ac
1670 1823 1795 1884 irritum
1810 1830 1841 1883 et
1863 1822 1966 1896 inane,
1991 1821 2017 1882 si
2038 1834 2125 1881 secus

1381 1932 1474 1994 super
1502 1917 1550 1977 bis
1574 1932 1590 1976 a
1615 1931 1770 1993 quoquam
1798 1915 1906 1993 quavis
1942 1913 2126 1976 auctoritate

1377 2012 1510 2072 scienter
1526 2009 1575 2070 vel
1592 2009 1772 2084 ignoranter
1787 2008 1953 2084 contigerit
1965 2007 2121 2068 attentari.

1417 2102 1485 2177 58.
1509 2101 1578 2164 Non
1610 2101 1804 2164 obstantibus
1826 2101 1878 2162 iel.
1903 2117 1964 2162 rec.
1993 2100 2124 2162 Benedi·
2155 2115 2333 2216 ffiiiliiwn'

1376 2197 1416 2257 cti
1439 2196 1493 2258 ΡΡ.
1522 2195 1601 2259 xvv.
1631 2197 1870 2273 praedecessoris
1903 2195 2003 2258 nostri
2032 2169 2153 2274 super‘

1377 2289 1530 2352 divisione
1552 2290 1766 2365 materiarum,
1790 2289 1919 2367 aliisque
1940 2289 2122 2368 apostolicis,

1376 2400 1409 2445 ac
1439 2383 1471 2444 in
1504 2382 1730 2444 uniuersalibus
1760 2382 2064 2461 provincialibusque
2091 2391 2123 2445 et

1375 2475 1571 2554 synodalibus
1593 2475 1731 2538 conciliis
1745 2474 1835 2536 editis
1856 2475 2052 2552 generalibus
2074 2477 2124 2538 vel

1376 2569 1558 2648 specialibus
1573 2569 1847 2630 constitutionibus
1869 2576 1899 2629 et
1920 2568 2123 2630 ordinationi·

1376 2663 1445 2736 bus,
1468 2661 1659 2740 caeterisque
1680 2660 1843 2721 contrariis
1859 2661 2120 2739 quibuscumque.

1411 2756 1528 2818 batum
1547 2754 1676 2828 Romae,
1692 2755 1771 2832 apud
1789 2753 1819 2816 S.
1835 2753 1962 2816 Mariam
1977 2755 2123 2816 Maiorem

1374 2849 1433 2910 sub
1458 2846 1575 2910 annulo
1603 2847 1773 2922 piscatoris,
1796 2847 1846 2909 die
1861 2863 1918 2908 xn.
1943 2848 2123 2910 novembris

1375 2959 1539 3009 xucooxx.
1565 2941 1761 3020 pontificatus
1784 2941 1882 3002 nostri
1906 2957 1990 3002 anno
2012 2955 2080 3004 xxx.

1696 3322 1801 3389 XGlll.

1378 3512 1555 3592 Confirmat
1576 3510 1751 3590 privilegiu
1773 3510 1857 3573 ulios
1880 3528 2024 3575 concesso
2046 3531 2066 3576 o
2090 3513 2121 3576 S.

1417 3607 1459 3671 tt.
1485 3607 1638 3686 Gregorio
1666 3605 1728 3668 XV.
1755 3607 1865 3685 [uvore
1893 3605 2123 3668 monachorum

1416 3697 1599 3858 gggjqrttiisosS.
1617 3697 1731 3761 Boucd.
1750 3697 2014 3778 Reformatorem
2036 3701 2123 3778 apud

1622 3961 1709 4031 etus
1732 3962 1792 4031 ΡΡ.
1819 3962 1875 4031 llll.

1495 4088 1531 4155 ad
1554 4093 1725 4172 perpetuant
1752 4087 1795 4153 rei
1818 4088 1999 4155 memoriam.

1414 4269 1483 4344 51.
1509 4267 1567 4329 Eos
1597 4266 1728 4328 Romani
1755 4265 1918 4328 Pontifices
1949 4266 2122 4345 privilegiis
2168 4286 2310 4332 rrooouruu.

1376 4362 1486 4437 ditant,
1503 4376 1638 4440 quorum
1653 4359 1686 4420 in
1707 4375 1781 4436 agro
1803 4360 1926 4422 Domini
1953 4361 2122 4426 excolendo

1375 4454 1492 4518 assidua
1521 4460 1566 4515 est
1596 4469 1629 4515 ac
1656 4452 1959 4516 commendationem
1980 4466 2123 4521 meretur

1375 4548 1535 4610 industria.

1375 4736 1471 4812 pietas
1493 4740 1523 4796 et
1544 4733 1709 4796 catholicae
1732 4733 1776 4795 rei
1803 4738 2032 4810 promovendae
2055 4745 2121 4800 stu-

1375 4827 1462 4890 dium
1484 4827 1516 4888 in
1538 4825 1698 4888 abbatibus
1719 4833 1749 4888 et
1777 4827 1935 4890 monacbis
1967 4837 2121 4893 monaste·

1376 4923 1495 4984 riorum
1511 4919 1634 4983 Ordinis
1655 4919 1759 4982 Sancti
1783 4921 1940 4983 Benedicti
1964 4921 2122 4986 Reforma-

1375 5023 1479 5077 torum
1503 5021 1755 5091 nuncupatorum
1776 5015 1855 5090 apud
1875 5014 2047 5094 Helvetios;
2071 5033 2121 5078 eo·

1376 5125 1445 5171 rum
1469 5115 1503 5169 ut
1528 5106 1648 5170 meritis
1676 5108 1812 5184 praemia
1834 5108 2043 5185 persolveret,
2066 5110 2118 5173 iel.

1376 5217 1436 5263 rec.
1454 5199 1621 5276 Gregorius
1636 5199 1705 5264 XV.
1719 5201 1932 5278 praedecessor
1947 5209 2052 5264 noster
2066 5219 2121 5282 per

1375 5295 1478 5357 literas
1500 5296 1583 5356 datas
1604 5295 1661 5356 sub
1681 5294 1799 5355 annulo
1820 5293 1979 5370 piscatoris
1993 5296 2042 5358 die
2064 5312 2118 5358 xx.

1375 5388 1447 5450 maii
1475 5389 1549 5448 anni
1572 5401 1734 5462 nucxxn.,
1758 5387 1930 5463 privilegiis
1955 5394 1986 5449 et
2007 5390 2121 5453 immu-

1374 5480 1523 5543 nitatibus
1535 5481 1602 5542 illos
1618 5480 1759 5558 pluribus
1769 5481 1944 5542 exornavit.
1957 5481 2039 5556 Quae
2054 5483 2122 5560 qui·

1374 5575 1446 5636 dem
1473 5573 1635 5651 privilegia
1657 5572 1709 5634 iel.
1739 5575 1855 5650 pariter
1883 5576 2001 5637 record.
2025 5575 2121 5637 Urba-

1374 5683 1434 5730 nus
1455 5666 1534 5729 thl.
1558 5667 1771 5744 praedecessor
1801 5675 1908 5729 noster
1929 5667 2121 5745 persimiles

1373 5763 1477 5824 literas
1499 5763 1580 5824 datas
1602 5761 1651 5823 die
1669 5775 1746 5822 xxx.
1763 5761 1867 5822 martii
1889 5778 1939 5822 an.
1963 5777 2118 5824 xncxxvv.

1374 5855 1461 5916 firma
1484 5854 1591 5916 babuit
1611 5871 1644 5915 ac
1665 5861 1748 5930 rata3
1771 5869 1844 5915 mox
1859 5863 1963 5916 autem
1979 5870 2034 5933 per
2048 5854 2121 5916 alias

1373 5947 1552 6010 huiusmodi
1574 5947 1679 6009 literas
1700 5947 1783 6008 datas
1805 5947 1853 6010 die
1876 5961 1920 6010 rx.
1937 5947 2121 6027 septembris

2155 563 2206 618 An.
2219 567 2247 620 G.
2266 560 2326 626 tiro

1414 4641 1483 4716 52.
1503 4641 1629 4715 Idcirco,
1662 4657 1758 4720 quum
1783 4641 1861 4702 mira
1883 4642 1944 4703 iam
1972 4643 2121 4706 eluxisset
2172 4660 2323 4722 ,gononum
2381 4611 2382 4680 l

2140 4709 2322 4813 llllldil'l
