4750 6980
337 573 435 632 111.
457 579 525 635 rna
573 565 631 639 380

553 711 731 776 huiusmodi
745 710 904 788 iungetur.
921 707 1051 784 Quinto:
1069 705 1109 769 Ut
1123 705 1167 768 sic
1181 703 1295 782 pariter

554 813 708 881 servetur,
724 805 888 867 deficiente
902 803 999 865 altero
1013 817 1052 864 er
1066 799 1294 873 definitoribus,

555 909 589 964 ut
604 901 629 962 is
644 915 756 978 nempe
766 898 971 962 substituatur
982 895 1008 958 ei
1021 911 1058 957 er
1068 895 1174 958 eadem
1190 893 1294 967 classe,
1352 889 1453 954 nenda
1474 905 1603 954 munera
1631 909 1665 954 ac
1686 891 1784 954 cilicia
1809 891 1894 954 classi
1918 889 2098 964 huiusmodi

554 994 604 1057 cui
625 1010 664 1056 ex
678 999 864 1056 statutorum
887 1006 919 1051 ac
941 987 1201 1052 constitutionum
1222 985 1296 1048 dicti

453 1127 456 1136 ·
555 1087 671 1152 ordinis
692 1087 751 1149 hoc
771 1085 818 1148 ius
839 1084 996 1164 competit.
1026 1082 1137 1145 Sexto:
1161 1081 1201 1144 Ut
1223 1081 1297 1144 defi·

554 1183 656 1246 ciente
664 1177 913 1259 err-provinciale
926 1175 1054 1250 seniori,
1070 1183 1123 1237 aut
1137 1182 1224 1253 patre
1238 1174 1294 1235 im-

554 1279 699 1351 mediato,
721 1282 797 1337 tunc
818 1289 862 1347 ea,
879 1287 958 1350 quae
978 1287 994 1330 a
1016 1268 1211 1346 generalibus
1225 1283 1296 1330 oon·

552 1370 767 1436 stitutionihus
793 1363 964 1446 apostolicis
991 1379 1025 1424 11
1045 1360 1165 1440 legibus
1186 1369 1217 1422 et
1237 1366 1297 1422 sta-

555 1467 629 1528 tutis
650 1464 723 1528 dicti
744 1461 861 1526 ordinis
881 1456 1144 1537 praescribuntur,
1167 1455 1296 1517 omnino

554 1567 731 1624 serventur.
755 1554 907 1633 Septimo:
933 1555 1012 1632 Cum
1033 1548 1188 1629 prouincia
1211 1562 1296 1625 prae·

554 1655 632 1718 dicta
654 1669 692 1716 ea
713 1651 816 1714 decem
838 1665 871 1712 ac
891 1655 1009 1725 septem
1030 1642 1235 1705 conventibus
1263 1659 1296 1704 ac

555 1755 687 1826 quatuor
708 1743 848 1823 hospitiis
869 1739 1086 1811 constituatur,
1103 1737 1136 1798 11
1157 1735 1295 1815 quolibet

554 1848 714 1921 propterea
743 1836 878 1901 triennio
906 1833 1023 1907 classis,
1050 1847 1066 1893 e
1092 1847 1151 1909 qua
1180 1845 1295 1892 assum·

554 1945 624 2016 ptus
635 1935 694 1995 erit
705 1929 911 2012 provincialis,
923 1925 1047 1988 habebit
1058 1933 1125 1987 octo
1137 1925 1295 1987 dumtaxat

555 2026 758 2106 guardianias,
779 2040 834 2086 seu
856 2019 1051 2100 guardianos,
1069 2025 1099 2081 et
1120 2018 1196 2080 duos
1210 2032 1294 2094 prae-

553 2123 644 2195 sides,
675 2135 730 2181 111
762 2115 990 2198 praesidentias,
1017 2129 1055 2174 er
1086 2109 1180 2173 altera
1209 2119 1294 2188 parte

554 2223 647 2280 11111
676 2210 825 2288 seligendi
853 2208 965 2270 caeteri
993 2221 1105 2268 novem
1134 2204 1293 2284 guardiani

553 2318 584 2372 11
606 2310 666 2371 duo
693 2305 856 2385 praesides,
880 2303 919 2364 ita
949 2310 1064 2375 tamen,
1087 2307 1122 2362 ut
1148 2297 1291 2363 1111111

554 2401 740 2481 guardianiis
776 2415 830 2461 seu
867 2394 1078 2474 praesidentiis
1116 2390 1293 2456 huiusmodi

553 2498 609 2560 uni
630 2496 715 2560 classi
737 2490 935 2572 peculiariter
959 2489 1142 2564 assignetur;
1165 2495 1200 2548 ut
1221 2486 1294 2548 binc

553 2599 684 2669 utraque
699 2587 800 2651 classis
822 2583 930 2647 maiori
950 2589 1003 2644 aut
1024 2581 1137 2642 minori
1158 2595 1294 2642 conven-

554 2695 643 2752 tuum
662 2695 692 2749 et
709 2682 914 2762 hospitiorum
929 2678 1089 2741 commodo
1101 2691 1197 2755 aeque
1213 2675 1292 2738 irua-

553 2788 617 2858 tur,
638 2797 672 2843 ac
693 2777 797 2842 omnia
824 2775 867 2836 eis
892 2788 989 2852 aeque
1017 2769 1192 2834 communia
1218 2769 1290 2832 sint.

552 2875 678 2940 Octavo:
711 2870 752 2933 Ut
779 2866 978 2948 praelaturas,
1008 2879 1085 2942 quae
1112 2877 1167 2942 per
1192 2875 1318 2926 11111,

555 2967 728 3030 triennium
749 2963 786 3026 ab
807 2960 902 3023 altera
921 2974 959 3020 er
981 2956 1069 3020 dictis
1083 2955 1228 3018 classibus
1242 2953 1294 3015 ob-

553 3063 708 3135 tinentur,
737 3071 844 3120 omnes
869 3063 900 3116 et
926 3051 1063 3130 singulas
1091 3051 1123 3112 in
1150 3049 1292 3128 sequenti

553 3155 690 3219 triennio
718 3152 811 3214 altera
833 3147 935 3211 classis
955 3145 1171 3223 adipiscantur,
1193 3149 1228 3206 ut
1249 3143 1293 3204 sio

552 3251 585 3312 11
607 3247 750 3311 omnibus
778 3249 909 3320 utraque
936 3239 1037 3300 classis
1065 3237 1289 3318 aequiparetur.

552 3343 658 3406 Nono:
692 3340 732 3403 Ut
760 3337 841 3416 quod
872 3336 909 3398 de
939 3331 1119 3412 praelaturis
1139 3330 1292 3394 sancitum

552 3446 609 3513 est,
638 3437 681 3501 sic
710 3431 823 3513 pariter
850 3426 1031 3506 dispositum
1060 3423 1207 3486 habeatur
1238 3439 1293 3502 pro

551 3529 724 3596 substitutis
746 3521 942 3589 nominandis
971 3536 1069 3600 usque
1099 3519 1174 3582 dum
1196 3518 1291 3581 officia

551 3625 807 3706 praelaturarum,
833 3617 1058 3690 cathedrarum,
1085 3612 1290 3693 pulpitorum,

557 3719 751 3796 aliorumque
785 3710 961 3775 huiusmodi
993 3708 1025 3770 in
1057 3709 1164 3771 eadem
1198 3708 1292 3770 classe

551 3813 762 3880 conferantur.
787 3807 925 3871 Decimo:
951 3804 989 3867 Ut
1003 3819 1042 3866 11
1056 3802 1163 3866 decem
1178 3819 1210 3866 ac
1225 3817 1290 3881 sep-

551 3917 616 3972 tem
630 3903 782 3970 cathedris
796 3897 967 3976 theologiae
983 3904 1050 3960 octo
1064 3897 1190 3960 cuilibet
1205 3897 1291 3960 classi

550 4001 758 4078 assignentur,
780 3995 897 4060 decima
919 4007 993 4054 vero
1017 3991 1145 4070 septima
1167 3989 1292 4069 utrique

550 4095 636 4160 classi
657 4090 845 4164 alternatim,
868 4083 1054 4148 exordiendo
1076 4100 1092 4144 a
1114 4083 1206 4146 classe
1232 4083 1292 4145 liu·

551 4202 747 4269 ropaeorum,
762 4181 947 4246 conteratur.
971 4178 1156 4242 Undecimo:
1181 4179 1221 4242 Ut
1235 4195 1292 4242 nec

550 4299 637 4346 secus
659 4278 863 4344 constituatur
884 4289 938 4354 pro
952 4287 1007 4335 ser
1021 4272 1172 4336 cathedris
1193 4272 1291 4352 philo-

550 4375 684 4454 sophiae:
701 4370 890 4434 subsistente
904 4383 978 4428 vero
998 4367 1128 4444 septima
1149 4367 1290 4432 cathedra

550 4467 727 4534 huiusmodi
748 4466 781 4527 in
802 4469 959 4527 conventu
980 4463 1018 4525 de
1039 4461 1195 4538 blendoza,
1218 4463 1291 4526 haec

550 4565 592 4626 sic
613 4559 802 4633 alternatim,
825 4566 859 4620 ut
879 4556 917 4618 de
938 4554 1089 4619 cathedris
1111 4556 1291 4634 theologicis

550 4655 731 4736 dispositum
751 4658 810 4728 est,
832 4649 1019 4713 exordiendo
1034 4665 1183 4729 sempera
1199 4650 1291 4714 classe

550 4752 720 4828 Europaeo,
736 4747 795 4808 erit
815 4741 1010 4807 coniereuda.
1027 4741 1227 4806 Duodecimo:
1250 4745 1289 4808 Ut

549 4844 661 4926 pulpiti
675 4856 799 4921 quoque
815 4839 897 4900 inter
912 4837 1086 4916 Europaeos
1100 4855 1134 4900 ac
1150 4837 1288 4916 Croillos,

549 4955 605 5002 seu
616 4935 827 5007 Americanos,
838 4932 942 5009 aequis
952 4931 1089 5010 partibus
1100 4930 1288 5008 dividantur,

549 5031 589 5093 ita
612 5038 729 5105 tamen,
745 5035 780 5090 ut
798 5026 850 5089 ubi
871 5025 931 5087 duo
953 5029 1054 5087 essent
1068 5025 1289 5104 praedicatores

549 5141 604 5188 seu
624 5123 853 5187 concionatores
875 5117 1067 5197 principales,
1089 5117 1206 5194 singuli
1227 5119 1289 5181 sin·

549 5218 630 5296 gulis
644 5217 812 5279 donentur.
826 5212 1053 5277 Decimotertio:
1071 5211 1110 5274 Ut
1121 5227 1193 5274 cum
1208 5229 1288 5276 com-

549 5311 688 5376 missario
709 5309 845 5387 generali
870 5306 1027 5369 indiarum
1054 5305 1127 5369 dicti
1153 5307 1287 5383 ordinis,

548 5415 584 5469 ut
605 5405 761 5480 asseritur,
784 5401 869 5464 iurta
890 5401 937 5464 sui
958 5399 1074 5462 ordinis
1095 5401 1288 5464 constitutio·

548 5515 603 5562 nes
624 5505 655 5561 et
675 5505 789 5560 statuta
802 5494 1053 5574 spectetcollatio
1074 5495 1288 5558 cathedrarum

498 5642 503 5650 .
548 5594 656 5657 tertiae
678 5589 862 5667 theologiae,
889 5589 947 5652 nisi
972 5589 1093 5667 praeuia
1121 5589 1289 5670 definitorii

548 5686 766 5750 iniormatione
788 5684 825 5747 de
845 5701 878 5747 ac
898 5699 990 5762 super
1020 5683 1164 5762 qualitate
1185 5683 1287 5746 candi·

547 5779 701 5856 datorum,
711 5796 744 5842 11
757 5787 876 5842 1111111
896 5792 1017 5855 semper
1031 5777 1113 5840 11111
1128 5777 1201 5839 1111
1215 5777 1289 5840 1111-

547 5891 595 5936 ses
615 5873 797 5936 alternative
819 5872 980 5950 praedicta,
1001 5873 1157 5935 cathedras
1182 5870 1287 5934 huius·

548 5969 631 6036 modi
652 5967 680 6030 ei
701 5966 843 6032 conterre
858 5965 956 6029 liceat.
972 5965 1216 6046 Decimoquarto:
1234 5963 1287 6044 Ut,

1074 581 1138 632 tun.
1162 581 1253 629 1111.
1277 572 1367 628 111.
1391 571 1420 630 r.
1444 577 1526 630 rans
1548 571 1569 629 t.

1352 707 1504 781 quatenus
1533 701 1566 764 11
1591 702 1685 766 111111
1706 701 1857 778 1111111111
1885 695 2030 765 classibus
2050 708 2095 763 tot

1353 809 1416 858 uon
1437 798 1635 876 reperiantur
1656 777 1775 860 alumffi
1800 809 1923 873 capaces
1943 795 1979 859 ad
2003 797 2093 860 susti·

1352 984 1465 1059 debita,
1487 993 1563 1046 tunc
1584 991 1615 1047 et
1634 1001 1670 1046 eo
1691 1001 1761 1046 casu
1782 1001 1914 1047 munera
1928 1001 1983 1046 seu
1998 983 2094 1045 officia

1353 1078 1530 1140 huiusmodi
1548 1077 1686 1140 vacantia
1701 1078 1840 1152 11111111,
1851 1095 1884 1140 11
1898 1092 1952 1155 per
1967 1078 2094 1140 modum

1352 1173 1493 1252 depositi,
1525 1171 1693 1235 indiuiduis
1723 1171 1849 1234 alterius
1875 1171 1978 1233 classis
2001 1179 2094 1234 erunt

1352 1265 1575 1340 demandanda,
1598 1265 1772 1343 usquedum
1798 1265 1915 1327 scilicet
1937 1265 1968 1326 11
1994 1266 2093 1344 prima

1353 1361 1447 1424 classe
1467 1367 1512 1424 tot
1537 1375 1602 1422 esse
1621 1359 1764 1422 alumnos
1791 1376 1912 1438 capaces
1933 1359 2093 1438 probetur,

1352 1463 1428 1532 quot
1449 1453 1653 1532 requiruntur
1674 1454 1710 1516 ad
1730 1455 1836 1517 eadem
1855 1453 1951 1517 oiiicia
1973 1472 2007 1519 11
2027 1473 2094 1521 mu·

1353 1563 1426 1610 uera
1442 1547 1616 1625 iungenda:
1631 1550 1685 1610 hac
1701 1554 1804 1610 tamen
1816 1549 1915 1626 prima
1930 1549 2007 1624 1111,
2021 1568 2094 1630 qua-

1353 1648 1441 1703 tenus
1462 1641 1597 1720 eligendi
1612 1643 1675 1704 sint
1693 1643 1724 1704 hi
1746 1642 2092 1723 11111111111111111111,

1353 1742 1442 1796 tuum
1464 1735 1522 1798 erit
1545 1751 1595 1798 eos
1616 1736 1758 1813 seligere,
1780 1753 1856 1815 quos
1877 1738 1974 1815 magis
1995 1741 2029 1803 ad
2045 1757 2093 1803 ea-

1351 1826 1421 1892 dem
1454 1829 1551 1892 officia
1581 1831 1707 1894 idoneos
1738 1845 1792 1906 pro
1821 1839 1875 1893 tuo
1904 1832 2032 1895 arbitrio
2061 1843 2093 1898 et

1351 1923 1537 1986 conscientia
1552 1925 1719 2005 reputabis,
1735 1925 1775 1988 ita
1790 1932 1906 2000 tamen,
1919 1934 1955 1990 ut
1969 1927 2011 1990 sic
2026 1945 2094 1990 mu-

1351 2017 1478 2080 neribus
1511 2035 1544 2084 11
1579 2020 1685 2082 officiis
1719 2020 1896 2083 huiusmodi
1927 2021 2091 2102 iungentes

1350 2113 1495 2176 omnibus
1506 2115 1739 2193 praerogativis,
1752 2115 1922 2193 privilegiis
1937 2133 1972 2180 ac
1988 2135 2091 2183 exem·

1350 2208 1508 2286 ptionibus
1529 2216 1669 2284 utentur,
1685 2209 1832 2272 fruentur
1852 2218 1883 2274 11
1904 2213 2091 2288 gaudebunt,

1350 2303 1461 2380 quibus
1477 2302 1560 2367 iuxta
1582 2305 1818 2367 constitutiones
1839 2313 1870 2367 et
1889 2313 2001 2369 statuta
2019 2308 2091 2371 dicti

1350 2396 1465 2461 ordinis
1480 2397 1539 2471 usi,
1555 2397 1643 2476 potiti
1658 2405 1689 2460 et
1705 2398 1801 2475 gavisi
1816 2407 1930 2474 essent,
1945 2401 1971 2461 si
1987 2402 2092 2464 eadem

1350 2491 1446 2554 cilicia
1474 2507 1507 2553 ac
1528 2502 1659 2554 munera
1681 2507 1743 2552 non
1770 2507 1825 2570 per
1854 2491 1981 2556 modum
2001 2494 2093 2574 depo-

1349 2583 1398 2646 siti
1420 2600 1452 2646 ac
1474 2583 1601 2646 interim
1623 2583 1667 2645 eis
1684 2582 1814 2646 luissent
1829 2586 2022 2664 demandata,
2038 2592 2092 2654 sed

1350 2693 1383 2739 ea
1396 2677 1426 2739 in
1442 2676 1826 2740 suaclasseobtinuissent.
1843 2679 2088 2761 Decimoquinto:

1344 2770 1390 2833 *Ut
1405 2786 1514 2832 omues
1527 2777 1589 2832 tam
1602 2770 1720 2846 Groilli,
1732 2787 1787 2835 seu
1798 2774 1985 2852 Americani,
1998 2793 2091 2856 quam

1350 2864 1514 2942 Europaei,
1527 2863 1580 2942 qui
1595 2863 1644 2926 111
1660 2867 1842 2944 nuperrime
1853 2866 1953 2931 eidem
1964 2871 2090 2948 provin-

1349 2958 1412 3019 ciae
1432 2956 1556 3019 adiiliati
1571 2967 1655 3034 suut,
1672 2959 1723 3021 vel
1738 2959 1769 3021 in
1786 2968 1943 3038 posterum
1964 2980 2090 3028 concor·

1349 3051 1553 3129 porabuntur,
1576 3051 1612 3113 ad
1637 3052 1741 3116 omnia
1767 3063 1798 3117 11
1817 3055 1939 3134 singula
1961 3074 2089 3123 munera

1348 3163 1382 3208 ac
1401 3145 1498 3208 cilicia
1513 3144 1610 3207 dictae
1630 3147 1806 3223 provinciae
1826 3150 1991 3215 obtinenda
2005 3153 2089 3218 iuxta

1348 3239 1475 3302 illorum
1503 3238 1650 3302 meritum
1680 3256 1713 3302 ac
1744 3241 1944 3306 idoneitatem
1968 3262 2089 3325 capaces

1348 3336 1425 3411 sint,
1457 3352 1489 3396 ac
1511 3334 1630 3397 etiamsi
1657 3350 1714 3414 per
1741 3344 1802 3398 tres
1830 3353 1927 3400 annos
1958 3355 2089 3404 munere

1349 3428 1509 3508 guardiani
1523 3428 1677 3508 perfuncti
1699 3445 1763 3491 non
1777 3431 1851 3505 sint,
1864 3432 2032 3497 dummodo
2046 3443 2088 3498 11-

1349 3540 1422 3588 men
1445 3525 1477 3586 11
1499 3539 1553 3585 111
1574 3523 1724 3601 cuiusque
1752 3523 1844 3586 classe
1864 3523 1915 3587 alii
1935 3542 1999 3590 oon
2026 3529 2090 3592 sint

1348 3617 1530 3698 opportunis
1545 3616 1701 3696 requisitis
1715 3633 1749 3678 ac
1762 3617 1958 3694 qualitatibus
1972 3621 2087 3698 donati,

1349 3713 1381 3776 in
1403 3714 1580 3775 definitores
1595 3711 1669 3787 eligi
1684 3717 1840 3789 poterunt.
1858 3711 2085 3778 Decimosexto:

1348 3805 1388 3870 Ut
1409 3822 1465 3885 pro
1485 3823 1534 3882 eo,
1556 3806 1636 3884 quod
1657 3809 1770 3884 spectat
1791 3803 1826 3866 ad
1846 3806 1917 3870 alias
1938 3805 2088 3872 iaciendas

1348 3901 1526 3975 electiones,
1549 3899 1677 3961 omnino
1697 3905 1864 3962 serventur
1892 3904 2038 3967 canonica
2058 3916 2089 3970 et

2125 559 2303 620 11111111
2350 540 2351 544 ’

1348 3995 1691 4068 1111111111111111111,
1714 3994 1898 4072 suiiragium
1918 3997 2089 4064 ferentibus
2121 4075 2122 4078 Ἴ

1347 4091 1454 4153 decem
1476 4087 1622 4162 iubilatis,
1640 4087 1780 4166 quinque
1800 4089 1832 4149 in
1847 4089 2001 4166 singulam
2016 4093 2085 4156 clas-

1347 4200 1425 4259 sem,
1439 4191 1481 4258 et,
1495 4197 1559 4246 uno
1573 4197 1612 4243 ex
1627 4181 1671 4242 eis
1686 4181 1859 4257 deficiente,
1871 4184 2029 4264 antiquior
2042 4187 2088 4249 iu-

1349 4279 1458 4341 bilatus
1480 4276 1618 4339 eiusdem
1638 4275 1739 4336 classis
1761 4277 1793 4338 iu
1815 4276 1898 4339 illius
1912 4278 2015 4341 locum
2029 4281 2088 4344 erit

1347 4372 1560 4448 sufficiendus;
1584 4368 1672 4432 nullo
1693 4384 1768 4432 uero
1789 4371 1890 4434 classis
1910 4373 2087 4437 huiusmodi

1348 4467 1509 4539 existente,
1532 4461 1793 4540 quemadmodum
1815 4480 1870 4543 pro
1895 4465 1961 4528 aliis
1982 4465 2088 4530 officiis

1346 4579 1380 4624 ac
1391 4558 1573 4624 muneribus
1588 4565 1712 4620 cautum
1729 4559 2013 4639 praescriptumque
2030 4569 2087 4640 est,

1346 4658 1390 4720 sic
1416 4655 1532 4734 pariter
1563 4661 1637 4716 tunc
1661 4667 1717 4732 per
1744 4652 1871 4716 modum
1898 4655 2026 4734 depositi
2054 4675 2088 4720 ac

1347 4751 1474 4814 iuterim
1495 4747 1652 4827 antiquior
1674 4745 1818 4808 iubilatus
1839 4746 1965 4811 alterius
1985 4749 2087 4813 classis

1346 4843 1528 4921 suffragium
1550 4840 1655 4904 terret:
1679 4839 1761 4918 quod
1782 4839 1864 4902 idem
1886 4842 2086 4907 retinendum

1346 4939 1406 5001 erit
1426 4953 1481 5016 pro
1495 4933 1754 5014 praedicatoribus
1769 4935 1963 5011 generalibus
1978 4937 2015 5001 de
2029 4955 2086 5000 nu·

1346 5047 1442 5094 mero.
1466 5028 1737 5105 beetmosepttmo:
1762 5026 1802 5091 Ut
1824 5029 1854 5092 in
1883 5031 2086 5108 1111111111-

1345 5126 1517 5206 pitulorum
1539 5119 1716 5186 huiusmodi
1736 5120 1774 5184 de
1795 5137 1828 5184 ac
1847 5139 1941 5203 super
1960 5125 2085 5190 iliorum

1346 5217 1602 5296 interpretatione
1628 5223 1680 5279 aut
1708 5217 1815 5294 quavis
1842 5216 1898 5278 alia
1926 5235 1960 5281 re
1980 5218 2086 5282 dubie·

1347 5321 1407 5376 tate
1429 5312 1478 5373 vel
1499 5311 1681 5375 necessitate
1701 5309 1814 5389 aliquid
1828 5311 1907 5374 circa
1921 5313 2084 5390 praemissa

1344 5405 1484 5481 addendi,
1501 5404 1551 5468 uel
1572 5403 1738 5479 adimendi,
1754 5405 1839 5483 prius
1853 5422 1867 5466 a
1883 5405 2040 5485 provisore
2054 5413 2085 5469 et

1345 5498 1532 5574 delinitorio,
1543 5499 1594 5561 111
1605 5514 1622 5559 1
1633 5506 1664 5560 11
1678 5499 1737 5560 1111
1748 5498 2015 5576 perpendendum,
2026 5507 2086 5562 sta-

1345 5592 1570 5671 tuendamque,
1581 5589 1710 5654 subinde
1724 5591 1934 5654 commissario
1949 5593 2085 5668 generali

1343 5684 1592 5762 significandum,
1609 5691 1643 5746 ut
1664 5685 1721 5745 hoc
1741 5684 1840 5762 ipsum
1854 5685 1969 5762 firmet,
1985 5701 2085 5748 suam-

1344 5794 1406 5858 que
1418 5777 1604 5840 sententiam
1619 5775 1744 5839 consilio
1758 5777 1916 5840 indiarum
1930 5779 2085 5857 praedicto

1343 5872 1379 5933 ad
1398 5872 1481 5936 illius
1496 5871 1693 5934 obtinendam
1707 5871 1956 5949 approbationem
1970 5880 2001 5935 et
2015 5888 2084 5936 exe-

1343 5965 1501 6029 cutionem
1521 5963 1672 6028 exhibeat.
