4808 6988
346 571 444 642 luo.
466 580 535 640 aare
584 569 643 646 ela

565 720 621 784 bus
644 717 869 784 luctuosissima
883 722 976 784 etiam
990 720 1152 784 schismata
1174 715 1309 798 quando·

566 832 625 894 que
656 816 851 892 prodierunt,
878 833 956 896 quae
983 815 1114 877 Romani
1145 812 1308 875 Pontifices

565 908 809 985 praedecessores
836 910 932 972 nostri
963 909 1143 986 gravissime
1172 905 1309 982 deplora·

565 1011 641 1064 runt
656 1011 686 1064 et
702 1019 758 1066 nos
774 1003 842 1081 ipsi,
858 1001 1005 1081 quoniam
1021 1001 1151 1064 vulnera
1168 998 1217 1060 illa
1232 1013 1309 1059 non-

565 1095 639 1156 dum
651 1106 895 1170 consenuerunt,
908 1101 1057 1173 perpetuo
1072 1093 1233 1156 dellemus.
1251 1089 1309 1152 Sed

565 1187 622 1248 alia
644 1205 728 1252 nunc
750 1190 838 1252 nohis
861 1187 1029 1266 eademque
1055 1203 1118 1248 non
1143 1186 1218 1248 levis
1239 1201 1310 1246 ero-

566 1282 646 1344 ritnr
674 1283 786 1344 doloris
806 1291 838 1345 et
859 1290 963 1344 metus
992 1299 1079 1344 causa
1102 1297 1139 1342 es
1162 1281 1210 1353 iis,
1232 1295 1310 1358 quae

567 1376 676 1438 vestris
698 1377 729 1438 in
757 1376 952 1453 regionibus,
984 1374 1148 1453 praecipue
1180 1388 1255 1434 vero
1277 1371 1309 1432 in

568 1470 645 1532 urhe
666 1470 882 1542 Ber-rohaensi
899 1471 1017 1533 dudum
1032 1468 1258 1532 commiserunt
1281 1473 1311 1526 et

567 1563 665 1624 adhuc
685 1564 887 1625 committunt
909 1563 942 1637 ii,
965 1567 1018 1642 qul
1042 1577 1155 1639 magno
1177 1560 1310 1638 quodam

566 1656 687 1731 studio,
716 1656 767 1718 sed
800 1658 929 1718 omnino
960 1657 1179 1734 improbanda,
1209 1653 1312 1716 conati

567 1758 642 1812 sunt
663 1756 693 1811 et
715 1757 866 1812 conantur
881 1751 974 1825 tueri,
991 1765 1187 1828 propugnare
1208 1756 1239 1809 et
1253 1745 1311 1807 dis-

567 1844 722 1906 seminare
743 1860 856 1907 novam
878 1844 961 1906 illam
977 1844 1157 1923 opinionem
1179 1859 1194 1902 a
1217 1839 1311 1902 schis-

568 1938 686 1999 maticis
708 1936 886 2000 hominibus
917 1946 1154 2016 propugnatum,
1181 1951 1238 2012 qua
1260 1935 1311 1995 do·

567 2037 654 2092 cetur
686 2029 827 2101 lormam,
861 2047 920 2108 qua
949 2029 1108 2092 vivificum
1141 2033 1197 2090 hoc
1226 2035 1256 2090 et
1279 2027 1310 2088 in

568 2123 676 2202 primis
707 2122 841 2185 salutare
871 2130 1099 2186 sacramentum
1132 2121 1310 2198 perlinitur,

567 2233 630 2280 non
653 2218 683 2278 iu
703 2216 775 2278 solis
796 2216 863 2278 lesu
886 2217 1002 2279 Christi
1016 2215 1118 2277 verbis
1133 2214 1311 2282 consistere,

567 2311 679 2389 quibus
700 2313 870 2374 sacerdotes
892 2319 955 2372 tam
969 2309 1071 2372 Latini
1093 2323 1185 2386 quam
1207 2304 1312 2368 Graeci

568 2406 600 2467 in
621 2405 849 2467 consecratione
871 2412 1016 2478 utuntur,
1029 2405 1079 2466 sed
1095 2401 1131 2463 ad
1146 2398 1311 2480 perlectam

567 2505 878 2576 consummatamque
901 2497 1164 2561 consecrationem
1186 2493 1252 2557 addi
1281 2509 1312 2553 o-

568 2601 692 2671 portere
714 2608 780 2654 eam
802 2609 929 2670 precum
950 2592 1129 2666 formulam,
1148 2605 1227 2667 quae
1249 2605 1312 2650 me·

568 2694 686 2747 morata
708 2685 799 2748 verba
822 2687 901 2762 apud
923 2702 978 2746 nos
1000 2683 1182 2763 praecurrit,
1208 2684 1238 2744 in
1261 2699 1313 2744 ve-

567 2779 631 2841 stri
654 2787 758 2841 autem
788 2778 922 2855 Litargit
951 2778 1161 2855 subsequitur.
1195 2777 1312 2851 Quanta

568 2871 641 2934 inde
662 2873 882 2934 catholicorum
904 2872 1032 2934 ollensio
1054 2871 1193 2932 extiterit
1215 2871 1313 2931 incre·

569 2966 662 3028 dibile
682 2973 740 3041 est,
764 2974 793 3028 el
815 2981 869 3026 vos
890 2975 974 3027 certe
996 2967 1108 3028 tenetis
1130 2979 1223 3042 quam
1247 2977 1314 3038 gra·

571 3075 623 3122 ves
644 3070 729 3122 ortae
749 3059 811 3121 sint
832 3060 1059 3122 controversiae
1082 3069 1112 3120 et
1134 3073 1225 3134 quam
1249 3063 1315 3118 tur·

572 3153 711 3215 polentae
738 3168 791 3214 eos
820 3153 902 3215 inter
932 3153 1074 3214 homines
1105 3152 1194 3212 novis
1220 3150 1312 3211 rebus

569 3246 740 3319 studentes,
764 3255 944 3324 ceterosque
965 3247 1030 3324 qui,
1053 3261 1161 3307 omnes
1182 3244 1220 3306 de
1242 3243 1313 3306 reli-

571 3342 662 3417 gione
672 3341 824 3402 novitates
839 3338 1040 3419 repudiandas
1055 3355 1121 3400 esse
1135 3338 1314 3400 existiman·

571 3443 627 3509 tce,
651 3435 746 3496 iurea
762 3435 840 3495 nova
863 3432 914 3495 illa
936 3433 1083 3512 opinione
1104 3437 1135 3494 et
1157 3430 1313 3494 veteribus

570 3528 711 3590 Patribus
731 3527 866 3589 inaudita
886 3527 1066 3588 abhorrent.
1232 3581 1235 3588 ,

610 3622 679 3698 §E
702 3622 743 3684 Ut
763 3621 810 3682 luis
836 3619 938 3694 malis,
971 3619 1083 3698 quibus
1110 3630 1230 3681 vestrae
1256 3618 1314 3678 hae

570 3713 713 3790 regiones
729 3711 963 3791 premebantur,
980 3721 1010 3774 et
1025 3727 1103 3790 quae
1125 3711 1265 3787 graviora
1281 3711 1314 3772 iu

570 3807 635 3870 dies
649 3822 777 3867 evasura
792 3805 988 3880 videbantur,
1005 3803 1179 3866 remedium
1190 3803 1313 3882 aliquod

570 3899 694 3964 allerret
715 3899 776 3959 iam
797 3898 835 3958 ab
855 3913 937 3960 antro
960 3913 1126 3960 nncccxu.
1144 3896 1209 3975 qui,
1226 3897 1315 3959 nobis

570 3992 778 4070 fratribusque
800 3992 913 4054 nostris
934 3989 1062 4052 Sanctae
1083 3991 1237 4053 Romanae
1260 3991 1314 4052 Ec-

570 4087 678 4149 clesiae
700 4085 910 4150 Cardinalibus
930 4094 1056 4164 propter
1078 4092 1254 4162 temporum
1269 4101 1315 4146 ca-

571 4179 740 4242 lamitatem
769 4179 807 4240 ab
827 4179 911 4241 Urbe
936 4179 1124 4253 absentibus,
1147 4178 1315 4241 Pro-Prae-

570 4273 643 4336 lecti
673 4273 929 4350 Congregationis
960 4272 998 4334 de
1027 4272 1222 4350 Propagandi
1242 4273 1315 4335 Fide

572 4381 702 4430 munere
732 4365 876 4427 mandato
908 4376 1015 4428 nostro
1047 4365 1251 4442 tangebatur,
1279 4363 1314 4426 ad

573 4477 638 4536 vos,
661 4475 733 4520 ven.
759 4459 880 4534 iratres,
901 4459 1075 4524 luculentas
1100 4457 1202 4520 literas
1224 4474 1315 4533 ency-

572 4552 660 4615 clicas
680 4552 811 4631 scripsit,
829 4560 859 4613 et
874 4553 907 4614 in
929 4559 1045 4613 vestras
1060 4551 1204 4627 regiones
1218 4553 1314 4625 misit,

570 4663 649 4724 quae
670 4663 706 4708 eo
727 4647 890 4723 praecipue
910 4645 1099 4723 spectabant,
1123 4654 1157 4707 ut
1178 4660 1316 4706 commu-

567 4757 644 4802 nem
666 4739 845 4818 opinionem
870 4741 908 4800 de
929 4738 1026 4800 iormci
1052 4739 1262 4802 Eucharistiae
1284 4741 1316 4800 in

571 4836 643 4896 solis
665 4834 768 4895 verbis
783 4833 899 4895 Christi
915 4834 1010 4908 pinsita
1031 4839 1159 4894 strenue
1181 4832 1316 4894 vindica·

574 4935 655 5003 rent,
677 4945 710 4990 ac
732 4942 830 4988 novae
852 4926 1006 5005 opinionis
1034 4936 1278 5004 propugnatores
1301 4945 1316 4990 a

571 5030 712 5100 suscepto
734 5037 802 5084 eam
823 5020 970 5082 edocendi
991 5021 1120 5084 consilio
1135 5024 1316 5099 gravissime

572 5121 777 5182 deterrerent.

612 5215 631 5289 ἓ
651 5215 681 5276 3.
706 5215 783 5278 llaec
814 5222 929 5288 tamen,
953 5213 1024 5276 licet
1048 5215 1204 5293 sapienter
1230 5233 1317 5280 exco-

573 5312 678 5389 gitata,
701 5309 838 5382 nullum,
872 5314 904 5370 ut
931 5311 1016 5371 vobis
1042 5317 1236 5388 perspectum
1257 5318 1314 5383 est,

573 5417 711 5478 fructum
732 5409 913 5470 attulerunt.
939 5406 1072 5466 Tantum
1095 5408 1178 5468 abest
1200 5416 1246 5480 ut,
1263 5407 1316 5485 qui

574 5523 685 5570 novam
718 5503 898 5582 opinionem
931 5499 1112 5573 tuebantur,
1139 5501 1318 5562 memoratis

574 5601 672 5664 literis
694 5595 857 5675 obsequali
879 5595 954 5672 sint,
971 5601 1005 5654 ut
1021 5591 1121 5672 potius
1143 5609 1250 5656 earum
1265 5610 1318 5655 au-

574 5695 750 5756 ctoritatem
765 5693 863 5754 varias
879 5691 1101 5753 interserentes
1117 5688 1235 5764 ineptas
1250 5704 1319 5751 cau-

615 5936 642 5992 lll
659 5933 786 5980 llomilil.
801 5933 832 5978 de
846 5932 942 5978 Prodit.
958 5931 1037 5976 ludes
1052 5941 1123 5975 num.
1135 5931 1156 5975 d.

616 6004 645 6068 lt)
660 6004 694 6046 De
710 6000 885 6047 sacramentis
899 5999 942 6044 lib.
955 6003 977 6054 l,
991 6009 1047 6056 cap.
1060 6003 1081 6054 l,
1097 6009 1121 6042 n.
1138 6001 1170 6042 la.

1086 589 1150 644 ltta.
1174 588 1265 644 PONE.
1289 589 1329 643 bs
1351 589 1380 642 P·
1403 592 1432 644 il.
1458 593 1541 646 bans
1562 593 1584 646 1.

1364 733 1411 780 sas
1432 726 1602 782 extenuare
1616 727 1647 783 et
1662 717 1817 784 declinare
1836 716 1899 783 sint
1920 721 2031 784 conati.
2047 720 2111 785 lino

1365 826 1440 873 vero
1462 817 1586 874 tantum
1608 815 1704 889 abest,
1728 821 1761 877 ut
1783 833 1798 876 a
1819 815 1875 878 sui
1896 815 1946 878 illa
1973 817 2111 880 doctrine

1365 903 1511 968 tradenda
1526 913 1556 969 et
1569 909 1743 986 evulganda
1758 909 1975 986 abstinuerint,
1998 919 2035 973 ut
2049 927 2112 974 non

1366 999 1457 1060 modo
1479 1000 1647 1076 pristinum
1669 1018 1762 1064 suum
1783 1002 1874 1066 illum
1903 1021 2023 1066 rnorem
2045 1021 2111 1083 per·

1367 1091 1509 1154 tinaciter
1538 1096 1746 1170 servaverint,
1768 1095 1819 1158 sed
1843 1097 2061 1161 insolentiores
2082 1108 2112 1160 et

1366 1185 1541 1248 audaciores
1562 1186 1644 1263 facti,
1668 1205 1730 1252 non
1753 1190 1881 1254 adorent
1905 1192 1972 1270 ipsi,
1990 1208 2047 1255 nec
2062 1209 2111 1272 pa·

1366 1277 1522 1340 llantura
1550 1281 1661 1343 ceteris
1691 1283 1808 1344 adorari
1836 1287 1990 1363 proposita
2021 1289 2110 1364 dona,

1366 1371 1459 1432 etiam
1482 1381 1550 1450 post
1570 1375 1686 1452 prolata
1709 1375 1776 1439 lesu
1793 1379 1908 1442 Christi
1929 1380 2035 1457 verba,
2053 1381 2111 1442 nisi

1367 1465 1489 1526 recitata
1505 1466 1653 1528 sitellam
1674 1469 1823 1533 solemnis
1844 1473 1895 1533 illa
1911 1489 2038 1550 precum
2052 1474 2111 1536 lor-

1368 1557 1462 1634 mula,
1485 1573 1578 1637 quam
1600 1563 1804 1625 necessariam
1830 1572 1953 1642 putant,
1977 1573 2011 1629 ut
2042 1585 2111 1631 con·

1366 1652 1496 1714 secretio
1511 1659 1573 1714 rata
1588 1654 1636 1715 sit.
1661 1655 1820 1718 Postremo
1838 1674 1873 1720 eo
1889 1659 2033 1736 progredi
2048 1663 2112 1723 ausi

1367 1752 1453 1819 sunt,
1476 1751 1510 1806 ut
1532 1745 1691 1823 dadonis,
1714 1764 1808 1827 super
1827 1767 1906 1830 quae
1928 1753 1999 1815 licet
2021 1755 2111 1818 verba

1369 1837 1483 1899 Christi
1504 1837 1564 1900 iam
1588 1841 1722 1904 adhibita
1742 1843 1817 1918 sint,
1840 1846 1981 1908 nondum
2009 1853 2110 1910 tamen

1368 1927 1500 1993 lormula
1521 1932 1573 1993 illa
1594 1948 1721 2010 precum
1742 1937 1865 1998 recitata
1887 1937 1992 2013 luerit,
2010 1941 2046 2000 iis
2059 1941 2111 2002 ali·

1368 2023 1490 2100 quando
1511 2027 1557 2088 usi
1578 2028 1641 2088 sint
1655 2035 1685 2090 et
1701 2036 1829 2092 utantur
1851 2033 1965 2106 verbis,
1989 2051 2067 2112 quae
2082 2045 2112 2100 et

1368 2133 1611 2182 commemorare
1642 2122 1765 2184 animus
1790 2125 1947 2202 exhorret,
1973 2137 2004 2190 et
2028 2145 2112 2191 scan-

1368 2209 1466 2272 dalosa
1488 2212 1632 2275 omnibus
1654 2215 1813 2292 videntur,
1829 2225 1859 2279 et
1874 2220 2021 2294 peculiari
2042 2239 2113 2300 qua·

1369 2303 1438 2364 dam
1461 2305 1579 2368 ratione
1593 2307 1717 2384 piorum
1734 2309 1897 2372 hominum
1913 2295 2003 2375 aures
2018 2316 2114 2379 olien-

1369 2397 1458 2458 dunt.
1483 2399 1521 2459 ht
1543 2415 1594 2461 eos
1622 2403 1781 2480 oportebat
1803 2405 1835 2465 in
1864 2415 2005 2470 mentem
2026 2425 2113 2471 revo-

1369 2505 1449 2564 care,
1473 2491 1504 2552 in
1535 2493 1667 2556 Ecclesia
1696 2497 1841 2558 universa
1862 2514 1986 2577 semper
2014 2502 2113 2564 veluti

1369 2593 1490 2646 certum
1522 2584 1660 2648 habiturn
1693 2585 1798 2665 luisse,
1825 2588 1955 2652 verbam
1989 2592 2114 2658 Christi

1370 2679 1608 2756 transformare
1629 2697 1664 2742 ea
1686 2697 1766 2758 quoe
1786 2685 1950 2760 proposito
1971 2693 2062 2758 sont,
2080 2697 2114 2751 ut

1370 2769 1498 2832 loannes
1521 2771 1756 2849 Chrysostomus
1779 2774 1917 2854 loquitur
1931 2777 1988 2858 (l),
2006 2788 2036 2842 et
2050 2797 2114 2841 ser·

1369 2879 1491 2924 mortona
1516 2863 1641 2927 Christi
1670 2865 1727 2929 ltoo
1752 2870 1901 2947 conficere
1927 2871 2115 2935 Sacramen-

1371 2963 1452 3029 tum,
1476 2966 1510 3020 ut
1532 2961 1620 3021 docet
1648 2968 1754 3023 auctor
1779 2963 1931 3028 librorum
1953 2965 1991 3028 de
2013 2967 2113 3030 Sacra-

1369 3053 1484 3114 mentis
1504 3054 1567 3134 (2):
1591 3059 1750 3131 oportebat
1775 3074 1827 3119 eos
1849 3059 1881 3122 in
1905 3071 2046 3126 mentem
2067 3082 2114 3129 re-

1370 3169 1491 3228 vocare,
1506 3152 1635 3214 Graecos
1657 3152 1688 3214 in
1703 3151 1842 3215 Concilio
1863 3155 2044 3220 Florentino
2060 3176 2115 3238 per

1370 3248 1582 3310 Bessarionem
1594 3245 1765 3309 Nicaenum
1778 3248 2049 3334 archiepiscopum
2063 3259 2115 3321 de-

1369 3341 1507 3414 clarasse,
1523 3356 1555 3402 se
1570 3340 1716 3402 loannem
1732 3341 1990 3420 Chrysostomum
2011 3361 2114 3414 aucto-

1370 3449 1437 3495 rem
1458 3431 1558 3509 sequi,
1580 3439 1609 3494 et
1629 3441 1749 3511 putare,
1778 3433 1872 3498 terta
1894 3438 2024 3504 Domini
2051 3461 2115 3507 esse

1370 3528 1429 3590 illo
1451 3543 1531 3608 quoe
1552 3532 1684 3588 mutant
1699 3533 1730 3588 et
1747 3532 1987 3608 transformant
2000 3551 2114 3613 portem

1369 3629 1400 3683 et
1422 3623 1533 3684 vinam
1561 3619 1625 3701 (3),
1658 3639 1691 3682 as
1721 3629 1843 3684 tantum
1871 3634 1939 3704 post
1969 3629 2044 3693 hanc
2066 3647 2115 3694 eo·

1370 3730 1441 3777 rum
1463 3715 1576 3776 mentis
1595 3714 1847 3792 declarationem,
1868 3717 2043 3796 Eugenium
2063 3725 2112 3788 lll.

1371 3811 1637 3886 praedecessorem
1658 3817 1804 3872 nostrum
1819 3825 1871 3872 eos
1884 3814 2114 3882 iratres-secum

1371 3903 1404 3963 in
1428 3901 1486 3964 lide
1507 3901 1689 3964 coniunctos
1715 3903 1882 3981 appellasse
1906 3906 1962 3986 (l).
1991 3911 2069 3974 llaec
2089 3913 2114 3974 si

1372 3994 1417 4056 illi
1438 3995 1681 4057 considerassent
1702 4004 1733 4056 et
1760 3997 1837 4058 lan-ti
1859 3999 1925 4061 eius
1953 4005 2114 4066 auctorita·

1373 4099 1435 4152 tem
1461 4089 1603 4152 iecissent
1634 4090 1686 4168 qui
1715 4090 1818 4154 literas
1847 4093 1913 4156 illas
1943 4098 2115 4178 scripserat,

1371 4183 1479 4262 quanti
1494 4182 1657 4259 debebant,
1674 4199 1736 4248 non
1753 4201 1787 4246 ea
1802 4187 1867 4247 ausi
1883 4187 2025 4268 luissent,
2039 4209 2115 4271 quae

1371 4276 1697 4352 commemoravimus,
1720 4284 1750 4339 et
1772 4295 1850 4356 quae
1872 4284 2030 4357 graviores
2051 4302 2118 4349 rno-

1371 4369 1474 4432 lestias
1488 4378 1519 4431 et
1540 4370 1784 4433 turbulentiores
1805 4373 1898 4435 etiarn
1921 4382 2117 4455 tempestates

1374 4465 1405 4526 in
1429 4466 1539 4525 vestris
1560 4463 1608 4525 his
1635 4465 1814 4542 provinciis,
1837 4471 2021 4545 praesertim
2042 4490 2116 4535 vero

1373 4558 1404 4619 in
1429 4558 1505 4620 urbe
1526 4557 1729 4619 Berroheensi
1751 4559 1936 4625 excitarunt.

1412 4653 1430 4726 ἓ
1452 4651 1480 4711 li.
1505 4651 1620 4728 ltaque,
1638 4659 1673 4712 ut
1687 4651 1800 4713 horum
1816 4654 1979 4718 hominum
1995 4660 2117 4722 audacia

1372 4743 1606 4820 comprimatur,
1619 4752 1650 4804 et
1664 4741 1805 4807 desinant
1822 4749 2117 4830 tandemaliquando

1373 4840 1538 4900 diuturnae
1559 4836 1630 4898 illae
1649 4847 1679 4900 et
1693 4840 1970 4916 perniciosissimae
1990 4852 2117 4907 conten·

1372 4933 1483 5008 tiones,
1506 4931 1750 4994 existimavimus
1772 4940 1976 5011 oporterent
1998 4954 2114 5001 novum

1373 5027 1427 5087 hac
1449 5027 1486 5087 de
1509 5043 1542 5086 re
1565 5024 1724 5087 decretum
1753 5027 1913 5104 sileretur,
1936 5031 2018 5107 quod
2049 5041 2079 5094 el
2100 5051 2116 5094 a

1374 5119 1601 5197 nobismetipsis
1622 5117 1760 5196 prodiret
1775 5126 1804 5181 et
1819 5121 1958 5196 graviora
1981 5127 2116 5189 remedia

1373 5213 1557 5275 contineret.
1571 5213 1601 5273 ld
1614 5213 1711 5288 igitur
1725 5215 1837 5291 exequi
1852 5219 2001 5280 continuo
2012 5219 2117 5282 volen-

1376 5318 1430 5380 tes,
1444 5305 1618 5368 deconsilio
1633 5307 1859 5370 nonnullorum
1875 5327 1970 5374 venn.
1987 5313 2116 5377 fratrum

1374 5413 1552 5466 nostrorum
1583 5402 1613 5464 S.
1634 5402 1669 5463 lt.
1690 5403 1725 5464 E.
1751 5402 1978 5478 Cardinalium,
2007 5409 2118 5486 quibus

1375 5506 1468 5559 totam
1490 5513 1557 5558 rem
1573 5497 1805 5575 expendendam
1827 5499 2051 5576 commisimus,
2067 5517 2118 5563 au-

1374 5592 1516 5654 ctoritate
1538 5591 1762 5669 omnipotentis
1786 5589 1840 5651 bel
1861 5599 1893 5652 et
1915 5589 1969 5652 SS.
1992 5593 2119 5672 aposto-

1375 5685 1479 5746 lorum
1503 5684 1583 5746 Petri
1605 5692 1636 5745 et
1659 5683 1743 5745 Pauli
1765 5700 1798 5746 ac
1819 5684 1935 5760 nostra,
1952 5685 1985 5748 in
2001 5685 2120 5750 virtute

1411 5929 1441 5985 (dl
1457 5927 1581 5973 Mabillon
1596 5925 1678 5972 Musei
1693 5925 1778 5973 ltallel
1792 5928 1846 5972 tom
1862 5930 1890 5982 1..
1904 5938 1964 5986 pag.
1978 5930 2024 5975 243.

1412 5999 1441 6054 (ll
1458 5999 1531 6041 conc.
1547 5995 1615 6040 Elor.
1631 6005 1693 6040 sess.
1708 5997 1742 6042 25.
