<?xml version="1.0" encoding="UTF-8"?>
<!DOCTYPE html PUBLIC "-//W3C//DTD XHTML 1.0 Transitional//EN"
    "http://www.w3.org/TR/xhtml1/DTD/xhtml1-transitional.dtd">
<html xmlns="http://www.w3.org/1999/xhtml" xml:lang="en" lang="en">
 <head>
  <title>
</title>
<meta http-equiv="Content-Type" content="text/html;charset=utf-8" />
  <meta name='ocr-system' content='tesseract 3.04.00' />
  <meta name='ocr-capabilities' content='ocr_page ocr_carea ocr_par ocr_line ocrx_word'/>
</head>
<body>
  <div class='ocr_page' id='page_1' title='image "./iurispontificii00martgoog_0336.png"; bbox 0 0 4776 6974; ppageno 0'>
   <div class='ocr_carea' id='block_1_1' title="bbox 47 42 65 373">
    <p class='ocr_par' dir='ltr' id='par_1_1' title="bbox 47 0 315 373">
     <span class='ocr_line' id='line_1_1' title="bbox 47 42 65 373; baseline -0.041 -357"><span class='ocrx_word' id='word_1_1' title='bbox 47 42 65 373; x_wconf 40' lang='lat' dir='ltr'><em>s</em></span> 
     </span>
    </p>
   </div>
   <div class='ocr_carea' id='block_1_2' title="bbox 40 376 49 582">
    <p class='ocr_par' dir='ltr' id='par_1_2' title="bbox 40 376 49 582">
     <span class='ocr_line' id='line_1_2' title="bbox 40 376 49 582; baseline 0 0"><span class='ocrx_word' id='word_1_2' title='bbox 40 376 49 582; x_wconf 87' lang='lat' dir='ltr'>l</span> 
     </span>
    </p>
   </div>
   <div class='ocr_carea' id='block_1_3' title="bbox 40 561 251 634">
    <p class='ocr_par' dir='ltr' id='par_1_3' title="bbox 40 561 251 634">
     <span class='ocr_line' id='line_1_3' title="bbox 40 561 251 634; baseline -0.062 -8"><span class='ocrx_word' id='word_1_3' title='bbox 40 615 41 634; x_wconf 78' lang='lat'>,</span> <span class='ocrx_word' id='word_1_4' title='bbox 79 577 119 626; x_wconf 74' lang='lat' dir='ltr'>lu,</span> <span class='ocrx_word' id='word_1_5' title='bbox 132 571 159 620; x_wconf 84' lang='lat' dir='ltr'>C.</span> <span class='ocrx_word' id='word_1_6' title='bbox 182 561 251 614; x_wconf 82' lang='grc'>1787</span> 
     </span>
    </p>
   </div>
   <div class='ocr_carea' id='block_1_4' title="bbox 946 547 2045 616">
    <p class='ocr_par' dir='ltr' id='par_1_4' title="bbox 946 547 2045 616">
     <span class='ocr_line' id='line_1_4' title="bbox 946 547 2045 616; baseline -0.014 -4"><span class='ocrx_word' id='word_1_7' title='bbox 946 569 1016 613; x_wconf 72' lang='lat' dir='ltr'>ercis</span> <span class='ocrx_word' id='word_1_8' title='bbox 1039 569 1087 612; x_wconf 85' lang='grc' dir='ltr'>ιι.</span> <span class='ocrx_word' id='word_1_9' title='bbox 1113 570 1153 613; x_wconf 85' lang='lat' dir='ltr'>rr.</span> <span class='ocrx_word' id='word_1_10' title='bbox 1746 554 1805 616; x_wconf 76' lang='lat'>319</span> <span class='ocrx_word' id='word_1_11' title='bbox 1856 549 1909 600; x_wconf 82' lang='lat' dir='ltr'>An.</span> <span class='ocrx_word' id='word_1_12' title='bbox 1924 549 1954 601; x_wconf 93' lang='lat' dir='ltr'>o.</span> <span class='ocrx_word' id='word_1_13' title='bbox 1977 547 2045 600; x_wconf 81' lang='lat'>1787</span> 
     </span>
    </p>
   </div>
   <div class='ocr_carea' id='block_1_5' title="bbox 275 686 1924 1890">
    <p class='ocr_par' dir='ltr' id='par_1_5' title="bbox 275 686 1924 1890">
     <span class='ocr_line' id='line_1_5' title="bbox 278 686 1824 765; baseline -0.003 -12"><span class='ocrx_word' id='word_1_14' title='bbox 278 707 361 754; x_wconf 87' lang='lat' dir='ltr'>suam</span> <span class='ocrx_word' id='word_1_15' title='bbox 382 706 486 752; x_wconf 89' lang='lat' dir='ltr'>curam</span> <span class='ocrx_word' id='word_1_16' title='bbox 506 697 537 752; x_wconf 91' lang='lat' dir='ltr'>et</span> <span class='ocrx_word' id='word_1_17' title='bbox 551 689 790 752; x_wconf 88' lang='lat' dir='ltr'>sollicitudinem</span> <span class='ocrx_word' id='word_1_18' title='bbox 807 686 1019 758; x_wconf 89' lang='lat' dir='ltr'>contuleruut,</span> <span class='ocrx_word' id='word_1_19' title='bbox 1077 687 1150 762; x_wconf 88' lang='lat' dir='ltr'>Quis</span> <span class='ocrx_word' id='word_1_20' title='bbox 1172 688 1228 750; x_wconf 87' lang='lat' dir='ltr'>boc</span> <span class='ocrx_word' id='word_1_21' title='bbox 1249 691 1357 751; x_wconf 82' lang='lat' dir='ltr'>aaadeat</span> <span class='ocrx_word' id='word_1_22' title='bbox 1379 692 1555 752; x_wconf 86' lang='lat' dir='ltr'>atllrmaret</span> <span class='ocrx_word' id='word_1_23' title='bbox 1579 691 1631 751; x_wconf 87' lang='lat' dir='ltr'>sed</span> <span class='ocrx_word' id='word_1_24' title='bbox 1658 699 1703 764; x_wconf 93' lang='lat' dir='ltr'>ut,</span> <span class='ocrx_word' id='word_1_25' title='bbox 1726 688 1824 765; x_wconf 88' lang='lat' dir='ltr'>capite</span> 
     </span>
     <span class='ocr_line' id='line_1_6' title="bbox 279 779 1825 862; baseline -0.005 -14"><span class='ocrx_word' id='word_1_26' title='bbox 279 795 311 848; x_wconf 92' lang='lat' dir='ltr'>ut</span> <span class='ocrx_word' id='word_1_27' title='bbox 338 784 502 848; x_wconf 75' lang='lat' dir='ltr'>orientales</span> <span class='ocrx_word' id='word_1_28' title='bbox 532 784 633 862; x_wconf 92' lang='lat' dir='ltr'>populi</span> <span class='ocrx_word' id='word_1_29' title='bbox 671 785 830 844; x_wconf 80' lang='lat' dir='ltr'>haaereseos</span> <span class='ocrx_word' id='word_1_30' title='bbox 858 786 910 842; x_wconf 90' lang='lat' dir='ltr'>aut</span> <span class='ocrx_word' id='word_1_31' title='bbox 944 779 1021 840; x_wconf 88' lang='lat' dir='ltr'>sebi·</span> <span class='ocrx_word' id='word_1_32' title='bbox 1078 781 1256 857; x_wconf 85' lang='lat' dir='ltr'>constituta,</span> <span class='ocrx_word' id='word_1_33' title='bbox 1279 783 1449 846; x_wconf 78' lang='lat' dir='ltr'>schismatis</span> <span class='ocrx_word' id='word_1_34' title='bbox 1473 785 1634 845; x_wconf 90' lang='lat' dir='ltr'>tolleretur</span> <span class='ocrx_word' id='word_1_35' title='bbox 1652 783 1776 856; x_wconf 87' lang='lat' dir='ltr'>occasio,</span> <span class='ocrx_word' id='word_1_36' title='bbox 1794 789 1825 842; x_wconf 89' lang='lat' dir='ltr'>et</span> 
     </span>
     <span class='ocr_line' id='line_1_7' title="bbox 275 872 1826 954; baseline -0.003 -14"><span class='ocrx_word' id='word_1_37' title='bbox 275 879 380 940; x_wconf 83' lang='lat' dir='ltr'>sinatis</span> <span class='ocrx_word' id='word_1_38' title='bbox 409 877 476 938; x_wconf 88' lang='lat' dir='ltr'>labe</span> <span class='ocrx_word' id='word_1_39' title='bbox 497 895 513 937; x_wconf 91' lang='lat' dir='ltr'>a</span> <span class='ocrx_word' id='word_1_40' title='bbox 534 877 670 938; x_wconf 84' lang='lat' dir='ltr'>ltomana</span> <span class='ocrx_word' id='word_1_41' title='bbox 700 875 833 937; x_wconf 76' lang='lat' dir='ltr'>Ecclesia</span> <span class='ocrx_word' id='word_1_42' title='bbox 863 872 1020 946; x_wconf 88' lang='lat' dir='ltr'>disiuncti,</span> <span class='ocrx_word' id='word_1_43' title='bbox 1048 904 1051 939; x_wconf 89' lang='lat' dir='ltr'>t</span> <span class='ocrx_word' id='word_1_44' title='bbox 1078 891 1139 936; x_wconf 88' lang='lat' dir='ltr'>una</span> <span class='ocrx_word' id='word_1_45' title='bbox 1161 883 1388 940; x_wconf 75' lang='lat' dir='ltr'>monstraretur</span> <span class='ocrx_word' id='word_1_46' title='bbox 1407 894 1555 954; x_wconf 77' lang='lat' dir='ltr'>compago</span> <span class='ocrx_word' id='word_1_47' title='bbox 1578 877 1722 954; x_wconf 74' lang='lat' dir='ltr'>Corporis</span> <span class='ocrx_word' id='word_1_48' title='bbox 1738 875 1826 940; x_wconf 86' lang='lat' dir='ltr'>Clui-</span> 
     </span>
     <span class='ocr_line' id='line_1_8' title="bbox 277 966 1827 1049; baseline -0.003 -16"><span class='ocrx_word' id='word_1_49' title='bbox 277 974 307 1034; x_wconf 89' lang='grc' dir='ltr'>ιιι</span> <span class='ocrx_word' id='word_1_50' title='bbox 324 971 477 1032; x_wconf 88' lang='lat' dir='ltr'>unitatem</span> <span class='ocrx_word' id='word_1_51' title='bbox 499 969 570 1031; x_wconf 85' lang='lat' dir='ltr'>fidei</span> <span class='ocrx_word' id='word_1_52' title='bbox 591 986 623 1030; x_wconf 88' lang='lat' dir='ltr'>ac</span> <span class='ocrx_word' id='word_1_53' title='bbox 645 966 876 1030; x_wconf 82' lang='lat' dir='ltr'>communionis</span> <span class='ocrx_word' id='word_1_54' title='bbox 898 981 1021 1026; x_wconf 90' lang='lat' dir='ltr'>revoca·</span> <span class='ocrx_word' id='word_1_55' title='bbox 1077 968 1127 1042; x_wconf 92' lang='lat' dir='ltr'>sti,</span> <span class='ocrx_word' id='word_1_56' title='bbox 1151 985 1229 1045; x_wconf 77' lang='lat' dir='ltr'>cquae</span> <span class='ocrx_word' id='word_1_57' title='bbox 1250 971 1285 1030; x_wconf 90' lang='lat' dir='ltr'>ad</span> <span class='ocrx_word' id='word_1_58' title='bbox 1309 986 1408 1032; x_wconf 91' lang='lat' dir='ltr'>unum</span> <span class='ocrx_word' id='word_1_59' title='bbox 1430 978 1519 1049; x_wconf 91' lang='lat' dir='ltr'>caput</span> <span class='ocrx_word' id='word_1_60' title='bbox 1542 969 1760 1048; x_wconf 84' lang='lat' dir='ltr'>gloriosissima</span> <span class='ocrx_word' id='word_1_61' title='bbox 1782 968 1827 1029; x_wconf 93' lang='lat' dir='ltr'>di-</span> 
     </span>
     <span class='ocr_line' id='line_1_9' title="bbox 277 1061 1826 1141; baseline -0.002 -15"><span class='ocrx_word' id='word_1_62' title='bbox 277 1072 396 1138; x_wconf 89' lang='lat' dir='ltr'>rentur,</span> <span class='ocrx_word' id='word_1_63' title='bbox 422 1071 542 1125; x_wconf 89' lang='lat' dir='ltr'>tantum</span> <span class='ocrx_word' id='word_1_64' title='bbox 563 1062 655 1124; x_wconf 88' lang='lat' dir='ltr'>etiam</span> <span class='ocrx_word' id='word_1_65' title='bbox 679 1061 707 1122; x_wconf 92' lang='lat' dir='ltr'>id</span> <span class='ocrx_word' id='word_1_66' title='bbox 730 1068 865 1136; x_wconf 90' lang='lat' dir='ltr'>egerunt</span> <span class='ocrx_word' id='word_1_67' title='bbox 886 1073 1019 1136; x_wconf 90' lang='lat' dir='ltr'>semper,</span> <span class='ocrx_word' id='word_1_68' title='bbox 1078 1061 1219 1124; x_wconf 88' lang='lat' dir='ltr'>lectionis</span> <span class='ocrx_word' id='word_1_69' title='bbox 1233 1064 1377 1126; x_wconf 87' lang='lat' dir='ltr'>societate</span> <span class='ocrx_word' id='word_1_70' title='bbox 1394 1079 1605 1141; x_wconf 88' lang='lat' dir='ltr'>concurreret,</span> <span class='ocrx_word' id='word_1_71' title='bbox 1622 1073 1652 1126; x_wconf 89' lang='lat' dir='ltr'>et</span> <span class='ocrx_word' id='word_1_72' title='bbox 1671 1082 1730 1126; x_wconf 89' lang='grc' dir='ltr'>ιιιιι</span> <span class='ocrx_word' id='word_1_73' title='bbox 1746 1071 1826 1124; x_wconf 90' lang='lat' dir='ltr'>esset</span> 
     </span>
     <span class='ocr_line' id='line_1_10' title="bbox 278 1145 1826 1235; baseline -0.001 -15"><span class='ocrx_word' id='word_1_74' title='bbox 278 1163 310 1220; x_wconf 95' lang='lat' dir='ltr'>ut</span> <span class='ocrx_word' id='word_1_75' title='bbox 331 1156 524 1218; x_wconf 87' lang='lat' dir='ltr'>venerabiles</span> <span class='ocrx_word' id='word_1_76' title='bbox 552 1155 715 1218; x_wconf 73' lang='lat' dir='ltr'>orientalis</span> <span class='ocrx_word' id='word_1_77' title='bbox 743 1153 896 1215; x_wconf 88' lang='lat' dir='ltr'>Ecclesiae</span> <span class='ocrx_word' id='word_1_78' title='bbox 920 1152 1020 1225; x_wconf 86' lang='lat' dir='ltr'>Ritus,</span> <span class='ocrx_word' id='word_1_79' title='bbox 1079 1155 1211 1218; x_wconf 74' lang='lat' dir='ltr'>Ecclesia</span> <span class='ocrx_word' id='word_1_80' title='bbox 1239 1145 1450 1222; x_wconf 79' lang='lat' dir='ltr'>cui&#39;ddeliter</span> <span class='ocrx_word' id='word_1_81' title='bbox 1479 1161 1669 1233; x_wconf 88' lang='lat' dir='ltr'>crederetur,</span> <span class='ocrx_word' id='word_1_82' title='bbox 1700 1173 1826 1235; x_wconf 88' lang='lat' dir='ltr'>unaque</span> 
     </span>
     <span class='ocr_line' id='line_1_11' title="bbox 277 1247 1924 1330; baseline -0.002 -16"><span class='ocrx_word' id='word_1_83' title='bbox 277 1252 329 1330; x_wconf 94' lang='lat' dir='ltr'>qui</span> <span class='ocrx_word' id='word_1_84' title='bbox 351 1266 407 1312; x_wconf 84' lang='lat' dir='ltr'>arec</span> <span class='ocrx_word' id='word_1_85' title='bbox 428 1249 595 1312; x_wconf 89' lang='lat' dir='ltr'>catholicae</span> <span class='ocrx_word' id='word_1_86' title='bbox 617 1247 688 1309; x_wconf 88' lang='lat' dir='ltr'>fidei</span> <span class='ocrx_word' id='word_1_87' title='bbox 710 1247 949 1308; x_wconf 83' lang='lat' dir='ltr'>adversarentur</span> <span class='ocrx_word' id='word_1_88' title='bbox 965 1260 1021 1304; x_wconf 89' lang='lat' dir='ltr'>uec</span> <span class='ocrx_word' id='word_1_89' title='bbox 1049 1255 1050 1263; x_wconf 56' lang='lat'>¹</span> <span class='ocrx_word' id='word_1_90' title='bbox 1077 1249 1187 1310; x_wconf 77' lang='lat' dir='ltr'>alonius</span> <span class='ocrx_word' id='word_1_91' title='bbox 1203 1251 1295 1314; x_wconf 89' lang='lat' dir='ltr'>unius</span> <span class='ocrx_word' id='word_1_92' title='bbox 1311 1253 1431 1314; x_wconf 90' lang='lat' dir='ltr'>bomini</span> <span class='ocrx_word' id='word_1_93' title='bbox 1448 1264 1478 1314; x_wconf 88' lang='lat' dir='ltr'>et</span> <span class='ocrx_word' id='word_1_94' title='bbox 1494 1251 1824 1329; x_wconf 85' lang='lat' dir='ltr'>uniuslledemptoris,</span> <span class='ocrx_word' id='word_1_95' title='bbox 1921 1283 1924 1289; x_wconf 91' lang='lat'>·</span> 
     </span>
     <span class='ocr_line' id='line_1_12' title="bbox 279 1333 1825 1425; baseline 0 -21"><span class='ocrx_word' id='word_1_96' title='bbox 279 1344 450 1425; x_wconf 88' lang='lat' dir='ltr'>periculum</span> <span class='ocrx_word' id='word_1_97' title='bbox 471 1343 647 1403; x_wconf 89' lang='lat' dir='ltr'>animarum</span> <span class='ocrx_word' id='word_1_98' title='bbox 669 1341 822 1402; x_wconf 77' lang='lat' dir='ltr'>inferrent</span> <span class='ocrx_word' id='word_1_99' title='bbox 844 1348 897 1402; x_wconf 83' lang='lat' dir='ltr'>aaut</span> <span class='ocrx_word' id='word_1_100' title='bbox 920 1337 1021 1400; x_wconf 89' lang='lat' dir='ltr'>Eccle-</span> <span class='ocrx_word' id='word_1_101' title='bbox 1048 1333 1051 1404; x_wconf 77' lang='lat' dir='ltr'>l</span> <span class='ocrx_word' id='word_1_102' title='bbox 1078 1343 1111 1402; x_wconf 91' lang='lat' dir='ltr'>iu</span> <span class='ocrx_word' id='word_1_103' title='bbox 1134 1361 1191 1421; x_wconf 89' lang='lat' dir='ltr'>qua</span> <span class='ocrx_word' id='word_1_104' title='bbox 1215 1346 1252 1407; x_wconf 90' lang='lat' dir='ltr'>de</span> <span class='ocrx_word' id='word_1_105' title='bbox 1275 1361 1437 1423; x_wconf 91' lang='lat' dir='ltr'>unopane</span> <span class='ocrx_word' id='word_1_106' title='bbox 1459 1345 1547 1408; x_wconf 90' lang='lat' dir='ltr'>etde</span> <span class='ocrx_word' id='word_1_107' title='bbox 1572 1363 1633 1408; x_wconf 88' lang='lat' dir='ltr'>ono</span> <span class='ocrx_word' id='word_1_108' title='bbox 1655 1345 1746 1408; x_wconf 88' lang='lat' dir='ltr'>calice</span> <span class='ocrx_word' id='word_1_109' title='bbox 1769 1359 1825 1404; x_wconf 93' lang='lat' dir='ltr'>nu·</span> 
     </span>
     <span class='ocr_line' id='line_1_13' title="bbox 277 1424 1827 1515; baseline -0.001 -15"><span class='ocrx_word' id='word_1_110' title='bbox 277 1441 335 1500; x_wconf 91' lang='lat' dir='ltr'>siae</span> <span class='ocrx_word' id='word_1_111' title='bbox 356 1444 569 1515; x_wconf 88' lang='lat' dir='ltr'>repugnarent</span> <span class='ocrx_word' id='word_1_112' title='bbox 584 1435 747 1507; x_wconf 85' lang='lat' dir='ltr'>honestati,</span> <span class='ocrx_word' id='word_1_113' title='bbox 762 1433 1021 1504; x_wconf 89' lang='lat' dir='ltr'>constantissime,</span> <span class='ocrx_word' id='word_1_114' title='bbox 1048 1424 1051 1457; x_wconf 83' lang='lat'><em>¹</em></span> <span class='ocrx_word' id='word_1_115' title='bbox 1080 1437 1239 1500; x_wconf 91' lang='lat' dir='ltr'>triremur.</span> <span class='ocrx_word' id='word_1_116' title='bbox 1256 1440 1322 1513; x_wconf 85' lang='lat' dir='ltr'>Qua</span> <span class='ocrx_word' id='word_1_117' title='bbox 1335 1440 1455 1502; x_wconf 88' lang='lat' dir='ltr'>ratione</span> <span class='ocrx_word' id='word_1_118' title='bbox 1477 1441 1609 1502; x_wconf 89' lang='lat' dir='ltr'>maiores</span> <span class='ocrx_word' id='word_1_119' title='bbox 1625 1439 1722 1500; x_wconf 78' lang='lat' dir='ltr'>nostri</span> <span class='ocrx_word' id='word_1_120' title='bbox 1740 1454 1827 1498; x_wconf 88' lang='lat' dir='ltr'>rere·</span> 
     </span>
     <span class='ocr_line' id='line_1_14' title="bbox 278 1523 1825 1612; baseline -0.01 -6"><span class='ocrx_word' id='word_1_121' title='bbox 278 1550 329 1612; x_wconf 73' lang='lat' dir='ltr'>lll⁰</span> <span class='ocrx_word' id='word_1_122' title='bbox 350 1548 406 1593; x_wconf 74' lang='lat'>⁸¹10</span> <span class='ocrx_word' id='word_1_123' title='bbox 427 1531 577 1606; x_wconf 89' lang='lat' dir='ltr'>cuiusque</span> <span class='ocrx_word' id='word_1_124' title='bbox 599 1526 750 1589; x_wconf 56' lang='lat' dir='ltr'>&amp;ileliae</span> <span class='ocrx_word' id='word_1_125' title='bbox 771 1527 926 1600; x_wconf 89' lang='lat' dir='ltr'>instituto,</span> <span class='ocrx_word' id='word_1_126' title='bbox 950 1523 1022 1584; x_wconf 90' lang='lat' dir='ltr'>reti·</span> <span class='ocrx_word' id='word_1_127' title='bbox 1078 1532 1166 1593; x_wconf 88' lang='lat' dir='ltr'>rendi</span> <span class='ocrx_word' id='word_1_128' title='bbox 1189 1531 1231 1592; x_wconf 88' lang='lat' dir='ltr'>illi</span> <span class='ocrx_word' id='word_1_129' title='bbox 1255 1533 1452 1594; x_wconf 84' lang='lat' dir='ltr'>ecclesiarum</span> <span class='ocrx_word' id='word_1_130' title='bbox 1474 1534 1625 1608; x_wconf 78' lang='lat' dir='ltr'>magistri,</span> <span class='ocrx_word' id='word_1_131' title='bbox 1642 1531 1825 1594; x_wconf 88' lang='lat' dir='ltr'>clarissima-</span> 
     </span>
     <span class='ocr_line' id='line_1_15' title="bbox 278 1616 1824 1703; baseline -0.001 -18"><span class='ocrx_word' id='word_1_132' title='bbox 278 1638 438 1690; x_wconf 86' lang='lat' dir='ltr'>nerentur.</span> <span class='ocrx_word' id='word_1_133' title='bbox 457 1625 489 1686; x_wconf 93' lang='lat' dir='ltr'>ld</span> <span class='ocrx_word' id='word_1_134' title='bbox 509 1624 738 1700; x_wconf 73' lang='lat' dir='ltr'>assumiturque,</span> <span class='ocrx_word' id='word_1_135' title='bbox 757 1619 948 1682; x_wconf 78' lang='lat' dir='ltr'>venerabiles</span> <span class='ocrx_word' id='word_1_136' title='bbox 964 1616 1022 1677; x_wconf 75' lang='lat' dir='ltr'>fra·</span> <span class='ocrx_word' id='word_1_137' title='bbox 1078 1643 1138 1702; x_wconf 79' lang='lat' dir='ltr'>ique</span> <span class='ocrx_word' id='word_1_138' title='bbox 1156 1626 1207 1687; x_wconf 92' lang='lat' dir='ltr'>illa</span> <span class='ocrx_word' id='word_1_139' title='bbox 1229 1626 1334 1702; x_wconf 93' lang='lat' dir='ltr'>populi</span> <span class='ocrx_word' id='word_1_140' title='bbox 1356 1627 1512 1688; x_wconf 80' lang='lat' dir='ltr'>christiani</span> <span class='ocrx_word' id='word_1_141' title='bbox 1537 1627 1654 1688; x_wconf 90' lang='lat' dir='ltr'>lumina</span> <span class='ocrx_word' id='word_1_142' title='bbox 1670 1642 1745 1703; x_wconf 80' lang='lat' dir='ltr'>quos</span> <span class='ocrx_word' id='word_1_143' title='bbox 1762 1641 1824 1686; x_wconf 90' lang='lat' dir='ltr'>me-</span> 
     </span>
     <span class='ocr_line' id='line_1_16' title="bbox 278 1710 1825 1797; baseline -0.012 -2"><span class='ocrx_word' id='word_1_144' title='bbox 278 1730 349 1795; x_wconf 63' lang='lat' dir='ltr'>lles,</span> <span class='ocrx_word' id='word_1_145' title='bbox 367 1720 398 1781; x_wconf 63' lang='lat' dir='ltr'>5ss</span> <span class='ocrx_word' id='word_1_146' title='bbox 414 1715 669 1780; x_wconf 69' lang='lat' dir='ltr'>Cllffllssllssisssssstll</span> <span class='ocrx_word' id='word_1_147' title='bbox 687 1715 771 1776; x_wconf 74' lang='lat' dir='ltr'>VObiS</span> <span class='ocrx_word' id='word_1_148' title='bbox 786 1714 878 1776; x_wconf 68' lang='lat' dir='ltr'>huius</span> <span class='ocrx_word' id='word_1_149' title='bbox 893 1710 1021 1772; x_wconf 63' lang='lat' dir='ltr'>calvelli·</span> <span class='ocrx_word' id='word_1_150' title='bbox 1078 1719 1134 1779; x_wconf 91' lang='lat' dir='ltr'>rita</span> <span class='ocrx_word' id='word_1_151' title='bbox 1147 1719 1301 1780; x_wconf 88' lang='lat' dir='ltr'>virtutum</span> <span class='ocrx_word' id='word_1_152' title='bbox 1316 1736 1443 1781; x_wconf 89' lang='lat' dir='ltr'>suarum</span> <span class='ocrx_word' id='word_1_153' title='bbox 1460 1736 1555 1797; x_wconf 87' lang='lat' dir='ltr'>usque</span> <span class='ocrx_word' id='word_1_154' title='bbox 1572 1719 1606 1779; x_wconf 92' lang='lat' dir='ltr'>ad</span> <span class='ocrx_word' id='word_1_155' title='bbox 1622 1719 1825 1780; x_wconf 81' lang='lat' dir='ltr'>coralessionis</span> 
     </span>
     <span class='ocr_line' id='line_1_17' title="bbox 276 1807 1825 1890; baseline -0.001 -16"><span class='ocrx_word' id='word_1_156' title='bbox 276 1813 332 1874; x_wconf 90' lang='lat' dir='ltr'>smi</span> <span class='ocrx_word' id='word_1_157' title='bbox 355 1810 520 1872; x_wconf 87' lang='lat' dir='ltr'>vernaculo</span> <span class='ocrx_word' id='word_1_158' title='bbox 544 1810 680 1871; x_wconf 85' lang='lat' dir='ltr'>editione</span> <span class='ocrx_word' id='word_1_159' title='bbox 701 1807 906 1878; x_wconf 68' lang='lat' dir='ltr'>intendimus</span> <span class='ocrx_word' id='word_1_160' title='bbox 929 1811 1020 1880; x_wconf 90' lang='lat' dir='ltr'>atque</span> <span class='ocrx_word' id='word_1_161' title='bbox 1078 1811 1310 1888; x_wconf 85' lang='lat' dir='ltr'>gloriosissimas</span> <span class='ocrx_word' id='word_1_162' title='bbox 1325 1812 1439 1889; x_wconf 89' lang='lat' dir='ltr'>palmas</span> <span class='ocrx_word' id='word_1_163' title='bbox 1461 1821 1491 1874; x_wconf 91' lang='lat' dir='ltr'>et</span> <span class='ocrx_word' id='word_1_164' title='bbox 1514 1812 1652 1890; x_wconf 71' lang='lat' dir='ltr'>martyrii</span> <span class='ocrx_word' id='word_1_165' title='bbox 1670 1811 1825 1886; x_wconf 78' lang='lat' dir='ltr'>fulgentes</span> 
     </span>
    </p>
   </div>
   <div class='ocr_carea' id='block_1_6' title="bbox 263 1896 1022 3652">
    <p class='ocr_par' dir='ltr' id='par_1_6' title="bbox 263 1896 1022 3652">
     <span class='ocr_line' id='line_1_18' title="bbox 276 1896 1021 1979; baseline -0.013 -13"><span class='ocrx_word' id='word_1_166' title='bbox 276 1923 313 1966; x_wconf 84' lang='lat' dir='ltr'>er</span> <span class='ocrx_word' id='word_1_167' title='bbox 334 1906 439 1966; x_wconf 89' lang='lat' dir='ltr'>animo</span> <span class='ocrx_word' id='word_1_168' title='bbox 462 1903 665 1964; x_wconf 86' lang='lat' dir='ltr'>veliementer</span> <span class='ocrx_word' id='word_1_169' title='bbox 686 1911 843 1979; x_wconf 76' lang='lat' dir='ltr'>optamus,</span> <span class='ocrx_word' id='word_1_170' title='bbox 863 1909 898 1960; x_wconf 89' lang='lat' dir='ltr'>ut</span> <span class='ocrx_word' id='word_1_171' title='bbox 914 1896 1021 1957; x_wconf 86' lang='lat' dir='ltr'>viucu-</span> 
     </span>
     <span class='ocr_line' id='line_1_19' title="bbox 276 1992 1020 2076; baseline -0.013 -16"><span class='ocrx_word' id='word_1_172' title='bbox 276 1998 340 2060; x_wconf 89' lang='lat' dir='ltr'>lum</span> <span class='ocrx_word' id='word_1_173' title='bbox 357 1997 437 2076; x_wconf 88' lang='lat' dir='ltr'>pacis</span> <span class='ocrx_word' id='word_1_174' title='bbox 450 2004 482 2057; x_wconf 90' lang='lat' dir='ltr'>et</span> <span class='ocrx_word' id='word_1_175' title='bbox 493 1996 660 2068; x_wconf 80' lang='lat' dir='ltr'>charitatis,</span> <span class='ocrx_word' id='word_1_176' title='bbox 673 2011 734 2072; x_wconf 91' lang='lat' dir='ltr'>quo</span> <span class='ocrx_word' id='word_1_177' title='bbox 750 2010 806 2055; x_wconf 91' lang='lat' dir='ltr'>nos</span> <span class='ocrx_word' id='word_1_178' title='bbox 821 1992 902 2053; x_wconf 91' lang='lat' dir='ltr'>inter</span> <span class='ocrx_word' id='word_1_179' title='bbox 916 2007 1020 2050; x_wconf 81' lang='lat' dir='ltr'>auran·-</span> 
     </span>
     <span class='ocr_line' id='line_1_20' title="bbox 273 2083 1018 2160; baseline -0.009 -9"><span class='ocrx_word' id='word_1_180' title='bbox 273 2091 392 2151; x_wconf 90' lang='lat' dir='ltr'>tissime</span> <span class='ocrx_word' id='word_1_181' title='bbox 414 2089 572 2151; x_wconf 91' lang='lat' dir='ltr'>coniuncti</span> <span class='ocrx_word' id='word_1_182' title='bbox 593 2104 713 2160; x_wconf 85' lang='lat' dir='ltr'>saurus,</span> <span class='ocrx_word' id='word_1_183' title='bbox 735 2088 849 2148; x_wconf 89' lang='lat' dir='ltr'>arctius</span> <span class='ocrx_word' id='word_1_184' title='bbox 869 2086 963 2146; x_wconf 89' lang='lat' dir='ltr'>etiam</span> <span class='ocrx_word' id='word_1_185' title='bbox 988 2083 1018 2144; x_wconf 91' lang='grc' dir='ltr'>ιιι</span> 
     </span>
     <span class='ocr_line' id='line_1_21' title="bbox 271 2180 1020 2254; baseline -0.013 -8"><span class='ocrx_word' id='word_1_186' title='bbox 271 2187 380 2246; x_wconf 91' lang='lat' dir='ltr'>eadem</span> <span class='ocrx_word' id='word_1_187' title='bbox 405 2185 549 2246; x_wconf 87' lang='lat' dir='ltr'>tradenda</span> <span class='ocrx_word' id='word_1_188' title='bbox 565 2181 636 2243; x_wconf 86' lang='lat' dir='ltr'>fidei</span> <span class='ocrx_word' id='word_1_189' title='bbox 653 2183 782 2254; x_wconf 89' lang='lat' dir='ltr'>ratione,</span> <span class='ocrx_word' id='word_1_190' title='bbox 798 2197 831 2240; x_wconf 89' lang='lat' dir='ltr'>ac</span> <span class='ocrx_word' id='word_1_191' title='bbox 847 2180 878 2240; x_wconf 89' lang='lat' dir='ltr'>in</span> <span class='ocrx_word' id='word_1_192' title='bbox 895 2192 1020 2239; x_wconf 87' lang='lat' dir='ltr'>morum</span> 
     </span>
     <span class='ocr_line' id='line_1_22' title="bbox 270 2271 1020 2353; baseline -0.011 -17"><span class='ocrx_word' id='word_1_193' title='bbox 270 2277 391 2353; x_wconf 90' lang='lat' dir='ltr'>regulis</span> <span class='ocrx_word' id='word_1_194' title='bbox 412 2275 586 2353; x_wconf 87' lang='lat' dir='ltr'>edocendis,</span> <span class='ocrx_word' id='word_1_195' title='bbox 609 2274 831 2350; x_wconf 79' lang='lat' dir='ltr'>adstringatur,</span> <span class='ocrx_word' id='word_1_196' title='bbox 854 2279 884 2333; x_wconf 91' lang='lat' dir='ltr'>et</span> <span class='ocrx_word' id='word_1_197' title='bbox 913 2271 1020 2332; x_wconf 82' lang='lat' dir='ltr'>brien-</span> 
     </span>
     <span class='ocr_line' id='line_1_23' title="bbox 270 2367 1020 2444; baseline -0.008 -14"><span class='ocrx_word' id='word_1_198' title='bbox 270 2371 340 2430; x_wconf 91' lang='lat' dir='ltr'>talis</span> <span class='ocrx_word' id='word_1_199' title='bbox 366 2389 400 2431; x_wconf 86' lang='lat' dir='ltr'>ac</span> <span class='ocrx_word' id='word_1_200' title='bbox 418 2369 510 2429; x_wconf 90' lang='lat' dir='ltr'>latina</span> <span class='ocrx_word' id='word_1_201' title='bbox 539 2367 683 2440; x_wconf 87' lang='lat' dir='ltr'>Ecclesia,</span> <span class='ocrx_word' id='word_1_202' title='bbox 711 2375 868 2444; x_wconf 89' lang='lat' dir='ltr'>tamquam</span> <span class='ocrx_word' id='word_1_203' title='bbox 893 2379 954 2426; x_wconf 87' lang='grc' dir='ltr'>ιιιιι</span> <span class='ocrx_word' id='word_1_204' title='bbox 978 2371 1020 2424; x_wconf 93' lang='lat' dir='ltr'>at·</span> 
     </span>
     <span class='ocr_line' id='line_1_24' title="bbox 268 2459 1019 2542; baseline -0.011 -20"><span class='ocrx_word' id='word_1_205' title='bbox 268 2480 332 2542; x_wconf 87' lang='lat' dir='ltr'>que</span> <span class='ocrx_word' id='word_1_206' title='bbox 364 2463 453 2524; x_wconf 90' lang='lat' dir='ltr'>unica</span> <span class='ocrx_word' id='word_1_207' title='bbox 483 2462 620 2522; x_wconf 90' lang='lat' dir='ltr'>eiusdem</span> <span class='ocrx_word' id='word_1_208' title='bbox 649 2459 872 2538; x_wconf 79' lang='lat' dir='ltr'>patrisfamilias</span> <span class='ocrx_word' id='word_1_209' title='bbox 898 2460 1019 2530; x_wconf 90' lang='lat' dir='ltr'>domus,</span> 
     </span>
     <span class='ocr_line' id='line_1_25' title="bbox 268 2553 1022 2634; baseline -0.008 -16"><span class='ocrx_word' id='word_1_210' title='bbox 268 2558 431 2634; x_wconf 90' lang='lat' dir='ltr'>uniusque</span> <span class='ocrx_word' id='word_1_211' title='bbox 446 2557 516 2616; x_wconf 89' lang='lat' dir='ltr'>lidei</span> <span class='ocrx_word' id='word_1_212' title='bbox 537 2573 571 2616; x_wconf 90' lang='lat' dir='ltr'>ac</span> <span class='ocrx_word' id='word_1_213' title='bbox 594 2555 686 2616; x_wconf 90' lang='lat' dir='ltr'>moris</span> <span class='ocrx_word' id='word_1_214' title='bbox 708 2569 774 2614; x_wconf 89' lang='lat' dir='ltr'>esse</span> <span class='ocrx_word' id='word_1_215' title='bbox 797 2553 948 2612; x_wconf 88' lang='lat' dir='ltr'>rideatur.</span> <span class='ocrx_word' id='word_1_216' title='bbox 966 2553 1022 2612; x_wconf 69' lang='lat' dir='ltr'>bc-</span> 
     </span>
     <span class='ocr_line' id='line_1_26' title="bbox 264 2643 1020 2728; baseline -0.012 -16"><span class='ocrx_word' id='word_1_217' title='bbox 264 2651 366 2728; x_wconf 88' lang='lat' dir='ltr'>cipite</span> <span class='ocrx_word' id='word_1_218' title='bbox 382 2651 478 2726; x_wconf 89' lang='lat' dir='ltr'>igitur</span> <span class='ocrx_word' id='word_1_219' title='bbox 494 2648 603 2709; x_wconf 91' lang='lat' dir='ltr'>libenti</span> <span class='ocrx_word' id='word_1_220' title='bbox 617 2649 733 2720; x_wconf 91' lang='lat' dir='ltr'>animo,</span> <span class='ocrx_word' id='word_1_221' title='bbox 749 2662 822 2708; x_wconf 89' lang='lat' dir='ltr'>ven.</span> <span class='ocrx_word' id='word_1_222' title='bbox 841 2646 960 2717; x_wconf 76' lang='lat' dir='ltr'>iratres,</span> <span class='ocrx_word' id='word_1_223' title='bbox 977 2643 1020 2703; x_wconf 93' lang='lat' dir='ltr'>di-</span> 
     </span>
     <span class='ocr_line' id='line_1_27' title="bbox 267 2737 1021 2818; baseline -0.013 -13"><span class='ocrx_word' id='word_1_224' title='bbox 267 2745 342 2807; x_wconf 85' lang='lat' dir='ltr'>lecti</span> <span class='ocrx_word' id='word_1_225' title='bbox 375 2744 447 2818; x_wconf 91' lang='lat' dir='ltr'>tllii,</span> <span class='ocrx_word' id='word_1_226' title='bbox 478 2757 619 2803; x_wconf 85' lang='lat' dir='ltr'>noriuam</span> <span class='ocrx_word' id='word_1_227' title='bbox 651 2759 682 2801; x_wconf 91' lang='lat' dir='ltr'>ac</span> <span class='ocrx_word' id='word_1_228' title='bbox 712 2741 885 2802; x_wconf 80' lang='lat' dir='ltr'>doctrinam</span> <span class='ocrx_word' id='word_1_229' title='bbox 915 2737 1021 2799; x_wconf 90' lang='lat' dir='ltr'>matris</span> 
     </span>
     <span class='ocr_line' id='line_1_28' title="bbox 265 2831 1021 2912; baseline -0.008 -15"><span class='ocrx_word' id='word_1_230' title='bbox 265 2845 407 2912; x_wconf 86' lang='lat' dir='ltr'>vestrae,</span> <span class='ocrx_word' id='word_1_231' title='bbox 429 2845 551 2898; x_wconf 86' lang='lat' dir='ltr'>sanctae</span> <span class='ocrx_word' id='word_1_232' title='bbox 573 2833 715 2896; x_wconf 86' lang='lat' dir='ltr'>videlicet</span> <span class='ocrx_word' id='word_1_233' title='bbox 743 2833 897 2895; x_wconf 82' lang='lat' dir='ltr'>llornanae</span> <span class='ocrx_word' id='word_1_234' title='bbox 920 2831 1021 2892; x_wconf 85' lang='lat' dir='ltr'>Eccle-</span> 
     </span>
     <span class='ocr_line' id='line_1_29' title="bbox 263 2925 1021 3009; baseline -0.011 -17"><span class='ocrx_word' id='word_1_235' title='bbox 263 2932 345 3006; x_wconf 89' lang='lat' dir='ltr'>siae,</span> <span class='ocrx_word' id='word_1_236' title='bbox 369 2947 450 3009; x_wconf 92' lang='lat' dir='ltr'>quae</span> <span class='ocrx_word' id='word_1_237' title='bbox 470 2929 596 2990; x_wconf 90' lang='lat' dir='ltr'>salutari</span> <span class='ocrx_word' id='word_1_238' title='bbox 619 2928 725 3002; x_wconf 88' lang='lat' dir='ltr'>verbo,</span> <span class='ocrx_word' id='word_1_239' title='bbox 742 2941 939 3005; x_wconf 88' lang='lat' dir='ltr'>quocumque</span> <span class='ocrx_word' id='word_1_240' title='bbox 962 2925 1021 2985; x_wconf 90' lang='lat' dir='ltr'>late</span> 
     </span>
     <span class='ocr_line' id='line_1_30' title="bbox 265 3017 1021 3102; baseline -0.011 -17"><span class='ocrx_word' id='word_1_241' title='bbox 265 3033 355 3102; x_wconf 89' lang='lat' dir='ltr'>patet</span> <span class='ocrx_word' id='word_1_242' title='bbox 372 3023 431 3096; x_wconf 90' lang='lat' dir='ltr'>sol,</span> <span class='ocrx_word' id='word_1_243' title='bbox 449 3029 482 3084; x_wconf 96' lang='lat' dir='ltr'>ut</span> <span class='ocrx_word' id='word_1_244' title='bbox 497 3020 636 3083; x_wconf 89' lang='lat' dir='ltr'>universi</span> <span class='ocrx_word' id='word_1_245' title='bbox 653 3019 823 3096; x_wconf 80' lang='lat' dir='ltr'>praesidem</span> <span class='ocrx_word' id='word_1_246' title='bbox 846 3017 955 3078; x_wconf 88' lang='lat' dir='ltr'>mundi</span> <span class='ocrx_word' id='word_1_247' title='bbox 970 3017 1021 3077; x_wconf 92' lang='lat' dir='ltr'>do·</span> 
     </span>
     <span class='ocr_line' id='line_1_31' title="bbox 263 3110 1020 3193; baseline -0.013 -14"><span class='ocrx_word' id='word_1_248' title='bbox 263 3128 329 3193; x_wconf 90' lang='lat' dir='ltr'>cet,</span> <span class='ocrx_word' id='word_1_249' title='bbox 348 3132 459 3178; x_wconf 81' lang='lat' dir='ltr'>ornares</span> <span class='ocrx_word' id='word_1_250' title='bbox 476 3115 507 3175; x_wconf 90' lang='lat' dir='ltr'>in</span> <span class='ocrx_word' id='word_1_251' title='bbox 524 3113 641 3175; x_wconf 90' lang='lat' dir='ltr'>unitate</span> <span class='ocrx_word' id='word_1_252' title='bbox 663 3111 733 3172; x_wconf 89' lang='lat' dir='ltr'>lidei</span> <span class='ocrx_word' id='word_1_253' title='bbox 755 3112 908 3185; x_wconf 88' lang='lat' dir='ltr'>continet,</span> <span class='ocrx_word' id='word_1_254' title='bbox 925 3117 955 3170; x_wconf 90' lang='lat' dir='ltr'>et</span> <span class='ocrx_word' id='word_1_255' title='bbox 971 3110 1020 3170; x_wconf 91' lang='lat' dir='ltr'>de·</span> 
     </span>
     <span class='ocr_line' id='line_1_32' title="bbox 265 3204 1020 3285; baseline -0.011 -13"><span class='ocrx_word' id='word_1_256' title='bbox 265 3212 370 3274; x_wconf 82' lang='lat' dir='ltr'>uincit</span> <span class='ocrx_word' id='word_1_257' title='bbox 388 3209 548 3281; x_wconf 89' lang='lat' dir='ltr'>Ecclesias,</span> <span class='ocrx_word' id='word_1_258' title='bbox 561 3207 819 3285; x_wconf 81' lang='lat' dir='ltr'>quemadmodum</span> <span class='ocrx_word' id='word_1_259' title='bbox 834 3204 960 3280; x_wconf 89' lang='lat' dir='ltr'>egregie</span> <span class='ocrx_word' id='word_1_260' title='bbox 975 3205 1020 3266; x_wconf 93' lang='lat' dir='ltr'>in-</span> 
     </span>
     <span class='ocr_line' id='line_1_33' title="bbox 265 3299 1020 3384; baseline -0.011 -17"><span class='ocrx_word' id='word_1_261' title='bbox 265 3307 339 3384; x_wconf 92' lang='lat' dir='ltr'>quit</span> <span class='ocrx_word' id='word_1_262' title='bbox 362 3301 649 3382; x_wconf 88' lang='lat' dir='ltr'>splendidissimum</span> <span class='ocrx_word' id='word_1_263' title='bbox 673 3299 823 3362; x_wconf 85' lang='lat' dir='ltr'>Ecclesiae</span> <span class='ocrx_word' id='word_1_264' title='bbox 839 3307 959 3360; x_wconf 88' lang='lat' dir='ltr'>vestrae</span> <span class='ocrx_word' id='word_1_265' title='bbox 974 3299 1020 3360; x_wconf 95' lang='lat' dir='ltr'>lu·</span> 
     </span>
     <span class='ocr_line' id='line_1_34' title="bbox 265 3393 1021 3473; baseline -0.009 -13"><span class='ocrx_word' id='word_1_266' title='bbox 265 3415 343 3461; x_wconf 88' lang='lat' dir='ltr'>men</span> <span class='ocrx_word' id='word_1_267' title='bbox 368 3397 534 3473; x_wconf 83' lang='lat' dir='ltr'>Gregorius</span> <span class='ocrx_word' id='word_1_268' title='bbox 550 3395 775 3470; x_wconf 62' lang='lat' dir='ltr'>Nazianzenus</span> <span class='ocrx_word' id='word_1_269' title='bbox 794 3393 930 3472; x_wconf 77' lang='lat' dir='ltr'>Apostoli</span> <span class='ocrx_word' id='word_1_270' title='bbox 948 3410 1021 3454; x_wconf 90' lang='lat' dir='ltr'>voce</span> 
     </span>
     <span class='ocr_line' id='line_1_35' title="bbox 267 3488 1021 3565; baseline -0.013 -11"><span class='ocrx_word' id='word_1_271' title='bbox 267 3509 357 3554; x_wconf 89' lang='lat' dir='ltr'>nunc</span> <span class='ocrx_word' id='word_1_272' title='bbox 378 3507 431 3550; x_wconf 84' lang='lat' dir='ltr'>ros</span> <span class='ocrx_word' id='word_1_273' title='bbox 454 3491 615 3551; x_wconf 80' lang='lat' dir='ltr'>hortamur</span> <span class='ocrx_word' id='word_1_274' title='bbox 636 3497 726 3565; x_wconf 91' lang='lat' dir='ltr'>atque</span> <span class='ocrx_word' id='word_1_275' title='bbox 748 3488 943 3548; x_wconf 85' lang='lat' dir='ltr'>obsecramus</span> <span class='ocrx_word' id='word_1_276' title='bbox 967 3501 1021 3562; x_wconf 90' lang='lat' dir='ltr'>por</span> 
     </span>
     <span class='ocr_line' id='line_1_36' title="bbox 268 3569 1022 3652; baseline -0.009 -5"><span class='ocrx_word' id='word_1_277' title='bbox 268 3602 390 3648; x_wconf 84' lang='lat' dir='ltr'>riomen</span> <span class='ocrx_word' id='word_1_278' title='bbox 413 3583 531 3646; x_wconf 87' lang='lat' dir='ltr'>domini</span> <span class='ocrx_word' id='word_1_279' title='bbox 556 3569 654 3643; x_wconf 83' lang='lat' dir='ltr'>nostri</span> <span class='ocrx_word' id='word_1_280' title='bbox 681 3581 749 3641; x_wconf 91' lang='lat' dir='ltr'>lesu</span> <span class='ocrx_word' id='word_1_281' title='bbox 772 3580 898 3652; x_wconf 81' lang='lat' dir='ltr'>Christi,</span> <span class='ocrx_word' id='word_1_282' title='bbox 922 3585 956 3639; x_wconf 93' lang='lat' dir='ltr'>ut</span> <span class='ocrx_word' id='word_1_283' title='bbox 977 3579 1022 3640; x_wconf 91' lang='lat' dir='ltr'>id·</span> 
     </span>
    </p>
   </div>
   <div class='ocr_carea' id='block_1_7' title="bbox 270 3671 1050 3759">
    <p class='ocr_par' dir='ltr' id='par_1_7' title="bbox 270 3671 1050 3759">
     <span class='ocr_line' id='line_1_37' title="bbox 270 3671 1050 3759; baseline -0.014 -18"><span class='ocrx_word' id='word_1_284' title='bbox 270 3681 376 3759; x_wconf 88' lang='lat' dir='ltr'>ipsum</span> <span class='ocrx_word' id='word_1_285' title='bbox 399 3677 505 3740; x_wconf 91' lang='lat' dir='ltr'>dicatis</span> <span class='ocrx_word' id='word_1_286' title='bbox 527 3691 648 3748; x_wconf 87' lang='lat' dir='ltr'>onanes,</span> <span class='ocrx_word' id='word_1_287' title='bbox 665 3682 696 3736; x_wconf 93' lang='lat' dir='ltr'>et</span> <span class='ocrx_word' id='word_1_288' title='bbox 711 3690 774 3734; x_wconf 90' lang='lat' dir='ltr'>non</span> <span class='ocrx_word' id='word_1_289' title='bbox 796 3673 859 3733; x_wconf 91' lang='lat' dir='ltr'>siut</span> <span class='ocrx_word' id='word_1_290' title='bbox 881 3673 912 3732; x_wconf 94' lang='lat' dir='ltr'>in</span> <span class='ocrx_word' id='word_1_291' title='bbox 937 3671 1021 3731; x_wconf 90' lang='lat' dir='ltr'>vobis</span> <span class='ocrx_word' id='word_1_292' title='bbox 1048 3694 1050 3729; x_wconf 87' lang='lat' dir='ltr'>t</span> 
     </span>
    </p>
   </div>
   <div class='ocr_carea' id='block_1_8' title="bbox 268 3767 1022 4512">
    <p class='ocr_par' dir='ltr' id='par_1_8' title="bbox 268 3767 1022 4512">
     <span class='ocr_line' id='line_1_38' title="bbox 268 3767 1020 3846; baseline -0.015 -10"><span class='ocrx_word' id='word_1_293' title='bbox 268 3775 449 3845; x_wconf 78' lang='lat' dir='ltr'>schismata,</span> <span class='ocrx_word' id='word_1_294' title='bbox 472 3772 540 3831; x_wconf 90' lang='lat' dir='ltr'>sitis</span> <span class='ocrx_word' id='word_1_295' title='bbox 562 3779 668 3831; x_wconf 91' lang='lat' dir='ltr'>autem</span> <span class='ocrx_word' id='word_1_296' title='bbox 696 3768 823 3846; x_wconf 89' lang='lat' dir='ltr'>perlecti</span> <span class='ocrx_word' id='word_1_297' title='bbox 853 3767 883 3827; x_wconf 92' lang='lat' dir='ltr'>in</span> <span class='ocrx_word' id='word_1_298' title='bbox 912 3767 1020 3827; x_wconf 89' lang='lat' dir='ltr'>eodem</span> 
     </span>
     <span class='ocr_line' id='line_1_39' title="bbox 271 3859 1020 3942; baseline -0.013 -13"><span class='ocrx_word' id='word_1_299' title='bbox 271 3884 378 3942; x_wconf 90' lang='lat' dir='ltr'>sensu,</span> <span class='ocrx_word' id='word_1_300' title='bbox 392 3873 422 3926; x_wconf 91' lang='lat' dir='ltr'>et</span> <span class='ocrx_word' id='word_1_301' title='bbox 439 3867 471 3926; x_wconf 90' lang='lat' dir='ltr'>in</span> <span class='ocrx_word' id='word_1_302' title='bbox 487 3863 593 3925; x_wconf 90' lang='lat' dir='ltr'>eadem</span> <span class='ocrx_word' id='word_1_303' title='bbox 605 3863 797 3923; x_wconf 86' lang='lat' dir='ltr'>sententia...</span> <span class='ocrx_word' id='word_1_304' title='bbox 815 3869 936 3920; x_wconf 91' lang='lat' dir='ltr'>servate</span> <span class='ocrx_word' id='word_1_305' title='bbox 951 3859 1020 3920; x_wconf 93' lang='lat' dir='ltr'>uni-</span> 
     </span>
     <span class='ocr_line' id='line_1_40' title="bbox 274 3954 1021 4037; baseline -0.016 -14"><span class='ocrx_word' id='word_1_306' title='bbox 274 3969 368 4022; x_wconf 86' lang='lat' dir='ltr'>tatem</span> <span class='ocrx_word' id='word_1_307' title='bbox 397 3959 524 4037; x_wconf 91' lang='lat' dir='ltr'>spiritus</span> <span class='ocrx_word' id='word_1_308' title='bbox 552 3958 584 4017; x_wconf 92' lang='lat' dir='ltr'>iu</span> <span class='ocrx_word' id='word_1_309' title='bbox 608 3955 731 4016; x_wconf 90' lang='lat' dir='ltr'>vinculo</span> <span class='ocrx_word' id='word_1_310' title='bbox 753 3954 883 4032; x_wconf 83' lang='lat' dir='ltr'>pacis...</span> <span class='ocrx_word' id='word_1_311' title='bbox 912 3969 1021 4013; x_wconf 92' lang='lat' dir='ltr'>omnes</span> 
     </span>
     <span class='ocr_line' id='line_1_41' title="bbox 274 4047 1018 4132; baseline -0.013 -18"><span class='ocrx_word' id='word_1_312' title='bbox 274 4055 356 4116; x_wconf 90' lang='lat' dir='ltr'>idem</span> <span class='ocrx_word' id='word_1_313' title='bbox 370 4056 501 4132; x_wconf 87' lang='lat' dir='ltr'>sapiant,</span> <span class='ocrx_word' id='word_1_314' title='bbox 514 4051 654 4113; x_wconf 84' lang='lat' dir='ltr'>eamdem</span> <span class='ocrx_word' id='word_1_315' title='bbox 669 4049 846 4109; x_wconf 85' lang='lat' dir='ltr'>cbaritatem</span> <span class='ocrx_word' id='word_1_316' title='bbox 862 4047 1018 4107; x_wconf 76' lang='lat' dir='ltr'>trabentes.</span> 
     </span>
     <span class='ocr_line' id='line_1_42' title="bbox 274 4142 1021 4229; baseline -0.02 -13"><span class='ocrx_word' id='word_1_317' title='bbox 274 4155 425 4229; x_wconf 82' lang='lat' dir='ltr'>Quoniam</span> <span class='ocrx_word' id='word_1_318' title='bbox 447 4166 522 4212; x_wconf 86' lang='lat' dir='ltr'>vero</span> <span class='ocrx_word' id='word_1_319' title='bbox 551 4151 805 4228; x_wconf 87' lang='lat' dir='ltr'>praenuntiatum</span> <span class='ocrx_word' id='word_1_320' title='bbox 830 4151 876 4204; x_wconf 89' lang='lat' dir='ltr'>est</span> <span class='ocrx_word' id='word_1_321' title='bbox 898 4142 935 4202; x_wconf 92' lang='lat' dir='ltr'>ab</span> <span class='ocrx_word' id='word_1_322' title='bbox 958 4143 1021 4218; x_wconf 91' lang='lat' dir='ltr'>ipso</span> 
     </span>
     <span class='ocr_line' id='line_1_43' title="bbox 276 4245 1019 4315; baseline -0.013 -3"><span class='ocrx_word' id='word_1_323' title='bbox 276 4257 433 4313; x_wconf 87' lang='lat' dir='ltr'>servatore</span> <span class='ocrx_word' id='word_1_324' title='bbox 451 4258 554 4311; x_wconf 90' lang='lat' dir='ltr'>nostro</span> <span class='ocrx_word' id='word_1_325' title='bbox 569 4246 636 4307; x_wconf 89' lang='lat' dir='ltr'>lesu</span> <span class='ocrx_word' id='word_1_326' title='bbox 652 4245 786 4315; x_wconf 83' lang='lat' dir='ltr'>Christo,</span> <span class='ocrx_word' id='word_1_327' title='bbox 803 4259 927 4305; x_wconf 88' lang='lat' dir='ltr'>necesse</span> <span class='ocrx_word' id='word_1_328' title='bbox 941 4258 1019 4314; x_wconf 90' lang='lat' dir='ltr'>esse,</span> 
     </span>
     <span class='ocr_line' id='line_1_44' title="bbox 276 4343 1020 4416; baseline -0.011 -7"><span class='ocrx_word' id='word_1_329' title='bbox 276 4357 310 4408; x_wconf 89' lang='lat' dir='ltr'>at</span> <span class='ocrx_word' id='word_1_330' title='bbox 330 4343 470 4408; x_wconf 89' lang='lat' dir='ltr'>scandala</span> <span class='ocrx_word' id='word_1_331' title='bbox 493 4343 683 4414; x_wconf 79' lang='lat' dir='ltr'>exoriantur,</span> <span class='ocrx_word' id='word_1_332' title='bbox 707 4355 804 4416; x_wconf 91' lang='lat' dir='ltr'>quum</span> <span class='ocrx_word' id='word_1_333' title='bbox 832 4353 894 4399; x_wconf 92' lang='lat' dir='ltr'>non</span> <span class='ocrx_word' id='word_1_334' title='bbox 923 4349 1020 4401; x_wconf 86' lang='lat' dir='ltr'>cesset</span> 
     </span>
     <span class='ocr_line' id='line_1_45' title="bbox 278 4435 1022 4512; baseline -0.011 -8"><span class='ocrx_word' id='word_1_335' title='bbox 278 4442 420 4504; x_wconf 88' lang='lat' dir='ltr'>inimicus</span> <span class='ocrx_word' id='word_1_336' title='bbox 442 4442 535 4500; x_wconf 90' lang='lat' dir='ltr'>bomo</span> <span class='ocrx_word' id='word_1_337' title='bbox 556 4438 588 4498; x_wconf 93' lang='lat' dir='ltr'>in</span> <span class='ocrx_word' id='word_1_338' title='bbox 611 4452 684 4512; x_wconf 86' lang='lat' dir='ltr'>agro</span> <span class='ocrx_word' id='word_1_339' title='bbox 706 4435 867 4498; x_wconf 89' lang='lat' dir='ltr'>bomiuico</span> <span class='ocrx_word' id='word_1_340' title='bbox 882 4451 1022 4512; x_wconf 89' lang='lat' dir='ltr'>superse-</span> 
     </span>
    </p>
   </div>
   <div class='ocr_carea' id='block_1_9' title="bbox 1077 1905 1825 2260">
    <p class='ocr_par' dir='ltr' id='par_1_9' title="bbox 1077 1905 1825 2260">
     <span class='ocr_line' id='line_1_46' title="bbox 1077 1905 1825 1982; baseline 0 -16"><span class='ocrx_word' id='word_1_341' title='bbox 1077 1906 1219 1968; x_wconf 85' lang='lat' dir='ltr'>ertulere</span> <span class='ocrx_word' id='word_1_342' title='bbox 1234 1923 1373 1979; x_wconf 88' lang='lat' dir='ltr'>coronas,</span> <span class='ocrx_word' id='word_1_343' title='bbox 1390 1907 1425 1966; x_wconf 89' lang='lat' dir='ltr'>ad</span> <span class='ocrx_word' id='word_1_344' title='bbox 1442 1906 1524 1967; x_wconf 93' lang='lat' dir='ltr'>illam</span> <span class='ocrx_word' id='word_1_345' title='bbox 1541 1905 1650 1967; x_wconf 83' lang='lat' dir='ltr'>Sedent</span> <span class='ocrx_word' id='word_1_346' title='bbox 1667 1922 1725 1982; x_wconf 84' lang='lat' dir='ltr'>qam</span> <span class='ocrx_word' id='word_1_347' title='bbox 1742 1905 1825 1966; x_wconf 91' lang='lat' dir='ltr'>Prin-</span> 
     </span>
     <span class='ocr_line' id='line_1_47' title="bbox 1077 1998 1825 2077; baseline -0.003 -17"><span class='ocrx_word' id='word_1_348' title='bbox 1077 2017 1146 2077; x_wconf 86' lang='lat' dir='ltr'>ceps</span> <span class='ocrx_word' id='word_1_349' title='bbox 1161 1999 1378 2076; x_wconf 77' lang='lat' dir='ltr'>Apostolorum</span> <span class='ocrx_word' id='word_1_350' title='bbox 1397 1998 1515 2060; x_wconf 83' lang='lat' dir='ltr'>sederat</span> <span class='ocrx_word' id='word_1_351' title='bbox 1530 2001 1649 2072; x_wconf 88' lang='lat' dir='ltr'>Petrus,</span> <span class='ocrx_word' id='word_1_352' title='bbox 1666 1999 1713 2057; x_wconf 90' lang='lat' dir='ltr'>sui</span> <span class='ocrx_word' id='word_1_353' title='bbox 1729 2014 1825 2058; x_wconf 88' lang='lat' dir='ltr'>sacer-</span> 
     </span>
     <span class='ocr_line' id='line_1_48' title="bbox 1077 2091 1824 2170; baseline -0.004 -17"><span class='ocrx_word' id='word_1_354' title='bbox 1077 2092 1150 2154; x_wconf 89' lang='lat' dir='ltr'>dotii</span> <span class='ocrx_word' id='word_1_355' title='bbox 1162 2099 1284 2168; x_wconf 80' lang='lat' dir='ltr'>sarrepta</span> <span class='ocrx_word' id='word_1_356' title='bbox 1300 2093 1460 2170; x_wconf 88' lang='lat' dir='ltr'>principia,</span> <span class='ocrx_word' id='word_1_357' title='bbox 1475 2091 1583 2169; x_wconf 85' lang='lat' dir='ltr'>repleti</span> <span class='ocrx_word' id='word_1_358' title='bbox 1597 2091 1712 2154; x_wconf 85' lang='lat' dir='ltr'>Cbristi</span> <span class='ocrx_word' id='word_1_359' title='bbox 1728 2092 1824 2152; x_wconf 90' lang='lat' dir='ltr'>cbari-</span> 
     </span>
     <span class='ocr_line' id='line_1_49' title="bbox 1078 2185 1824 2260; baseline 0 -15"><span class='ocrx_word' id='word_1_360' title='bbox 1078 2193 1139 2246; x_wconf 90' lang='lat' dir='ltr'>tato</span> <span class='ocrx_word' id='word_1_361' title='bbox 1155 2187 1331 2259; x_wconf 86' lang='lat' dir='ltr'>mittebant,</span> <span class='ocrx_word' id='word_1_362' title='bbox 1347 2203 1418 2246; x_wconf 90' lang='lat' dir='ltr'>suae</span> <span class='ocrx_word' id='word_1_363' title='bbox 1441 2186 1510 2246; x_wconf 90' lang='lat' dir='ltr'>inde</span> <span class='ocrx_word' id='word_1_364' title='bbox 1531 2185 1693 2246; x_wconf 89' lang='lat' dir='ltr'>soliditatis</span> <span class='ocrx_word' id='word_1_365' title='bbox 1709 2185 1824 2260; x_wconf 87' lang='lat' dir='ltr'>gravis-</span> 
     </span>
    </p>
   </div>
   <div class='ocr_carea' id='block_1_10' title="bbox 1047 2279 1823 2356">
    <p class='ocr_par' dir='ltr' id='par_1_10' title="bbox 1047 2279 1823 2356">
     <span class='ocr_line' id='line_1_50' title="bbox 1047 2279 1823 2356; baseline 0 -18"><span class='ocrx_word' id='word_1_366' title='bbox 1047 2304 1049 2319; x_wconf 81' lang='lat'><em>=</em></span> <span class='ocrx_word' id='word_1_367' title='bbox 1076 2296 1151 2340; x_wconf 90' lang='lat' dir='ltr'>suna</span> <span class='ocrx_word' id='word_1_368' title='bbox 1166 2279 1319 2339; x_wconf 82' lang='lat' dir='ltr'>firmitatis</span> <span class='ocrx_word' id='word_1_369' title='bbox 1331 2279 1548 2340; x_wconf 81' lang='lat' dir='ltr'>roboramenta</span> <span class='ocrx_word' id='word_1_370' title='bbox 1561 2286 1729 2356; x_wconf 86' lang='lat' dir='ltr'>poscentes.</span> <span class='ocrx_word' id='word_1_371' title='bbox 1740 2279 1823 2352; x_wconf 87' lang='lat' dir='ltr'>Quod</span> 
     </span>
    </p>
   </div>
   <div class='ocr_carea' id='block_1_11' title="bbox 1076 2371 1875 4504">
    <p class='ocr_par' dir='ltr' id='par_1_11' title="bbox 1076 2371 1875 4504">
     <span class='ocr_line' id='line_1_51' title="bbox 1078 2371 1825 2450; baseline -0.003 -17"><span class='ocrx_word' id='word_1_372' title='bbox 1078 2373 1202 2450; x_wconf 89' lang='lat' dir='ltr'>quidem</span> <span class='ocrx_word' id='word_1_373' title='bbox 1225 2388 1324 2450; x_wconf 92' lang='lat' dir='ltr'>quum</span> <span class='ocrx_word' id='word_1_374' title='bbox 1346 2383 1466 2433; x_wconf 89' lang='lat' dir='ltr'>certum</span> <span class='ocrx_word' id='word_1_375' title='bbox 1489 2373 1653 2434; x_wconf 86' lang='lat' dir='ltr'>laabcamus</span> <span class='ocrx_word' id='word_1_376' title='bbox 1683 2371 1766 2445; x_wconf 89' lang='lat' dir='ltr'>lore,</span> <span class='ocrx_word' id='word_1_377' title='bbox 1791 2379 1825 2431; x_wconf 92' lang='lat' dir='ltr'>ut</span> 
     </span>
     <span class='ocr_line' id='line_1_52' title="bbox 1078 2465 1824 2543; baseline 0 -17"><span class='ocrx_word' id='word_1_378' title='bbox 1078 2467 1202 2541; x_wconf 86' lang='lat' dir='ltr'>egregie</span> <span class='ocrx_word' id='word_1_379' title='bbox 1233 2467 1409 2543; x_wconf 87' lang='lat' dir='ltr'>praestetis,</span> <span class='ocrx_word' id='word_1_380' title='bbox 1443 2465 1601 2526; x_wconf 80' lang='lat' dir='ltr'>vicissima</span> <span class='ocrx_word' id='word_1_381' title='bbox 1632 2485 1647 2526; x_wconf 94' lang='grc' dir='ltr'>ι</span> <span class='ocrx_word' id='word_1_382' title='bbox 1677 2466 1765 2528; x_wconf 91' lang='lat' dir='ltr'>nobis</span> <span class='ocrx_word' id='word_1_383' title='bbox 1794 2477 1824 2526; x_wconf 89' lang='lat' dir='ltr'>et</span> 
     </span>
     <span class='ocr_line' id='line_1_53' title="bbox 1078 2559 1825 2638; baseline 0.003 -20"><span class='ocrx_word' id='word_1_384' title='bbox 1078 2559 1192 2634; x_wconf 89' lang='lat' dir='ltr'>gratiae</span> <span class='ocrx_word' id='word_1_385' title='bbox 1224 2568 1346 2620; x_wconf 90' lang='lat' dir='ltr'>nostrae</span> <span class='ocrx_word' id='word_1_386' title='bbox 1375 2567 1570 2635; x_wconf 87' lang='lat' dir='ltr'>argumenta,</span> <span class='ocrx_word' id='word_1_387' title='bbox 1591 2567 1623 2620; x_wconf 90' lang='lat' dir='ltr'>et</span> <span class='ocrx_word' id='word_1_388' title='bbox 1644 2559 1825 2638; x_wconf 87' lang='lat' dir='ltr'>apostolicae</span> 
     </span>
     <span class='ocr_line' id='line_1_54' title="bbox 1078 2651 1824 2728; baseline -0.001 -15"><span class='ocrx_word' id='word_1_389' title='bbox 1078 2653 1288 2728; x_wconf 87' lang='lat' dir='ltr'>indulgentiae</span> <span class='ocrx_word' id='word_1_390' title='bbox 1316 2669 1348 2712; x_wconf 87' lang='lat' dir='ltr'>ac</span> <span class='ocrx_word' id='word_1_391' title='bbox 1372 2651 1527 2713; x_wconf 84' lang='lat' dir='ltr'>charitatis</span> <span class='ocrx_word' id='word_1_392' title='bbox 1556 2651 1704 2712; x_wconf 83' lang='lat' dir='ltr'>beneficia</span> <span class='ocrx_word' id='word_1_393' title='bbox 1733 2667 1824 2728; x_wconf 79' lang='lat' dir='ltr'>erpe-</span> 
     </span>
     <span class='ocr_line' id='line_1_55' title="bbox 1077 2745 1824 2822; baseline -0.004 -15"><span class='ocrx_word' id='word_1_394' title='bbox 1077 2752 1166 2807; x_wconf 87' lang='lat' dir='ltr'>ctate.</span> <span class='ocrx_word' id='word_1_395' title='bbox 1191 2745 1316 2806; x_wconf 90' lang='lat' dir='ltr'>interim</span> <span class='ocrx_word' id='word_1_396' title='bbox 1348 2746 1444 2806; x_wconf 87' lang='lat' dir='ltr'>ileum</span> <span class='ocrx_word' id='word_1_397' title='bbox 1468 2747 1626 2822; x_wconf 80' lang='lat' dir='ltr'>Optimum</span> <span class='ocrx_word' id='word_1_398' title='bbox 1654 2745 1824 2806; x_wconf 79' lang='lat' dir='ltr'>Maximum</span> 
     </span>
     <span class='ocr_line' id='line_1_56' title="bbox 1078 2837 1824 2914; baseline -0.003 -16"><span class='ocrx_word' id='word_1_399' title='bbox 1078 2839 1169 2899; x_wconf 78' lang='lat' dir='ltr'>enine</span> <span class='ocrx_word' id='word_1_400' title='bbox 1200 2837 1444 2914; x_wconf 90' lang='lat' dir='ltr'>deprecabimur,</span> <span class='ocrx_word' id='word_1_401' title='bbox 1480 2847 1512 2898; x_wconf 91' lang='lat' dir='ltr'>ut</span> <span class='ocrx_word' id='word_1_402' title='bbox 1544 2854 1596 2898; x_wconf 90' lang='lat' dir='ltr'>vos</span> <span class='ocrx_word' id='word_1_403' title='bbox 1623 2837 1824 2914; x_wconf 81' lang='lat' dir='ltr'>ecclesiasque</span> 
     </span>
     <span class='ocr_line' id='line_1_57' title="bbox 1079 2930 1824 3009; baseline -0.001 -19"><span class='ocrx_word' id='word_1_404' title='bbox 1079 2941 1205 3006; x_wconf 89' lang='lat' dir='ltr'>vestras,</span> <span class='ocrx_word' id='word_1_405' title='bbox 1229 2941 1383 3009; x_wconf 88' lang='lat' dir='ltr'>tamquam</span> <span class='ocrx_word' id='word_1_406' title='bbox 1410 2930 1576 2992; x_wconf 83' lang='lat' dir='ltr'>catholicae</span> <span class='ocrx_word' id='word_1_407' title='bbox 1598 2930 1757 3007; x_wconf 87' lang='lat' dir='ltr'>religionis</span> <span class='ocrx_word' id='word_1_408' title='bbox 1779 2947 1824 2989; x_wconf 92' lang='lat' dir='ltr'>ar-</span> 
     </span>
     <span class='ocr_line' id='line_1_58' title="bbox 1078 3022 1825 3103; baseline -0.003 -17"><span class='ocrx_word' id='word_1_409' title='bbox 1078 3041 1126 3086; x_wconf 89' lang='lat' dir='ltr'>cos</span> <span class='ocrx_word' id='word_1_410' title='bbox 1144 3031 1174 3086; x_wconf 92' lang='lat' dir='ltr'>et</span> <span class='ocrx_word' id='word_1_411' title='bbox 1190 3025 1261 3086; x_wconf 85' lang='lat' dir='ltr'>fidei</span> <span class='ocrx_word' id='word_1_412' title='bbox 1278 3024 1454 3084; x_wconf 83' lang='lat' dir='ltr'>firmissima</span> <span class='ocrx_word' id='word_1_413' title='bbox 1470 3022 1710 3103; x_wconf 86' lang='lat' dir='ltr'>propugnacula,</span> <span class='ocrx_word' id='word_1_414' title='bbox 1724 3024 1825 3084; x_wconf 87' lang='grc' dir='ltr'>ιιιιιι-</span> 
     </span>
     <span class='ocr_line' id='line_1_59' title="bbox 1078 3119 1826 3197; baseline -0.003 -17"><span class='ocrx_word' id='word_1_415' title='bbox 1078 3119 1212 3197; x_wconf 89' lang='lat' dir='ltr'>potentis</span> <span class='ocrx_word' id='word_1_416' title='bbox 1233 3121 1378 3179; x_wconf 76' lang='lat' dir='ltr'>dexterae</span> <span class='ocrx_word' id='word_1_417' title='bbox 1392 3135 1465 3180; x_wconf 90' lang='lat' dir='ltr'>suae</span> <span class='ocrx_word' id='word_1_418' title='bbox 1484 3119 1606 3178; x_wconf 81' lang='lat' dir='ltr'>bracmo</span> <span class='ocrx_word' id='word_1_419' title='bbox 1631 3124 1765 3192; x_wconf 86' lang='lat' dir='ltr'>tueatur,</span> <span class='ocrx_word' id='word_1_420' title='bbox 1782 3125 1826 3178; x_wconf 90' lang='lat' dir='ltr'>at-</span> 
     </span>
     <span class='ocr_line' id='line_1_60' title="bbox 1078 3211 1875 3290; baseline 0 -18"><span class='ocrx_word' id='word_1_421' title='bbox 1078 3229 1138 3290; x_wconf 91' lang='lat' dir='ltr'>quo</span> <span class='ocrx_word' id='word_1_422' title='bbox 1160 3212 1314 3273; x_wconf 83' lang='lat' dir='ltr'>lortisrcet.</span> <span class='ocrx_word' id='word_1_423' title='bbox 1331 3212 1440 3274; x_wconf 91' lang='lat' dir='ltr'>Parem</span> <span class='ocrx_word' id='word_1_424' title='bbox 1466 3218 1568 3272; x_wconf 88' lang='lat' dir='ltr'>tamen</span> <span class='ocrx_word' id='word_1_425' title='bbox 1591 3211 1677 3272; x_wconf 91' lang='lat' dir='ltr'>nobis</span> <span class='ocrx_word' id='word_1_426' title='bbox 1696 3212 1824 3286; x_wconf 89' lang='lat' dir='ltr'>gratiam</span> <span class='ocrx_word' id='word_1_427' title='bbox 1872 3233 1875 3242; x_wconf 91' lang='grc'>·</span> 
     </span>
     <span class='ocr_line' id='line_1_61' title="bbox 1079 3305 1825 3384; baseline 0.001 -19"><span class='ocrx_word' id='word_1_428' title='bbox 1079 3307 1260 3381; x_wconf 87' lang='lat' dir='ltr'>relerentes,</span> <span class='ocrx_word' id='word_1_429' title='bbox 1283 3322 1356 3366; x_wconf 87' lang='lat' dir='ltr'>ven.</span> <span class='ocrx_word' id='word_1_430' title='bbox 1381 3305 1502 3379; x_wconf 89' lang='lat' dir='ltr'>iratres,</span> <span class='ocrx_word' id='word_1_431' title='bbox 1526 3306 1639 3366; x_wconf 88' lang='lat' dir='ltr'>vestris</span> <span class='ocrx_word' id='word_1_432' title='bbox 1667 3322 1722 3366; x_wconf 75' lang='lat' dir='ltr'>aros</span> <span class='ocrx_word' id='word_1_433' title='bbox 1746 3307 1825 3384; x_wconf 90' lang='lat' dir='ltr'>apud</span> 
     </span>
     <span class='ocr_line' id='line_1_62' title="bbox 1078 3396 1826 3475; baseline -0.003 -17"><span class='ocrx_word' id='word_1_434' title='bbox 1078 3399 1174 3458; x_wconf 86' lang='lat' dir='ltr'>beura</span> <span class='ocrx_word' id='word_1_435' title='bbox 1203 3398 1344 3474; x_wconf 89' lang='lat' dir='ltr'>precibus</span> <span class='ocrx_word' id='word_1_436' title='bbox 1372 3396 1604 3471; x_wconf 88' lang='lat' dir='ltr'>commendate,</span> <span class='ocrx_word' id='word_1_437' title='bbox 1636 3408 1670 3458; x_wconf 93' lang='lat' dir='ltr'>ut</span> <span class='ocrx_word' id='word_1_438' title='bbox 1692 3397 1745 3475; x_wconf 90' lang='lat' dir='ltr'>qui</span> <span class='ocrx_word' id='word_1_439' title='bbox 1769 3412 1826 3456; x_wconf 83' lang='lat' dir='ltr'>aros</span> 
     </span>
     <span class='ocr_line' id='line_1_63' title="bbox 1076 3490 1825 3568; baseline -0.003 -16"><span class='ocrx_word' id='word_1_440' title='bbox 1076 3507 1210 3567; x_wconf 90' lang='lat' dir='ltr'>superna</span> <span class='ocrx_word' id='word_1_441' title='bbox 1231 3509 1284 3552; x_wconf 94' lang='lat' dir='ltr'>sua</span> <span class='ocrx_word' id='word_1_442' title='bbox 1306 3491 1527 3568; x_wconf 86' lang='lat' dir='ltr'>dispensatione</span> <span class='ocrx_word' id='word_1_443' title='bbox 1545 3490 1582 3550; x_wconf 91' lang='lat' dir='ltr'>ab</span> <span class='ocrx_word' id='word_1_444' title='bbox 1596 3491 1752 3568; x_wconf 92' lang='lat' dir='ltr'>apostolici</span> <span class='ocrx_word' id='word_1_445' title='bbox 1768 3491 1825 3551; x_wconf 91' lang='lat' dir='ltr'>mi-</span> 
     </span>
     <span class='ocr_line' id='line_1_64' title="bbox 1078 3584 1825 3664; baseline 0 -19"><span class='ocrx_word' id='word_1_446' title='bbox 1078 3586 1197 3646; x_wconf 92' lang='lat' dir='ltr'>nisterii</span> <span class='ocrx_word' id='word_1_447' title='bbox 1220 3585 1346 3646; x_wconf 90' lang='lat' dir='ltr'>eulmen</span> <span class='ocrx_word' id='word_1_448' title='bbox 1368 3585 1484 3658; x_wconf 81' lang='lat' dir='ltr'>evexit,</span> <span class='ocrx_word' id='word_1_449' title='bbox 1509 3584 1550 3644; x_wconf 88' lang='lat' dir='ltr'>ita</span> <span class='ocrx_word' id='word_1_450' title='bbox 1571 3585 1664 3645; x_wconf 88' lang='lat' dir='ltr'>etiarn</span> <span class='ocrx_word' id='word_1_451' title='bbox 1693 3601 1745 3664; x_wconf 86' lang='lat' dir='ltr'>spa</span> <span class='ocrx_word' id='word_1_452' title='bbox 1769 3585 1825 3645; x_wconf 90' lang='lat' dir='ltr'>mi·</span> 
     </span>
     <span class='ocr_line' id='line_1_65' title="bbox 1077 3677 1823 3753; baseline -0.001 -15"><span class='ocrx_word' id='word_1_453' title='bbox 1077 3677 1241 3740; x_wconf 89' lang='lat' dir='ltr'>sericordia</span> <span class='ocrx_word' id='word_1_454' title='bbox 1263 3695 1296 3739; x_wconf 90' lang='lat' dir='ltr'>ac</span> <span class='ocrx_word' id='word_1_455' title='bbox 1317 3677 1507 3752; x_wconf 88' lang='lat' dir='ltr'>benignitate</span> <span class='ocrx_word' id='word_1_456' title='bbox 1530 3679 1631 3738; x_wconf 89' lang='lat' dir='ltr'>loreat</span> <span class='ocrx_word' id='word_1_457' title='bbox 1653 3695 1685 3738; x_wconf 92' lang='lat' dir='ltr'>ac</span> <span class='ocrx_word' id='word_1_458' title='bbox 1700 3677 1823 3753; x_wconf 89' lang='lat' dir='ltr'>dirigat,</span> 
     </span>
     <span class='ocr_line' id='line_1_66' title="bbox 1078 3772 1825 3849; baseline -0.004 -15"><span class='ocrx_word' id='word_1_459' title='bbox 1078 3779 1112 3834; x_wconf 90' lang='lat' dir='ltr'>ut</span> <span class='ocrx_word' id='word_1_460' title='bbox 1136 3774 1166 3833; x_wconf 92' lang='lat' dir='ltr'>in</span> <span class='ocrx_word' id='word_1_461' title='bbox 1189 3774 1243 3834; x_wconf 84' lang='lat' dir='ltr'>liae</span> <span class='ocrx_word' id='word_1_462' title='bbox 1266 3782 1444 3832; x_wconf 88' lang='lat' dir='ltr'>nostrorum</span> <span class='ocrx_word' id='word_1_463' title='bbox 1469 3779 1646 3849; x_wconf 89' lang='lat' dir='ltr'>temporum</span> <span class='ocrx_word' id='word_1_464' title='bbox 1677 3772 1825 3849; x_wconf 88' lang='lat' dir='ltr'>pravitate</span> 
     </span>
     <span class='ocr_line' id='line_1_67' title="bbox 1078 3863 1824 3943; baseline -0.005 -17"><span class='ocrx_word' id='word_1_465' title='bbox 1078 3866 1162 3927; x_wconf 82' lang='lat' dir='ltr'>trulla</span> <span class='ocrx_word' id='word_1_466' title='bbox 1194 3865 1317 3928; x_wconf 84' lang='lat' dir='ltr'>fidelem</span> <span class='ocrx_word' id='word_1_467' title='bbox 1348 3863 1498 3943; x_wconf 91' lang='lat' dir='ltr'>populum</span> <span class='ocrx_word' id='word_1_468' title='bbox 1530 3863 1655 3926; x_wconf 87' lang='lat' dir='ltr'>subdola</span> <span class='ocrx_word' id='word_1_469' title='bbox 1687 3863 1824 3925; x_wconf 89' lang='lat' dir='ltr'>doctrina</span> 
     </span>
     <span class='ocr_line' id='line_1_68' title="bbox 1076 3956 1826 4036; baseline -0.005 -16"><span class='ocrx_word' id='word_1_470' title='bbox 1076 3963 1248 4032; x_wconf 83' lang='lat' dir='ltr'>subvertat,</span> <span class='ocrx_word' id='word_1_471' title='bbox 1272 3958 1357 4019; x_wconf 90' lang='lat' dir='ltr'>nulla</span> <span class='ocrx_word' id='word_1_472' title='bbox 1385 3956 1567 4036; x_wconf 88' lang='lat' dir='ltr'>apostolicae</span> <span class='ocrx_word' id='word_1_473' title='bbox 1592 3956 1826 4032; x_wconf 84' lang='lat' dir='ltr'>praedicationis</span> 
     </span>
     <span class='ocr_line' id='line_1_69' title="bbox 1076 4050 1824 4122; baseline -0.008 -8"><span class='ocrx_word' id='word_1_474' title='bbox 1076 4053 1247 4114; x_wconf 87' lang='lat' dir='ltr'>claritatem</span> <span class='ocrx_word' id='word_1_475' title='bbox 1275 4051 1436 4113; x_wconf 89' lang='lat' dir='ltr'>obnubilet</span> <span class='ocrx_word' id='word_1_476' title='bbox 1465 4052 1626 4111; x_wconf 88' lang='lat' dir='ltr'>temeraria</span> <span class='ocrx_word' id='word_1_477' title='bbox 1655 4050 1824 4122; x_wconf 89' lang='lat' dir='ltr'>contentio,</span> 
     </span>
     <span class='ocr_line' id='line_1_70' title="bbox 1076 4143 1825 4219; baseline -0.005 -13"><span class='ocrx_word' id='word_1_478' title='bbox 1076 4149 1128 4206; x_wconf 88' lang='lat' dir='ltr'>sed</span> <span class='ocrx_word' id='word_1_479' title='bbox 1151 4146 1292 4208; x_wconf 84' lang='lat' dir='ltr'>coelestis</span> <span class='ocrx_word' id='word_1_480' title='bbox 1316 4145 1449 4206; x_wconf 89' lang='lat' dir='ltr'>eruditio</span> <span class='ocrx_word' id='word_1_481' title='bbox 1471 4143 1550 4205; x_wconf 90' lang='lat' dir='ltr'>sicut</span> <span class='ocrx_word' id='word_1_482' title='bbox 1573 4159 1626 4219; x_wconf 90' lang='lat' dir='ltr'>per</span> <span class='ocrx_word' id='word_1_483' title='bbox 1648 4143 1680 4203; x_wconf 94' lang='lat' dir='ltr'>B.</span> <span class='ocrx_word' id='word_1_484' title='bbox 1699 4143 1825 4203; x_wconf 87' lang='lat' dir='ltr'>Petrum</span> 
     </span>
     <span class='ocr_line' id='line_1_71' title="bbox 1077 4235 1828 4317; baseline -0.008 -15"><span class='ocrx_word' id='word_1_485' title='bbox 1077 4243 1114 4302; x_wconf 92' lang='lat' dir='ltr'>ab</span> <span class='ocrx_word' id='word_1_486' title='bbox 1140 4240 1203 4317; x_wconf 92' lang='lat' dir='ltr'>ipsa</span> <span class='ocrx_word' id='word_1_487' title='bbox 1235 4239 1364 4299; x_wconf 88' lang='lat' dir='ltr'>veritate</span> <span class='ocrx_word' id='word_1_488' title='bbox 1394 4244 1533 4314; x_wconf 89' lang='lat' dir='ltr'>suscepta</span> <span class='ocrx_word' id='word_1_489' title='bbox 1564 4235 1716 4314; x_wconf 89' lang='lat' dir='ltr'>nobisque</span> <span class='ocrx_word' id='word_1_490' title='bbox 1744 4251 1828 4297; x_wconf 93' lang='lat' dir='ltr'>com-</span> 
     </span>
     <span class='ocr_line' id='line_1_72' title="bbox 1078 4329 1828 4406; baseline -0.008 -11"><span class='ocrx_word' id='word_1_491' title='bbox 1078 4336 1167 4396; x_wconf 89' lang='lat' dir='ltr'>missa</span> <span class='ocrx_word' id='word_1_492' title='bbox 1188 4341 1246 4406; x_wconf 89' lang='lat' dir='ltr'>est,</span> <span class='ocrx_word' id='word_1_493' title='bbox 1270 4331 1309 4392; x_wconf 94' lang='lat' dir='ltr'>ita</span> <span class='ocrx_word' id='word_1_494' title='bbox 1332 4331 1468 4392; x_wconf 85' lang='lat' dir='ltr'>eiusdem</span> <span class='ocrx_word' id='word_1_495' title='bbox 1497 4329 1736 4406; x_wconf 79' lang='lat' dir='ltr'>suffragantibus</span> <span class='ocrx_word' id='word_1_496' title='bbox 1762 4347 1828 4390; x_wconf 92' lang='lat' dir='ltr'>me-</span> 
     </span>
     <span class='ocr_line' id='line_1_73' title="bbox 1076 4423 1826 4504; baseline -0.008 -14"><span class='ocrx_word' id='word_1_497' title='bbox 1076 4430 1144 4490; x_wconf 94' lang='lat' dir='ltr'>ritis</span> <span class='ocrx_word' id='word_1_498' title='bbox 1159 4444 1214 4504; x_wconf 89' lang='lat' dir='ltr'>per</span> <span class='ocrx_word' id='word_1_499' title='bbox 1228 4426 1413 4488; x_wconf 88' lang='lat' dir='ltr'>universum</span> <span class='ocrx_word' id='word_1_500' title='bbox 1429 4424 1542 4486; x_wconf 81' lang='lat' dir='ltr'>Orbem</span> <span class='ocrx_word' id='word_1_501' title='bbox 1561 4423 1742 4484; x_wconf 88' lang='lat' dir='ltr'>intemerata</span> <span class='ocrx_word' id='word_1_502' title='bbox 1758 4439 1826 4500; x_wconf 92' lang='lat' dir='ltr'>per-</span> 
     </span>
    </p>
   </div>
   <div class='ocr_carea' id='block_1_12' title="bbox 278 4517 1826 5360">
    <p class='ocr_par' dir='ltr' id='par_1_12' title="bbox 279 4517 1826 4891">
     <span class='ocr_line' id='line_1_74' title="bbox 279 4517 1825 4607; baseline -0.014 -9"><span class='ocrx_word' id='word_1_503' title='bbox 279 4537 392 4598; x_wconf 90' lang='lat' dir='ltr'>minare</span> <span class='ocrx_word' id='word_1_504' title='bbox 408 4533 537 4606; x_wconf 87' lang='lat' dir='ltr'>zizania,</span> <span class='ocrx_word' id='word_1_505' title='bbox 553 4547 593 4592; x_wconf 91' lang='lat' dir='ltr'>ne</span> <span class='ocrx_word' id='word_1_506' title='bbox 608 4545 662 4591; x_wconf 91' lang='lat' dir='ltr'>vos</span> <span class='ocrx_word' id='word_1_507' title='bbox 684 4530 715 4591; x_wconf 93' lang='lat' dir='ltr'>in</span> <span class='ocrx_word' id='word_1_508' title='bbox 739 4537 819 4591; x_wconf 88' lang='lat' dir='ltr'>tanta</span> <span class='ocrx_word' id='word_1_509' title='bbox 843 4530 1020 4607; x_wconf 89' lang='lat' dir='ltr'>obstrepen-</span> <span class='ocrx_word' id='word_1_510' title='bbox 1047 4534 1050 4571; x_wconf 76' lang='lat' dir='ltr'>t</span> <span class='ocrx_word' id='word_1_511' title='bbox 1078 4525 1179 4585; x_wconf 91' lang='lat' dir='ltr'>duret.</span> <span class='ocrx_word' id='word_1_512' title='bbox 1205 4519 1298 4582; x_wconf 85' lang='lat' dir='ltr'>Vobis</span> <span class='ocrx_word' id='word_1_513' title='bbox 1320 4519 1446 4579; x_wconf 88' lang='lat' dir='ltr'>demum</span> <span class='ocrx_word' id='word_1_514' title='bbox 1468 4517 1627 4590; x_wconf 91' lang='lat' dir='ltr'>omnibus,</span> <span class='ocrx_word' id='word_1_515' title='bbox 1643 4517 1825 4594; x_wconf 91' lang='lat' dir='ltr'>cunctisque</span> 
     </span>
     <span class='ocr_line' id='line_1_75' title="bbox 280 4609 1824 4704; baseline -0.016 -11"><span class='ocrx_word' id='word_1_516' title='bbox 280 4631 354 4693; x_wconf 91' lang='lat' dir='ltr'>tium</span> <span class='ocrx_word' id='word_1_517' title='bbox 376 4633 551 4700; x_wconf 86' lang='lat' dir='ltr'>haeresum,</span> <span class='ocrx_word' id='word_1_518' title='bbox 574 4642 651 4704; x_wconf 92' lang='lat' dir='ltr'>quae</span> <span class='ocrx_word' id='word_1_519' title='bbox 676 4623 846 4687; x_wconf 86' lang='lat' dir='ltr'>Orientales</span> <span class='ocrx_word' id='word_1_520' title='bbox 874 4623 1021 4686; x_wconf 76' lang='lat' dir='ltr'>Ecclesiae</span> <span class='ocrx_word' id='word_1_521' title='bbox 1078 4614 1196 4694; x_wconf 89' lang='lat' dir='ltr'>populis</span> <span class='ocrx_word' id='word_1_522' title='bbox 1218 4620 1338 4674; x_wconf 90' lang='lat' dir='ltr'>vestrae</span> <span class='ocrx_word' id='word_1_523' title='bbox 1357 4610 1499 4688; x_wconf 91' lang='lat' dir='ltr'>pastorali</span> <span class='ocrx_word' id='word_1_524' title='bbox 1521 4626 1612 4671; x_wconf 87' lang='lat' dir='ltr'>curae</span> <span class='ocrx_word' id='word_1_525' title='bbox 1628 4609 1824 4685; x_wconf 88' lang='lat' dir='ltr'>concreditis,</span> 
     </span>
     <span class='ocr_line' id='line_1_76' title="bbox 280 4704 1826 4799; baseline -0.014 -15"><span class='ocrx_word' id='word_1_526' title='bbox 280 4732 388 4786; x_wconf 77' lang='lat' dir='ltr'>velant</span> <span class='ocrx_word' id='word_1_527' title='bbox 416 4729 508 4799; x_wconf 89' lang='lat' dir='ltr'>atque</span> <span class='ocrx_word' id='word_1_528' title='bbox 537 4720 698 4792; x_wconf 87' lang='lat' dir='ltr'>dilaniant,</span> <span class='ocrx_word' id='word_1_529' title='bbox 729 4717 878 4780; x_wconf 87' lang='lat' dir='ltr'>discordia</span> <span class='ocrx_word' id='word_1_530' title='bbox 899 4737 931 4780; x_wconf 88' lang='lat' dir='ltr'>ac</span> <span class='ocrx_word' id='word_1_531' title='bbox 953 4735 1021 4796; x_wconf 79' lang='lat' dir='ltr'>per·</span> <span class='ocrx_word' id='word_1_532' title='bbox 1078 4708 1276 4788; x_wconf 88' lang='lat' dir='ltr'>apostolicam</span> <span class='ocrx_word' id='word_1_533' title='bbox 1293 4705 1538 4766; x_wconf 89' lang='lat' dir='ltr'>benedictionem</span> <span class='ocrx_word' id='word_1_534' title='bbox 1556 4711 1753 4782; x_wconf 89' lang='lat' dir='ltr'>peramanter</span> <span class='ocrx_word' id='word_1_535' title='bbox 1770 4704 1826 4764; x_wconf 90' lang='lat' dir='ltr'>im·</span> 
     </span>
     <span class='ocr_line' id='line_1_77' title="bbox 281 4802 1241 4891; baseline -0.01 -12"><span class='ocrx_word' id='word_1_536' title='bbox 281 4817 452 4879; x_wconf 86' lang='lat' dir='ltr'>turbatione</span> <span class='ocrx_word' id='word_1_537' title='bbox 479 4813 616 4891; x_wconf 87' lang='lat' dir='ltr'>pertralri</span> <span class='ocrx_word' id='word_1_538' title='bbox 644 4827 784 4888; x_wconf 86' lang='lat' dir='ltr'>uuquam</span> <span class='ocrx_word' id='word_1_539' title='bbox 813 4811 959 4872; x_wconf 91' lang='lat' dir='ltr'>sinamini</span> <span class='ocrx_word' id='word_1_540' title='bbox 988 4813 1021 4873; x_wconf 93' lang='lat' dir='ltr'>in</span> <span class='ocrx_word' id='word_1_541' title='bbox 1078 4802 1241 4882; x_wconf 71' lang='lat' dir='ltr'>pellimur·-</span> 
     </span>
    </p>

    <p class='ocr_par' dir='ltr' id='par_1_13' title="bbox 278 4889 1824 5261">
     <span class='ocr_line' id='line_1_78' title="bbox 280 4889 1822 4989; baseline -0.014 -15"><span class='ocrx_word' id='word_1_542' title='bbox 280 4913 407 4989; x_wconf 91' lang='lat' dir='ltr'>lapidem</span> <span class='ocrx_word' id='word_1_543' title='bbox 429 4908 609 4971; x_wconf 89' lang='lat' dir='ltr'>ollensionis</span> <span class='ocrx_word' id='word_1_544' title='bbox 630 4917 660 4969; x_wconf 90' lang='lat' dir='ltr'>et</span> <span class='ocrx_word' id='word_1_545' title='bbox 682 4915 801 4984; x_wconf 87' lang='lat' dir='ltr'>petram</span> <span class='ocrx_word' id='word_1_546' title='bbox 823 4905 968 4980; x_wconf 88' lang='lat' dir='ltr'>scandali,</span> <span class='ocrx_word' id='word_1_547' title='bbox 985 4906 1020 4966; x_wconf 88' lang='lat' dir='ltr'>ad</span> <span class='ocrx_word' id='word_1_548' title='bbox 1118 4898 1227 4958; x_wconf 87' lang='lat' dir='ltr'>Datum</span> <span class='ocrx_word' id='word_1_549' title='bbox 1243 4894 1357 4955; x_wconf 87' lang='lat' dir='ltr'>Romae</span> <span class='ocrx_word' id='word_1_550' title='bbox 1372 4891 1449 4971; x_wconf 89' lang='lat' dir='ltr'>apud</span> <span class='ocrx_word' id='word_1_551' title='bbox 1466 4889 1497 4952; x_wconf 90' lang='lat' dir='ltr'>S.</span> <span class='ocrx_word' id='word_1_552' title='bbox 1514 4892 1654 4966; x_wconf 90' lang='lat' dir='ltr'>Petrum,</span> <span class='ocrx_word' id='word_1_553' title='bbox 1670 4891 1719 4953; x_wconf 91' lang='lat' dir='ltr'>die</span> <span class='ocrx_word' id='word_1_554' title='bbox 1735 4908 1822 4953; x_wconf 83' lang='lat' dir='ltr'>xxiv.</span> 
     </span>
     <span class='ocr_line' id='line_1_79' title="bbox 278 4985 1824 5084; baseline -0.012 -18"><span class='ocrx_word' id='word_1_555' title='bbox 278 5007 357 5068; x_wconf 86' lang='lat' dir='ltr'>illam</span> <span class='ocrx_word' id='word_1_556' title='bbox 378 5011 511 5084; x_wconf 90' lang='lat' dir='ltr'>petram,</span> <span class='ocrx_word' id='word_1_557' title='bbox 526 5017 620 5079; x_wconf 91' lang='lat' dir='ltr'>super</span> <span class='ocrx_word' id='word_1_558' title='bbox 641 5016 733 5078; x_wconf 90' lang='lat' dir='ltr'>quam</span> <span class='ocrx_word' id='word_1_559' title='bbox 753 4999 876 5060; x_wconf 87' lang='lat' dir='ltr'>ecclesia</span> <span class='ocrx_word' id='word_1_560' title='bbox 898 4997 1021 5061; x_wconf 88' lang='lat' dir='ltr'>lundata</span> <span class='ocrx_word' id='word_1_561' title='bbox 1048 5032 1050 5041; x_wconf 74' lang='lat'><em>=</em></span> <span class='ocrx_word' id='word_1_562' title='bbox 1079 4991 1149 5052; x_wconf 90' lang='lat' dir='ltr'>maii</span> <span class='ocrx_word' id='word_1_563' title='bbox 1178 5003 1410 5050; x_wconf 80' lang='lat' dir='ltr'>uocoaxxsvn.</span> <span class='ocrx_word' id='word_1_564' title='bbox 1435 4985 1632 5063; x_wconf 85' lang='lat' dir='ltr'>pontificatus</span> <span class='ocrx_word' id='word_1_565' title='bbox 1654 4988 1751 5048; x_wconf 90' lang='lat' dir='ltr'>nostri</span> <span class='ocrx_word' id='word_1_566' title='bbox 1772 5004 1824 5048; x_wconf 90' lang='lat' dir='ltr'>an·</span> 
     </span>
     <span class='ocr_line' id='line_1_80' title="bbox 279 5093 1212 5177; baseline -0.02 -16"><span class='ocrx_word' id='word_1_567' title='bbox 279 5109 331 5175; x_wconf 88' lang='lat' dir='ltr'>est,</span> <span class='ocrx_word' id='word_1_568' title='bbox 347 5099 517 5176; x_wconf 86' lang='lat' dir='ltr'>coniugite,</span> <span class='ocrx_word' id='word_1_569' title='bbox 534 5097 623 5158; x_wconf 88' lang='lat' dir='ltr'>Petro</span> <span class='ocrx_word' id='word_1_570' title='bbox 643 5094 799 5168; x_wconf 84' lang='lat' dir='ltr'>videlicet,</span> <span class='ocrx_word' id='word_1_571' title='bbox 815 5101 907 5171; x_wconf 88' lang='lat' dir='ltr'>atque</span> <span class='ocrx_word' id='word_1_572' title='bbox 927 5093 963 5154; x_wconf 91' lang='lat' dir='ltr'>ab</span> <span class='ocrx_word' id='word_1_573' title='bbox 985 5110 1020 5154; x_wconf 89' lang='lat' dir='ltr'>eo</span> <span class='ocrx_word' id='word_1_574' title='bbox 1048 5144 1050 5177; x_wconf 60' lang='grc' dir='ltr'>Ι</span> <span class='ocrx_word' id='word_1_575' title='bbox 1078 5101 1119 5146; x_wconf 91' lang='lat' dir='ltr'>uo</span> <span class='ocrx_word' id='word_1_576' title='bbox 1141 5099 1212 5144; x_wconf 84' lang='lat' dir='ltr'>xiii.</span> 
     </span>
     <span class='ocr_line' id='line_1_81' title="bbox 278 5187 1021 5261; baseline -0.009 -6"><span class='ocrx_word' id='word_1_577' title='bbox 278 5194 460 5258; x_wconf 89' lang='lat' dir='ltr'>constitutae</span> <span class='ocrx_word' id='word_1_578' title='bbox 474 5192 630 5253; x_wconf 85' lang='lat' dir='ltr'>Romanae</span> <span class='ocrx_word' id='word_1_579' title='bbox 645 5188 809 5261; x_wconf 90' lang='lat' dir='ltr'>Ecclesiae,</span> <span class='ocrx_word' id='word_1_580' title='bbox 825 5187 958 5248; x_wconf 82' lang='lat' dir='ltr'>firmiter</span> <span class='ocrx_word' id='word_1_581' title='bbox 971 5187 1021 5248; x_wconf 90' lang='lat' dir='ltr'>ad·</span> 
     </span>
    </p>

    <p class='ocr_par' dir='ltr' id='par_1_14' title="bbox 279 5279 1020 5360">
     <span class='ocr_line' id='line_1_82' title="bbox 279 5279 1020 5360; baseline -0.009 -12"><span class='ocrx_word' id='word_1_582' title='bbox 279 5289 409 5360; x_wconf 89' lang='lat' dir='ltr'>baerete,</span> <span class='ocrx_word' id='word_1_583' title='bbox 432 5285 602 5348; x_wconf 88' lang='lat' dir='ltr'>arctissimo</span> <span class='ocrx_word' id='word_1_584' title='bbox 624 5299 694 5345; x_wconf 89' lang='lat' dir='ltr'>cum</span> <span class='ocrx_word' id='word_1_585' title='bbox 715 5298 750 5342; x_wconf 88' lang='lat' dir='ltr'>ea</span> <span class='ocrx_word' id='word_1_586' title='bbox 776 5283 845 5343; x_wconf 84' lang='lat' dir='ltr'>fidei</span> <span class='ocrx_word' id='word_1_587' title='bbox 871 5298 904 5342; x_wconf 89' lang='lat' dir='ltr'>ac</span> <span class='ocrx_word' id='word_1_588' title='bbox 925 5279 1020 5342; x_wconf 89' lang='lat' dir='ltr'>cbari-</span> 
     </span>
    </p>
   </div>
   <div class='ocr_carea' id='block_1_13' title="bbox 278 5375 1022 5826">
    <p class='ocr_par' dir='ltr' id='par_1_15' title="bbox 278 5375 1022 5826">
     <span class='ocr_line' id='line_1_83' title="bbox 280 5375 1020 5448; baseline -0.012 -6"><span class='ocrx_word' id='word_1_589' title='bbox 280 5381 343 5442; x_wconf 92' lang='lat' dir='ltr'>tatis</span> <span class='ocrx_word' id='word_1_590' title='bbox 364 5379 489 5440; x_wconf 86' lang='lat' dir='ltr'>loedere</span> <span class='ocrx_word' id='word_1_591' title='bbox 509 5375 739 5440; x_wconf 90' lang='lat' dir='ltr'>consociamini.</span> <span class='ocrx_word' id='word_1_592' title='bbox 764 5375 827 5437; x_wconf 91' lang='lat' dir='ltr'>Cur</span> <span class='ocrx_word' id='word_1_593' title='bbox 848 5375 946 5448; x_wconf 92' lang='lat' dir='ltr'>enim,</span> <span class='ocrx_word' id='word_1_594' title='bbox 970 5375 1020 5434; x_wconf 91' lang='lat' dir='ltr'>iis-</span> 
     </span>
     <span class='ocr_line' id='line_1_84' title="bbox 278 5467 1022 5546; baseline -0.007 -14"><span class='ocrx_word' id='word_1_595' title='bbox 278 5473 343 5534; x_wconf 89' lang='lat' dir='ltr'>dem</span> <span class='ocrx_word' id='word_1_596' title='bbox 365 5473 469 5534; x_wconf 89' lang='lat' dir='ltr'>verbis</span> <span class='ocrx_word' id='word_1_597' title='bbox 485 5487 539 5530; x_wconf 89' lang='lat' dir='ltr'>vos</span> <span class='ocrx_word' id='word_1_598' title='bbox 553 5469 754 5546; x_wconf 85' lang='lat' dir='ltr'>alloquimur,</span> <span class='ocrx_word' id='word_1_599' title='bbox 771 5467 1022 5546; x_wconf 84' lang='lat' dir='ltr'>quibusP1·aede·</span> 
     </span>
     <span class='ocr_line' id='line_1_85' title="bbox 278 5559 1021 5628; baseline -0.009 -2"><span class='ocrx_word' id='word_1_600' title='bbox 278 5583 373 5628; x_wconf 89' lang='lat' dir='ltr'>cessor</span> <span class='ocrx_word' id='word_1_601' title='bbox 395 5571 501 5626; x_wconf 92' lang='lat' dir='ltr'>noster</span> <span class='ocrx_word' id='word_1_602' title='bbox 518 5562 549 5625; x_wconf 88' lang='lat' dir='ltr'>S.</span> <span class='ocrx_word' id='word_1_603' title='bbox 567 5562 705 5626; x_wconf 85' lang='lat' dir='ltr'>Celusius</span> <span class='ocrx_word' id='word_1_604' title='bbox 719 5563 753 5622; x_wconf 92' lang='lat' dir='ltr'>ad</span> <span class='ocrx_word' id='word_1_605' title='bbox 769 5559 934 5621; x_wconf 86' lang='lat' dir='ltr'>orientales</span> <span class='ocrx_word' id='word_1_606' title='bbox 948 5559 1021 5621; x_wconf 91' lang='lat' dir='ltr'>scri-</span> 
     </span>
     <span class='ocr_line' id='line_1_86' title="bbox 279 5653 1019 5732; baseline -0.008 -10"><span class='ocrx_word' id='word_1_607' title='bbox 279 5661 349 5722; x_wconf 91' lang='lat' dir='ltr'>bens</span> <span class='ocrx_word' id='word_1_608' title='bbox 364 5677 439 5721; x_wconf 90' lang='lat' dir='ltr'>usus</span> <span class='ocrx_word' id='word_1_609' title='bbox 454 5665 512 5732; x_wconf 88' lang='lat' dir='ltr'>est,</span> <span class='ocrx_word' id='word_1_610' title='bbox 527 5674 583 5720; x_wconf 92' lang='lat' dir='ltr'>cur</span> <span class='ocrx_word' id='word_1_611' title='bbox 597 5655 682 5718; x_wconf 89' lang='lat' dir='ltr'>enim</span> <span class='ocrx_word' id='word_1_612' title='bbox 698 5653 821 5716; x_wconf 86' lang='lat' dir='ltr'>Domini</span> <span class='ocrx_word' id='word_1_613' title='bbox 837 5655 934 5715; x_wconf 89' lang='lat' dir='ltr'>nostri</span> <span class='ocrx_word' id='word_1_614' title='bbox 952 5653 1019 5716; x_wconf 90' lang='lat' dir='ltr'>lesu</span> 
     </span>
     <span class='ocr_line' id='line_1_87' title="bbox 279 5747 1021 5826; baseline -0.013 -10"><span class='ocrx_word' id='word_1_615' title='bbox 279 5754 387 5816; x_wconf 85' lang='lat' dir='ltr'>Christi</span> <span class='ocrx_word' id='word_1_616' title='bbox 403 5753 438 5814; x_wconf 88' lang='lat' dir='ltr'>ad</span> <span class='ocrx_word' id='word_1_617' title='bbox 455 5754 581 5813; x_wconf 88' lang='lat' dir='ltr'>Petrum</span> <span class='ocrx_word' id='word_1_618' title='bbox 598 5760 660 5812; x_wconf 90' lang='lat' dir='ltr'>tam</span> <span class='ocrx_word' id='word_1_619' title='bbox 675 5749 820 5826; x_wconf 77' lang='lat' dir='ltr'>frequens</span> <span class='ocrx_word' id='word_1_620' title='bbox 834 5763 936 5808; x_wconf 88' lang='lat' dir='ltr'>sermo</span> <span class='ocrx_word' id='word_1_621' title='bbox 948 5747 1021 5808; x_wconf 92' lang='lat' dir='ltr'>diri-</span> 
     </span>
    </p>
   </div>
   <div class='ocr_carea' id='block_1_14' title="bbox 1395 5365 1502 5428">
    <p class='ocr_par' dir='ltr' id='par_1_16' title="bbox 1395 5365 1502 5428">
     <span class='ocr_line' id='line_1_88' title="bbox 1395 5365 1502 5428; baseline -0.037 -2"><span class='ocrx_word' id='word_1_622' title='bbox 1395 5365 1502 5428; x_wconf 82' lang='lat' dir='ltr'>ttttlt.</span> 
     </span>
    </p>
   </div>
   <div class='ocr_carea' id='block_1_15' title="bbox 1078 5549 1825 5822">
    <p class='ocr_par' dir='ltr' id='par_1_17' title="bbox 1078 5549 1825 5822">
     <span class='ocr_line' id='line_1_89' title="bbox 1078 5549 1822 5622; baseline -0.012 -3"><span class='ocrx_word' id='word_1_623' title='bbox 1078 5555 1242 5622; x_wconf 78' lang='lat' dir='ltr'>b&#39;oouotto</span> <span class='ocrx_word' id='word_1_624' title='bbox 1264 5552 1473 5622; x_wconf 80' lang='lat' dir='ltr'>artoatirstcriu,</span> <span class='ocrx_word' id='word_1_625' title='bbox 1497 5553 1708 5613; x_wconf 75' lang='lat' dir='ltr'>carrio-reicolas</span> <span class='ocrx_word' id='word_1_626' title='bbox 1730 5557 1761 5611; x_wconf 87' lang='lat' dir='ltr'>et</span> <span class='ocrx_word' id='word_1_627' title='bbox 1777 5549 1822 5612; x_wconf 88' lang='lat' dir='ltr'>be-</span> 
     </span>
     <span class='ocr_line' id='line_1_90' title="bbox 1116 5645 1825 5730; baseline -0.01 -19"><span class='ocrx_word' id='word_1_628' title='bbox 1116 5651 1228 5730; x_wconf 83' lang='lat' dir='ltr'>neficio</span> <span class='ocrx_word' id='word_1_629' title='bbox 1260 5647 1457 5710; x_wconf 78' lang='lat' dir='ltr'>cathedralis</span> <span class='ocrx_word' id='word_1_630' title='bbox 1490 5645 1679 5706; x_wconf 72' lang='lat' dir='ltr'>balernensis</span> <span class='ocrx_word' id='word_1_631' title='bbox 1714 5645 1747 5704; x_wconf 86' lang='grc' dir='ltr'>ιιι</span> <span class='ocrx_word' id='word_1_632' title='bbox 1779 5661 1825 5704; x_wconf 85' lang='lat' dir='ltr'>sc-</span> 
     </span>
     <span class='ocr_line' id='line_1_91' title="bbox 1117 5738 1825 5822; baseline -0.008 -18"><span class='ocrx_word' id='word_1_633' title='bbox 1117 5742 1332 5822; x_wconf 85' lang='lat' dir='ltr'>pteotrioncli</span> <span class='ocrx_word' id='word_1_634' title='bbox 1361 5746 1452 5818; x_wconf 82' lang='lat' dir='ltr'>pctrtc</span> <span class='ocrx_word' id='word_1_635' title='bbox 1482 5739 1644 5802; x_wconf 81' lang='lat' dir='ltr'>Ataiericoe</span> <span class='ocrx_word' id='word_1_636' title='bbox 1675 5738 1825 5799; x_wconf 75' lang='lat' dir='ltr'>meredio-</span> 
     </span>
    </p>
   </div>
   <div class='ocr_carea' id='block_1_16' title="bbox 277 5830 1824 6020">
    <p class='ocr_par' dir='ltr' id='par_1_18' title="bbox 277 5830 1824 6020">
     <span class='ocr_line' id='line_1_92' title="bbox 278 5830 1824 5922; baseline -0.01 -15"><span class='ocrx_word' id='word_1_637' title='bbox 278 5847 379 5922; x_wconf 87' lang='lat' dir='ltr'>giturl</span> <span class='ocrx_word' id='word_1_638' title='bbox 401 5845 635 5922; x_wconf 87' lang='lat' dir='ltr'>Numquidnam</span> <span class='ocrx_word' id='word_1_639' title='bbox 653 5842 765 5920; x_wconf 89' lang='lat' dir='ltr'>reliqui</span> <span class='ocrx_word' id='word_1_640' title='bbox 780 5842 878 5902; x_wconf 88' lang='lat' dir='ltr'>saneti</span> <span class='ocrx_word' id='word_1_641' title='bbox 893 5857 926 5902; x_wconf 89' lang='lat' dir='ltr'>ac</span> <span class='ocrx_word' id='word_1_642' title='bbox 940 5841 1020 5902; x_wconf 90' lang='lat' dir='ltr'>beati</span> <span class='ocrx_word' id='word_1_643' title='bbox 1117 5837 1202 5898; x_wconf 81' lang='lat' dir='ltr'>acatis</span> <span class='ocrx_word' id='word_1_644' title='bbox 1224 5835 1401 5913; x_wconf 83' lang='lat' dir='ltr'>supprimit</span> <span class='ocrx_word' id='word_1_645' title='bbox 1423 5839 1452 5895; x_wconf 84' lang='lat' dir='ltr'>et</span> <span class='ocrx_word' id='word_1_646' title='bbox 1474 5831 1555 5896; x_wconf 79' lang='lat' dir='ltr'>boam</span> <span class='ocrx_word' id='word_1_647' title='bbox 1576 5830 1751 5893; x_wconf 67' lang='lat' dir='ltr'>concinnato</span> <span class='ocrx_word' id='word_1_648' title='bbox 1774 5849 1824 5892; x_wconf 85' lang='grc' dir='ltr'>ιιι·-</span> 
     </span>
     <span class='ocr_line' id='line_1_93' title="bbox 277 5932 1237 6020; baseline -0.016 -17"><span class='ocrx_word' id='word_1_649' title='bbox 277 5939 410 6020; x_wconf 77' lang='lat' dir='ltr'>Apostoli</span> <span class='ocrx_word' id='word_1_650' title='bbox 426 5954 489 6000; x_wconf 92' lang='lat' dir='ltr'>non</span> <span class='ocrx_word' id='word_1_651' title='bbox 508 5945 598 5998; x_wconf 89' lang='lat' dir='ltr'>erant</span> <span class='ocrx_word' id='word_1_652' title='bbox 612 5936 707 5998; x_wconf 90' lang='lat' dir='ltr'>simili</span> <span class='ocrx_word' id='word_1_653' title='bbox 724 5935 840 5997; x_wconf 88' lang='lat' dir='ltr'>virtute</span> <span class='ocrx_word' id='word_1_654' title='bbox 854 5933 1021 5996; x_wconf 85' lang='lat' dir='ltr'>succinctil</span> <span class='ocrx_word' id='word_1_655' title='bbox 1116 5932 1237 6010; x_wconf 78' lang='lat' dir='ltr'>siqaaot.</span> 
     </span>
    </p>
   </div>
   <div class='ocr_carea' id='block_1_17' title="bbox 0 0 2396 6964">
    <p class='ocr_par' dir='ltr' id='par_1_19' title="bbox 0 0 2396 6964">
     <span class='ocr_line' id='line_1_94' title="bbox 0 0 2396 6964; baseline 0 0"><span class='ocrx_word' id='word_1_656' title='bbox 0 0 2396 6964; x_wconf 95' lang='lat' dir='ltr'> </span> 
     </span>
    </p>
   </div>
  </div>
 </body>
</html>
