<?xml version="1.0" encoding="UTF-8"?>
<!DOCTYPE html PUBLIC "-//W3C//DTD XHTML 1.0 Transitional//EN"
    "http://www.w3.org/TR/xhtml1/DTD/xhtml1-transitional.dtd">
<html xmlns="http://www.w3.org/1999/xhtml" xml:lang="en" lang="en">
 <head>
  <title>
</title>
<meta http-equiv="Content-Type" content="text/html;charset=utf-8" />
  <meta name='ocr-system' content='tesseract 3.04.00' />
  <meta name='ocr-capabilities' content='ocr_page ocr_carea ocr_par ocr_line ocrx_word'/>
</head>
<body>
  <div class='ocr_page' id='page_1' title='image "./iurispontificii00martgoog_0183.png"; bbox 0 0 4754 6966; ppageno 0'>
   <div class='ocr_carea' id='block_1_1' title="bbox 359 535 659 602">
    <p class='ocr_par' dir='ltr' id='par_1_1' title="bbox 359 535 659 602">
     <span class='ocr_line' id='line_1_1' title="bbox 359 535 659 602; baseline 0.013 -14"><span class='ocrx_word' id='word_1_1' title='bbox 359 535 414 590; x_wconf 77' lang='lat' dir='ltr'><strong>An.</strong></span> <span class='ocrx_word' id='word_1_2' title='bbox 428 538 459 590; x_wconf 84' lang='lat'><strong>0.</strong></span> <span class='ocrx_word' id='word_1_3' title='bbox 482 537 548 592; x_wconf 77' lang='lat' dir='ltr'><strong>titt</strong></span> <span class='ocrx_word' id='word_1_4' title='bbox 603 535 659 602; x_wconf 76' lang='lat'><strong>176</strong></span> 
     </span>
    </p>
   </div>
   <div class='ocr_carea' id='block_1_2' title="bbox 734 723 1169 796">
    <p class='ocr_par' dir='ltr' id='par_1_2' title="bbox 734 723 1169 796">
     <span class='ocr_line' id='line_1_2' title="bbox 734 723 1169 796; baseline 0.005 -4"><span class='ocrx_word' id='word_1_5' title='bbox 734 723 917 796; x_wconf 70' lang='lat' dir='ltr'><strong>titheus</strong></span> <span class='ocrx_word' id='word_1_6' title='bbox 949 723 1169 796; x_wconf 67' lang='lat' dir='ltr'><strong>[piscosus</strong></span> 
     </span>
    </p>
   </div>
   <div class='ocr_carea' id='block_1_3' title="bbox 700 914 1204 1118">
    <p class='ocr_par' dir='ltr' id='par_1_3' title="bbox 700 914 1204 1118">
     <span class='ocr_line' id='line_1_3' title="bbox 767 914 1140 994; baseline 0 -12"><span class='ocrx_word' id='word_1_7' title='bbox 767 930 875 983; x_wconf 82' lang='lat' dir='ltr'><strong>servos</strong></span> <span class='ocrx_word' id='word_1_8' title='bbox 897 931 1050 983; x_wconf 86' lang='lat' dir='ltr'><strong>servorum</strong></span> <span class='ocrx_word' id='word_1_9' title='bbox 1077 914 1140 994; x_wconf 83' lang='lat' dir='ltr'><strong>liei,</strong></span> 
     </span>
     <span class='ocr_line' id='line_1_4' title="bbox 700 1033 1204 1118; baseline -0.006 -18"><span class='ocrx_word' id='word_1_10' title='bbox 700 1033 737 1101; x_wconf 88' lang='lat' dir='ltr'><strong>ad</strong></span> <span class='ocrx_word' id='word_1_11' title='bbox 759 1039 932 1118; x_wconf 86' lang='lat' dir='ltr'><strong>perpetuam</strong></span> <span class='ocrx_word' id='word_1_12' title='bbox 955 1035 998 1102; x_wconf 88' lang='lat' dir='ltr'><strong>rei</strong></span> <span class='ocrx_word' id='word_1_13' title='bbox 1024 1035 1204 1102; x_wconf 78' lang='lat' dir='ltr'><strong>memoriam.</strong></span> 
     </span>
    </p>
   </div>
   <div class='ocr_carea' id='block_1_4' title="bbox 352 1238 1330 3374">
    <p class='ocr_par' dir='ltr' id='par_1_4' title="bbox 352 1238 1330 3374">
     <span class='ocr_line' id='line_1_5' title="bbox 378 1238 1328 1318; baseline 0.004 -22"><span class='ocrx_word' id='word_1_14' title='bbox 378 1251 545 1298; x_wconf 74' lang='lat' dir='ltr'><strong>prooemium.</strong></span> <span class='ocrx_word' id='word_1_15' title='bbox 623 1238 742 1300; x_wconf 85' lang='lat' dir='ltr'><strong>Eximia</strong></span> <span class='ocrx_word' id='word_1_16' title='bbox 765 1239 916 1316; x_wconf 84' lang='lat' dir='ltr'><strong>regalium</strong></span> <span class='ocrx_word' id='word_1_17' title='bbox 938 1239 1116 1318; x_wconf 82' lang='lat' dir='ltr'><strong>principum</strong></span> <span class='ocrx_word' id='word_1_18' title='bbox 1132 1256 1204 1317; x_wconf 82' lang='lat' dir='ltr'><strong>erga</strong></span> <span class='ocrx_word' id='word_1_19' title='bbox 1226 1241 1328 1302; x_wconf 90' lang='lat' dir='ltr'><strong>catho-</strong></span> 
     </span>
     <span class='ocr_line' id='line_1_6' title="bbox 584 1328 1328 1412; baseline 0.004 -23"><span class='ocrx_word' id='word_1_20' title='bbox 584 1328 674 1392; x_wconf 89' lang='lat' dir='ltr'><strong>licam</strong></span> <span class='ocrx_word' id='word_1_21' title='bbox 698 1333 789 1394; x_wconf 81' lang='lat' dir='ltr'><strong>sidem</strong></span> <span class='ocrx_word' id='word_1_22' title='bbox 810 1331 970 1394; x_wconf 75' lang='lat' dir='ltr'><strong>sinceritas</strong></span> <span class='ocrx_word' id='word_1_23' title='bbox 991 1339 1023 1394; x_wconf 89' lang='lat' dir='ltr'><strong>et</strong></span> <span class='ocrx_word' id='word_1_24' title='bbox 1045 1333 1179 1408; x_wconf 87' lang='lat' dir='ltr'><strong>devotio,</strong></span> <span class='ocrx_word' id='word_1_25' title='bbox 1199 1350 1257 1412; x_wconf 92' lang='lat' dir='ltr'><strong>qua</strong></span> <span class='ocrx_word' id='word_1_26' title='bbox 1273 1332 1328 1412; x_wconf 89' lang='lat' dir='ltr'><strong>ipsi</strong></span> 
     </span>
     <span class='ocr_line' id='line_1_7' title="bbox 584 1422 1328 1502; baseline 0.005 -20"><span class='ocrx_word' id='word_1_27' title='bbox 584 1422 616 1484; x_wconf 93' lang='lat' dir='ltr'><strong>in</strong></span> <span class='ocrx_word' id='word_1_28' title='bbox 639 1423 795 1502; x_wconf 89' lang='lat' dir='ltr'><strong>apostolici</strong></span> <span class='ocrx_word' id='word_1_29' title='bbox 817 1425 908 1487; x_wconf 91' lang='lat' dir='ltr'><strong>ovilis</strong></span> <span class='ocrx_word' id='word_1_30' title='bbox 928 1425 1078 1499; x_wconf 90' lang='lat' dir='ltr'><strong>unionem</strong></span> <span class='ocrx_word' id='word_1_31' title='bbox 1100 1435 1131 1488; x_wconf 93' lang='lat' dir='ltr'><strong>et</strong></span> <span class='ocrx_word' id='word_1_32' title='bbox 1147 1426 1328 1487; x_wconf 86' lang='lat' dir='ltr'><strong>firmitatem</strong></span> 
     </span>
     <span class='ocr_line' id='line_1_8' title="bbox 390 1515 1328 1597; baseline 0.002 -22"><span class='ocrx_word' id='word_1_33' title='bbox 390 1517 409 1550; x_wconf 75' lang='lat'>⁸</span> <span class='ocrx_word' id='word_1_34' title='bbox 583 1515 675 1576; x_wconf 91' lang='lat' dir='ltr'><strong>etiam</strong></span> <span class='ocrx_word' id='word_1_35' title='bbox 697 1533 769 1578; x_wconf 83' lang='lat' dir='ltr'><strong>cirin</strong></span> <span class='ocrx_word' id='word_1_36' title='bbox 791 1517 907 1596; x_wconf 93' lang='lat' dir='ltr'><strong>proprii</strong></span> <span class='ocrx_word' id='word_1_37' title='bbox 931 1517 1041 1597; x_wconf 91' lang='lat' dir='ltr'><strong>peculii</strong></span> <span class='ocrx_word' id='word_1_38' title='bbox 1073 1517 1232 1596; x_wconf 91' lang='lat' dir='ltr'><strong>impendio</strong></span> <span class='ocrx_word' id='word_1_39' title='bbox 1253 1517 1328 1580; x_wconf 89' lang='lat' dir='ltr'><strong>eniti</strong></span> 
     </span>
     <span class='ocr_line' id='line_1_9' title="bbox 583 1611 1326 1687; baseline 0.001 -18"><span class='ocrx_word' id='word_1_40' title='bbox 583 1619 760 1687; x_wconf 89' lang='lat' dir='ltr'><strong>procurant,</strong></span> <span class='ocrx_word' id='word_1_41' title='bbox 784 1611 825 1671; x_wconf 89' lang='lat' dir='ltr'><strong>lta</strong></span> <span class='ocrx_word' id='word_1_42' title='bbox 855 1620 946 1687; x_wconf 80' lang='lat' dir='ltr'><strong>urget</strong></span> <span class='ocrx_word' id='word_1_43' title='bbox 971 1629 1023 1673; x_wconf 92' lang='lat' dir='ltr'><strong>cor</strong></span> <span class='ocrx_word' id='word_1_44' title='bbox 1053 1619 1211 1686; x_wconf 91' lang='lat' dir='ltr'><strong>nostrum,</strong></span> <span class='ocrx_word' id='word_1_45' title='bbox 1236 1619 1270 1672; x_wconf 95' lang='lat' dir='ltr'><strong>ut</strong></span> <span class='ocrx_word' id='word_1_46' title='bbox 1291 1612 1326 1671; x_wconf 91' lang='lat' dir='ltr'><strong>ad</strong></span> 
     </span>
     <span class='ocr_line' id='line_1_10' title="bbox 583 1702 1326 1783; baseline 0.003 -21"><span class='ocrx_word' id='word_1_47' title='bbox 583 1717 714 1780; x_wconf 93' lang='lat' dir='ltr'><strong>eaquae</strong></span> <span class='ocrx_word' id='word_1_48' title='bbox 737 1702 831 1764; x_wconf 90' lang='lat' dir='ltr'><strong>abiis</strong></span> <span class='ocrx_word' id='word_1_49' title='bbox 859 1704 908 1782; x_wconf 91' lang='lat' dir='ltr'><strong>pie</strong></span> <span class='ocrx_word' id='word_1_50' title='bbox 930 1703 1137 1783; x_wconf 77' lang='lat' dir='ltr'><strong>religioseque</strong></span> <span class='ocrx_word' id='word_1_51' title='bbox 1165 1710 1326 1782; x_wconf 90' lang='lat' dir='ltr'><strong>petuntur,</strong></span> 
     </span>
     <span class='ocr_line' id='line_1_11' title="bbox 584 1796 1327 1874; baseline 0.003 -19"><span class='ocrx_word' id='word_1_52' title='bbox 584 1803 691 1874; x_wconf 89' lang='lat' dir='ltr'><strong>utpote</strong></span> <span class='ocrx_word' id='word_1_53' title='bbox 711 1796 747 1858; x_wconf 91' lang='lat' dir='ltr'><strong>ad</strong></span> <span class='ocrx_word' id='word_1_54' title='bbox 769 1797 868 1859; x_wconf 91' lang='lat' dir='ltr'><strong>divini</strong></span> <span class='ocrx_word' id='word_1_55' title='bbox 891 1797 992 1860; x_wconf 85' lang='lat' dir='ltr'><strong>cultus</strong></span> <span class='ocrx_word' id='word_1_56' title='bbox 1007 1797 1237 1860; x_wconf 89' lang='lat' dir='ltr'><strong>incrementum</strong></span> <span class='ocrx_word' id='word_1_57' title='bbox 1261 1803 1327 1857; x_wconf 89' lang='lat' dir='ltr'><strong>ten·</strong></span> 
     </span>
     <span class='ocr_line' id='line_1_12' title="bbox 584 1888 1328 1965; baseline 0.003 -17"><span class='ocrx_word' id='word_1_58' title='bbox 584 1888 698 1963; x_wconf 82' lang='lat' dir='ltr'><strong>dontio,</strong></span> <span class='ocrx_word' id='word_1_59' title='bbox 721 1907 809 1952; x_wconf 91' lang='lat' dir='ltr'><strong>aures</strong></span> <span class='ocrx_word' id='word_1_60' title='bbox 836 1897 955 1952; x_wconf 88' lang='lat' dir='ltr'><strong>nostras</strong></span> <span class='ocrx_word' id='word_1_61' title='bbox 976 1893 1011 1953; x_wconf 92' lang='lat' dir='ltr'><strong>ad</strong></span> <span class='ocrx_word' id='word_1_62' title='bbox 1034 1890 1240 1952; x_wconf 79' lang='lat' dir='ltr'><strong>exauditionis</strong></span> <span class='ocrx_word' id='word_1_63' title='bbox 1261 1905 1328 1965; x_wconf 82' lang='lat' dir='ltr'><strong>gra-</strong></span> 
     </span>
     <span class='ocr_line' id='line_1_13' title="bbox 586 1982 1328 2062; baseline 0.001 -21"><span class='ocrx_word' id='word_1_64' title='bbox 586 1983 658 2042; x_wconf 91' lang='lat' dir='ltr'><strong>tiam</strong></span> <span class='ocrx_word' id='word_1_65' title='bbox 670 1982 823 2044; x_wconf 89' lang='lat' dir='ltr'><strong>declinare</strong></span> <span class='ocrx_word' id='word_1_66' title='bbox 836 1999 897 2046; x_wconf 94' lang='lat' dir='ltr'><strong>non</strong></span> <span class='ocrx_word' id='word_1_67' title='bbox 911 1984 1073 2061; x_wconf 90' lang='lat' dir='ltr'><strong>possimus,</strong></span> <span class='ocrx_word' id='word_1_68' title='bbox 1089 1982 1166 2062; x_wconf 92' lang='lat' dir='ltr'><strong>quin</strong></span> <span class='ocrx_word' id='word_1_69' title='bbox 1182 1983 1244 2043; x_wconf 84' lang='lat' dir='ltr'><strong>into</strong></span> <span class='ocrx_word' id='word_1_70' title='bbox 1259 1999 1328 2060; x_wconf 89' lang='lat' dir='ltr'><strong>pro·</strong></span> 
     </span>
     <span class='ocr_line' id='line_1_14' title="bbox 586 2074 1326 2154; baseline 0.003 -20"><span class='ocrx_word' id='word_1_71' title='bbox 586 2074 668 2137; x_wconf 89' lang='lat' dir='ltr'><strong>tinus</strong></span> <span class='ocrx_word' id='word_1_72' title='bbox 702 2077 864 2154; x_wconf 84' lang='lat' dir='ltr'><strong>apostolici</strong></span> <span class='ocrx_word' id='word_1_73' title='bbox 899 2077 1051 2154; x_wconf 81' lang='lat' dir='ltr'><strong>dignitate</strong></span> <span class='ocrx_word' id='word_1_74' title='bbox 1086 2077 1326 2154; x_wconf 79' lang='lat' dir='ltr'><strong>prosequimur,</strong></span> 
     </span>
     <span class='ocr_line' id='line_1_15' title="bbox 584 2170 1328 2248; baseline 0.003 -21"><span class='ocrx_word' id='word_1_75' title='bbox 584 2176 676 2245; x_wconf 90' lang='lat' dir='ltr'><strong>prout</strong></span> <span class='ocrx_word' id='word_1_76' title='bbox 693 2177 852 2232; x_wconf 89' lang='lat' dir='ltr'><strong>tantorum</strong></span> <span class='ocrx_word' id='word_1_77' title='bbox 875 2170 1048 2248; x_wconf 86' lang='lat' dir='ltr'><strong>principum</strong></span> <span class='ocrx_word' id='word_1_78' title='bbox 1070 2170 1100 2234; x_wconf 91' lang='lat' dir='ltr'><strong>id</strong></span> <span class='ocrx_word' id='word_1_79' title='bbox 1116 2170 1246 2244; x_wconf 84' lang='lat' dir='ltr'><strong>exigunt</strong></span> <span class='ocrx_word' id='word_1_80' title='bbox 1260 2183 1328 2246; x_wconf 91' lang='lat' dir='ltr'><strong>pre·</strong></span> 
     </span>
     <span class='ocr_line' id='line_1_16' title="bbox 584 2261 1328 2341; baseline 0.004 -20"><span class='ocrx_word' id='word_1_81' title='bbox 584 2276 643 2334; x_wconf 91' lang='lat' dir='ltr'><strong>ces,</strong></span> <span class='ocrx_word' id='word_1_82' title='bbox 667 2270 697 2322; x_wconf 92' lang='lat' dir='ltr'><strong>et</strong></span> <span class='ocrx_word' id='word_1_83' title='bbox 719 2263 907 2341; x_wconf 73' lang='lat' dir='ltr'><strong>apostolicae</strong></span> <span class='ocrx_word' id='word_1_84' title='bbox 928 2261 999 2325; x_wconf 84' lang='lat' dir='ltr'><strong>Sodi</strong></span> <span class='ocrx_word' id='word_1_85' title='bbox 1019 2265 1053 2326; x_wconf 91' lang='lat' dir='ltr'><strong>ad</strong></span> <span class='ocrx_word' id='word_1_86' title='bbox 1078 2263 1142 2324; x_wconf 89' lang='lat' dir='ltr'><strong>illas</strong></span> <span class='ocrx_word' id='word_1_87' title='bbox 1164 2272 1263 2339; x_wconf 84' lang='lat' dir='ltr'><strong>gratas</strong></span> <span class='ocrx_word' id='word_1_88' title='bbox 1279 2265 1328 2324; x_wconf 91' lang='lat' dir='ltr'><strong>ha-</strong></span> 
     </span>
     <span class='ocr_line' id='line_1_17' title="bbox 586 2353 1054 2420; baseline 0.009 -7"><span class='ocrx_word' id='word_1_89' title='bbox 586 2353 697 2416; x_wconf 89' lang='lat' dir='ltr'><strong>bendas</strong></span> <span class='ocrx_word' id='word_1_90' title='bbox 718 2356 864 2418; x_wconf 91' lang='lat' dir='ltr'><strong>convenit</strong></span> <span class='ocrx_word' id='word_1_91' title='bbox 886 2357 1054 2420; x_wconf 76' lang='lat' dir='ltr'><strong>inclinatio.</strong></span> 
     </span>
     <span class='ocr_line' id='line_1_18' title="bbox 365 2446 1329 2528; baseline 0.003 -22"><span class='ocrx_word' id='word_1_92' title='bbox 365 2461 565 2524; x_wconf 64' lang='lat' dir='ltr'><strong>necessitasne-</strong></span> <span class='ocrx_word' id='word_1_93' title='bbox 624 2447 643 2520; x_wconf 65' lang='grc' dir='ltr'><strong>ἓ</strong></span> <span class='ocrx_word' id='word_1_94' title='bbox 667 2446 692 2507; x_wconf 90' lang='grc' dir='ltr'><strong>ι.</strong></span> <span class='ocrx_word' id='word_1_95' title='bbox 718 2449 797 2510; x_wconf 81' lang='lat' dir='ltr'><strong>Ciam</strong></span> <span class='ocrx_word' id='word_1_96' title='bbox 820 2450 921 2528; x_wconf 90' lang='lat' dir='ltr'><strong>itaque</strong></span> <span class='ocrx_word' id='word_1_97' title='bbox 941 2450 1023 2523; x_wconf 91' lang='lat' dir='ltr'><strong>alias,</strong></span> <span class='ocrx_word' id='word_1_98' title='bbox 1037 2451 1116 2512; x_wconf 91' lang='lat' dir='ltr'><strong>sicut</strong></span> <span class='ocrx_word' id='word_1_99' title='bbox 1138 2450 1225 2511; x_wconf 90' lang='lat' dir='ltr'><strong>nohis</strong></span> <span class='ocrx_word' id='word_1_100' title='bbox 1240 2451 1329 2512; x_wconf 92' lang='lat' dir='ltr'><strong>iuno-</strong></span> 
     </span>
     <span class='ocr_line' id='line_1_19' title="bbox 352 2515 1328 2620; baseline 0.005 -20"><span class='ocrx_word' id='word_1_101' title='bbox 352 2515 446 2615; x_wconf 57' lang='lat' dir='ltr'><strong>?ffssm</strong></span> <span class='ocrx_word' id='word_1_102' title='bbox 466 2515 565 2562; x_wconf 50' lang='grc' dir='ltr'><strong>ΝΜ·</strong></span> <span class='ocrx_word' id='word_1_103' title='bbox 586 2541 656 2615; x_wconf 85' lang='grc' dir='ltr'>ιιιιι,</span> <span class='ocrx_word' id='word_1_104' title='bbox 680 2541 713 2602; x_wconf 94' lang='lat' dir='ltr'><strong>in</strong></span> <span class='ocrx_word' id='word_1_105' title='bbox 735 2542 866 2604; x_wconf 91' lang='lat' dir='ltr'><strong>dioecesi</strong></span> <span class='ocrx_word' id='word_1_106' title='bbox 889 2543 1030 2620; x_wconf 83' lang='lat' dir='ltr'><strong>hgriensi</strong></span> <span class='ocrx_word' id='word_1_107' title='bbox 1051 2543 1090 2603; x_wconf 92' lang='lat' dir='ltr'><strong>oh</strong></span> <span class='ocrx_word' id='word_1_108' title='bbox 1112 2543 1328 2605; x_wconf 77' lang='lat' dir='ltr'><strong>liuthenorum</strong></span> 
     </span>
     <span class='ocr_line' id='line_1_20' title="bbox 585 2635 1329 2714; baseline 0.005 -20"><span class='ocrx_word' id='word_1_109' title='bbox 585 2635 685 2710; x_wconf 82' lang='lat' dir='ltr'><strong>graeci</strong></span> <span class='ocrx_word' id='word_1_110' title='bbox 702 2637 779 2696; x_wconf 91' lang='lat' dir='ltr'><strong>ritus</strong></span> <span class='ocrx_word' id='word_1_111' title='bbox 795 2636 875 2699; x_wconf 88' lang='lat' dir='ltr'><strong>uniti</strong></span> <span class='ocrx_word' id='word_1_112' title='bbox 897 2636 1104 2714; x_wconf 76' lang='lat' dir='ltr'><strong>frequentiam</strong></span> <span class='ocrx_word' id='word_1_113' title='bbox 1128 2637 1242 2698; x_wconf 84' lang='lat' dir='ltr'><strong>ibidem</strong></span> <span class='ocrx_word' id='word_1_114' title='bbox 1257 2653 1329 2699; x_wconf 90' lang='lat' dir='ltr'><strong>cum</strong></span> 
     </span>
     <span class='ocr_line' id='line_1_21' title="bbox 585 2729 1329 2794; baseline 0.003 -4"><span class='ocrx_word' id='word_1_115' title='bbox 585 2729 700 2790; x_wconf 85' lang='lat' dir='ltr'><strong>Latinis</strong></span> <span class='ocrx_word' id='word_1_116' title='bbox 722 2732 983 2794; x_wconf 87' lang='lat' dir='ltr'><strong>commorantium</strong></span> <span class='ocrx_word' id='word_1_117' title='bbox 1004 2749 1020 2792; x_wconf 95' lang='lat' dir='ltr'><strong>a</strong></span> <span class='ocrx_word' id='word_1_118' title='bbox 1042 2731 1187 2792; x_wconf 83' lang='lat' dir='ltr'><strong>Romanis</strong></span> <span class='ocrx_word' id='word_1_119' title='bbox 1203 2731 1329 2792; x_wconf 85' lang='lat' dir='ltr'><strong>Pontifi-</strong></span> 
     </span>
     <span class='ocr_line' id='line_1_22' title="bbox 585 2823 1330 2902; baseline 0.004 -18"><span class='ocrx_word' id='word_1_120' title='bbox 585 2823 671 2884; x_wconf 88' lang='lat' dir='ltr'><strong>cibus</strong></span> <span class='ocrx_word' id='word_1_121' title='bbox 692 2826 977 2902; x_wconf 83' lang='lat' dir='ltr'><strong>praedecessoribus</strong></span> <span class='ocrx_word' id='word_1_122' title='bbox 999 2825 1113 2887; x_wconf 89' lang='lat' dir='ltr'><strong>uostris</strong></span> <span class='ocrx_word' id='word_1_123' title='bbox 1134 2823 1276 2886; x_wconf 77' lang='lat' dir='ltr'><strong>vicarius</strong></span> <span class='ocrx_word' id='word_1_124' title='bbox 1290 2826 1330 2887; x_wconf 83' lang='lat' dir='ltr'><strong>ll·</strong></span> 
     </span>
     <span class='ocr_line' id='line_1_23' title="bbox 585 2916 1329 2998; baseline 0.005 -22"><span class='ocrx_word' id='word_1_125' title='bbox 585 2916 751 2995; x_wconf 88' lang='lat' dir='ltr'><strong>postolicus</strong></span> <span class='ocrx_word' id='word_1_126' title='bbox 779 2919 917 2981; x_wconf 88' lang='lat' dir='ltr'><strong>eiusdem</strong></span> <span class='ocrx_word' id='word_1_127' title='bbox 944 2919 1023 2980; x_wconf 89' lang='lat' dir='ltr'><strong>ritus</strong></span> <span class='ocrx_word' id='word_1_128' title='bbox 1044 2917 1207 2998; x_wconf 83' lang='lat' dir='ltr'><strong>apostolica</strong></span> <span class='ocrx_word' id='word_1_129' title='bbox 1227 2925 1329 2980; x_wconf 90' lang='lat' dir='ltr'><strong>aucto-</strong></span> 
     </span>
     <span class='ocr_line' id='line_1_24' title="bbox 585 3009 1329 3095; baseline 0.003 -26"><span class='ocrx_word' id='word_1_130' title='bbox 585 3009 675 3070; x_wconf 87' lang='lat' dir='ltr'><strong>ritate</strong></span> <span class='ocrx_word' id='word_1_131' title='bbox 707 3009 813 3073; x_wconf 90' lang='lat' dir='ltr'><strong>luisset</strong></span> <span class='ocrx_word' id='word_1_132' title='bbox 845 3011 1041 3088; x_wconf 86' lang='lat' dir='ltr'><strong>designatus,</strong></span> <span class='ocrx_word' id='word_1_133' title='bbox 1070 3012 1124 3090; x_wconf 92' lang='lat' dir='ltr'><strong>qui</strong></span> <span class='ocrx_word' id='word_1_134' title='bbox 1151 3011 1185 3095; x_wconf 85' lang='lat' dir='ltr'><strong>in</strong></span> <span class='ocrx_word' id='word_1_135' title='bbox 1218 3011 1329 3089; x_wconf 92' lang='lat' dir='ltr'><strong>oppido</strong></span> 
     </span>
     <span class='ocr_line' id='line_1_25' title="bbox 584 3101 1329 3184; baseline 0.003 -20"><span class='ocrx_word' id='word_1_136' title='bbox 584 3101 731 3166; x_wconf 80' lang='lat' dir='ltr'><strong>Monkacs</strong></span> <span class='ocrx_word' id='word_1_137' title='bbox 752 3106 849 3167; x_wconf 77' lang='lat' dir='ltr'><strong>aliciae</strong></span> <span class='ocrx_word' id='word_1_138' title='bbox 871 3105 997 3168; x_wconf 88' lang='lat' dir='ltr'><strong>diocesis</strong></span> <span class='ocrx_word' id='word_1_139' title='bbox 1018 3106 1145 3183; x_wconf 81' lang='lat' dir='ltr'><strong>degens,</strong></span> <span class='ocrx_word' id='word_1_140' title='bbox 1160 3123 1193 3168; x_wconf 88' lang='lat' dir='ltr'><strong>ac</strong></span> <span class='ocrx_word' id='word_1_141' title='bbox 1216 3106 1329 3184; x_wconf 89' lang='lat' dir='ltr'><strong>episco-</strong></span> 
     </span>
     <span class='ocr_line' id='line_1_26' title="bbox 585 3197 1327 3280; baseline 0.003 -22"><span class='ocrx_word' id='word_1_142' title='bbox 585 3197 646 3277; x_wconf 91' lang='lat' dir='ltr'><strong>pali</strong></span> <span class='ocrx_word' id='word_1_143' title='bbox 670 3200 758 3261; x_wconf 88' lang='lat' dir='ltr'><strong>titulo</strong></span> <span class='ocrx_word' id='word_1_144' title='bbox 780 3201 923 3264; x_wconf 89' lang='lat' dir='ltr'><strong>ecclesiae</strong></span> <span class='ocrx_word' id='word_1_145' title='bbox 945 3202 976 3262; x_wconf 92' lang='lat' dir='ltr'><strong>in</strong></span> <span class='ocrx_word' id='word_1_146' title='bbox 998 3201 1133 3280; x_wconf 89' lang='lat' dir='ltr'><strong>partibus</strong></span> <span class='ocrx_word' id='word_1_147' title='bbox 1155 3199 1327 3263; x_wconf 91' lang='lat' dir='ltr'><strong>inlideliurn</strong></span> 
     </span>
     <span class='ocr_line' id='line_1_27' title="bbox 584 3293 1328 3374; baseline -0.005 -16"><span class='ocrx_word' id='word_1_148' title='bbox 584 3295 756 3358; x_wconf 86' lang='lat' dir='ltr'><strong>consistens</strong></span> <span class='ocrx_word' id='word_1_149' title='bbox 778 3296 946 3374; x_wconf 84' lang='lat' dir='ltr'><strong>insignitus</strong></span> <span class='ocrx_word' id='word_1_150' title='bbox 967 3313 1066 3358; x_wconf 90' lang='lat' dir='ltr'><strong>sacros</strong></span> <span class='ocrx_word' id='word_1_151' title='bbox 1094 3294 1216 3357; x_wconf 88' lang='lat' dir='ltr'><strong>ordines</strong></span> <span class='ocrx_word' id='word_1_152' title='bbox 1238 3293 1328 3356; x_wconf 86' lang='lat' dir='ltr'><strong>Grae-</strong></span> 
     </span>
    </p>
   </div>
   <div class='ocr_carea' id='block_1_5' title="bbox 585 3521 1337 5602">
    <p class='ocr_par' dir='ltr' id='par_1_5' title="bbox 585 3521 1334 4928">
     <span class='ocr_line' id='line_1_28' title="bbox 585 3521 1331 3580; baseline -0.005 -10"><span class='ocrx_word' id='word_1_153' title='bbox 585 3525 650 3571; x_wconf 90' lang='lat' dir='ltr'><strong>illud</strong></span> <span class='ocrx_word' id='word_1_154' title='bbox 664 3524 745 3570; x_wconf 89' lang='lat' dir='ltr'><strong>etiam</strong></span> <span class='ocrx_word' id='word_1_155' title='bbox 760 3523 944 3580; x_wconf 87' lang='lat' dir='ltr'><strong>adiungemus,</strong></span> <span class='ocrx_word' id='word_1_156' title='bbox 960 3527 989 3569; x_wconf 91' lang='lat' dir='ltr'><strong>ut</strong></span> <span class='ocrx_word' id='word_1_157' title='bbox 1004 3523 1044 3568; x_wconf 86' lang='lat' dir='ltr'><strong>his</strong></span> <span class='ocrx_word' id='word_1_158' title='bbox 1058 3521 1200 3580; x_wconf 84' lang='lat' dir='ltr'><strong>quotannis</strong></span> <span class='ocrx_word' id='word_1_159' title='bbox 1213 3521 1283 3566; x_wconf 87' lang='lat' dir='ltr'><strong>circa</strong></span> <span class='ocrx_word' id='word_1_160' title='bbox 1293 3531 1331 3566; x_wconf 91' lang='lat' dir='ltr'><strong>so·</strong></span> 
     </span>
     <span class='ocr_line' id='line_1_29' title="bbox 585 3588 1330 3644; baseline -0.009 -6"><span class='ocrx_word' id='word_1_161' title='bbox 585 3592 716 3639; x_wconf 89' lang='lat' dir='ltr'><strong>lemniora</strong></span> <span class='ocrx_word' id='word_1_162' title='bbox 737 3591 839 3637; x_wconf 86' lang='lat' dir='ltr'><strong>Domini</strong></span> <span class='ocrx_word' id='word_1_163' title='bbox 860 3591 927 3636; x_wconf 86' lang='lat' dir='ltr'><strong>testa</strong></span> <span class='ocrx_word' id='word_1_164' title='bbox 947 3591 980 3636; x_wconf 91' lang='lat' dir='ltr'><strong>ad</strong></span> <span class='ocrx_word' id='word_1_165' title='bbox 1001 3591 1130 3644; x_wconf 90' lang='lat' dir='ltr'><strong>eumdem,</strong></span> <span class='ocrx_word' id='word_1_166' title='bbox 1145 3601 1183 3644; x_wconf 92' lang='lat' dir='ltr'><strong>ac,</strong></span> <span class='ocrx_word' id='word_1_167' title='bbox 1199 3589 1225 3634; x_wconf 91' lang='lat' dir='ltr'><strong>in</strong></span> <span class='ocrx_word' id='word_1_168' title='bbox 1247 3588 1330 3644; x_wconf 89' lang='lat' dir='ltr'><strong>ipsius</strong></span> 
     </span>
     <span class='ocr_line' id='line_1_30' title="bbox 585 3655 1330 3716; baseline -0.011 -10"><span class='ocrx_word' id='word_1_169' title='bbox 585 3661 695 3715; x_wconf 89' lang='lat' dir='ltr'><strong>deiectu,</strong></span> <span class='ocrx_word' id='word_1_170' title='bbox 710 3659 742 3705; x_wconf 86' lang='lat' dir='ltr'><strong>ad</strong></span> <span class='ocrx_word' id='word_1_171' title='bbox 758 3657 911 3704; x_wconf 86' lang='lat' dir='ltr'><strong>viciniorem</strong></span> <span class='ocrx_word' id='word_1_172' title='bbox 927 3659 1081 3716; x_wconf 75' lang='lat' dir='ltr'><strong>Episcopum</strong></span> <span class='ocrx_word' id='word_1_173' title='bbox 1096 3655 1330 3708; x_wconf 74' lang='lat' dir='ltr'><strong>accederetiebeat,</strong></span> 
     </span>
     <span class='ocr_line' id='line_1_31' title="bbox 586 3723 1330 3784; baseline -0.008 -12"><span class='ocrx_word' id='word_1_174' title='bbox 586 3729 717 3784; x_wconf 89' lang='lat' dir='ltr'><strong>totiesque</strong></span> <span class='ocrx_word' id='word_1_175' title='bbox 732 3729 759 3772; x_wconf 92' lang='lat' dir='ltr'><strong>in</strong></span> <span class='ocrx_word' id='word_1_176' title='bbox 773 3726 891 3772; x_wconf 88' lang='lat' dir='ltr'><strong>eiusdem</strong></span> <span class='ocrx_word' id='word_1_177' title='bbox 907 3737 1000 3772; x_wconf 88' lang='lat' dir='ltr'><strong>manus</strong></span> <span class='ocrx_word' id='word_1_178' title='bbox 1011 3724 1196 3782; x_wconf 87' lang='lat' dir='ltr'><strong>protessionem</strong></span> <span class='ocrx_word' id='word_1_179' title='bbox 1208 3723 1267 3768; x_wconf 89' lang='lat' dir='ltr'><strong>ddsi</strong></span> <span class='ocrx_word' id='word_1_180' title='bbox 1279 3723 1330 3767; x_wconf 89' lang='lat' dir='ltr'><strong>rite</strong></span> 
     </span>
     <span class='ocr_line' id='line_1_32' title="bbox 585 3791 1330 3843; baseline -0.012 -1"><span class='ocrx_word' id='word_1_181' title='bbox 585 3796 758 3842; x_wconf 86' lang='lat' dir='ltr'><strong>emittendam</strong></span> <span class='ocrx_word' id='word_1_182' title='bbox 773 3805 907 3840; x_wconf 87' lang='lat' dir='ltr'><strong>remorare.</strong></span> <span class='ocrx_word' id='word_1_183' title='bbox 924 3798 1005 3843; x_wconf 85' lang='lat' dir='ltr'><strong>Quam</strong></span> <span class='ocrx_word' id='word_1_184' title='bbox 1020 3795 1170 3839; x_wconf 89' lang='lat' dir='ltr'><strong>cautionem</strong></span> <span class='ocrx_word' id='word_1_185' title='bbox 1181 3803 1227 3837; x_wconf 92' lang='lat' dir='ltr'><strong>nos</strong></span> <span class='ocrx_word' id='word_1_186' title='bbox 1237 3791 1265 3836; x_wconf 90' lang='lat' dir='ltr'><strong>in</strong></span> <span class='ocrx_word' id='word_1_187' title='bbox 1276 3795 1330 3835; x_wconf 87' lang='lat' dir='ltr'><strong>tam</strong></span> 
     </span>
     <span class='ocr_line' id='line_1_33' title="bbox 585 3859 1331 3922; baseline -0.009 -12"><span class='ocrx_word' id='word_1_188' title='bbox 585 3863 660 3922; x_wconf 85' lang='lat' dir='ltr'><strong>gravi</strong></span> <span class='ocrx_word' id='word_1_189' title='bbox 675 3875 704 3908; x_wconf 89' lang='lat' dir='ltr'><strong>re</strong></span> <span class='ocrx_word' id='word_1_190' title='bbox 718 3862 893 3908; x_wconf 90' lang='lat' dir='ltr'><strong>adhibendam</strong></span> <span class='ocrx_word' id='word_1_191' title='bbox 909 3873 966 3906; x_wconf 88' lang='lat' dir='ltr'><strong>esse</strong></span> <span class='ocrx_word' id='word_1_192' title='bbox 980 3861 1109 3916; x_wconf 82' lang='lat' dir='ltr'><strong>ducimus,</strong></span> <span class='ocrx_word' id='word_1_193' title='bbox 1124 3865 1155 3906; x_wconf 90' lang='lat' dir='ltr'><strong>ut</strong></span> <span class='ocrx_word' id='word_1_194' title='bbox 1168 3861 1217 3905; x_wconf 93' lang='lat' dir='ltr'><strong>hoc</strong></span> <span class='ocrx_word' id='word_1_195' title='bbox 1232 3859 1331 3906; x_wconf 88' lang='lat' dir='ltr'><strong>maiore</strong></span> 
     </span>
     <span class='ocr_line' id='line_1_34' title="bbox 586 3927 1332 3987; baseline -0.008 -10"><span class='ocrx_word' id='word_1_196' title='bbox 586 3931 722 3987; x_wconf 82' lang='lat' dir='ltr'><strong>religionis</strong></span> <span class='ocrx_word' id='word_1_197' title='bbox 737 3929 841 3974; x_wconf 85' lang='lat' dir='ltr'><strong>vinculo</strong></span> <span class='ocrx_word' id='word_1_198' title='bbox 850 3927 925 3974; x_wconf 89' lang='lat' dir='ltr'><strong>illius</strong></span> <span class='ocrx_word' id='word_1_199' title='bbox 935 3927 1122 3974; x_wconf 88' lang='lat' dir='ltr'><strong>conscientiam</strong></span> <span class='ocrx_word' id='word_1_200' title='bbox 1133 3928 1166 3973; x_wconf 92' lang='lat' dir='ltr'><strong>ad</strong></span> <span class='ocrx_word' id='word_1_201' title='bbox 1176 3929 1332 3973; x_wconf 83' lang='lat' dir='ltr'><strong>confirmam-</strong></span> 
     </span>
     <span class='ocr_line' id='line_1_35' title="bbox 585 3995 1332 4053; baseline -0.004 -9"><span class='ocrx_word' id='word_1_202' title='bbox 585 4000 645 4045; x_wconf 91' lang='lat' dir='ltr'><strong>dam</strong></span> <span class='ocrx_word' id='word_1_203' title='bbox 668 3997 803 4043; x_wconf 90' lang='lat' dir='ltr'><strong>nobiscum</strong></span> <span class='ocrx_word' id='word_1_204' title='bbox 822 3997 1010 4053; x_wconf 82' lang='lat' dir='ltr'><strong>fovendamque</strong></span> <span class='ocrx_word' id='word_1_205' title='bbox 1031 3995 1154 4041; x_wconf 87' lang='lat' dir='ltr'><strong>unionem</strong></span> <span class='ocrx_word' id='word_1_206' title='bbox 1175 3995 1260 4052; x_wconf 85' lang='lat' dir='ltr'><strong>magis</strong></span> <span class='ocrx_word' id='word_1_207' title='bbox 1279 4005 1332 4041; x_wconf 90' lang='lat' dir='ltr'><strong>ma·</strong></span> 
     </span>
     <span class='ocr_line' id='line_1_36' title="bbox 585 4062 1330 4122; baseline -0.007 -11"><span class='ocrx_word' id='word_1_208' title='bbox 585 4069 679 4122; x_wconf 90' lang='lat' dir='ltr'><strong>gisque</strong></span> <span class='ocrx_word' id='word_1_209' title='bbox 692 4065 913 4120; x_wconf 74' lang='lat' dir='ltr'><strong>constringamus.</strong></span> <span class='ocrx_word' id='word_1_210' title='bbox 936 4067 1019 4114; x_wconf 86' lang='lat' dir='ltr'><strong>Quam</strong></span> <span class='ocrx_word' id='word_1_211' title='bbox 1033 4062 1138 4118; x_wconf 88' lang='lat' dir='ltr'><strong>quidem</strong></span> <span class='ocrx_word' id='word_1_212' title='bbox 1152 4063 1185 4108; x_wconf 93' lang='lat' dir='ltr'><strong>ad</strong></span> <span class='ocrx_word' id='word_1_213' title='bbox 1200 4062 1330 4118; x_wconf 89' lang='lat' dir='ltr'><strong>publicam</strong></span> 
     </span>
     <span class='ocr_line' id='line_1_37' title="bbox 586 4129 1331 4189; baseline -0.007 -11"><span class='ocrx_word' id='word_1_214' title='bbox 586 4135 667 4178; x_wconf 88' lang='lat' dir='ltr'><strong>etiarn</strong></span> <span class='ocrx_word' id='word_1_215' title='bbox 689 4133 846 4189; x_wconf 88' lang='lat' dir='ltr'><strong>populorum</strong></span> <span class='ocrx_word' id='word_1_216' title='bbox 868 4131 996 4188; x_wconf 75' lang='lat' dir='ltr'><strong>regnique</strong></span> <span class='ocrx_word' id='word_1_217' title='bbox 1016 4129 1055 4175; x_wconf 90' lang='lat' dir='ltr'><strong>tui</strong></span> <span class='ocrx_word' id='word_1_218' title='bbox 1070 4131 1242 4175; x_wconf 87' lang='lat' dir='ltr'><strong>securitatem</strong></span> <span class='ocrx_word' id='word_1_219' title='bbox 1259 4129 1331 4174; x_wconf 89' lang='lat' dir='ltr'><strong>vehe-</strong></span> 
     </span>
     <span class='ocr_line' id='line_1_38' title="bbox 587 4196 1332 4254; baseline -0.011 -6"><span class='ocrx_word' id='word_1_220' title='bbox 587 4205 690 4248; x_wconf 88' lang='lat' dir='ltr'><strong>menter</strong></span> <span class='ocrx_word' id='word_1_221' title='bbox 709 4199 853 4245; x_wconf 85' lang='lat' dir='ltr'><strong>conducere</strong></span> <span class='ocrx_word' id='word_1_222' title='bbox 873 4207 933 4243; x_wconf 91' lang='lat' dir='ltr'><strong>cum</strong></span> <span class='ocrx_word' id='word_1_223' title='bbox 955 4197 1004 4242; x_wconf 91' lang='lat' dir='ltr'><strong>tibi</strong></span> <span class='ocrx_word' id='word_1_224' title='bbox 1023 4196 1255 4254; x_wconf 86' lang='lat' dir='ltr'><strong>persuasissimum</strong></span> <span class='ocrx_word' id='word_1_225' title='bbox 1276 4207 1332 4240; x_wconf 89' lang='lat' dir='ltr'><strong>esse</strong></span> 
     </span>
     <span class='ocr_line' id='line_1_39' title="bbox 586 4264 1332 4322; baseline -0.009 -7"><span class='ocrx_word' id='word_1_226' title='bbox 586 4269 653 4315; x_wconf 85' lang='lat' dir='ltr'><strong>certi</strong></span> <span class='ocrx_word' id='word_1_227' title='bbox 663 4268 755 4322; x_wconf 90' lang='lat' dir='ltr'><strong>simus,</strong></span> <span class='ocrx_word' id='word_1_228' title='bbox 764 4266 873 4312; x_wconf 81' lang='lat' dir='ltr'><strong>tarinime</strong></span> <span class='ocrx_word' id='word_1_229' title='bbox 883 4264 1052 4320; x_wconf 87' lang='lat' dir='ltr'><strong>ambigimus,</strong></span> <span class='ocrx_word' id='word_1_230' title='bbox 1060 4264 1124 4320; x_wconf 89' lang='lat' dir='ltr'><strong>quin</strong></span> <span class='ocrx_word' id='word_1_231' title='bbox 1135 4265 1166 4310; x_wconf 89' lang='lat' dir='ltr'><strong>ad</strong></span> <span class='ocrx_word' id='word_1_232' title='bbox 1176 4275 1332 4320; x_wconf 87' lang='lat' dir='ltr'><strong>consequen·</strong></span> 
     </span>
     <span class='ocr_line' id='line_1_40' title="bbox 587 4331 1332 4391; baseline -0.011 -9"><span class='ocrx_word' id='word_1_233' title='bbox 587 4338 650 4382; x_wconf 91' lang='lat' dir='ltr'><strong>dum</strong></span> <span class='ocrx_word' id='word_1_234' title='bbox 672 4335 810 4391; x_wconf 86' lang='lat' dir='ltr'><strong>utriusque</strong></span> <span class='ocrx_word' id='word_1_235' title='bbox 831 4332 933 4390; x_wconf 87' lang='lat' dir='ltr'><strong>pariter</strong></span> <span class='ocrx_word' id='word_1_236' title='bbox 954 4331 1156 4386; x_wconf 89' lang='lat' dir='ltr'><strong>incrementum,</strong></span> <span class='ocrx_word' id='word_1_237' title='bbox 1170 4331 1207 4376; x_wconf 91' lang='lat' dir='ltr'><strong>sis</strong></span> <span class='ocrx_word' id='word_1_238' title='bbox 1227 4341 1332 4376; x_wconf 88' lang='lat' dir='ltr'><strong>omnem</strong></span> 
     </span>
     <span class='ocr_line' id='line_1_41' title="bbox 588 4397 1331 4460; baseline -0.012 -10"><span class='ocrx_word' id='word_1_239' title='bbox 588 4404 690 4460; x_wconf 79' lang='lat' dir='ltr'><strong>regiam</strong></span> <span class='ocrx_word' id='word_1_240' title='bbox 710 4412 811 4454; x_wconf 90' lang='lat' dir='ltr'><strong>curam,</strong></span> <span class='ocrx_word' id='word_1_241' title='bbox 825 4410 933 4456; x_wconf 88' lang='lat' dir='ltr'><strong>operam</strong></span> <span class='ocrx_word' id='word_1_242' title='bbox 950 4403 1034 4456; x_wconf 81' lang='lat' dir='ltr'><strong>atque</strong></span> <span class='ocrx_word' id='word_1_243' title='bbox 1054 4397 1241 4444; x_wconf 87' lang='lat' dir='ltr'><strong>auctoritatem</strong></span> <span class='ocrx_word' id='word_1_244' title='bbox 1258 4401 1331 4442; x_wconf 88' lang='lat' dir='ltr'><strong>tuam</strong></span> 
     </span>
     <span class='ocr_line' id='line_1_42' title="bbox 589 4465 1333 4524; baseline -0.007 -8"><span class='ocrx_word' id='word_1_245' title='bbox 589 4471 703 4518; x_wconf 83' lang='lat' dir='ltr'><strong>irraxirne</strong></span> <span class='ocrx_word' id='word_1_246' title='bbox 717 4470 853 4515; x_wconf 88' lang='lat' dir='ltr'><strong>collatura.</strong></span> <span class='ocrx_word' id='word_1_247' title='bbox 869 4470 953 4524; x_wconf 75' lang='lat' dir='ltr'><strong>Atque</strong></span> <span class='ocrx_word' id='word_1_248' title='bbox 968 4467 1032 4512; x_wconf 86' lang='lat' dir='ltr'><strong>haec</strong></span> <span class='ocrx_word' id='word_1_249' title='bbox 1045 4466 1076 4510; x_wconf 87' lang='lat' dir='ltr'><strong>de</strong></span> <span class='ocrx_word' id='word_1_250' title='bbox 1091 4467 1138 4511; x_wconf 82' lang='lat' dir='ltr'><strong>tuat</strong></span> <span class='ocrx_word' id='word_1_251' title='bbox 1153 4466 1259 4521; x_wconf 86' lang='lat' dir='ltr'><strong>pietate.</strong></span> <span class='ocrx_word' id='word_1_252' title='bbox 1274 4465 1333 4511; x_wconf 88' lang='lat' dir='ltr'><strong>reli·</strong></span> 
     </span>
     <span class='ocr_line' id='line_1_43' title="bbox 588 4534 1333 4596; baseline -0.008 -12"><span class='ocrx_word' id='word_1_253' title='bbox 588 4539 665 4596; x_wconf 81' lang='lat' dir='ltr'><strong>gione</strong></span> <span class='ocrx_word' id='word_1_254' title='bbox 678 4550 709 4585; x_wconf 89' lang='lat' dir='ltr'><strong>ac</strong></span> <span class='ocrx_word' id='word_1_255' title='bbox 723 4537 823 4582; x_wconf 89' lang='lat' dir='ltr'><strong>virtute</strong></span> <span class='ocrx_word' id='word_1_256' title='bbox 835 4535 930 4581; x_wconf 84' lang='lat' dir='ltr'><strong>tlduciai</strong></span> <span class='ocrx_word' id='word_1_257' title='bbox 940 4544 1106 4590; x_wconf 86' lang='lat' dir='ltr'><strong>surrrmopere</strong></span> <span class='ocrx_word' id='word_1_258' title='bbox 1117 4545 1164 4579; x_wconf 93' lang='lat' dir='ltr'><strong>nos</strong></span> <span class='ocrx_word' id='word_1_259' title='bbox 1175 4534 1202 4578; x_wconf 90' lang='lat' dir='ltr'><strong>in</strong></span> <span class='ocrx_word' id='word_1_260' title='bbox 1213 4535 1333 4589; x_wconf 86' lang='lat' dir='ltr'><strong>suscepto</strong></span> 
     </span>
     <span class='ocr_line' id='line_1_44' title="bbox 588 4601 1332 4658; baseline -0.012 -3"><span class='ocrx_word' id='word_1_261' title='bbox 588 4606 698 4654; x_wconf 84' lang='lat' dir='ltr'><strong>consilio</strong></span> <span class='ocrx_word' id='word_1_262' title='bbox 708 4606 861 4652; x_wconf 87' lang='lat' dir='ltr'><strong>conilrmat:</strong></span> <span class='ocrx_word' id='word_1_263' title='bbox 872 4603 992 4658; x_wconf 90' lang='lat' dir='ltr'><strong>quodque</strong></span> <span class='ocrx_word' id='word_1_264' title='bbox 1002 4601 1149 4646; x_wconf 80' lang='lat' dir='ltr'><strong>iaciendum</strong></span> <span class='ocrx_word' id='word_1_265' title='bbox 1161 4601 1332 4654; x_wconf 87' lang='lat' dir='ltr'><strong>decrevimus,</strong></span> 
     </span>
     <span class='ocr_line' id='line_1_45' title="bbox 588 4668 1332 4728; baseline -0.009 -9"><span class='ocrx_word' id='word_1_266' title='bbox 588 4675 615 4720; x_wconf 90' lang='lat' dir='ltr'><strong>id</strong></span> <span class='ocrx_word' id='word_1_267' title='bbox 630 4673 714 4718; x_wconf 89' lang='lat' dir='ltr'><strong>mulio</strong></span> <span class='ocrx_word' id='word_1_268' title='bbox 732 4671 853 4728; x_wconf 91' lang='lat' dir='ltr'><strong>cupidius</strong></span> <span class='ocrx_word' id='word_1_269' title='bbox 874 4669 1042 4724; x_wconf 88' lang='lat' dir='ltr'><strong>alacriusque</strong></span> <span class='ocrx_word' id='word_1_270' title='bbox 1061 4668 1218 4724; x_wconf 87' lang='lat' dir='ltr'><strong>praestituri</strong></span> <span class='ocrx_word' id='word_1_271' title='bbox 1232 4679 1332 4719; x_wconf 86' lang='lat' dir='ltr'><strong>sumus,</strong></span> 
     </span>
     <span class='ocr_line' id='line_1_46' title="bbox 590 4734 1334 4792; baseline -0.011 -6"><span class='ocrx_word' id='word_1_272' title='bbox 590 4744 619 4786; x_wconf 90' lang='lat' dir='ltr'><strong>ut</strong></span> <span class='ocrx_word' id='word_1_273' title='bbox 633 4739 714 4784; x_wconf 89' lang='lat' dir='ltr'><strong>etiam</strong></span> <span class='ocrx_word' id='word_1_274' title='bbox 735 4734 974 4782; x_wconf 89' lang='lat' dir='ltr'><strong>luculentissimam</strong></span> <span class='ocrx_word' id='word_1_275' title='bbox 993 4740 1097 4792; x_wconf 85' lang='lat' dir='ltr'><strong>ergata</strong></span> <span class='ocrx_word' id='word_1_276' title='bbox 1113 4734 1276 4780; x_wconf 84' lang='lat' dir='ltr'><strong>voluntatem</strong></span> <span class='ocrx_word' id='word_1_277' title='bbox 1291 4745 1334 4778; x_wconf 91' lang='lat' dir='ltr'><strong>no·</strong></span> 
     </span>
     <span class='ocr_line' id='line_1_47' title="bbox 589 4801 1333 4858; baseline -0.011 -4"><span class='ocrx_word' id='word_1_278' title='bbox 589 4813 673 4854; x_wconf 88' lang='lat' dir='ltr'><strong>stram</strong></span> <span class='ocrx_word' id='word_1_279' title='bbox 689 4804 761 4850; x_wconf 87' lang='lat' dir='ltr'><strong>novis</strong></span> <span class='ocrx_word' id='word_1_280' title='bbox 775 4802 905 4850; x_wconf 88' lang='lat' dir='ltr'><strong>eiusmodi</strong></span> <span class='ocrx_word' id='word_1_281' title='bbox 921 4801 1089 4848; x_wconf 87' lang='lat' dir='ltr'><strong>uberioribus</strong></span> <span class='ocrx_word' id='word_1_282' title='bbox 1104 4802 1254 4858; x_wconf 83' lang='lat' dir='ltr'><strong>pontificiae</strong></span> <span class='ocrx_word' id='word_1_283' title='bbox 1269 4801 1333 4848; x_wconf 87' lang='lat' dir='ltr'><strong>cari·</strong></span> 
     </span>
     <span class='ocr_line' id='line_1_48' title="bbox 589 4868 1252 4928; baseline -0.009 -8"><span class='ocrx_word' id='word_1_284' title='bbox 589 4875 679 4920; x_wconf 89' lang='lat' dir='ltr'><strong>ritatis</strong></span> <span class='ocrx_word' id='word_1_285' title='bbox 693 4869 860 4928; x_wconf 75' lang='lat' dir='ltr'><strong>argumentis</strong></span> <span class='ocrx_word' id='word_1_286' title='bbox 875 4869 958 4926; x_wconf 84' lang='lat' dir='ltr'><strong>magis</strong></span> <span class='ocrx_word' id='word_1_287' title='bbox 978 4873 1103 4915; x_wconf 88' lang='lat' dir='ltr'><strong>testatam</strong></span> <span class='ocrx_word' id='word_1_288' title='bbox 1118 4868 1252 4914; x_wconf 85' lang='lat' dir='ltr'><strong>iaciamus.</strong></span> 
     </span>
    </p>

    <p class='ocr_par' dir='ltr' id='par_1_6' title="bbox 590 4936 1337 5465">
     <span class='ocr_line' id='line_1_49' title="bbox 629 4936 1334 4997; baseline -0.006 -11"><span class='ocrx_word' id='word_1_289' title='bbox 629 4949 641 4991; x_wconf 72' lang='lat' dir='ltr'><strong>a</strong></span> <span class='ocrx_word' id='word_1_290' title='bbox 656 4945 675 4986; x_wconf 83' lang='lat'><strong>3.</strong></span> <span class='ocrx_word' id='word_1_291' title='bbox 692 4943 816 4997; x_wconf 88' lang='lat' dir='ltr'><strong>Superest</strong></span> <span class='ocrx_word' id='word_1_292' title='bbox 831 4950 907 4992; x_wconf 89' lang='lat' dir='ltr'><strong>nunc,</strong></span> <span class='ocrx_word' id='word_1_293' title='bbox 923 4943 953 4982; x_wconf 90' lang='lat' dir='ltr'><strong>ut</strong></span> <span class='ocrx_word' id='word_1_294' title='bbox 966 4949 1027 4982; x_wconf 84' lang='lat' dir='ltr'><strong>euin</strong></span> <span class='ocrx_word' id='word_1_295' title='bbox 1042 4936 1098 4993; x_wconf 88' lang='lat' dir='ltr'><strong>ipsa</strong></span> <span class='ocrx_word' id='word_1_296' title='bbox 1113 4948 1241 4993; x_wconf 85' lang='lat' dir='ltr'><strong>proponas</strong></span> <span class='ocrx_word' id='word_1_297' title='bbox 1252 4937 1334 4992; x_wconf 89' lang='lat' dir='ltr'><strong>nobis,</strong></span> 
     </span>
     <span class='ocr_line' id='line_1_50' title="bbox 590 5004 1334 5068; baseline -0.007 -13"><span class='ocrx_word' id='word_1_298' title='bbox 590 5021 620 5055; x_wconf 88' lang='lat' dir='ltr'><strong>ac</strong></span> <span class='ocrx_word' id='word_1_299' title='bbox 634 5008 754 5054; x_wconf 88' lang='lat' dir='ltr'><strong>nomines</strong></span> <span class='ocrx_word' id='word_1_300' title='bbox 775 5007 871 5068; x_wconf 82' lang='lat' dir='ltr'><strong>virum,</strong></span> <span class='ocrx_word' id='word_1_301' title='bbox 886 5017 963 5061; x_wconf 90' lang='lat' dir='ltr'><strong>quern</strong></span> <span class='ocrx_word' id='word_1_302' title='bbox 986 5005 1071 5060; x_wconf 90' lang='lat' dir='ltr'><strong>magis</strong></span> <span class='ocrx_word' id='word_1_303' title='bbox 1092 5004 1216 5050; x_wconf 87' lang='lat' dir='ltr'><strong>idoneum</strong></span> <span class='ocrx_word' id='word_1_304' title='bbox 1230 5017 1287 5050; x_wconf 88' lang='lat' dir='ltr'><strong>esse</strong></span> <span class='ocrx_word' id='word_1_305' title='bbox 1301 5005 1334 5050; x_wconf 89' lang='lat' dir='ltr'><strong>ad</strong></span> 
     </span>
     <span class='ocr_line' id='line_1_51' title="bbox 590 5071 1335 5133; baseline -0.007 -11"><span class='ocrx_word' id='word_1_306' title='bbox 590 5078 656 5122; x_wconf 93' lang='lat' dir='ltr'><strong>illud</strong></span> <span class='ocrx_word' id='word_1_307' title='bbox 671 5075 803 5133; x_wconf 79' lang='lat' dir='ltr'><strong>pastorale</strong></span> <span class='ocrx_word' id='word_1_308' title='bbox 818 5085 915 5118; x_wconf 81' lang='lat' dir='ltr'><strong>munros</strong></span> <span class='ocrx_word' id='word_1_309' title='bbox 930 5071 1096 5122; x_wconf 83' lang='lat' dir='ltr'><strong>indicaveris.</strong></span> <span class='ocrx_word' id='word_1_310' title='bbox 1111 5075 1141 5116; x_wconf 91' lang='lat' dir='ltr'><strong>ut</strong></span> <span class='ocrx_word' id='word_1_311' title='bbox 1156 5072 1277 5116; x_wconf 90' lang='lat' dir='ltr'><strong>eumdem</strong></span> <span class='ocrx_word' id='word_1_312' title='bbox 1288 5083 1335 5118; x_wconf 88' lang='lat' dir='ltr'><strong>nos</strong></span> 
     </span>
     <span class='ocr_line' id='line_1_52' title="bbox 590 5139 1336 5199; baseline -0.005 -11"><span class='ocrx_word' id='word_1_313' title='bbox 590 5144 617 5188; x_wconf 91' lang='lat' dir='ltr'><strong>in</strong></span> <span class='ocrx_word' id='word_1_314' title='bbox 629 5143 783 5199; x_wconf 75' lang='lat' dir='ltr'><strong>Episcopum</strong></span> <span class='ocrx_word' id='word_1_315' title='bbox 794 5141 865 5186; x_wconf 91' lang='lat' dir='ltr'><strong>clero</strong></span> <span class='ocrx_word' id='word_1_316' title='bbox 877 5139 1022 5194; x_wconf 76' lang='lat' dir='ltr'><strong>propitioque</strong></span> <span class='ocrx_word' id='word_1_317' title='bbox 1031 5139 1225 5184; x_wconf 83' lang='lat' dir='ltr'><strong>Munhacsieusi</strong></span> <span class='ocrx_word' id='word_1_318' title='bbox 1236 5139 1336 5195; x_wconf 82' lang='lat' dir='ltr'><strong>praeiu-</strong></span> 
     </span>
     <span class='ocr_line' id='line_1_53' title="bbox 592 5203 1336 5264; baseline -0.003 -9"><span class='ocrx_word' id='word_1_319' title='bbox 592 5214 681 5255; x_wconf 88' lang='lat' dir='ltr'><strong>turum</strong></span> <span class='ocrx_word' id='word_1_320' title='bbox 697 5208 834 5264; x_wconf 76' lang='lat' dir='ltr'><strong>eligamus.</strong></span> <span class='ocrx_word' id='word_1_321' title='bbox 850 5213 884 5251; x_wconf 75' lang='lat' dir='ltr'><strong>Ao</strong></span> <span class='ocrx_word' id='word_1_322' title='bbox 897 5205 1067 5262; x_wconf 87' lang='lat' dir='ltr'><strong>apostolicam</strong></span> <span class='ocrx_word' id='word_1_323' title='bbox 1079 5203 1287 5252; x_wconf 87' lang='lat' dir='ltr'><strong>benedictionem</strong></span> <span class='ocrx_word' id='word_1_324' title='bbox 1298 5219 1336 5254; x_wconf 91' lang='lat' dir='ltr'><strong>re·</strong></span> 
     </span>
     <span class='ocr_line' id='line_1_54' title="bbox 591 5273 1337 5332; baseline -0.003 -10"><span class='ocrx_word' id='word_1_325' title='bbox 591 5279 650 5332; x_wconf 86' lang='lat' dir='ltr'><strong>giae</strong></span> <span class='ocrx_word' id='word_1_326' title='bbox 664 5274 798 5321; x_wconf 87' lang='lat' dir='ltr'><strong>maiestati</strong></span> <span class='ocrx_word' id='word_1_327' title='bbox 821 5277 881 5319; x_wconf 82' lang='lat' dir='ltr'><strong>turre</strong></span> <span class='ocrx_word' id='word_1_328' title='bbox 897 5273 997 5328; x_wconf 90' lang='lat' dir='ltr'><strong>totique</strong></span> <span class='ocrx_word' id='word_1_329' title='bbox 1018 5277 1148 5328; x_wconf 89' lang='lat' dir='ltr'><strong>augustae</strong></span> <span class='ocrx_word' id='word_1_330' title='bbox 1168 5273 1243 5320; x_wconf 88' lang='lat' dir='ltr'><strong>nobis</strong></span> <span class='ocrx_word' id='word_1_331' title='bbox 1257 5275 1337 5320; x_wconf 90' lang='lat' dir='ltr'><strong>caris-</strong></span> 
     </span>
     <span class='ocr_line' id='line_1_55' title="bbox 592 5337 1336 5394; baseline -0.004 -7"><span class='ocrx_word' id='word_1_332' title='bbox 592 5343 674 5388; x_wconf 83' lang='lat' dir='ltr'><strong>simae</strong></span> <span class='ocrx_word' id='word_1_333' title='bbox 688 5341 778 5386; x_wconf 91' lang='lat' dir='ltr'><strong>domui</strong></span> <span class='ocrx_word' id='word_1_334' title='bbox 793 5339 887 5384; x_wconf 85' lang='lat' dir='ltr'><strong>intirtto</strong></span> <span class='ocrx_word' id='word_1_335' title='bbox 902 5337 1006 5394; x_wconf 90' lang='lat' dir='ltr'><strong>paterni</strong></span> <span class='ocrx_word' id='word_1_336' title='bbox 1020 5338 1106 5383; x_wconf 89' lang='lat' dir='ltr'><strong>cordis</strong></span> <span class='ocrx_word' id='word_1_337' title='bbox 1121 5351 1200 5384; x_wconf 88' lang='lat' dir='ltr'><strong>seusu</strong></span> <span class='ocrx_word' id='word_1_338' title='bbox 1211 5339 1336 5385; x_wconf 86' lang='lat' dir='ltr'><strong>amantis-</strong></span> 
     </span>
     <span class='ocr_line' id='line_1_56' title="bbox 592 5409 849 5465; baseline -0.019 -11"><span class='ocrx_word' id='word_1_339' title='bbox 592 5411 657 5455; x_wconf 89' lang='lat' dir='ltr'><strong>sime</strong></span> <span class='ocrx_word' id='word_1_340' title='bbox 673 5409 849 5465; x_wconf 89' lang='lat' dir='ltr'><strong>impertimur.</strong></span> 
     </span>
    </p>

    <p class='ocr_par' dir='ltr' id='par_1_7' title="bbox 592 5471 1337 5602">
     <span class='ocr_line' id='line_1_57' title="bbox 633 5471 1337 5530; baseline 0.001 -10"><span class='ocrx_word' id='word_1_341' title='bbox 633 5480 726 5521; x_wconf 84' lang='lat' dir='ltr'><strong>batum</strong></span> <span class='ocrx_word' id='word_1_342' title='bbox 748 5479 859 5528; x_wconf 83' lang='lat' dir='ltr'><strong>Rornae,</strong></span> <span class='ocrx_word' id='word_1_343' title='bbox 880 5471 921 5517; x_wconf 87' lang='lat' dir='ltr'><strong>die</strong></span> <span class='ocrx_word' id='word_1_344' title='bbox 942 5483 1005 5518; x_wconf 85' lang='lat' dir='ltr'><strong>xvir.</strong></span> <span class='ocrx_word' id='word_1_345' title='bbox 1025 5473 1174 5520; x_wconf 89' lang='lat' dir='ltr'><strong>novembris</strong></span> <span class='ocrx_word' id='word_1_346' title='bbox 1196 5485 1337 5530; x_wconf 75' lang='lat' dir='ltr'><strong>nncctxx,</strong></span> 
     </span>
     <span class='ocr_line' id='line_1_58' title="bbox 592 5541 979 5602; baseline -0.016 -12"><span class='ocrx_word' id='word_1_347' title='bbox 592 5543 760 5602; x_wconf 81' lang='lat' dir='ltr'><strong>pontificatus</strong></span> <span class='ocrx_word' id='word_1_348' title='bbox 774 5541 858 5587; x_wconf 89' lang='lat' dir='ltr'><strong>nostri</strong></span> <span class='ocrx_word' id='word_1_349' title='bbox 873 5551 941 5586; x_wconf 91' lang='lat' dir='ltr'><strong>anno</strong></span> <span class='ocrx_word' id='word_1_350' title='bbox 952 5551 979 5586; x_wconf 90' lang='grc' dir='ltr'><strong>ιι.</strong></span> 
     </span>
    </p>
   </div>
   <div class='ocr_carea' id='block_1_6' title="bbox 845 5685 1084 5698">
    <p class='ocr_par' dir='ltr' id='par_1_8' title="bbox 845 5685 1084 5698">
     <span class='ocr_line' id='line_1_59' title="bbox 845 5685 1084 5698; baseline 0 -2"><span class='ocrx_word' id='word_1_351' title='bbox 845 5685 1084 5698; x_wconf 53' lang='lat' dir='ltr'><strong>n*-</strong></span> 
     </span>
    </p>
   </div>
   <div class='ocr_carea' id='block_1_7' title="bbox 594 5818 1339 5934">
    <p class='ocr_par' dir='ltr' id='par_1_9' title="bbox 594 5818 1339 5934">
     <span class='ocr_line' id='line_1_60' title="bbox 594 5818 1337 5868; baseline -0.007 -7"><span class='ocrx_word' id='word_1_352' title='bbox 594 5821 633 5862; x_wconf 73' lang='lat' dir='ltr'><strong>Em</strong></span> <span class='ocrx_word' id='word_1_353' title='bbox 647 5820 735 5860; x_wconf 81' lang='lat' dir='ltr'><strong>eodem</strong></span> <span class='ocrx_word' id='word_1_354' title='bbox 752 5828 804 5868; x_wconf 75' lang='lat' dir='ltr'><strong>reo.</strong></span> <span class='ocrx_word' id='word_1_355' title='bbox 815 5819 838 5858; x_wconf 84' lang='lat' dir='ltr'><strong>et</strong></span> <span class='ocrx_word' id='word_1_356' title='bbox 852 5827 933 5858; x_wconf 82' lang='lat' dir='ltr'><strong>orario.</strong></span> <span class='ocrx_word' id='word_1_357' title='bbox 952 5818 1077 5868; x_wconf 78' lang='lat' dir='ltr'><strong>Episcopo</strong></span> <span class='ocrx_word' id='word_1_358' title='bbox 1089 5819 1210 5868; x_wconf 73' lang='lat' dir='ltr'><strong>sertensi</strong></span> <span class='ocrx_word' id='word_1_359' title='bbox 1220 5819 1337 5858; x_wconf 82' lang='lat' dir='ltr'><strong>rmrritrrrm</strong></span> 
     </span>
     <span class='ocr_line' id='line_1_61' title="bbox 634 5881 1339 5934; baseline -0.003 -8"><span class='ocrx_word' id='word_1_360' title='bbox 634 5889 662 5927; x_wconf 81' lang='lat' dir='ltr'><strong>iro</strong></span> <span class='ocrx_word' id='word_1_361' title='bbox 678 5881 781 5934; x_wconf 73' lang='lat' dir='ltr'><strong>recoctio</strong></span> <span class='ocrx_word' id='word_1_362' title='bbox 797 5885 995 5926; x_wconf 79' lang='lat' dir='ltr'><strong>lirorrhacsicmsi</strong></span> <span class='ocrx_word' id='word_1_363' title='bbox 1010 5886 1143 5926; x_wconf 83' lang='lat' dir='ltr'><strong>laboranti</strong></span> <span class='ocrx_word' id='word_1_364' title='bbox 1158 5887 1299 5929; x_wconf 79' lang='lat' dir='ltr'><strong>asseverat.</strong></span> <span class='ocrx_word' id='word_1_365' title='bbox 1311 5893 1339 5924; x_wconf 88' lang='lat' dir='ltr'><strong>sc</strong></span> 
     </span>
    </p>
   </div>
   <div class='ocr_carea' id='block_1_8' title="bbox 1106 561 1602 610">
    <p class='ocr_par' dir='ltr' id='par_1_10' title="bbox 1106 561 1602 610">
     <span class='ocr_line' id='line_1_62' title="bbox 1106 561 1602 610; baseline 0 -4"><span class='ocrx_word' id='word_1_366' title='bbox 1106 561 1168 608; x_wconf 79' lang='lat' dir='ltr'><strong>tuta.</strong></span> <span class='ocrx_word' id='word_1_367' title='bbox 1193 563 1284 610; x_wconf 80' lang='lat' dir='ltr'>PONT·</span> <span class='ocrx_word' id='word_1_368' title='bbox 1309 563 1349 610; x_wconf 76' lang='lat' dir='ltr'><strong>DE</strong></span> <span class='ocrx_word' id='word_1_369' title='bbox 1371 563 1400 610; x_wconf 84' lang='lat' dir='ltr'><strong>P.</strong></span> <span class='ocrx_word' id='word_1_370' title='bbox 1423 563 1452 610; x_wconf 77' lang='lat' dir='ltr'><strong>F·</strong></span> <span class='ocrx_word' id='word_1_371' title='bbox 1478 564 1559 609; x_wconf 77' lang='lat' dir='ltr'>PARS</span> <span class='ocrx_word' id='word_1_372' title='bbox 1582 564 1602 608; x_wconf 89' lang='lat' dir='ltr'><strong>l.</strong></span> 
     </span>
    </p>
   </div>
   <div class='ocr_carea' id='block_1_9' title="bbox 1380 679 2342 3274">
    <p class='ocr_par' dir='ltr' id='par_1_11' title="bbox 1380 679 2130 1873">
     <span class='ocr_line' id='line_1_63' title="bbox 1380 679 2127 762; baseline -0.004 -19"><span class='ocrx_word' id='word_1_373' title='bbox 1380 680 1422 744; x_wconf 91' lang='lat' dir='ltr'><strong>cis</strong></span> <span class='ocrx_word' id='word_1_374' title='bbox 1444 680 1540 742; x_wconf 88' lang='lat' dir='ltr'><strong>unitis</strong></span> <span class='ocrx_word' id='word_1_375' title='bbox 1555 682 1707 757; x_wconf 85' lang='lat' dir='ltr'><strong>conterre,</strong></span> <span class='ocrx_word' id='word_1_376' title='bbox 1725 680 1859 762; x_wconf 91' lang='lat' dir='ltr'><strong>aliasque</strong></span> <span class='ocrx_word' id='word_1_377' title='bbox 1879 680 1927 744; x_wconf 92' lang='lat' dir='ltr'><strong>sui</strong></span> <span class='ocrx_word' id='word_1_378' title='bbox 1949 679 2127 759; x_wconf 90' lang='lat' dir='ltr'><strong>episcopalis</strong></span> 
     </span>
     <span class='ocr_line' id='line_1_64' title="bbox 1381 773 2127 854; baseline 0.001 -20"><span class='ocrx_word' id='word_1_379' title='bbox 1381 773 1547 836; x_wconf 88' lang='lat' dir='ltr'><strong>ministerii</strong></span> <span class='ocrx_word' id='word_1_380' title='bbox 1575 783 1676 854; x_wconf 89' lang='lat' dir='ltr'><strong>partes</strong></span> <span class='ocrx_word' id='word_1_381' title='bbox 1705 777 1789 838; x_wconf 85' lang='lat' dir='ltr'><strong>iuxta</strong></span> <span class='ocrx_word' id='word_1_382' title='bbox 1811 775 1998 838; x_wconf 87' lang='lat' dir='ltr'><strong>Graecorum</strong></span> <span class='ocrx_word' id='word_1_383' title='bbox 2023 773 2127 836; x_wconf 91' lang='lat' dir='ltr'><strong>unito·</strong></span> 
     </span>
     <span class='ocr_line' id='line_1_65' title="bbox 1380 865 2126 946; baseline -0.003 -18"><span class='ocrx_word' id='word_1_384' title='bbox 1380 882 1452 928; x_wconf 91' lang='lat' dir='ltr'><strong>rum</strong></span> <span class='ocrx_word' id='word_1_385' title='bbox 1475 867 1651 930; x_wconf 91' lang='lat' dir='ltr'><strong>huiusmodi</strong></span> <span class='ocrx_word' id='word_1_386' title='bbox 1672 867 1942 942; x_wconf 88' lang='lat' dir='ltr'><strong>consuetudinem,</strong></span> <span class='ocrx_word' id='word_1_387' title='bbox 1966 865 2126 946; x_wconf 82' lang='lat' dir='ltr'><strong>privilegia</strong></span> 
     </span>
     <span class='ocr_line' id='line_1_66' title="bbox 1381 957 2127 1036; baseline -0.001 -15"><span class='ocrx_word' id='word_1_388' title='bbox 1381 967 1412 1022; x_wconf 92' lang='lat' dir='ltr'><strong>et</strong></span> <span class='ocrx_word' id='word_1_389' title='bbox 1432 959 1552 1022; x_wconf 91' lang='lat' dir='ltr'><strong>indulta</strong></span> <span class='ocrx_word' id='word_1_390' title='bbox 1574 959 1673 1023; x_wconf 89' lang='lat' dir='ltr'><strong>eidem</strong></span> <span class='ocrx_word' id='word_1_391' title='bbox 1690 960 1810 1024; x_wconf 86' lang='lat' dir='ltr'><strong>Vicario</strong></span> <span class='ocrx_word' id='word_1_392' title='bbox 1825 977 1840 1022; x_wconf 92' lang='lat' dir='ltr'><strong>a</strong></span> <span class='ocrx_word' id='word_1_393' title='bbox 1856 957 1935 1024; x_wconf 90' lang='lat' dir='ltr'><strong>Sede</strong></span> <span class='ocrx_word' id='word_1_394' title='bbox 1955 957 2127 1036; x_wconf 82' lang='lat' dir='ltr'><strong>Apostolica</strong></span> 
     </span>
     <span class='ocr_line' id='line_1_67' title="bbox 1381 1054 2128 1133; baseline -0.001 -19"><span class='ocrx_word' id='word_1_395' title='bbox 1381 1067 1522 1116; x_wconf 91' lang='lat' dir='ltr'><strong>concessa</strong></span> <span class='ocrx_word' id='word_1_396' title='bbox 1543 1054 1629 1118; x_wconf 90' lang='lat' dir='ltr'><strong>obire</strong></span> <span class='ocrx_word' id='word_1_397' title='bbox 1654 1062 1772 1131; x_wconf 89' lang='lat' dir='ltr'><strong>posset:</strong></span> <span class='ocrx_word' id='word_1_398' title='bbox 1797 1071 1931 1133; x_wconf 90' lang='lat' dir='ltr'><strong>cumque</strong></span> <span class='ocrx_word' id='word_1_399' title='bbox 1951 1054 2012 1116; x_wconf 80' lang='lat' dir='ltr'><strong>lieo</strong></span> <span class='ocrx_word' id='word_1_400' title='bbox 2034 1055 2128 1114; x_wconf 92' lang='lat' dir='ltr'><strong>dante</strong></span> 
     </span>
     <span class='ocr_line' id='line_1_68' title="bbox 1382 1143 2127 1224; baseline 0.001 -18"><span class='ocrx_word' id='word_1_401' title='bbox 1382 1145 1465 1210; x_wconf 90' lang='lat' dir='ltr'><strong>illius</strong></span> <span class='ocrx_word' id='word_1_402' title='bbox 1487 1143 1589 1224; x_wconf 83' lang='lat' dir='ltr'><strong>gentis</strong></span> <span class='ocrx_word' id='word_1_403' title='bbox 1617 1162 1767 1210; x_wconf 89' lang='lat' dir='ltr'><strong>numerus</strong></span> <span class='ocrx_word' id='word_1_404' title='bbox 1798 1147 1929 1210; x_wconf 88' lang='lat' dir='ltr'><strong>schisma</strong></span> <span class='ocrx_word' id='word_1_405' title='bbox 1954 1147 2127 1208; x_wconf 89' lang='lat' dir='ltr'><strong>deserentis</strong></span> 
     </span>
     <span class='ocr_line' id='line_1_69' title="bbox 1382 1239 2128 1317; baseline 0.001 -19"><span class='ocrx_word' id='word_1_406' title='bbox 1382 1241 1455 1302; x_wconf 90' lang='lat' dir='ltr'><strong>adeo</strong></span> <span class='ocrx_word' id='word_1_407' title='bbox 1476 1239 1678 1315; x_wconf 87' lang='lat' dir='ltr'><strong>succreverit,</strong></span> <span class='ocrx_word' id='word_1_408' title='bbox 1697 1248 1730 1301; x_wconf 92' lang='lat' dir='ltr'><strong>ut</strong></span> <span class='ocrx_word' id='word_1_409' title='bbox 1747 1240 1803 1317; x_wconf 90' lang='lat' dir='ltr'><strong>ipsi</strong></span> <span class='ocrx_word' id='word_1_410' title='bbox 1823 1240 2002 1302; x_wconf 88' lang='lat' dir='ltr'><strong>acatholico</strong></span> <span class='ocrx_word' id='word_1_411' title='bbox 2022 1239 2071 1301; x_wconf 91' lang='lat' dir='ltr'><strong>sul</strong></span> <span class='ocrx_word' id='word_1_412' title='bbox 2086 1239 2128 1300; x_wconf 93' lang='lat' dir='ltr'><strong>ri·</strong></span> 
     </span>
     <span class='ocr_line' id='line_1_70' title="bbox 1384 1332 2127 1412; baseline 0 -19"><span class='ocrx_word' id='word_1_413' title='bbox 1384 1340 1431 1394; x_wconf 90' lang='lat' dir='ltr'><strong>tus</strong></span> <span class='ocrx_word' id='word_1_414' title='bbox 1453 1333 1601 1396; x_wconf 81' lang='lat' dir='ltr'><strong>Antistite</strong></span> <span class='ocrx_word' id='word_1_415' title='bbox 1623 1335 1689 1410; x_wconf 81' lang='lat' dir='ltr'><strong>regi</strong></span> <span class='ocrx_word' id='word_1_416' title='bbox 1710 1341 1740 1396; x_wconf 88' lang='lat' dir='ltr'><strong>et</strong></span> <span class='ocrx_word' id='word_1_417' title='bbox 1765 1333 1941 1410; x_wconf 84' lang='lat' dir='ltr'><strong>gubernari,</strong></span> <span class='ocrx_word' id='word_1_418' title='bbox 1963 1351 1997 1394; x_wconf 90' lang='lat' dir='ltr'><strong>ac</strong></span> <span class='ocrx_word' id='word_1_419' title='bbox 2010 1332 2127 1412; x_wconf 89' lang='lat' dir='ltr'><strong>proprii</strong></span> 
     </span>
     <span class='ocr_line' id='line_1_71' title="bbox 1383 1423 2130 1504; baseline 0 -18"><span class='ocrx_word' id='word_1_420' title='bbox 1383 1425 1510 1502; x_wconf 88' lang='lat' dir='ltr'><strong>pastoris</strong></span> <span class='ocrx_word' id='word_1_421' title='bbox 1531 1423 1638 1488; x_wconf 90' lang='lat' dir='ltr'><strong>solatio</strong></span> <span class='ocrx_word' id='word_1_422' title='bbox 1659 1427 1720 1488; x_wconf 92' lang='lat' dir='ltr'><strong>lrui</strong></span> <span class='ocrx_word' id='word_1_423' title='bbox 1745 1434 1777 1486; x_wconf 94' lang='lat' dir='ltr'><strong>et</strong></span> <span class='ocrx_word' id='word_1_424' title='bbox 1799 1426 1948 1504; x_wconf 90' lang='lat' dir='ltr'><strong>praesidio</strong></span> <span class='ocrx_word' id='word_1_425' title='bbox 1976 1425 2056 1488; x_wconf 91' lang='lat' dir='ltr'><strong>tueri</strong></span> <span class='ocrx_word' id='word_1_426' title='bbox 2077 1427 2130 1489; x_wconf 88' lang='lat' dir='ltr'><strong>ad·</strong></span> 
     </span>
     <span class='ocr_line' id='line_1_72' title="bbox 1383 1519 2128 1598; baseline -0.001 -19"><span class='ocrx_word' id='word_1_427' title='bbox 1383 1535 1490 1580; x_wconf 80' lang='lat' dir='ltr'><strong>versus</strong></span> <span class='ocrx_word' id='word_1_428' title='bbox 1503 1519 1768 1584; x_wconf 91' lang='lat' dir='ltr'><strong>schismaticorum</strong></span> <span class='ocrx_word' id='word_1_429' title='bbox 1785 1519 1946 1593; x_wconf 88' lang='lat' dir='ltr'><strong>versutias,</strong></span> <span class='ocrx_word' id='word_1_430' title='bbox 1962 1519 2016 1598; x_wconf 91' lang='lat' dir='ltr'><strong>qui</strong></span> <span class='ocrx_word' id='word_1_431' title='bbox 2029 1534 2046 1580; x_wconf 94' lang='lat' dir='ltr'><strong>e</strong></span> <span class='ocrx_word' id='word_1_432' title='bbox 2058 1533 2128 1578; x_wconf 90' lang='lat' dir='ltr'><strong>san·</strong></span> 
     </span>
     <span class='ocr_line' id='line_1_73' title="bbox 1381 1612 2126 1676; baseline -0.001 -3"><span class='ocrx_word' id='word_1_433' title='bbox 1381 1619 1446 1673; x_wconf 90' lang='lat' dir='ltr'><strong>ctae</strong></span> <span class='ocrx_word' id='word_1_434' title='bbox 1468 1613 1573 1674; x_wconf 89' lang='lat' dir='ltr'><strong>matris</strong></span> <span class='ocrx_word' id='word_1_435' title='bbox 1595 1612 1747 1674; x_wconf 89' lang='lat' dir='ltr'><strong>Ecclesiae</strong></span> <span class='ocrx_word' id='word_1_436' title='bbox 1767 1614 1838 1676; x_wconf 88' lang='lat' dir='ltr'><strong>sinu</strong></span> <span class='ocrx_word' id='word_1_437' title='bbox 1860 1629 1911 1676; x_wconf 90' lang='lat' dir='ltr'><strong>eos</strong></span> <span class='ocrx_word' id='word_1_438' title='bbox 1933 1613 2081 1675; x_wconf 90' lang='lat' dir='ltr'><strong>divellere</strong></span> <span class='ocrx_word' id='word_1_439' title='bbox 2098 1619 2126 1672; x_wconf 91' lang='lat' dir='ltr'><strong>et</strong></span> 
     </span>
     <span class='ocr_line' id='line_1_74' title="bbox 1381 1705 2128 1785; baseline 0 -20"><span class='ocrx_word' id='word_1_440' title='bbox 1381 1705 1413 1765; x_wconf 94' lang='lat' dir='ltr'><strong>in</strong></span> <span class='ocrx_word' id='word_1_441' title='bbox 1438 1721 1509 1767; x_wconf 90' lang='lat' dir='ltr'><strong>suos</strong></span> <span class='ocrx_word' id='word_1_442' title='bbox 1541 1721 1661 1767; x_wconf 89' lang='lat' dir='ltr'><strong>errores</strong></span> <span class='ocrx_word' id='word_1_443' title='bbox 1693 1706 1853 1768; x_wconf 89' lang='lat' dir='ltr'><strong>traducere</strong></span> <span class='ocrx_word' id='word_1_444' title='bbox 1880 1721 1967 1785; x_wconf 88' lang='lat' dir='ltr'><strong>saepe</strong></span> <span class='ocrx_word' id='word_1_445' title='bbox 1995 1721 2128 1769; x_wconf 90' lang='lat' dir='ltr'><strong>numero</strong></span> 
     </span>
     <span class='ocr_line' id='line_1_75' title="bbox 1380 1798 1948 1873; baseline -0.007 -14"><span class='ocrx_word' id='word_1_446' title='bbox 1380 1798 1576 1873; x_wconf 88' lang='lat' dir='ltr'><strong>adnituntur,</strong></span> <span class='ocrx_word' id='word_1_447' title='bbox 1601 1799 1734 1860; x_wconf 90' lang='lat' dir='ltr'><strong>maxime</strong></span> <span class='ocrx_word' id='word_1_448' title='bbox 1755 1799 1948 1861; x_wconf 87' lang='lat' dir='ltr'><strong>desiderent:</strong></span> 
     </span>
    </p>

    <p class='ocr_par' dir='ltr' id='par_1_12' title="bbox 1382 1891 2341 3182">
     <span class='ocr_line' id='line_1_76' title="bbox 1421 1891 2340 1990; baseline 0.004 -36"><span class='ocrx_word' id='word_1_449' title='bbox 1421 1891 1489 1967; x_wconf 67' lang='lat'><strong>§2</strong></span> <span class='ocrx_word' id='word_1_450' title='bbox 1514 1891 1553 1953; x_wconf 88' lang='lat' dir='ltr'><strong>Et</strong></span> <span class='ocrx_word' id='word_1_451' title='bbox 1575 1891 1705 1969; x_wconf 89' lang='lat' dir='ltr'><strong>proinde</strong></span> <span class='ocrx_word' id='word_1_452' title='bbox 1726 1893 1879 1954; x_wconf 89' lang='lat' dir='ltr'><strong>carissima</strong></span> <span class='ocrx_word' id='word_1_453' title='bbox 1900 1893 1932 1954; x_wconf 91' lang='lat' dir='ltr'><strong>in</strong></span> <span class='ocrx_word' id='word_1_454' title='bbox 1948 1891 2070 1955; x_wconf 84' lang='lat' dir='ltr'><strong>Christo</strong></span> <span class='ocrx_word' id='word_1_455' title='bbox 2093 1893 2127 1952; x_wconf 91' lang='lat' dir='ltr'><strong>li·</strong></span> <span class='ocrx_word' id='word_1_456' title='bbox 2147 1893 2340 1990; x_wconf 41' lang='lat' dir='ltr'><strong>Brgungonaoq</strong></span> 
     </span>
     <span class='ocr_line' id='line_1_77' title="bbox 1382 1956 2341 2066; baseline 0.001 -21"><span class='ocrx_word' id='word_1_457' title='bbox 1382 1986 1419 2046; x_wconf 94' lang='lat' dir='ltr'><strong>lia</strong></span> <span class='ocrx_word' id='word_1_458' title='bbox 1442 1992 1544 2047; x_wconf 88' lang='lat' dir='ltr'><strong>nostra</strong></span> <span class='ocrx_word' id='word_1_459' title='bbox 1565 1985 1656 2048; x_wconf 86' lang='lat' dir='ltr'><strong>Maria</strong></span> <span class='ocrx_word' id='word_1_460' title='bbox 1678 1987 1821 2048; x_wconf 84' lang='lat' dir='ltr'><strong>Therasia</strong></span> <span class='ocrx_word' id='word_1_461' title='bbox 1843 1986 2127 2062; x_wconf 84' lang='lat' dir='ltr'><strong>ilungariaeetBo-</strong></span> <span class='ocrx_word' id='word_1_462' title='bbox 2147 1956 2341 2066; x_wconf 53' lang='grc' dir='ltr'><strong>ιὲιῖῗιῗὲιῖἷῗιῖἶ</strong></span> 
     </span>
     <span class='ocr_line' id='line_1_78' title="bbox 1383 2057 2341 2162; baseline -0.003 -22"><span class='ocrx_word' id='word_1_463' title='bbox 1383 2081 1501 2142; x_wconf 88' lang='lat' dir='ltr'><strong>herniae</strong></span> <span class='ocrx_word' id='word_1_464' title='bbox 1523 2080 1638 2155; x_wconf 83' lang='lat' dir='ltr'><strong>Regina</strong></span> <span class='ocrx_word' id='word_1_465' title='bbox 1661 2079 1842 2158; x_wconf 75' lang='lat' dir='ltr'><strong>Apostolica,</strong></span> <span class='ocrx_word' id='word_1_466' title='bbox 1855 2079 1943 2142; x_wconf 90' lang='lat' dir='ltr'><strong>cuius</strong></span> <span class='ocrx_word' id='word_1_467' title='bbox 1966 2077 2127 2156; x_wconf 91' lang='lat' dir='ltr'><strong>temporali</strong></span> <span class='ocrx_word' id='word_1_468' title='bbox 2147 2057 2341 2162; x_wconf 49' lang='grc' dir='ltr'><strong>ξῗὲιῗᾷᾞῃῗῃω</strong></span> 
     </span>
     <span class='ocr_line' id='line_1_79' title="bbox 1382 2169 2128 2250; baseline -0.003 -14"><span class='ocrx_word' id='word_1_469' title='bbox 1382 2173 1491 2236; x_wconf 91' lang='lat' dir='ltr'><strong>ditioni</strong></span> <span class='ocrx_word' id='word_1_470' title='bbox 1514 2173 1607 2234; x_wconf 92' lang='lat' dir='ltr'><strong>iidem</strong></span> <span class='ocrx_word' id='word_1_471' title='bbox 1623 2173 1766 2245; x_wconf 85' lang='lat' dir='ltr'><strong>subsunt,</strong></span> <span class='ocrx_word' id='word_1_472' title='bbox 1777 2173 1826 2250; x_wconf 89' lang='lat' dir='ltr'><strong>pio</strong></span> <span class='ocrx_word' id='word_1_473' title='bbox 1841 2173 2000 2248; x_wconf 81' lang='lat' dir='ltr'><strong>religionis</strong></span> <span class='ocrx_word' id='word_1_474' title='bbox 2015 2173 2046 2233; x_wconf 93' lang='lat' dir='ltr'><strong>in</strong></span> <span class='ocrx_word' id='word_1_475' title='bbox 2062 2169 2128 2234; x_wconf 82' lang='lat' dir='ltr'><strong>dios</strong></span> 
     </span>
     <span class='ocr_line' id='line_1_80' title="bbox 1382 2264 2128 2343; baseline -0.005 -15"><span class='ocrx_word' id='word_1_476' title='bbox 1382 2267 1540 2343; x_wconf 75' lang='lat' dir='ltr'><strong>tingendas</strong></span> <span class='ocrx_word' id='word_1_477' title='bbox 1560 2268 1662 2328; x_wconf 90' lang='lat' dir='ltr'><strong>studio</strong></span> <span class='ocrx_word' id='word_1_478' title='bbox 1683 2267 1807 2328; x_wconf 86' lang='lat' dir='ltr'><strong>incensa</strong></span> <span class='ocrx_word' id='word_1_479' title='bbox 1828 2273 1859 2326; x_wconf 90' lang='lat' dir='ltr'><strong>et</strong></span> <span class='ocrx_word' id='word_1_480' title='bbox 1880 2264 2006 2340; x_wconf 89' lang='lat' dir='ltr'><strong>solicita,</strong></span> <span class='ocrx_word' id='word_1_481' title='bbox 2021 2273 2054 2326; x_wconf 93' lang='lat' dir='ltr'><strong>ut</strong></span> <span class='ocrx_word' id='word_1_482' title='bbox 2068 2264 2128 2343; x_wconf 91' lang='lat' dir='ltr'><strong>ipsi</strong></span> 
     </span>
     <span class='ocr_line' id='line_1_81' title="bbox 1383 2360 2129 2432; baseline -0.004 -10"><span class='ocrx_word' id='word_1_483' title='bbox 1383 2361 1571 2423; x_wconf 84' lang='lat' dir='ltr'><strong>orthodoxae</strong></span> <span class='ocrx_word' id='word_1_484' title='bbox 1605 2361 1675 2422; x_wconf 92' lang='lat' dir='ltr'><strong>tidei</strong></span> <span class='ocrx_word' id='word_1_485' title='bbox 1708 2360 1829 2423; x_wconf 83' lang='lat' dir='ltr'><strong>firmius</strong></span> <span class='ocrx_word' id='word_1_486' title='bbox 1861 2360 2061 2432; x_wconf 90' lang='lat' dir='ltr'><strong>inhaereant,</strong></span> <span class='ocrx_word' id='word_1_487' title='bbox 2095 2376 2129 2420; x_wconf 92' lang='lat' dir='ltr'><strong>ac</strong></span> 
     </span>
     <span class='ocr_line' id='line_1_82' title="bbox 1382 2453 2129 2532; baseline -0.005 -16"><span class='ocrx_word' id='word_1_488' title='bbox 1382 2454 1567 2516; x_wconf 87' lang='lat' dir='ltr'><strong>schismatici</strong></span> <span class='ocrx_word' id='word_1_489' title='bbox 1588 2455 1623 2516; x_wconf 92' lang='lat' dir='ltr'><strong>ad</strong></span> <span class='ocrx_word' id='word_1_490' title='bbox 1646 2469 1713 2515; x_wconf 89' lang='lat' dir='ltr'><strong>earn</strong></span> <span class='ocrx_word' id='word_1_491' title='bbox 1741 2453 1985 2532; x_wconf 90' lang='lat' dir='ltr'><strong>amplectendam</strong></span> <span class='ocrx_word' id='word_1_492' title='bbox 2010 2453 2129 2516; x_wconf 89' lang='lat' dir='ltr'><strong>lacilius</strong></span> 
     </span>
     <span class='ocr_line' id='line_1_83' title="bbox 1382 2545 2130 2626; baseline -0.003 -17"><span class='ocrx_word' id='word_1_493' title='bbox 1382 2547 1566 2621; x_wconf 88' lang='lat' dir='ltr'><strong>alliciantur,</strong></span> <span class='ocrx_word' id='word_1_494' title='bbox 1581 2547 1645 2609; x_wconf 91' lang='lat' dir='ltr'><strong>loco</strong></span> <span class='ocrx_word' id='word_1_495' title='bbox 1668 2553 1697 2608; x_wconf 93' lang='lat' dir='ltr'><strong>et</strong></span> <span class='ocrx_word' id='word_1_496' title='bbox 1719 2547 1786 2608; x_wconf 92' lang='lat' dir='ltr'><strong>vice</strong></span> <span class='ocrx_word' id='word_1_497' title='bbox 1808 2545 1977 2608; x_wconf 76' lang='lat' dir='ltr'><strong>vicariatus</strong></span> <span class='ocrx_word' id='word_1_498' title='bbox 1999 2550 2130 2626; x_wconf 78' lang='lat' dir='ltr'><strong>aposto·</strong></span> 
     </span>
     <span class='ocr_line' id='line_1_84' title="bbox 1385 2639 2128 2719; baseline -0.003 -18"><span class='ocrx_word' id='word_1_499' title='bbox 1385 2641 1434 2704; x_wconf 92' lang='lat' dir='ltr'><strong>lici</strong></span> <span class='ocrx_word' id='word_1_500' title='bbox 1456 2640 1632 2703; x_wconf 89' lang='lat' dir='ltr'><strong>huiusmodi</strong></span> <span class='ocrx_word' id='word_1_501' title='bbox 1656 2641 1818 2703; x_wconf 87' lang='lat' dir='ltr'><strong>incudem</strong></span> <span class='ocrx_word' id='word_1_502' title='bbox 1847 2639 1956 2719; x_wconf 92' lang='lat' dir='ltr'><strong>oppido</strong></span> <span class='ocrx_word' id='word_1_503' title='bbox 1979 2640 2128 2702; x_wconf 88' lang='lat' dir='ltr'><strong>llunkacs</strong></span> 
     </span>
     <span class='ocr_line' id='line_1_85' title="bbox 1382 2733 2129 2813; baseline -0.005 -17"><span class='ocrx_word' id='word_1_504' title='bbox 1382 2734 1589 2813; x_wconf 89' lang='lat' dir='ltr'><strong>episcopatum</strong></span> <span class='ocrx_word' id='word_1_505' title='bbox 1609 2733 1709 2810; x_wconf 83' lang='lat' dir='ltr'><strong>graeci</strong></span> <span class='ocrx_word' id='word_1_506' title='bbox 1730 2733 1808 2796; x_wconf 91' lang='lat' dir='ltr'><strong>ritus</strong></span> <span class='ocrx_word' id='word_1_507' title='bbox 1827 2734 1906 2796; x_wconf 91' lang='lat' dir='ltr'><strong>uniti</strong></span> <span class='ocrx_word' id='word_1_508' title='bbox 1921 2749 1976 2810; x_wconf 90' lang='lat' dir='ltr'><strong>per</strong></span> <span class='ocrx_word' id='word_1_509' title='bbox 1992 2749 2047 2794; x_wconf 89' lang='lat' dir='ltr'><strong>nos</strong></span> <span class='ocrx_word' id='word_1_510' title='bbox 2063 2733 2129 2811; x_wconf 91' lang='lat' dir='ltr'><strong>pari</strong></span> 
     </span>
     <span class='ocr_line' id='line_1_86' title="bbox 1382 2825 2129 2904; baseline -0.001 -17"><span class='ocrx_word' id='word_1_511' title='bbox 1382 2827 1544 2904; x_wconf 82' lang='lat' dir='ltr'><strong>apostolici</strong></span> <span class='ocrx_word' id='word_1_512' title='bbox 1558 2826 1740 2889; x_wconf 89' lang='lat' dir='ltr'><strong>auctoritate</strong></span> <span class='ocrx_word' id='word_1_513' title='bbox 1755 2825 1940 2903; x_wconf 78' lang='lat' dir='ltr'><strong>erigendum</strong></span> <span class='ocrx_word' id='word_1_514' title='bbox 1963 2825 2129 2888; x_wconf 89' lang='lat' dir='ltr'><strong>vehemen-</strong></span> 
     </span>
     <span class='ocr_line' id='line_1_87' title="bbox 1384 2919 2129 2998; baseline -0.003 -16"><span class='ocrx_word' id='word_1_515' title='bbox 1384 2929 1430 2982; x_wconf 91' lang='lat' dir='ltr'><strong>ter</strong></span> <span class='ocrx_word' id='word_1_516' title='bbox 1441 2927 1577 2998; x_wconf 76' lang='lat' dir='ltr'><strong>exoptet,</strong></span> <span class='ocrx_word' id='word_1_517' title='bbox 1590 2921 1850 2998; x_wconf 90' lang='lat' dir='ltr'><strong>quemadmodum</strong></span> <span class='ocrx_word' id='word_1_518' title='bbox 1866 2920 1928 2997; x_wconf 90' lang='lat' dir='ltr'><strong>ipsa</strong></span> <span class='ocrx_word' id='word_1_519' title='bbox 1942 2919 2034 2982; x_wconf 86' lang='lat' dir='ltr'><strong>Maria</strong></span> <span class='ocrx_word' id='word_1_520' title='bbox 2049 2920 2129 2980; x_wconf 85' lang='lat' dir='ltr'><strong>The-</strong></span> 
     </span>
     <span class='ocr_line' id='line_1_88' title="bbox 1383 3013 2131 3091; baseline -0.001 -17"><span class='ocrx_word' id='word_1_521' title='bbox 1383 3015 1459 3075; x_wconf 91' lang='lat' dir='ltr'><strong>resla</strong></span> <span class='ocrx_word' id='word_1_522' title='bbox 1481 3013 1599 3090; x_wconf 84' lang='lat' dir='ltr'><strong>Regina</strong></span> <span class='ocrx_word' id='word_1_523' title='bbox 1627 3014 1796 3091; x_wconf 79' lang='lat' dir='ltr'><strong>apostolica</strong></span> <span class='ocrx_word' id='word_1_524' title='bbox 1825 3013 1918 3090; x_wconf 81' lang='lat' dir='ltr'><strong>regiis</strong></span> <span class='ocrx_word' id='word_1_525' title='bbox 1946 3013 2009 3076; x_wconf 92' lang='lat' dir='ltr'><strong>suis</strong></span> <span class='ocrx_word' id='word_1_526' title='bbox 2031 3013 2131 3074; x_wconf 88' lang='lat' dir='ltr'><strong>literis</strong></span> 
     </span>
     <span class='ocr_line' id='line_1_89' title="bbox 1383 3104 2106 3182; baseline -0.004 -16"><span class='ocrx_word' id='word_1_527' title='bbox 1383 3107 1418 3168; x_wconf 89' lang='lat' dir='ltr'><strong>ad</strong></span> <span class='ocrx_word' id='word_1_528' title='bbox 1441 3105 1469 3166; x_wconf 93' lang='lat' dir='ltr'><strong>id</strong></span> <span class='ocrx_word' id='word_1_529' title='bbox 1493 3105 1581 3166; x_wconf 91' lang='lat' dir='ltr'><strong>nobis</strong></span> <span class='ocrx_word' id='word_1_530' title='bbox 1604 3106 1679 3168; x_wconf 89' lang='lat' dir='ltr'><strong>datis</strong></span> <span class='ocrx_word' id='word_1_531' title='bbox 1702 3104 1890 3168; x_wconf 91' lang='lat' dir='ltr'><strong>luculentius</strong></span> <span class='ocrx_word' id='word_1_532' title='bbox 1911 3105 2106 3182; x_wconf 87' lang='lat' dir='ltr'><strong>exposuerit:</strong></span> 
     </span>
    </p>

    <p class='ocr_par' dir='ltr' id='par_1_13' title="bbox 1422 3197 2342 3274">
     <span class='ocr_line' id='line_1_90' title="bbox 1422 3197 2342 3274; baseline -0.005 -14"><span class='ocrx_word' id='word_1_533' title='bbox 1422 3199 1441 3272; x_wconf 72' lang='grc' dir='ltr'><strong>ἓ</strong></span> <span class='ocrx_word' id='word_1_534' title='bbox 1462 3199 1491 3260; x_wconf 82' lang='lat'><strong>3.</strong></span> <span class='ocrx_word' id='word_1_535' title='bbox 1515 3197 1588 3272; x_wconf 92' lang='lat' dir='ltr'><strong>Nos,</strong></span> <span class='ocrx_word' id='word_1_536' title='bbox 1603 3199 1722 3260; x_wconf 83' lang='lat' dir='ltr'><strong>maturi</strong></span> <span class='ocrx_word' id='word_1_537' title='bbox 1736 3198 1822 3274; x_wconf 89' lang='lat' dir='ltr'><strong>prius</strong></span> <span class='ocrx_word' id='word_1_538' title='bbox 1836 3197 2058 3260; x_wconf 91' lang='lat' dir='ltr'><strong>deliberatione</strong></span> <span class='ocrx_word' id='word_1_539' title='bbox 2076 3199 2129 3258; x_wconf 90' lang='lat' dir='ltr'><strong>ha·</strong></span> <span class='ocrx_word' id='word_1_540' title='bbox 2195 3199 2251 3242; x_wconf 63' lang='lat'><strong>1³⁰⁵!</strong></span> <span class='ocrx_word' id='word_1_541' title='bbox 2271 3202 2342 3240; x_wconf 77' lang='lat' dir='ltr'><strong>marr-</strong></span> 
     </span>
    </p>
   </div>
   <div class='ocr_carea' id='block_1_10' title="bbox 1383 3249 2341 3373">
    <p class='ocr_par' dir='ltr' id='par_1_14' title="bbox 1383 3249 2341 3373">
     <span class='ocr_line' id='line_1_91' title="bbox 1383 3249 2341 3373; baseline -0.008 -19"><span class='ocrx_word' id='word_1_542' title='bbox 1383 3293 1455 3368; x_wconf 83' lang='lat' dir='ltr'><strong>bita,</strong></span> <span class='ocrx_word' id='word_1_543' title='bbox 1478 3293 1575 3355; x_wconf 91' lang='lat' dir='ltr'><strong>dictae</strong></span> <span class='ocrx_word' id='word_1_544' title='bbox 1597 3292 1706 3353; x_wconf 85' lang='lat' dir='ltr'><strong>Mariae</strong></span> <span class='ocrx_word' id='word_1_545' title='bbox 1719 3291 1881 3354; x_wconf 79' lang='lat' dir='ltr'><strong>&#39;theresiae</strong></span> <span class='ocrx_word' id='word_1_546' title='bbox 1901 3291 2037 3368; x_wconf 78' lang='lat' dir='ltr'><strong>Reginae</strong></span> <span class='ocrx_word' id='word_1_547' title='bbox 2051 3295 2131 3373; x_wconf 86' lang='lat' dir='ltr'><strong>hpo·</strong></span> <span class='ocrx_word' id='word_1_548' title='bbox 2150 3249 2252 3350; x_wconf 65' lang='lat' dir='ltr'><strong>libai?</strong></span> <span class='ocrx_word' id='word_1_549' title='bbox 2267 3249 2341 3348; x_wconf 59' lang='grc' dir='ltr'>ὲῖῗῖἶῗι</span> 
     </span>
    </p>
   </div>
   <div class='ocr_carea' id='block_1_11' title="bbox 1422 3521 2133 3706">
    <p class='ocr_par' dir='ltr' id='par_1_15' title="bbox 1422 3521 2133 3706">
     <span class='ocr_line' id='line_1_92' title="bbox 1422 3521 2132 3573; baseline 0 -11"><span class='ocrx_word' id='word_1_550' title='bbox 1422 3523 1584 3573; x_wconf 81' lang='lat' dir='ltr'><strong>praesertim</strong></span> <span class='ocrx_word' id='word_1_551' title='bbox 1600 3529 1660 3562; x_wconf 83' lang='lat' dir='ltr'><strong>cero</strong></span> <span class='ocrx_word' id='word_1_552' title='bbox 1672 3529 1739 3570; x_wconf 80' lang='lat' dir='ltr'><strong>quoe</strong></span> <span class='ocrx_word' id='word_1_553' title='bbox 1750 3521 1850 3569; x_wconf 76' lang='lat' dir='ltr'><strong>Regina</strong></span> <span class='ocrx_word' id='word_1_554' title='bbox 1861 3522 2037 3572; x_wconf 79' lang='lat' dir='ltr'><strong>res-pondera.</strong></span> <span class='ocrx_word' id='word_1_555' title='bbox 2050 3530 2081 3562; x_wconf 84' lang='lat' dir='ltr'><strong>ac</strong></span> <span class='ocrx_word' id='word_1_556' title='bbox 2090 3523 2132 3563; x_wconf 82' lang='lat' dir='ltr'><strong>de·</strong></span> 
     </span>
     <span class='ocr_line' id='line_1_93' title="bbox 1424 3589 2133 3640; baseline -0.001 -10"><span class='ocrx_word' id='word_1_557' title='bbox 1424 3591 1564 3630; x_wconf 72' lang='lat' dir='ltr'><strong>crciari-orm</strong></span> <span class='ocrx_word' id='word_1_558' title='bbox 1586 3589 1613 3630; x_wconf 81' lang='lat' dir='ltr'><strong>id</strong></span> <span class='ocrx_word' id='word_1_559' title='bbox 1633 3589 1704 3638; x_wconf 83' lang='lat' dir='ltr'><strong>qaod</strong></span> <span class='ocrx_word' id='word_1_560' title='bbox 1725 3590 1837 3638; x_wconf 76' lang='lat' dir='ltr'><strong>acorrima</strong></span> <span class='ocrx_word' id='word_1_561' title='bbox 1858 3591 1881 3629; x_wconf 83' lang='lat' dir='ltr'><strong>et</strong></span> <span class='ocrx_word' id='word_1_562' title='bbox 1900 3591 2085 3640; x_wconf 76' lang='lat' dir='ltr'><strong>opportunius</strong></span> <span class='ocrx_word' id='word_1_563' title='bbox 2099 3590 2133 3630; x_wconf 82' lang='lat' dir='ltr'><strong>dc</strong></span> 
     </span>
     <span class='ocr_line' id='line_1_94' title="bbox 1425 3657 1614 3706; baseline 0.005 -11"><span class='ocrx_word' id='word_1_564' title='bbox 1425 3666 1454 3696; x_wconf 83' lang='lat' dir='ltr'><strong>rc</strong></span> <span class='ocrx_word' id='word_1_565' title='bbox 1467 3657 1614 3706; x_wconf 82' lang='lat' dir='ltr'><strong>perspiciet.</strong></span> 
     </span>
    </p>
   </div>
   <div class='ocr_carea' id='block_1_12' title="bbox 1482 3789 2034 3967">
    <p class='ocr_par' dir='ltr' id='par_1_16' title="bbox 1482 3789 2034 3967">
     <span class='ocr_line' id='line_1_95' title="bbox 1482 3789 2034 3840; baseline 0.002 -9"><span class='ocrx_word' id='word_1_566' title='bbox 1482 3791 1539 3831; x_wconf 81' lang='lat' dir='ltr'><strong>Vero.</strong></span> <span class='ocrx_word' id='word_1_567' title='bbox 1556 3791 1638 3836; x_wconf 74' lang='lat' dir='ltr'><strong>tratri</strong></span> <span class='ocrx_word' id='word_1_568' title='bbox 1655 3791 1748 3831; x_wconf 82' lang='lat' dir='ltr'><strong>t&#39;aroio</strong></span> <span class='ocrx_word' id='word_1_569' title='bbox 1764 3789 1890 3840; x_wconf 80' lang='lat' dir='ltr'><strong>Episcopo</strong></span> <span class='ocrx_word' id='word_1_570' title='bbox 1906 3791 2034 3840; x_wconf 73' lang='lat' dir='ltr'><strong>noricum,</strong></span> 
     </span>
     <span class='ocr_line' id='line_1_96' title="bbox 1598 3923 1917 3967; baseline 0.009 -3"><span class='ocrx_word' id='word_1_571' title='bbox 1598 3923 1742 3966; x_wconf 76' lang='lat' dir='ltr'>CLEMENS</span> <span class='ocrx_word' id='word_1_572' title='bbox 1760 3923 1837 3966; x_wconf 79' lang='lat' dir='ltr'><strong>Para</strong></span> <span class='ocrx_word' id='word_1_573' title='bbox 1856 3925 1917 3967; x_wconf 80' lang='lat' dir='ltr'><strong>xlt&#39;.</strong></span> 
     </span>
    </p>
   </div>
   <div class='ocr_carea' id='block_1_13' title="bbox 1477 4059 2042 4176">
    <p class='ocr_par' dir='ltr' id='par_1_17' title="bbox 1477 4059 2042 4176">
     <span class='ocr_line' id='line_1_97' title="bbox 1624 4059 1894 4107; baseline 0 -7"><span class='ocrx_word' id='word_1_574' title='bbox 1624 4059 1783 4100; x_wconf 80' lang='lat' dir='ltr'><strong>Venerabilis</strong></span> <span class='ocrx_word' id='word_1_575' title='bbox 1801 4061 1894 4107; x_wconf 74' lang='lat' dir='ltr'><strong>frater,</strong></span> 
     </span>
     <span class='ocr_line' id='line_1_98' title="bbox 1477 4127 2042 4176; baseline 0.007 -10"><span class='ocrx_word' id='word_1_576' title='bbox 1477 4127 1592 4168; x_wconf 83' lang='lat' dir='ltr'><strong>salutem</strong></span> <span class='ocrx_word' id='word_1_577' title='bbox 1606 4127 1631 4166; x_wconf 87' lang='lat' dir='ltr'><strong>et</strong></span> <span class='ocrx_word' id='word_1_578' title='bbox 1644 4127 1817 4176; x_wconf 80' lang='lat' dir='ltr'><strong>apostoticam</strong></span> <span class='ocrx_word' id='word_1_579' title='bbox 1832 4128 2042 4172; x_wconf 79' lang='lat' dir='ltr'><strong>benedictionem.</strong></span> 
     </span>
    </p>
   </div>
   <div class='ocr_carea' id='block_1_14' title="bbox 1386 4257 2166 5734">
    <p class='ocr_par' dir='ltr' id='par_1_18' title="bbox 1386 4257 2166 5734">
     <span class='ocr_line' id='line_1_99' title="bbox 1427 4257 2134 4316; baseline 0.003 -14"><span class='ocrx_word' id='word_1_580' title='bbox 1427 4257 1541 4304; x_wconf 83' lang='lat' dir='ltr'><strong>Litteras</strong></span> <span class='ocrx_word' id='word_1_581' title='bbox 1556 4257 1732 4303; x_wconf 79' lang='lat' dir='ltr'><strong>fraternitatis</strong></span> <span class='ocrx_word' id='word_1_582' title='bbox 1748 4261 1808 4302; x_wconf 89' lang='lat' dir='ltr'><strong>tuae</strong></span> <span class='ocrx_word' id='word_1_583' title='bbox 1822 4257 1865 4302; x_wconf 90' lang='lat' dir='ltr'><strong>die</strong></span> <span class='ocrx_word' id='word_1_584' title='bbox 1880 4269 1944 4302; x_wconf 85' lang='lat' dir='ltr'><strong>xxiv.</strong></span> <span class='ocrx_word' id='word_1_585' title='bbox 1956 4259 2063 4316; x_wconf 77' lang='lat' dir='ltr'><strong>augusti</strong></span> <span class='ocrx_word' id='word_1_586' title='bbox 2076 4271 2134 4316; x_wconf 92' lang='lat' dir='ltr'><strong>pro-</strong></span> 
     </span>
     <span class='ocr_line' id='line_1_100' title="bbox 1388 4323 2134 4380; baseline 0.005 -12"><span class='ocrx_word' id='word_1_587' title='bbox 1388 4323 1457 4370; x_wconf 85' lang='lat' dir='ltr'><strong>xime</strong></span> <span class='ocrx_word' id='word_1_588' title='bbox 1478 4325 1617 4380; x_wconf 88' lang='lat' dir='ltr'><strong>praeteriti</strong></span> <span class='ocrx_word' id='word_1_589' title='bbox 1637 4323 1721 4378; x_wconf 89' lang='lat' dir='ltr'><strong>datas,</strong></span> <span class='ocrx_word' id='word_1_590' title='bbox 1736 4324 1876 4380; x_wconf 84' lang='lat' dir='ltr'><strong>exquibus</strong></span> <span class='ocrx_word' id='word_1_591' title='bbox 1895 4337 1926 4370; x_wconf 90' lang='lat' dir='ltr'><strong>ea</strong></span> <span class='ocrx_word' id='word_1_592' title='bbox 1947 4325 2036 4372; x_wconf 84' lang='lat' dir='ltr'><strong>cornia</strong></span> <span class='ocrx_word' id='word_1_593' title='bbox 2058 4327 2134 4372; x_wconf 88' lang='lat' dir='ltr'><strong>intel·</strong></span> 
     </span>
     <span class='ocr_line' id='line_1_101' title="bbox 1386 4391 2135 4448; baseline 0.004 -12"><span class='ocrx_word' id='word_1_594' title='bbox 1386 4391 1508 4444; x_wconf 86' lang='lat' dir='ltr'><strong>teximus,</strong></span> <span class='ocrx_word' id='word_1_595' title='bbox 1519 4403 1586 4448; x_wconf 86' lang='lat' dir='ltr'><strong>quae</strong></span> <span class='ocrx_word' id='word_1_596' title='bbox 1600 4393 1631 4437; x_wconf 91' lang='lat' dir='ltr'><strong>de</strong></span> <span class='ocrx_word' id='word_1_597' title='bbox 1646 4403 1736 4436; x_wconf 90' lang='lat' dir='ltr'><strong>rerurn</strong></span> <span class='ocrx_word' id='word_1_598' title='bbox 1752 4391 1991 4438; x_wconf 84' lang='lat' dir='ltr'><strong>Munhacsiensium</strong></span> <span class='ocrx_word' id='word_1_599' title='bbox 2006 4397 2078 4439; x_wconf 89' lang='lat' dir='ltr'><strong>statu</strong></span> <span class='ocrx_word' id='word_1_600' title='bbox 2092 4395 2135 4439; x_wconf 89' lang='lat' dir='ltr'><strong>de-</strong></span> 
     </span>
     <span class='ocr_line' id='line_1_102' title="bbox 1387 4459 2133 4516; baseline 0.005 -14"><span class='ocrx_word' id='word_1_601' title='bbox 1387 4460 1448 4512; x_wconf 82' lang='lat' dir='ltr'><strong>sere,</strong></span> <span class='ocrx_word' id='word_1_602' title='bbox 1458 4469 1576 4516; x_wconf 86' lang='lat' dir='ltr'><strong>quaeque</strong></span> <span class='ocrx_word' id='word_1_603' title='bbox 1587 4459 1667 4504; x_wconf 89' lang='lat' dir='ltr'><strong>isthic</strong></span> <span class='ocrx_word' id='word_1_604' title='bbox 1676 4459 1770 4514; x_wconf 89' lang='lat' dir='ltr'><strong>egeris,</strong></span> <span class='ocrx_word' id='word_1_605' title='bbox 1779 4470 1810 4504; x_wconf 90' lang='lat' dir='ltr'><strong>ac</strong></span> <span class='ocrx_word' id='word_1_606' title='bbox 1819 4470 1871 4514; x_wconf 92' lang='lat' dir='ltr'><strong>quo</strong></span> <span class='ocrx_word' id='word_1_607' title='bbox 1881 4459 1968 4505; x_wconf 90' lang='lat' dir='ltr'><strong>studia</strong></span> <span class='ocrx_word' id='word_1_608' title='bbox 1979 4465 2026 4506; x_wconf 85' lang='lat' dir='ltr'><strong>tua</strong></span> <span class='ocrx_word' id='word_1_609' title='bbox 2035 4461 2133 4516; x_wconf 89' lang='lat' dir='ltr'><strong>omnia,</strong></span> 
     </span>
     <span class='ocr_line' id='line_1_103' title="bbox 1387 4525 2135 4584; baseline 0.001 -13"><span class='ocrx_word' id='word_1_610' title='bbox 1387 4527 1504 4581; x_wconf 90' lang='lat' dir='ltr'><strong>consilia,</strong></span> <span class='ocrx_word' id='word_1_611' title='bbox 1512 4538 1603 4573; x_wconf 90' lang='lat' dir='ltr'><strong>curam</strong></span> <span class='ocrx_word' id='word_1_612' title='bbox 1613 4537 1772 4584; x_wconf 88' lang='lat' dir='ltr'><strong>operamque</strong></span> <span class='ocrx_word' id='word_1_613' title='bbox 1782 4525 1917 4572; x_wconf 85' lang='lat' dir='ltr'><strong>direxeris.</strong></span> <span class='ocrx_word' id='word_1_614' title='bbox 1928 4529 1998 4574; x_wconf 87' lang='lat' dir='ltr'><strong>Unde</strong></span> <span class='ocrx_word' id='word_1_615' title='bbox 2007 4527 2135 4584; x_wconf 87' lang='lat' dir='ltr'><strong>perliben-</strong></span> 
     </span>
     <span class='ocr_line' id='line_1_104' title="bbox 1389 4593 2135 4652; baseline 0.003 -14"><span class='ocrx_word' id='word_1_616' title='bbox 1389 4597 1429 4638; x_wconf 90' lang='lat' dir='ltr'><strong>ter</strong></span> <span class='ocrx_word' id='word_1_617' title='bbox 1444 4593 1561 4639; x_wconf 89' lang='lat' dir='ltr'><strong>videmus</strong></span> <span class='ocrx_word' id='word_1_618' title='bbox 1575 4597 1655 4650; x_wconf 85' lang='lat' dir='ltr'><strong>atque</strong></span> <span class='ocrx_word' id='word_1_619' title='bbox 1669 4593 1850 4650; x_wconf 81' lang='lat' dir='ltr'><strong>cognoscimus</strong></span> <span class='ocrx_word' id='word_1_620' title='bbox 1865 4596 2026 4652; x_wconf 86' lang='lat' dir='ltr'><strong>pastoralem</strong></span> <span class='ocrx_word' id='word_1_621' title='bbox 2039 4595 2135 4641; x_wconf 89' lang='lat' dir='ltr'><strong>sollici-</strong></span> 
     </span>
     <span class='ocr_line' id='line_1_105' title="bbox 1388 4661 2134 4719; baseline 0.005 -14"><span class='ocrx_word' id='word_1_622' title='bbox 1388 4661 1506 4706; x_wconf 89' lang='lat' dir='ltr'><strong>tudinem</strong></span> <span class='ocrx_word' id='word_1_623' title='bbox 1523 4667 1606 4716; x_wconf 89' lang='lat' dir='ltr'><strong>tuarn,</strong></span> <span class='ocrx_word' id='word_1_624' title='bbox 1621 4664 1697 4718; x_wconf 89' lang='lat' dir='ltr'><strong>teque</strong></span> <span class='ocrx_word' id='word_1_625' title='bbox 1717 4662 1914 4718; x_wconf 88' lang='lat' dir='ltr'><strong>procommissi</strong></span> <span class='ocrx_word' id='word_1_626' title='bbox 1929 4663 1977 4707; x_wconf 91' lang='lat' dir='ltr'><strong>tihi</strong></span> <span class='ocrx_word' id='word_1_627' title='bbox 1992 4665 2080 4719; x_wconf 85' lang='lat' dir='ltr'><strong>gregis</strong></span> <span class='ocrx_word' id='word_1_628' title='bbox 2095 4676 2134 4710; x_wconf 88' lang='lat' dir='ltr'><strong>sa·</strong></span> 
     </span>
     <span class='ocr_line' id='line_1_106' title="bbox 1388 4729 2136 4788; baseline 0.004 -15"><span class='ocrx_word' id='word_1_629' title='bbox 1388 4729 1445 4774; x_wconf 90' lang='lat' dir='ltr'><strong>lute</strong></span> <span class='ocrx_word' id='word_1_630' title='bbox 1459 4731 1523 4776; x_wconf 80' lang='lat' dir='ltr'><strong>ardeo</strong></span> <span class='ocrx_word' id='word_1_631' title='bbox 1537 4731 1701 4776; x_wconf 89' lang='lat' dir='ltr'><strong>laborantem</strong></span> <span class='ocrx_word' id='word_1_632' title='bbox 1717 4729 1898 4776; x_wconf 85' lang='lat' dir='ltr'><strong>meritissitnis</strong></span> <span class='ocrx_word' id='word_1_633' title='bbox 1913 4731 2036 4776; x_wconf 87' lang='lat' dir='ltr'><strong>laudibus</strong></span> <span class='ocrx_word' id='word_1_634' title='bbox 2049 4743 2136 4788; x_wconf 87' lang='lat' dir='ltr'><strong>prose-</strong></span> 
     </span>
     <span class='ocr_line' id='line_1_107' title="bbox 1388 4798 2135 4856; baseline 0.004 -14"><span class='ocrx_word' id='word_1_635' title='bbox 1388 4798 1503 4854; x_wconf 87' lang='lat' dir='ltr'><strong>quimur.</strong></span> <span class='ocrx_word' id='word_1_636' title='bbox 1520 4801 1570 4844; x_wconf 88' lang='lat' dir='ltr'><strong>Nos</strong></span> <span class='ocrx_word' id='word_1_637' title='bbox 1583 4798 1689 4856; x_wconf 90' lang='lat' dir='ltr'><strong>quidem</strong></span> <span class='ocrx_word' id='word_1_638' title='bbox 1705 4798 1732 4843; x_wconf 91' lang='lat' dir='ltr'><strong>in</strong></span> <span class='ocrx_word' id='word_1_639' title='bbox 1746 4798 1897 4844; x_wconf 88' lang='lat' dir='ltr'><strong>huiusmodi</strong></span> <span class='ocrx_word' id='word_1_640' title='bbox 1909 4809 1998 4844; x_wconf 88' lang='lat' dir='ltr'><strong>rerum</strong></span> <span class='ocrx_word' id='word_1_641' title='bbox 2009 4799 2135 4845; x_wconf 86' lang='lat' dir='ltr'><strong>delibera·</strong></span> 
     </span>
     <span class='ocr_line' id='line_1_108' title="bbox 1389 4865 2134 4922; baseline 0.001 -11"><span class='ocrx_word' id='word_1_642' title='bbox 1389 4865 1460 4912; x_wconf 89' lang='lat' dir='ltr'><strong>tione</strong></span> <span class='ocrx_word' id='word_1_643' title='bbox 1474 4865 1513 4912; x_wconf 88' lang='lat' dir='ltr'><strong>ita</strong></span> <span class='ocrx_word' id='word_1_644' title='bbox 1532 4870 1698 4922; x_wconf 87' lang='lat' dir='ltr'><strong>cottrparatos</strong></span> <span class='ocrx_word' id='word_1_645' title='bbox 1719 4877 1776 4911; x_wconf 90' lang='lat' dir='ltr'><strong>esse</strong></span> <span class='ocrx_word' id='word_1_646' title='bbox 1798 4865 1847 4910; x_wconf 92' lang='lat' dir='ltr'><strong>tibi</strong></span> <span class='ocrx_word' id='word_1_647' title='bbox 1868 4867 2005 4922; x_wconf 88' lang='lat' dir='ltr'><strong>persuade,</strong></span> <span class='ocrx_word' id='word_1_648' title='bbox 2021 4871 2051 4911; x_wconf 93' lang='lat' dir='ltr'><strong>ut</strong></span> <span class='ocrx_word' id='word_1_649' title='bbox 2066 4865 2134 4912; x_wconf 93' lang='lat' dir='ltr'><strong>nihil</strong></span> 
     </span>
     <span class='ocr_line' id='line_1_109' title="bbox 1390 4932 2136 4990; baseline -0.001 -12"><span class='ocrx_word' id='word_1_650' title='bbox 1390 4937 1489 4979; x_wconf 88' lang='lat' dir='ltr'><strong>temere</strong></span> <span class='ocrx_word' id='word_1_651' title='bbox 1503 4934 1636 4978; x_wconf 77' lang='lat' dir='ltr'><strong>deor-eirari</strong></span> <span class='ocrx_word' id='word_1_652' title='bbox 1649 4935 1741 4988; x_wconf 87' lang='lat' dir='ltr'><strong>sirnus,</strong></span> <span class='ocrx_word' id='word_1_653' title='bbox 1752 4947 1782 4979; x_wconf 83' lang='lat' dir='ltr'><strong>ex</strong></span> <span class='ocrx_word' id='word_1_654' title='bbox 1792 4945 1844 4990; x_wconf 89' lang='lat' dir='ltr'><strong>quo</strong></span> <span class='ocrx_word' id='word_1_655' title='bbox 1855 4936 1941 4990; x_wconf 86' lang='lat' dir='ltr'><strong>posset</strong></span> <span class='ocrx_word' id='word_1_656' title='bbox 1953 4932 2070 4978; x_wconf 90' lang='lat' dir='ltr'><strong>tidelium</strong></span> <span class='ocrx_word' id='word_1_657' title='bbox 2081 4933 2136 4979; x_wconf 94' lang='lat' dir='ltr'><strong>ani-</strong></span> 
     </span>
     <span class='ocr_line' id='line_1_110' title="bbox 1390 5000 2135 5055; baseline 0 -9"><span class='ocrx_word' id='word_1_658' title='bbox 1390 5003 1440 5047; x_wconf 89' lang='lat' dir='ltr'><strong>mis</strong></span> <span class='ocrx_word' id='word_1_659' title='bbox 1455 5003 1540 5047; x_wconf 81' lang='lat' dir='ltr'><strong>rollum</strong></span> <span class='ocrx_word' id='word_1_660' title='bbox 1555 5000 1745 5048; x_wconf 88' lang='lat' dir='ltr'><strong>detrimentum</strong></span> <span class='ocrx_word' id='word_1_661' title='bbox 1757 5005 1806 5048; x_wconf 87' lang='lat' dir='ltr'><strong>aut</strong></span> <span class='ocrx_word' id='word_1_662' title='bbox 1816 5001 1957 5047; x_wconf 89' lang='lat' dir='ltr'><strong>discrimen</strong></span> <span class='ocrx_word' id='word_1_663' title='bbox 1967 5001 2071 5055; x_wconf 86' lang='lat' dir='ltr'><strong>interri;</strong></span> <span class='ocrx_word' id='word_1_664' title='bbox 2082 5013 2135 5046; x_wconf 91' lang='lat' dir='ltr'><strong>cer-</strong></span> 
     </span>
     <span class='ocr_line' id='line_1_111' title="bbox 1391 5069 2135 5127; baseline -0.003 -11"><span class='ocrx_word' id='word_1_665' title='bbox 1391 5076 1484 5127; x_wconf 87' lang='lat' dir='ltr'><strong>tusque</strong></span> <span class='ocrx_word' id='word_1_666' title='bbox 1499 5069 1535 5115; x_wconf 90' lang='lat' dir='ltr'><strong>sis</strong></span> <span class='ocrx_word' id='word_1_667' title='bbox 1550 5070 1582 5116; x_wconf 88' lang='lat' dir='ltr'><strong>ad</strong></span> <span class='ocrx_word' id='word_1_668' title='bbox 1592 5081 1651 5114; x_wconf 88' lang='lat' dir='ltr'><strong>earn</strong></span> <span class='ocrx_word' id='word_1_669' title='bbox 1661 5081 1707 5116; x_wconf 92' lang='lat' dir='ltr'><strong>nos</strong></span> <span class='ocrx_word' id='word_1_670' title='bbox 1717 5070 1876 5116; x_wconf 89' lang='lat' dir='ltr'><strong>deventuros</strong></span> <span class='ocrx_word' id='word_1_671' title='bbox 1886 5069 2055 5123; x_wconf 87' lang='lat' dir='ltr'><strong>sententiam,</strong></span> <span class='ocrx_word' id='word_1_672' title='bbox 2067 5081 2135 5125; x_wconf 89' lang='lat' dir='ltr'><strong>quae</strong></span> 
     </span>
     <span class='ocr_line' id='line_1_112' title="bbox 1390 5137 2136 5196; baseline -0.003 -12"><span class='ocrx_word' id='word_1_673' title='bbox 1390 5138 1543 5196; x_wconf 87' lang='lat' dir='ltr'><strong>(perspectis</strong></span> <span class='ocrx_word' id='word_1_674' title='bbox 1556 5149 1587 5182; x_wconf 88' lang='lat' dir='ltr'><strong>ac</strong></span> <span class='ocrx_word' id='word_1_675' title='bbox 1601 5137 1721 5193; x_wconf 90' lang='lat' dir='ltr'><strong>expensis</strong></span> <span class='ocrx_word' id='word_1_676' title='bbox 1742 5137 1874 5192; x_wconf 82' lang='lat' dir='ltr'><strong>ornatibus,</strong></span> <span class='ocrx_word' id='word_1_677' title='bbox 1888 5147 1919 5182; x_wconf 85' lang='lat' dir='ltr'><strong>ac</strong></span> <span class='ocrx_word' id='word_1_678' title='bbox 1933 5137 2049 5193; x_wconf 90' lang='lat' dir='ltr'><strong>plurima</strong></span> <span class='ocrx_word' id='word_1_679' title='bbox 2063 5148 2136 5193; x_wconf 88' lang='lat' dir='ltr'><strong>prae-</strong></span> 
     </span>
     <span class='ocr_line' id='line_1_113' title="bbox 1390 5203 2134 5260; baseline -0.004 -9"><span class='ocrx_word' id='word_1_680' title='bbox 1390 5205 1483 5252; x_wconf 88' lang='lat' dir='ltr'><strong>sertim</strong></span> <span class='ocrx_word' id='word_1_681' title='bbox 1506 5205 1597 5250; x_wconf 80' lang='lat' dir='ltr'><strong>habita</strong></span> <span class='ocrx_word' id='word_1_682' title='bbox 1618 5205 1721 5250; x_wconf 88' lang='lat' dir='ltr'><strong>ratione</strong></span> <span class='ocrx_word' id='word_1_683' title='bbox 1742 5215 1842 5258; x_wconf 88' lang='lat' dir='ltr'><strong>eorunr,</strong></span> <span class='ocrx_word' id='word_1_684' title='bbox 1864 5215 1931 5260; x_wconf 90' lang='lat' dir='ltr'><strong>quae</strong></span> <span class='ocrx_word' id='word_1_685' title='bbox 1949 5203 2088 5250; x_wconf 85' lang='lat' dir='ltr'><strong>carissima</strong></span> <span class='ocrx_word' id='word_1_686' title='bbox 2107 5205 2134 5248; x_wconf 95' lang='lat' dir='ltr'><strong>in</strong></span> 
     </span>
     <span class='ocr_line' id='line_1_114' title="bbox 1391 5270 2136 5327; baseline -0.003 -9"><span class='ocrx_word' id='word_1_687' title='bbox 1391 5274 1494 5319; x_wconf 89' lang='lat' dir='ltr'><strong>Christo</strong></span> <span class='ocrx_word' id='word_1_688' title='bbox 1510 5271 1566 5318; x_wconf 89' lang='lat' dir='ltr'><strong>lilia</strong></span> <span class='ocrx_word' id='word_1_689' title='bbox 1581 5275 1673 5317; x_wconf 88' lang='lat' dir='ltr'><strong>nostra</strong></span> <span class='ocrx_word' id='word_1_690' title='bbox 1688 5272 1771 5317; x_wconf 84' lang='lat' dir='ltr'><strong>Maria</strong></span> <span class='ocrx_word' id='word_1_691' title='bbox 1792 5270 1917 5316; x_wconf 80' lang='lat' dir='ltr'><strong>rhet-esta</strong></span> <span class='ocrx_word' id='word_1_692' title='bbox 1932 5271 2082 5327; x_wconf 81' lang='lat' dir='ltr'><strong>hartgariae</strong></span> <span class='ocrx_word' id='word_1_693' title='bbox 2097 5284 2136 5316; x_wconf 90' lang='lat' dir='ltr'><strong>re-</strong></span> 
     </span>
     <span class='ocr_line' id='line_1_115' title="bbox 1390 5338 2136 5397; baseline -0.001 -13"><span class='ocrx_word' id='word_1_694' title='bbox 1390 5340 1453 5396; x_wconf 85' lang='lat' dir='ltr'><strong>gina</strong></span> <span class='ocrx_word' id='word_1_695' title='bbox 1466 5339 1610 5397; x_wconf 88' lang='lat' dir='ltr'><strong>apostolica</strong></span> <span class='ocrx_word' id='word_1_696' title='bbox 1632 5343 1764 5396; x_wconf 88' lang='lat' dir='ltr'><strong>postremo</strong></span> <span class='ocrx_word' id='word_1_697' title='bbox 1779 5350 1825 5395; x_wconf 94' lang='lat' dir='ltr'><strong>pro</strong></span> <span class='ocrx_word' id='word_1_698' title='bbox 1847 5349 1910 5382; x_wconf 88' lang='lat' dir='ltr'><strong>suae</strong></span> <span class='ocrx_word' id='word_1_699' title='bbox 1931 5338 2067 5394; x_wconf 89' lang='lat' dir='ltr'><strong>religionis</strong></span> <span class='ocrx_word' id='word_1_700' title='bbox 2083 5341 2136 5384; x_wconf 88' lang='lat' dir='ltr'><strong>stu-</strong></span> 
     </span>
     <span class='ocr_line' id='line_1_116' title="bbox 1390 5403 2135 5462; baseline -0.004 -10"><span class='ocrx_word' id='word_1_701' title='bbox 1390 5408 1432 5453; x_wconf 91' lang='lat' dir='ltr'><strong>dio</strong></span> <span class='ocrx_word' id='word_1_702' title='bbox 1446 5419 1556 5452; x_wconf 82' lang='lat' dir='ltr'><strong>setosura</strong></span> <span class='ocrx_word' id='word_1_703' title='bbox 1571 5406 1632 5460; x_wconf 88' lang='lat' dir='ltr'><strong>erit)</strong></span> <span class='ocrx_word' id='word_1_704' title='bbox 1647 5406 1756 5462; x_wconf 91' lang='lat' dir='ltr'><strong>aequior</strong></span> <span class='ocrx_word' id='word_1_705' title='bbox 1771 5417 1827 5450; x_wconf 89' lang='lat' dir='ltr'><strong>esse</strong></span> <span class='ocrx_word' id='word_1_706' title='bbox 1841 5417 1872 5450; x_wconf 91' lang='lat' dir='ltr'><strong>ac</strong></span> <span class='ocrx_word' id='word_1_707' title='bbox 1885 5403 2059 5461; x_wconf 90' lang='lat' dir='ltr'><strong>opportunior</strong></span> <span class='ocrx_word' id='word_1_708' title='bbox 2069 5406 2135 5450; x_wconf 78' lang='lat' dir='ltr'><strong>vide</strong></span> 
     </span>
     <span class='ocr_line' id='line_1_117' title="bbox 1391 5472 2134 5530; baseline 0.001 -15"><span class='ocrx_word' id='word_1_709' title='bbox 1391 5475 1470 5520; x_wconf 89' lang='lat' dir='ltr'><strong>bitur.</strong></span> <span class='ocrx_word' id='word_1_710' title='bbox 1494 5473 1538 5518; x_wconf 87' lang='lat' dir='ltr'><strong>ilis</strong></span> <span class='ocrx_word' id='word_1_711' title='bbox 1560 5473 1609 5518; x_wconf 92' lang='lat' dir='ltr'><strong>tibi</strong></span> <span class='ocrx_word' id='word_1_712' title='bbox 1623 5474 1655 5518; x_wconf 89' lang='lat' dir='ltr'><strong>de</strong></span> <span class='ocrx_word' id='word_1_713' title='bbox 1672 5473 1794 5518; x_wconf 72' lang='lat' dir='ltr'><strong>[vniversa</strong></span> <span class='ocrx_word' id='word_1_714' title='bbox 1815 5483 1843 5516; x_wconf 90' lang='lat' dir='ltr'><strong>re</strong></span> <span class='ocrx_word' id='word_1_715' title='bbox 1858 5483 1905 5528; x_wconf 89' lang='lat' dir='ltr'><strong>per</strong></span> <span class='ocrx_word' id='word_1_716' title='bbox 1920 5483 1966 5516; x_wconf 88' lang='lat' dir='ltr'><strong>nos</strong></span> <span class='ocrx_word' id='word_1_717' title='bbox 1989 5472 2134 5530; x_wconf 88' lang='lat' dir='ltr'><strong>rescriptis,</strong></span> 
     </span>
     <span class='ocr_line' id='line_1_118' title="bbox 1391 5537 2136 5595; baseline -0.001 -9"><span class='ocrx_word' id='word_1_718' title='bbox 1391 5546 1478 5586; x_wconf 88' lang='lat' dir='ltr'><strong>cetera</strong></span> <span class='ocrx_word' id='word_1_719' title='bbox 1487 5553 1518 5586; x_wconf 83' lang='lat' dir='ltr'><strong>ex</strong></span> <span class='ocrx_word' id='word_1_720' title='bbox 1529 5553 1584 5584; x_wconf 88' lang='lat' dir='ltr'><strong>ren.</strong></span> <span class='ocrx_word' id='word_1_721' title='bbox 1596 5541 1678 5586; x_wconf 83' lang='lat' dir='ltr'><strong>tratre</strong></span> <span class='ocrx_word' id='word_1_722' title='bbox 1689 5539 1800 5585; x_wconf 76' lang='lat' dir='ltr'><strong>antonio</strong></span> <span class='ocrx_word' id='word_1_723' title='bbox 1811 5539 1927 5594; x_wconf 70' lang='lat' dir='ltr'><strong>eugenio</strong></span> <span class='ocrx_word' id='word_1_724' title='bbox 1937 5537 2136 5595; x_wconf 79' lang='lat' dir='ltr'><strong>archiepiscopo</strong></span> 
     </span>
     <span class='ocr_line' id='line_1_119' title="bbox 1391 5605 2166 5665; baseline -0.004 -12"><span class='ocrx_word' id='word_1_725' title='bbox 1391 5608 1522 5665; x_wconf 76' lang='lat' dir='ltr'><strong>Ephesino</strong></span> <span class='ocrx_word' id='word_1_726' title='bbox 1537 5607 1632 5654; x_wconf 86' lang='lat' dir='ltr'><strong>rturrcio</strong></span> <span class='ocrx_word' id='word_1_727' title='bbox 1648 5611 1738 5652; x_wconf 89' lang='lat' dir='ltr'><strong>nostro</strong></span> <span class='ocrx_word' id='word_1_728' title='bbox 1754 5618 1899 5661; x_wconf 85' lang='lat' dir='ltr'><strong>cognosces.</strong></span> <span class='ocrx_word' id='word_1_729' title='bbox 1916 5611 1950 5650; x_wconf 78' lang='lat' dir='ltr'><strong>Ac</strong></span> <span class='ocrx_word' id='word_1_730' title='bbox 1965 5605 1990 5650; x_wconf 91' lang='lat' dir='ltr'><strong>in</strong></span> <span class='ocrx_word' id='word_1_731' title='bbox 2006 5605 2135 5662; x_wconf 88' lang='lat' dir='ltr'><strong>plurimae</strong></span> <span class='ocrx_word' id='word_1_732' title='bbox 2164 5645 2166 5650; x_wconf 91' lang='lat'><strong>.</strong></span> 
     </span>
     <span class='ocr_line' id='line_1_120' title="bbox 1392 5672 2136 5734; baseline -0.003 -14"><span class='ocrx_word' id='word_1_733' title='bbox 1392 5675 1541 5734; x_wconf 89' lang='lat' dir='ltr'><strong>pontidoiae</strong></span> <span class='ocrx_word' id='word_1_734' title='bbox 1556 5673 1752 5719; x_wconf 87' lang='lat' dir='ltr'><strong>benevolentiae</strong></span> <span class='ocrx_word' id='word_1_735' title='bbox 1767 5673 1862 5730; x_wconf 86' lang='lat' dir='ltr'><strong>pignus</strong></span> <span class='ocrx_word' id='word_1_736' title='bbox 1876 5672 2047 5727; x_wconf 87' lang='lat' dir='ltr'><strong>apostolicam</strong></span> <span class='ocrx_word' id='word_1_737' title='bbox 2063 5673 2136 5718; x_wconf 74' lang='lat' dir='ltr'><strong>hene</strong></span> 
     </span>
    </p>
   </div>
   <div class='ocr_carea' id='block_1_15' title="bbox 1363 5736 2137 5796">
    <p class='ocr_par' dir='ltr' id='par_1_19' title="bbox 1363 5736 2137 5796">
     <span class='ocr_line' id='line_1_121' title="bbox 1363 5736 2137 5796; baseline -0.003 -11"><span class='ocrx_word' id='word_1_738' title='bbox 1363 5736 1365 5785; x_wconf 89' lang='lat' dir='ltr'><strong>l</strong></span> <span class='ocrx_word' id='word_1_739' title='bbox 1392 5743 1533 5789; x_wconf 90' lang='lat' dir='ltr'><strong>dictionem</strong></span> <span class='ocrx_word' id='word_1_740' title='bbox 1552 5741 1608 5796; x_wconf 91' lang='lat' dir='ltr'><strong>tibi,</strong></span> <span class='ocrx_word' id='word_1_741' title='bbox 1624 5739 1782 5786; x_wconf 89' lang='lat' dir='ltr'><strong>venerahilis</strong></span> <span class='ocrx_word' id='word_1_742' title='bbox 1800 5741 1891 5790; x_wconf 86' lang='lat' dir='ltr'><strong>irater,</strong></span> <span class='ocrx_word' id='word_1_743' title='bbox 1906 5743 2075 5796; x_wconf 86' lang='lat' dir='ltr'><strong>peramanter</strong></span> <span class='ocrx_word' id='word_1_744' title='bbox 2091 5739 2137 5783; x_wconf 90' lang='lat' dir='ltr'><strong>irn-</strong></span> 
     </span>
    </p>
   </div>
   <div class='ocr_carea' id='block_1_16' title="bbox 1392 5813 2136 5930">
    <p class='ocr_par' dir='ltr' id='par_1_20' title="bbox 1392 5813 2136 5930">
     <span class='ocr_line' id='line_1_122' title="bbox 1392 5813 2136 5930; baseline -0.004 -8"><span class='ocrx_word' id='word_1_745' title='bbox 1392 5813 1530 5922; x_wconf 39' lang='lat' dir='ltr'><strong>perbblblutbri</strong></span> <span class='ocrx_word' id='word_1_746' title='bbox 1546 5877 1573 5921; x_wconf 86' lang='lat' dir='ltr'><strong>in</strong></span> <span class='ocrx_word' id='word_1_747' title='bbox 1588 5881 1653 5921; x_wconf 76' lang='lat' dir='ltr'><strong>Aroe</strong></span> <span class='ocrx_word' id='word_1_748' title='bbox 1673 5873 1819 5930; x_wconf 88' lang='lat' dir='ltr'><strong>Gandulphi</strong></span> <span class='ocrx_word' id='word_1_749' title='bbox 1840 5873 1990 5920; x_wconf 88' lang='lat' dir='ltr'><strong>albanensis</strong></span> <span class='ocrx_word' id='word_1_750' title='bbox 2011 5873 2136 5920; x_wconf 89' lang='lat' dir='ltr'><strong>dioecesis</strong></span> 
     </span>
    </p>
   </div>
   <div class='ocr_carea' id='block_1_17' title="bbox 634 5941 2134 6004">
    <p class='ocr_par' dir='ltr' id='par_1_21' title="bbox 634 5941 2134 6004">
     <span class='ocr_line' id='line_1_123' title="bbox 634 5941 2134 6004; baseline -0.005 -11"><span class='ocrx_word' id='word_1_751' title='bbox 634 5955 663 5994; x_wconf 82' lang='lat' dir='ltr'><strong>tm</strong></span> <span class='ocrx_word' id='word_1_752' title='bbox 684 5961 713 5992; x_wconf 85' lang='lat' dir='ltr'><strong>co</strong></span> <span class='ocrx_word' id='word_1_753' title='bbox 735 5953 837 6001; x_wconf 77' lang='lat' dir='ltr'><strong>rrepotio</strong></span> <span class='ocrx_word' id='word_1_754' title='bbox 858 5951 997 5999; x_wconf 78' lang='lat' dir='ltr'><strong>diiiqciotcr</strong></span> <span class='ocrx_word' id='word_1_755' title='bbox 1018 5953 1111 5992; x_wconf 81' lang='lat' dir='ltr'><strong>orrorrie</strong></span> <span class='ocrx_word' id='word_1_756' title='bbox 1131 5960 1334 6001; x_wconf 75' lang='lat' dir='ltr'><strong>empericorum,</strong></span> <span class='ocrx_word' id='word_1_757' title='bbox 1363 5943 1366 6004; x_wconf 90' lang='grc' dir='ltr'>Ι</span> <span class='ocrx_word' id='word_1_758' title='bbox 1392 5947 1433 5991; x_wconf 93' lang='lat' dir='ltr'><strong>die</strong></span> <span class='ocrx_word' id='word_1_759' title='bbox 1448 5957 1472 5992; x_wconf 92' lang='lat' dir='ltr'><strong>x.</strong></span> <span class='ocrx_word' id='word_1_760' title='bbox 1489 5945 1604 5991; x_wconf 86' lang='lat' dir='ltr'><strong>octobris</strong></span> <span class='ocrx_word' id='word_1_761' title='bbox 1619 5953 1760 5996; x_wconf 72' lang='lat' dir='ltr'><strong>nocetam,</strong></span> <span class='ocrx_word' id='word_1_762' title='bbox 1775 5941 1943 5998; x_wconf 91' lang='lat' dir='ltr'><strong>pontilloatus</strong></span> <span class='ocrx_word' id='word_1_763' title='bbox 1959 5941 2042 5986; x_wconf 89' lang='lat' dir='ltr'><strong>nostri</strong></span> <span class='ocrx_word' id='word_1_764' title='bbox 2056 5952 2097 5986; x_wconf 91' lang='lat' dir='ltr'><strong>an.</strong></span> <span class='ocrx_word' id='word_1_765' title='bbox 2108 5953 2134 5986; x_wconf 91' lang='grc' dir='ltr'><strong>ιι.</strong></span> 
     </span>
    </p>
   </div>
   <div class='ocr_carea' id='block_1_18' title="bbox 0 0 2397 6964">
    <p class='ocr_par' dir='ltr' id='par_1_22' title="bbox 0 0 2397 6964">
     <span class='ocr_line' id='line_1_124' title="bbox 0 0 2397 6964; baseline 0 0"><span class='ocrx_word' id='word_1_766' title='bbox 0 0 2397 6964; x_wconf 95' lang='lat' dir='ltr'><strong> </strong></span> 
     </span>
    </p>
   </div>
  </div>
 </body>
</html>
