4808 6988
346 544 400 600 An.
415 549 444 602 C.
468 549 533 600 1821
585 545 643 609 604
738 561 741 566 “

1089 561 1153 606 lllll·
1178 561 1268 606 ΡΟΝΤ.
1292 559 1333 604 DE
1355 560 1383 605 P·
1408 560 1436 604 E.
1461 559 1542 606 PARS
1565 559 1585 604 l.

564 773 830 847 constabiliendis,
864 777 950 836 tirma
986 783 1168 837 remanente
1197 790 1311 852 posses·
1367 772 1391 832 si
1414 782 1445 834 ιι
1466 773 1709 850 hquisgranensi
1734 773 1960 836 cathedralibus
1982 773 2116 834 ecclesiis
2135 755 2334 856 ξξρὲζῆἱᾶῗῆξῗθ

563 867 650 928 sione
670 868 836 942 honorum,
854 883 931 943 quae
946 867 980 928 ad
998 883 1140 946 praesens
1155 869 1309 942 obtinent,
1367 883 1450 928 sacra
1473 867 1667 942 reperiantur
1689 865 1913 944 suppellectilia
1936 868 1971 928 ad
1994 867 2116 944 pontiti·

563 976 613 1020 eas
636 959 685 1020 vel
707 961 849 1037 partiales
865 962 912 1020 vel
935 961 1083 1036 integras,
1100 969 1191 1038 prout
1207 977 1312 1023 neces·
1367 959 1439 1023 calia
1461 961 1493 1020 in
1516 960 1577 1020 illis
1600 962 1770 1022 exercenda
1787 977 1849 1022 non
1865 960 2117 1038 ampliusneces·

563 1053 634 1113 sitas
656 1062 749 1130 atque
764 1053 879 1114 utilitas
895 1052 1071 1132 postulabit,
1090 1054 1243 1116 bonorum
1260 1056 1311 1116 do·
1366 1055 1455 1125 saria,
1466 1052 1642 1115 facultatem
1657 1055 1811 1130 praedicto
1826 1055 1953 1140 losepho
1969 1055 2117 1133 Episcopo

565 1147 695 1206 tationes
719 1146 878 1220 attribuat,
902 1161 979 1222 quae
1001 1145 1038 1206 ah
1059 1147 1244 1224 adpromissa
1265 1163 1311 1208 se·
1367 1148 1574 1218 concedimus,
1599 1155 1632 1208 ut
1655 1163 1688 1208 ιι
1710 1147 1743 1208 in
1766 1163 1857 1210 usum
1873 1155 1903 1209 ιι
1918 1149 2114 1210 commodum

563 1239 718 1300 renissimi
740 1240 901 1303 Borussiae
932 1239 1012 1315 regis
1035 1239 1218 1302 liberalitate
1239 1256 1309 1318 sup·
1367 1240 1631 1319 archiepiscopalis
1665 1241 1809 1304 ecclesiae
1844 1241 2054 1313 coloniensis,
2091 1242 2116 1302 si

354 1431 490 1494 Concessio·
503 1431 545 1476 du·

333 1495 432 1530 morum
451 1495 545 1542 episco-

333 1538 439 1594 pallum.

348 2469 450 2515 notatio
466 2469 540 2517 labri·

329 2531 372 2567 cae
383 2524 495 2569 cuiusvis
504 2535 541 2570 ec·

328 2575 425 2622 clasiae.

367 3689 469 3735 notatio
493 3699 536 3734 se-

323 3742 396 3788 dium
415 3743 536 3800 suifraga-

324 3807 440 3842 mearum.

564 1332 795 1409 peditabnntur.

603 1425 692 1500 553.
717 1425 894 1488 blandamns
916 1443 1038 1504 qnoque
1061 1429 1162 1490 eidem
1184 1430 1310 1508 losepho

565 1519 722 1596 Episcopo,
737 1531 768 1580 ut
781 1535 835 1598 pro
848 1520 1010 1582 cuiuslibet
1023 1523 1177 1583 Antistitis
1189 1525 1309 1586 (lecenti

564 1613 728 1676 residentia
745 1616 794 1674 vel
812 1625 913 1676 vetera
931 1614 1091 1693 episcopia,
1107 1618 1131 1676 si
1148 1621 1308 1680 commode

564 1708 630 1768 beri
652 1707 777 1784 poterit,
801 1708 851 1768 vel
872 1708 943 1768 alias
964 1707 1071 1769 domos
1092 1710 1126 1770 ad
1149 1710 1179 1772 id
1195 1727 1210 1770 a
1226 1727 1310 1787 prae·

563 1799 624 1862 lato
646 1817 719 1878 rege
739 1801 772 1862 in
798 1801 978 1879 respectivis
1006 1802 1193 1877 civitatibus,
1217 1812 1309 1882 atque

563 1896 655 1956 etiam
677 1894 787 1956 alteras
809 1897 886 1969 ruri,
908 1897 932 1956 si
959 1895 1046 1958 lacile
1071 1898 1176 1974 possit,
1202 1914 1310 1960 conce-

561 1986 693 2064 dendas;
717 1990 854 2066 itemque
884 1988 989 2050 doulos
1016 2005 1071 2068 pro
1092 1991 1307 2066 dignitatibus

561 2081 714 2142 canonicis
736 2090 767 2142 et
788 2081 910 2142 vicariis
934 2098 988 2142 seu
1010 2082 1234 2160 praebendalis,
1251 2099 1308 2146 nec

561 2190 624 2235 non
648 2191 702 2252 pro
725 2176 808 2236 curia
830 2174 1043 2250 ecclesiastica,
1061 2192 1115 2254 pro
1130 2178 1263 2256 capitulo
1278 2188 1309 2241 et

560 2269 695 2330 archivio
728 2269 905 2332 tribuendas
935 2280 1117 2348 opportune·
1130 2278 1244 2334 statuat
1265 2281 1309 2335 at·

560 2377 621 2438 que
642 2362 786 2438 assignet.

600 2455 687 2530 554.
712 2457 755 2518 hd
787 2457 1056 2520 manutentionem
1085 2473 1159 2520 vero
1182 2459 1306 2522 lubrica-

559 2565 641 2623 rum,
666 2557 727 2610 tam
757 2550 1064 2627 metropolitanarum
1093 2568 1184 2628 quam
1207 2554 1306 2614 cathe-

559 2642 692 2706 dralium
712 2643 922 2717 ecclesiarum,
938 2645 1169 2722 comprehensis
1183 2662 1306 2724 quoque

558 2739 728 2816 suppressis
759 2738 985 2800 cathedralibus
1016 2737 1193 2813 dorbejansi
1216 2746 1246 2800 ιι
1268 2741 1305 2801 Α-

558 2830 784 2908 quisgranensi,
808 2839 900 2909 atque
921 2832 956 2891 ad
980 2831 1079 2892 divini
1095 2832 1196 2892 cvrltus
1211 2849 1244 2893 ac
1260 2832 1305 2894 in-

557 2923 764 2986 servientium
786 2940 936 3002 expensas
958 2940 991 2984 ea
1014 2924 1092 2984 hona
1114 2941 1146 2985 ac
1168 2927 1306 2987 redditus

558 3019 651 3078 etiam
680 3018 712 3078 in
741 3016 884 3078 loturum
913 3017 1197 3094 conservabuntur,
1227 3037 1305 3096 quae

558 3111 594 3171 iis
628 3112 733 3172 usibus
765 3111 825 3170 iam
857 3119 931 3170 sunt
962 3111 1130 3185 destinata,
1164 3127 1304 3191 quaeque

556 3207 772 3268 serenissimus
807 3221 862 3266 rex
897 3203 1136 3280 diligentissime
1166 3215 1304 3268 servatu-

558 3317 627 3360 rum
650 3305 695 3360 est
717 3299 887 3378 pollicitus3
911 3305 941 3358 et
962 3298 995 3358 in
1011 3315 1080 3358 casu
1096 3300 1304 3361 extraordina-

557 3393 619 3453 riae
641 3393 828 3454 necessitatis
850 3391 1033 3454 confidimus
1055 3390 1131 3466 lore,
1156 3401 1190 3454 ot
1211 3393 1304 3455 rebus

557 3486 638 3548 bisce
659 3484 696 3546 ιιι
720 3485 862 3546 thesauro
893 3483 979 3560 regio
1008 3483 1175 3546 liberaliter
1200 3488 1304 3563 provi-

554 3578 674 3641 ceatur.

595 3673 684 3748 §55-
710 3673 873 3734 antedicto
899 3671 1025 3750 losepbo
1049 3671 1196 3751 Episcopo
1219 3691 1302 3752 prae-

556 3777 638 3830 terea
671 3765 878 3842 iniungimus,
903 3774 936 3827 nt
962 3765 1126 3827 cuiuslibet
1155 3767 1301 3847 archiepi-

554 3862 681 3940 scopalis
703 3871 733 3922 ιι
749 3860 924 3938 episcopalis
940 3860 1082 3920 ecclesiae
1097 3859 1302 3936 suffraganea·

557 3966 604 4018 tus
623 3963 761 4016 assuetae
777 3969 931 4030 congruae
952 3954 1109 4014 dotatione
1130 3956 1300 4032 provideat,

555 4057 652 4127 utque
673 4047 804 4123 singulis
832 4046 1072 4123 Avnlriepiscopis
1093 4053 1123 4108 et
1147 4048 1301 4127 Episcopis

554 4141 590 4204 ιιι
611 4139 861 4203 satisfaciendum
883 4141 1025 4217 expensis
1047 4139 1231 4202 vicariorum
1250 4157 1301 4217 ge-

556 4235 710 4297 neralium
733 4244 763 4295 et
782 4233 886 4295 curiae
906 4249 975 4294 eam
990 4234 1168 4295 reddituum
1186 4235 1300 4298 tribuat

554 4331 773 4409 quantitatem,
796 4343 874 4404 quae
895 4343 909 4386 a
931 4325 1127 4404 praelaudato
1144 4329 1300 4390 Borussiae

554 4441 627 4500 rege
657 4427 741 4483 iuxta
774 4420 930 4481 liberalem
961 4435 994 4480 ac
1026 4421 1185 4498 providam
1212 4439 1299 4483 suam

553 4516 792 4597 promissionem
823 4515 906 4575 hisce
938 4514 1034 4575 titulis
1058 4514 1166 4576 tactam
1188 4517 1299 4577 consti·

554 4620 670 4673 tuetur.

1367 1348 1442 1409 opus
1463 1333 1569 1408 luerit,
1585 1334 1633 1394 sin
1650 1335 1754 1396 minus
1770 1335 1801 1395 in
1817 1351 1907 1396 usum
1923 1334 2052 1396 aliarum
2069 1351 2115 1396 re-

1367 1427 1420 1502 gni
1442 1427 1650 1499 ecclesiarum,
1673 1443 1751 1504 quae
1774 1427 1809 1489 iis
1833 1427 2001 1504 indigeant,
2020 1427 2115 1490 libere

1367 1519 1466 1580 valeat
1489 1528 1683 1582 convertere.

1406 1613 1424 1687 5
1445 1612 1494 1672 58.
1519 1613 1624 1676 Habita
1639 1630 1724 1676 nxvnc
1738 1615 1857 1676 ratione
1872 1615 2048 1677 reddituum
2064 1633 2115 1676 sn·
2147 1636 2184 1680 ne
2198 1635 2327 1698 assignatu-

2133 1688 2330 1790 libilltdll

1366 1709 1599 1784 pramemov·atis
1620 1708 1927 1786 archiepiscopalibus
1948 1717 1979 1770 et
2001 1710 2113 1788 episco-

1366 1799 1484 1878 palibus
1511 1801 1600 1876 regni
1630 1801 1790 1864 Borussiae
1816 1801 1953 1864 ecclesiis
1973 1802 2008 1862 ad
2030 1819 2114 1880 prae·
2133 1805 2179 1840 ΜΕ
2197 1795 2308 1842 iacienda,

1365 1909 1435 1954 sens
1458 1894 1629 1972 respective
1650 1893 1893 1971 adsignatorum,
1915 1895 1946 1956 in
1969 1895 2052 1956 libris
2067 1912 2112 1957 ca-

1366 2001 1468 2046 merae
1491 1985 1672 2066 apostolicae
1701 1996 1794 2065 prout
1824 1988 1978 2066 sequitur,
2001 2005 2113 2068 nempe

1365 2079 1524 2142 ecclesiam
1555 2080 1774 2144 coloniensem
1806 2083 1837 2144 in
1869 2083 1995 2144 florenis
2028 2082 2111 2145 mille

1365 2173 1432 2234 auri
1454 2174 1491 2234 de
1513 2189 1643 2248 camera,
1675 2175 1816 2236 ecclesias
1846 2177 1983 2238 invicem
2011 2179 2111 2239 unitas

1364 2266 1580 2330 Gnesnensem
1601 2276 1632 2329 ιι
1654 2269 1893 2332 Posnaniensem
1925 2271 1956 2332 in
1985 2271 2112 2333 florenis

1335 2368 1337 2393 ¹
1365 2362 1478 2436 pariter
1508 2361 1606 2434 mille,
1638 2361 1797 2424 ecclesiam
1829 2363 2111 2426 wratislaviensem

1365 2455 1397 2515 in
1416 2455 1542 2515 llorenis
1558 2456 1642 2516 mille
1655 2464 1782 2518 centum
1797 2457 1956 2533 sexaginta
1971 2474 2024 2519 sex
2039 2473 2111 2519 cum

1364 2546 1482 2608 duobus
1512 2549 1621 2622 tertiis,
1649 2549 1850 2628 ecclesiasque
1878 2550 2109 2625 Trevirensem,

1363 2641 2110 2716 monasteriensem,Puderborneusem,Culmen·

1362 2749 1429 2796 sem
1451 2741 1481 2796 ιι
1499 2733 1725 2796 Warmiensem
1740 2735 1771 2794 in
1788 2734 1914 2796 florenis
1929 2744 2111 2798 sexcentum

1362 2828 1521 2904 sexaginta
1551 2843 1605 2890 sex
1635 2843 1707 2890 cum
1738 2828 1858 2890 duobus
1886 2829 1986 2889 tertiis
2014 2831 2110 2892 taxari

1363 2920 1555 2982 mandamus.

1401 3015 1420 3089 §
1441 3014 1489 3076 59.
1512 3013 1551 3076 Ut
1572 3024 1676 3075 autem
1698 3022 1807 3076 cuncta
1829 3034 1845 3076 a
1868 3017 1954 3078 nohis
1970 3025 2004 3079 ut
2018 3034 2109 3096 supra
2129 3035 2270 3082 recurvans
2280 3047 2324 3082 cou-

2128 3099 2212 3135 cessae
2226 3095 2326 3136 exacuto

2128 3143 2149 3187 ri
2165 3143 2304 3198 apostolico,

1362 3108 1505 3186 disposita
1527 3107 1597 3181 rite,
1613 3108 1755 3183 leliciter,
1771 3125 1804 3170 ac
1818 3109 1961 3171 celeriter
1975 3112 2009 3172 ad
2026 3123 2108 3188 opta-

1363 3212 1430 3264 tum
1452 3203 1571 3264 exitum
1592 3202 1812 3280 perducantur,
1836 3204 2009 3280 supradicto
2032 3205 2108 3267 lose-

1361 3296 1421 3374 pho
1444 3297 1592 3374 Episcopo
1614 3296 1797 3358 Warmiensi
1819 3295 1930 3358 harum
1947 3297 2107 3361 literarum

1360 3392 1545 3471 exequutori
1566 3391 1710 3466 deputatu
1732 3407 1839 3453 omnes
1861 3399 1892 3454 et
1912 3394 2050 3470 singulas
2071 3397 2105 3458 ad

1360 3486 1539 3549 huiusmodi
1565 3484 1711 3546 ellectum
1740 3488 1924 3548 necessarias
1945 3497 1977 3550 ιι
1998 3504 2106 3568 oppor-

1361 3589 1450 3642 tunas
1481 3581 1679 3642 concedimus
1710 3579 1881 3656 lacultates,
1910 3591 1945 3643 ut
1974 3583 2106 3660 praeviis

1360 3673 1538 3752 respectivis
1557 3673 1764 3736 dolationibus
1781 3690 1834 3751 per
1850 3676 2057 3738 instrumenta
2074 3677 2105 3738 iu

1359 3767 1457 3829 valida
1476 3767 1564 3844 regni
1580 3765 1678 3828 torma
1694 3769 1842 3830 exaranda
1858 3769 1893 3831 ad
1912 3769 2105 3831 uniuscuius-

1358 3877 1419 3940 que
1449 3860 1592 3922 ecclesiae
1620 3876 1692 3922 cnm
1713 3877 1768 3921 suo
1798 3861 1932 3938 capitulo
1953 3864 2018 3923 sive
2040 3879 2105 3924 ere·

1357 3958 1505 4029 ctionem,
1528 3957 1593 4016 sive
1616 3970 1728 4019 novam
1750 3954 1988 4029 ordinationem,
2004 3971 2036 4016 ac
2057 3970 2105 4017 re·

1357 4051 1485 4128 spectivi
1502 4047 1649 4111 territorii
1665 4049 1835 4108 dioecesani
1848 4047 2106 4126 circumscriptib-

1359 4160 1431 4205 nem
1458 4145 1634 4222 procedere,
1664 4142 1783 4219 aliaque
1811 4143 1926 4217 omnia,
1954 4151 2104 4220 utsupra

1358 4239 1507 4311 ordinata,
1529 4251 1676 4315 peragere
1697 4244 1789 4314 atque
1810 4244 1944 4297 statuere
1968 4236 2105 4312 delegata

1357 4332 1412 4393 sibi
1442 4331 1604 4408 apostolica
1634 4331 1815 4392 auctoritate
1843 4330 1939 4392 libere
1967 4347 2001 4392 ac
2022 4330 2105 4390 licite

1358 4429 1450 4504 possit
1472 4433 1503 4486 ιι
1524 4426 1641 4501 valeat;
1664 4433 1756 4502 atque
1787 4425 1917 4486 ulterius
1948 4424 2005 4501 ipsi
2027 4423 2103 4484 lose-

1358 4522 1418 4597 pho
1439 4519 1587 4597 Episcopo
1603 4518 1780 4580 iacultatem
1796 4519 1909 4596 pariter
1924 4517 2102 4591 tribuimus,

1358 4623 1393 4676 ut
1413 4614 1448 4674 ad
1464 4614 1587 4690 plenam
1602 4629 1709 4674 rernm
1724 4612 1866 4674 omnium
1882 4613 1914 4673 in
1931 4612 2003 4673 locis
2019 4627 2103 4690 prae·

360 4725 393 4766 ne
415 4721 534 4768 domiuus
593 4705 681 4780 sao.
709 4705 745 4764 Et
767 4702 914 4780 quoniam
943 4703 1158 4764 serenissimus
1190 4703 1301 4767 Borus-
1327 4696 1329 4737 ²
1357 4710 1464 4771 sertim
1485 4709 1523 4770 ab
1544 4709 1609 4770 eius
1631 4707 1796 4768 residentia
1818 4709 1946 4768 remotis
1967 4721 2103 4784 exequu-

322 4774 354 4820 ιιι
376 4775 484 4820 alendos
499 4787 535 4821 so·

322 4835 380 4884 nes‘,
402 4828 441 4874 vel
460 4829 534 4874 inllr-

321 4883 534 4944 muslsacerdotes

321 4935 465 4982 destinatis.

552 4803 614 4860 siae
637 4815 692 4859 rex
715 4798 796 4858 ultro
819 4797 905 4857 nobis
933 4797 1088 4873 pollicitus
1115 4805 1213 4859 estse
1235 4816 1298 4861 non

554 4895 644 4955 modo
665 4895 772 4954 domos
794 4891 859 4952 illas
881 4899 939 4951 tam
964 4892 999 4952 ad
1014 4891 1138 4952 alemlos
1154 4895 1299 4956 emeritos

553 5005 642 5050 senes
673 4987 722 5050 vel
752 4987 894 5048 infirmos
924 4987 1111 5062 sacerdotes,
1141 5003 1233 5064 quam
1263 4991 1298 5050 ad

553 5084 734 5144 coercendos
756 5080 974 5142 ecclesiasticos
999 5080 1138 5156 discolos,
1163 5081 1214 5144 ubi
1236 5085 1298 5144 exi-

552 5185 651 5249 stunt,
665 5181 933 5248 conservaturum,
945 5176 998 5236 sed
1013 5177 1107 5236 etiam
1122 5192 1228 5252 novas,
1247 5179 1298 5240 ubi

552 5273 676 5344 desunt,
698 5270 986 5346 constabilitur-um,
1003 5279 1163 5349 propterea
1180 5272 1235 5348 ipsi
1254 5273 1296 5333 lo·

551 5367 645 5444 sepho
674 5364 821 5440 Episcopo
847 5365 1084 5438 committimus
1108 5374 1141 5425 ut
1167 5366 1298 5442 cognitis

1358 4803 1474 4863 tionem
1490 4817 1586 4863 tinam
1601 4819 1657 4862 seu
1672 4801 1777 4878 plnres
1791 4816 1955 4877 personam
1971 4801 2019 4861 vel
2035 4815 2103 4878 per-

1356 4911 1455 4969 sonas,
1480 4896 1511 4957 in
1532 4895 1625 4956 simili
1645 4895 1693 4956 vel
1716 4895 1773 4954 alia
1795 4893 1944 4970 dignitate
1965 4894 2102 4956 ecclesia-

1355 4991 1428 5051 stica
1450 4989 1651 5050 constitutam
1673 4987 1723 5048 vel
1744 4986 1941 5062 constitutas,
1964 4987 2103 5048 subdele-

1357 5100 1439 5161 gare,
1462 5092 1493 5144 et
1517 5091 1578 5144 tam
1601 5083 1664 5161 ipse
1686 5081 1831 5160 Iosephus
1852 5096 1945 5158 quam
1973 5097 2102 5158 persona

1326 5256 1328 5273 1
1356 5179 1406 5240 vel
1437 5193 1586 5256 personae
1607 5178 1644 5237 ab
1665 5193 1701 5238 eo
1722 5177 1765 5238 sic
1795 5176 2021 5252 subdeleganda
2052 5177 2101 5237 vel

1326 5300 1327 5309 ι
1355 5270 1612 5346 subdelegandae,
1639 5285 1732 5347 super
1763 5285 1956 5347 quacumque
1984 5271 2101 5349 opposi-

1326 5318 1328 5427 ι
1357 5367 1440 5426 tione
1462 5367 1493 5426 in
1515 5371 1584 5427 artu
1613 5365 1803 5425 executionis
1829 5363 2005 5425 huiusmodi
2026 5381 2101 5442 quo-

553 5461 600 5535 iis,
623 5478 700 5538 quae
721 5459 759 5520 ιιι
781 5464 834 5520 hac
855 5477 890 5520 re
911 5462 1054 5522 statuerit
1084 5462 1298 5536 praelaudatus
1325 5498 1327 5587 p
1355 5458 1522 5520 modolibet
1553 5457 1654 5518 lorsan
1687 5456 1814 5532 oritura,
1837 5456 1966 5517 servatis
1997 5463 2099 5517 tamen

553 5572 619 5628 rex,
642 5556 815 5632 auditisque
842 5556 1018 5634 respectivis
1046 5554 1184 5616 locorum
1212 5555 1298 5616 ttrdi-
1325 5608 1327 5623 ,
1355 5554 1392 5613 de
1414 5553 1480 5614 iure
1498 5551 1669 5622 servandis,
1687 5552 1781 5612 etiam
1796 5550 1957 5612 delinitive
1977 5557 2007 5610 et
2028 5567 2101 5628 qua-

552 5648 657 5722 nariis,
670 5649 727 5708 sub
742 5665 873 5726 quorum
893 5649 1104 5710 iurisdictione
1119 5649 1297 5710 huiusmodi
1354 5663 1487 5723 cumque
1517 5645 1721 5724 appellatione
1743 5651 1872 5719 remota,
1896 5643 2101 5722 pronunciare

551 5741 659 5802 donans
683 5758 808 5803 manere
826 5743 992 5817 debebunt,
1009 5743 1114 5803 omnia
1129 5759 1205 5820 quae
1221 5759 1297 5822 opus
1324 5810 1326 5825 Ι
1354 5739 1450 5802 libere
1479 5742 1554 5802 item
1582 5757 1616 5803 ao
1643 5739 1727 5802 licite
1755 5739 1871 5817 possint
1899 5745 1930 5800 et
1959 5736 2097 5812 valeant,

551 5844 656 5909 erunt,
679 5836 756 5898 circa
786 5843 970 5899 memoratas
998 5836 1104 5898 domos
1126 5852 1296 5916 earumque
1324 5848 1326 5933 p
1353 5852 1386 5896 ac
1407 5835 1537 5912 quilibet
1559 5849 1668 5896 eorum
1690 5832 1861 5911 respective
1882 5832 1976 5910 possit
1996 5838 2028 5890 et
2048 5847 2099 5891 va·

550 5943 720 6008 congruam
743 5930 930 5992 dotationem
952 5930 1101 6010 disponat.
1323 5938 1326 5988 t
1353 5930 1422 5991 leat.

2147 541 2204 595 An.
2219 545 2247 596 0.
2267 546 2323 600 1821

564 680 739 742 seminariis
761 681 791 742 in
814 680 951 758 qualibet
980 680 1109 742 dioecesi
1137 686 1310 758 opportune
1407 678 1496 754 557.
1521 677 1601 741 Cum
1623 674 1698 740 ve'ro
1717 678 1749 740 in
1764 677 1933 756 suppressis
1951 677 2117 756 Corhejen-
2157 693 2334 741 naconvarsn.
