4856 7010
360 583 414 636 ιιι.
429 586 458 636 o.
481 584 549 636 rasa
601 586 658 648 ιιι

580 721 695 799 rerinl,
725 731 899 800 opportuno
925 699 1259 799 temporo'admonare
1289 717 1321 779 in

489 858 495 871 ·
580 816 705 879 carimte
720 816 772 877 llei
787 824 818 877 et
833 815 979 894 patientia
992 814 1118 889 Claristi,
1135 823 1169 875 ιιι
1184 811 1221 872 de
1237 811 1321 888 gravi

580 918 698 989 patrato
718 908 834 972 scelere
854 909 1077 990 poenitentiam
1094 915 1184 984 agant
1198 906 1323 984 suisque

579 1003 763 1066 satisfaciant
790 1003 1039 1080 obligationibus,
1069 1002 1096 1064 ei
1128 999 1322 1080 praesertim,

580 1114 639 1176 qua
660 1111 730 1174 erga
746 1114 817 1160 suos
832 1097 910 1158 iulias
932 1097 1014 1176 ipsae
1035 1111 1157 1174 semper
1174 1093 1324 1156 tenebun-

582 1198 644 1265 tur,
666 1192 701 1252 ad
730 1191 910 1252 catholicam
939 1189 1082 1252 videlicet
1107 1187 1232 1249 illorum
1260 1202 1323 1247 om-

582 1284 670 1346 nium
693 1284 908 1346 educationem
933 1299 988 1361 pro
1016 1282 1135 1343 viribus
1157 1280 1324 1358 seduloque

581 1377 758 1440 curandam.
784 1377 852 1438 Post
873 1376 946 1438 baec
961 1389 1223 1454 supervacaneum
1243 1372 1325 1436 duci-

582 1485 663 1544 mus,
686 1486 780 1532 venn.
805 1470 925 1544 iratres,
943 1485 997 1531 ros
1019 1471 1162 1543 excitare,
1178 1477 1213 1528 ut
1227 1472 1325 1527 allen-

584 1563 660 1626 dalis
682 1565 795 1642 quanti
818 1563 978 1641 prudentia
1001 1564 1083 1624 bisce
1104 1563 1136 1624 in
1158 1561 1277 1624 casibus
1297 1575 1327 1619 a·

583 1659 721 1735 gencium
736 1657 788 1732 sit,
801 1673 841 1720 ne
855 1656 1019 1719 catlrulicae
1034 1656 1187 1732 Religioni
1204 1663 1327 1716 creetur

582 1749 969 1829 inuiola,qoaudouuioe1n
984 1750 1191 1812 fraternitates
1210 1753 1327 1808 vestras

584 1845 612 1906 id
635 1845 728 1922 probe
750 1860 839 1905 nosse
861 1852 1055 1920 compertum
1078 1843 1166 1904 uobis
1188 1840 1323 1920 explora-

583 1945 714 2016 tumque
734 1946 789 2000 est.
815 1937 863 2001 Sic
884 1937 964 2012 agite
987 1937 1094 2013 igitur,
1110 1936 1215 2014 sicque
1237 1953 1252 1996 a
1274 1950 1327 1995 vo·

583 2032 627 2094 bis
648 2031 798 2093 admoniti
819 2037 910 2108 agant
933 2031 1071 2108 parocbi,
1096 2039 1131 2091 nt
1152 2044 1260 2090 omnes
1282 2029 1328 2090 ri-

583 2125 685 2202 deant,
699 2123 860 2186 catholicos
875 2125 1046 2186 sacerdotes
1068 2139 1129 2184 nou
1147 2122 1218 2196 alio,
1234 2136 1326 2198 auam

583 2219 673 2280 officii
695 2219 742 2280 sui
772 2216 970 2294 adimplendi,
993 2217 1103 2293 spiritu
1125 2217 1267 2289 animari,
1294 2221 1328 2275 ut

484 2309 490 2320 '
584 2312 616 2374 in
633 2312 679 2385 iis,
696 2327 773 2390 quae
795 2310 1054 2394 religionisnsuut,
1071 2309 1222 2371 Ecclesiae
1238 2325 1327 2384 regu-

585 2404 627 2465 las
642 2412 781 2478 servent,
797 2403 939 2481 ipsosque
953 2402 1058 2464 eodem
1073 2403 1185 2480 spiritu
1200 2401 1280 2476 duci,
1294 2409 1328 2462 ut

585 2497 617 2558 in
631 2497 678 2571 iis,
692 2513 770 2574 quae
784 2495 885 2558 civilis
898 2503 972 2556 suut
982 2496 1109 2570 ordinis,
1123 2495 1221 2571 regias
1233 2495 1326 2571 leges,

585 2605 648 2651 nou
670 2598 796 2667 propter
825 2587 969 2650 servilem
1000 2591 1162 2664 quemdam
1195 2597 1327 2662 metum,

583 2681 634 2744 sed
650 2691 775 2759 propter
790 2681 1009 2742 conscientiam
1025 2681 1208 2743 custodiant.
1234 2679 1328 2743 Nubis

583 2776 709 2854 quidem
724 2775 925 2836 vehementer
940 2774 1034 2848 dolet,
1051 2776 1132 2853 quod
1149 2790 1202 2836 ros
1219 2774 1255 2836 ab
1270 2774 1327 2849 bis,

584 2869 616 2930 iu
638 2867 750 2946 quibus
771 2867 856 2943 estis,
879 2870 1026 2944 angustiis
1045 2868 1169 2946 penitas
1191 2868 1328 2930 eximere

584 2977 647 3024 nou
670 2962 872 3039 potuerimus,
900 2965 952 3023 sed
983 2963 1078 3023 nolite
1106 2961 1236 3022 deficere
1265 2959 1328 3022 ani-

585 3071 647 3116 mo.
664 3053 728 3132 lpse
749 3055 964 3117 serenissimus
985 3055 1048 3116 ileu
1070 3055 1122 3134 qui
1146 3069 1328 3134 propensam

584 3148 615 3210 iu
638 3147 802 3210 calbolicos
824 3148 880 3210 sibi
901 3149 1038 3210 subditas
1067 3148 1261 3211 voluntatem
1283 3165 1329 3208 su·

585 3240 731 3303 lemniter
755 3239 908 3320 patefecit,
926 3241 1065 3319 luctuque
1081 3243 1145 3318 ipso
1166 3243 1231 3302 aliis
1247 3257 1330 3304 occa-

583 3335 721 3397 sionibus
736 3334 957 3411 comprobavit‚
971 3351 1032 3396 non
1053 3335 1183 3413 patietur
1205 3336 1252 3411 (ut
1268 3335 1329 3414 pla-

585 3445 626 3490 ne
648 3428 846 3501 confidimus)
868 3427 900 3489 in
923 3427 978 3489 boc
1001 3428 1137 3504 negotio,
1156 3427 1236 3506 quad
1260 3429 1331 3490 reli·

585 3521 666 3596 glosa
678 3527 778 3582 restra
793 3519 890 3581 officia
906 3520 1021 3584 directe
1034 3520 1138 3592 allicit,
1152 3537 1204 3580 vos
1215 3519 1330 3583 diutius

585 3615 745 3692 exagitari,
767 3612 820 3676 sed
841 3613 1047 3675 anxietatibus
1068 3614 1180 3674 uestris
1201 3629 1255 3691 pro
1276 3613 1330 3674 sul

585 3707 749 3770 elementia
770 3715 1003 3780 commutasse
1020 3707 1133 3768 uostris
1151 3707 1264 3784 pariter
1279 3723 1331 3768 vu·

587 3801 625 3863 tls
645 3799 868 3874 obsecundans,
886 3800 973 3862 vobis
996 3801 1134 3862 remittet
1150 3809 1184 3861 ut
1198 3798 1330 3876 Religio-

586 3894 635 3954 nis
656 3892 822 3954 catlrolicae
845 3891 966 3968 regulas
982 3891 1036 3954 buc
1051 3891 1142 3952 etiam
1160 3893 1191 3952 in
1215 3911 1247 3954 re
1269 3908 1331 3954 ser-

587 3989 830 4064 varenoeuequi
853 3985 950 4046 libere
973 3987 1107 4047 valeatis.
1131 3985 1215 4059 Quod
1238 3991 1273 4047 ut
1288 3986 1331 4048 le·

586 4080 685 4142 liciter
717 4079 840 4140 eveniat
866 4097 881 4140 a
904 4081 977 4155 lleo,
1008 4080 1039 4140 in
1072 4081 1159 4142 auius
1191 4080 1331 4142 titanibus

586 4177 675 4237 corda
686 4181 761 4235 sunt
774 4188 898 4249 regum,
911 4172 1089 4251 suppliciter
1102 4173 1329 4252 implorandum

587 4275 647 4330 est:
672 4267 935 4346 quemadmodum
956 4265 1082 4327 assiduis
1112 4267 1254 4345 precibus
1276 4283 1332 4328 nos

587 4361 725 4436 iacimus,
747 4369 779 4422 et
800 4376 853 4420 vos
875 4359 990 4437 pariter
1006 4361 1097 4420 etrire
1118 4360 1253 4422 facturos
1269 4375 1331 4421 non

587 4455 774 4517 dubitamus.
797 4453 915 4516 luterea
933 4454 1178 4532 precipuaeque
1201 4469 1254 4513 ros
1269 4469 1333 4514 am·

586 4546 764 4624 plectimur,
794 4545 927 4607 caritatis
953 4551 1062 4606 testem
1095 4561 1159 4605 esse
1189 4545 1333 4608 uolumus

587 4640 782 4719 apostolicam
806 4637 1052 4700 benedictionem
1074 4653 1167 4715 quam
1190 4636 1335 4700 fraterni·

588 4735 699 4796 tutibus
726 4733 838 4794 restris
861 4748 917 4794 nec
939 4746 1002 4791 nan
1031 4731 1117 4790 ouuui
1139 4729 1222 4792 clera
1244 4749 1278 4792 ac
1300 4731 1332 4792 ir·

587 4827 648 4889 deb
672 4827 783 4904 populo
813 4823 924 4886 uestris
946 4825 1026 4885 curis
1051 4824 1225 4886 concredita
1248 4839 1334 4902 pera-

588 4932 709 4983 manter
724 4918 932 4997 impertimur.
1288 4995 1291 5001 Ι

628 5015 739 5076 ilatum
760 5013 874 5074 lloruaa
896 5009 975 5086 apud
997 5007 1027 5071 S.
1050 5009 1188 5086 Petrum,
1210 5012 1334 5074 suban-

589 5104 993 5180 nulaPisoatoris,diexur.
1017 5106 1116 5167 utartii
1131 5119 1333 5180 unaacuxr„

589 5200 786 5280 pontificatus
808 5199 906 5259 nostri
927 5213 1009 5258 anno
1031 5215 1051 5258 1.

843 5397 1081 5409 .....-.--—---

932 5578 998 5642 llll.

593 5766 736 5830 dimissa
758 5767 1049 5847 aGortprapalt'oae
1067 5764 1264 5828 Claricarara
1281 5761 1337 5824 Rc·

630 5863 798 5943 palariam
827 5863 858 5926 S.
887 5861 984 5924 Paali
1013 5869 1043 5922 at
1072 5855 1241 5923 Barnabae
1262 5856 1337 5918 mia·

631 5956 717 6020 sicae
744 5955 828 6022 Arae
857 5963 886 6018 al
916 5953 1019 6035 Pepcl,
1051 5950 1086 6016 ob
1115 5951 1337 6028 operariorum

1103 601 1166 646 lUR·
1192 600 1282 645 PONT.
1307 599 1346 643 ul:
1369 598 1396 640 P.
1421 597 1448 642 F.
1474 597 1555 641 rutis
1578 596 1596 638 l.

1418 716 1571 794 inopiam,
1590 714 1764 778 coustituit
1788 713 1951 776 Vicariam
1970 712 2126 790 Apostoli·

1419 825 1491 871 aam
1513 809 1548 871 ia
1570 808 1611 870 ιιι
1633 808 1732 870 terris
1761 822 1834 870 carn
1856 805 2042 868 claraclara
2061 804 2124 882 epi-

1418 901 1539 981 scopali
1561 901 1764 967 Eridarr'aam
1782 901 1843 964 Cau
1861 896 2126 978 Gaaprcpaiioar's

1422 996 1540 1062 Matris
1561 995 1618 1058 Dei
1642 994 1830 1058 Saltalarcm
1853 992 2000 1056 Piorum.

1382 1181 1499 1249 Dilecto
1521 1179 1585 1248 lilio
1608 1179 1762 1246 friderico
1778 1179 1841 1246 (ιιι
1856 1178 2033 1261 presbytero
2050 1178 2128 1242 cau·

1422 1275 1609 1359 propellaris
1635 1273 1818 1340 clericorum
1846 1269 2036 1356 llepulariurn
2065 1269 2129 1337 lla-

1421 1371 1458 1438 lri
1491 1369 1545 1436 liei
1578 1365 1756 1435 Sabalarutn
1794 1365 1912 1432 Piorum
1944 1369 2130 1448 nuncupatu-

1423 1481 1497 1542 rura,

1623 1629 1711 1717 otus
1733 1646 1793 1713 er.
1816 1645 1885 1713 rto.

1661 1834 1778 1904 llilecle
1801 1834 1854 1913 lili,

1417 1932 1545 2000 salutern
1568 1937 1600 2000 el
1621 1929 1816 2022 apostolicam
1843 1927 2092 1997 benedictionem.

1424 2124 1442 2199 5
1470 2123 1496 2185 l.
1523 2123 1601 2186 Cum
1615 2122 1718 2184 blissio
1733 2124 1765 2184 in
1780 2121 1886 2197 regnis
1901 2122 1984 2182 Arae
1999 2127 2029 2181 et
2044 2119 2129 2196 Pegb

1384 2217 1550 2280 constituta
1572 2217 1609 2277 ab
1629 2233 1711 2278 anno
1736 2231 1918 2279 nucoxouu.
1943 2213 2067 2276 uiduata
2089 2213 2130 2274 ia-

1384 2319 1450 2372 ceat
1471 2325 1534 2371 nou
1557 2309 1656 2372 solum
1679 2307 1799 2371 Vicat-io
1821 2307 1995 2387 apostolico
2016 2308 2131 2384 episco-

1385 2403 1444 2482 pali
1471 2403 1647 2466 charactere
1674 2402 1822 2479 insignito
1850 2403 1888 2462 ab
1915 2408 2048 2462 mortem
2077 2401 2127 2462 bo.

1386 2513 1445 2558 me.
1463 2496 1601 2559 Caietani
1616 2497 1803 2571 llantigazna
1820 2496 1959 2573 Episcopi
1975 2493 2132 2558 llauimia-

1386 2589 1556 2668 nopolitaui
1579 2589 1682 2650 ultimi
1706 2589 1790 2650 illius
1817 2589 1929 2652 llicarii
1951 2587 2129 2666 Apostolici,

1387 2699 1496 2744 uerum
1513 2685 1605 2744 etlam
1621 2697 1778 2745 sacrorum
1795 2681 2011 2744 ministrorum
2027 2681 2129 2759 inopia

1385 2777 1420 2837 ad
1437 2793 1487 2837 eas
1505 2776 1661 2851 angustias
1677 2777 1794 2837 redacta
1808 2775 1859 2850 sit,
1872 2783 1907 2836 ut
1922 2775 2032 2837 unicus
2043 2775 2130 2836 dum·

1388 2877 1467 2932 tanat
1487 2885 1581 2930 senen
1609 2867 1820 2929 missionarius
1841 2883 1879 2927 ιιι
1909 2866 2130 2944 congregatio·

1386 2962 1433 3024 nis
1454 2961 1486 3026 S.
1511 2960 1595 3024 Pauli
1619 2959 1805 3038 presbyteris
1828 2960 1860 3022 in
1886 2961 1920 3021 ed
1944 2960 2130 3038 reperiatur,

1387 3070 1443 3116 nec
1464 3063 1584 3130 praesto
1606 3054 1666 3116 sint
1688 3069 1726 3114 eu
1747 3052 1854 3113 eadem
1884 3053 2131 3129 congregatione

1385 3146 1435 3208 alii
1457 3144 1653 3221 strbrugandi,
1670 3145 1875 3220 congregatio
1891 3143 2080 3223 particularis
2095 3143 2131 3205 de

1388 3238 1582 3317 Propagandi
1610 3239 1682 3300 Fide
1704 3237 1827 3299 censuit
1847 3255 1880 3300 ac
1908 3237 2056 3312 decrerit,
2079 3254 2132 3298 au·

1386 3333 1448 3396 dita
1470 3331 1618 3394 relatione
1637 3330 1739 3393 dilecti
1763 3330 1817 3391 silli
1833 3331 1930 3392 nostri
1945 3329 2042 3391 lllauri
2056 3327 2131 3391 San·

1386 3435 1451 3488 ctae
1472 3425 1626 3487 Romanae
1659 3425 1810 3486 Ecclesiae
1838 3425 2013 3500 Presbyteri
2040 3425 2130 3486 Card.

1386 3519 1555 3598 Coppellari
1573 3520 1741 3595 nuncupati
1760 3503 1897 3579 eiusdem
1914 3517 2132 3593 Gongregatia-

1387 3613 1434 3674 nis
1457 3612 1612 3692 praelecti,
1629 3621 1728 3674 ratam
1745 3610 1914 3673 babendam
1937 3625 2000 3672 esse
2017 3626 2132 3672 renun-

1388 3707 1547 3768 tiationem
1568 3705 1662 3767 buius
1679 3703 1830 3766 missionis
1845 3704 1988 3766 emissam
2004 3704 2132 3764 nomine

1387 3799 1642 3877 congregauonis
1673 3798 1853 3876 praedictae,
1880 3803 1972 3876 atque
2000 3797 2132 3858 aliorum

1386 3907 1543 3955 sacrorum
1566 3891 1782 3953 ministrorum
1804 3907 1860 3970 ope
1882 3890 2036 3951 missionis
2050 3888 2133 3950 Arae

1387 3994 1418 4048 el
1440 3987 1524 4062 Pegb
1548 3987 1626 4048 bono
1647 3985 1885 4048 consulendum.

1428 4082 1446 4155 ἓ
1468 4081 1496 4142 2.
1519 4080 1621 4155 Quum
1642 4088 1748 4141 autem
1769 4081 1852 4139 inter
1877 4078 2058 4154 sacerdotes,
2080 4079 2133 4156 qui

1389 4173 1567 4236 missionem
1591 4173 1675 4234 illam
1708 4173 1791 4233 adire
1820 4173 1913 4249 parati
1943 4181 2028 4247 sunt,
2052 4188 2133 4234 unus

1388 4266 1548 4344 eligendus
1569 4267 1620 4340 sit,
1636 4266 1689 4344 qui
1704 4266 1812 4328 celeris
1828 4265 2021 4342 praeficiatur
2036 4281 2135 4344 eoque

1389 4361 1531 4422 mittatur
1545 4361 1719 4422 clraraatere
1733 4357 1894 4437 episcopali
1910 4358 2091 4436 insignitus,
2103 4364 2134 4419 et

1388 4454 1469 4515 dioto
1492 4454 1639 4532 Episcopo
1661 4452 1982 4528 Maximianopolltana
2003 4452 2033 4513 in
2049 4451 2135 4514 vica-

1389 4548 1469 4610 riatu
1481 4551 1585 4625 apost.
1600 4546 1824 4624 subrogandum
1838 4561 1904 4620 uos,
1917 4547 2062 4608 omnibus
2074 4561 2136 4608 ma·

1390 4649 1458 4703 ture
1481 4641 1637 4718 perpensis
1651 4656 1684 4702 ac
1699 4639 1800 4701 babiti
1816 4637 1934 4700 ratione
1950 4638 2136 4700 meritorum

1392 4741 1529 4807 tuorum,
1553 4735 1590 4796 de
1611 4733 1748 4794 eiusdem
1771 4734 1924 4809 congreg.
1944 4733 2032 4810 Prop.
2053 4733 2136 4795 Fidei

1390 4827 1517 4888 consilio
1541 4835 1570 4889 te
1592 4843 1607 4886 a
1630 4826 1789 4904 quibusvis
1814 4837 1872 4888 eto.
1903 4836 2076 4899 censentes,
2105 4834 2135 4887 te

1390 4935 1484 4997 quem
1507 4937 1560 4998 per
1575 4920 1647 4982 alias
1662 4930 1780 4982 nostras
1798 4921 1935 4982 insimili
1952 4921 2048 4982 lormi
2063 4921 2135 4982 Bre-

1390 5013 1438 5073 vis
1460 5013 1549 5075 bodie
1571 5013 1653 5074 datas
1675 5014 1779 5074 literas
1802 5013 1987 5093 Episcopum
2008 5013 2133 5076 Zamen.

1392 5106 1423 5168 in
1457 5115 1535 5183 part.
1569 5107 1653 5168 inlul.
1686 5108 1951 5181 renuntiavimus,
1983 5108 2018 5168 in
2054 5105 2137 5169 Vica-

1392 5201 1475 5260 rium
1496 5198 1704 5275 apostolicum
1728 5200 1882 5260 missionis
1898 5201 1981 5262 Arae
2002 5208 2033 5262 et
2052 5199 2135 5276 regu

1391 5309 1462 5354 cum
1484 5291 1591 5353 iisdem
1605 5291 1798 5354 facultatibus
1812 5292 1925 5370 quibus
1940 5292 2069 5355 ultimus
2085 5293 2137 5356 Vi·

1392 5386 1492 5447 carius
1514 5385 1680 5462 Episcopus
1695 5385 2033 5463 Maximianopolitanos
2055 5386 2137 5450 irue-

1394 5481 1492 5554 batur,
1525 5481 1559 5540 ad
1593 5487 1735 5540 nostrum
1768 5488 1799 5540 et
1830 5477 1916 5541 Sedis
1946 5479 2137 5558 apostolicae

1392 5573 1621 5651 beneplacitum
1643 5574 1823 5636 auctoritate
1844 5571 2008 5649 apostolica
2030 5580 2138 5634 tenore

1394 5667 1603 5744 praesentium
1625 5666 1767 5743 eligimus
1790 5675 1820 5726 et
1841 5667 2036 5742 deputamus,
2056 5665 2138 5728 salva

1395 5767 1497 5821 tamen
1529 5775 1652 5836 semper
1682 5762 1714 5820 iu
1745 5760 1918 5836 praemissis
1956 5759 2139 5821 auctoritate

1395 5853 1649 5930 Corrgregationis
1671 5855 1853 5916 eorumdem
1875 5853 2086 5917 cardinalium
2101 5855 2140 5916 de

1395 5947 1589 6024 Propagandi
1609 5947 1693 6010 riae.

2156 574 2213 624 An.
2230 571 2263 622 C.
2287 571 2348 621 idda
2423 509 2424 560 W
