1421 1946
150 257 168 269 t..
173 256 185 268 c.
194 252 224 267 17⁶4

566 255 637 270 etaucus
647 255 682 269 xiii.

238 287 325 307 incipientis
336 287 382 304 Alias
396 292 425 303 non
436 289 465 304 etc.
476 288 506 303 sub
516 288 569 303 datum
581 292 609 303 vu.

238 310 318 326 novembr.
334 315 424 327 nncrxxtx,
437 313 454 327 ut
465 311 553 331 dispensare
563 311 610 330 possi-

237 338 272 355 mus
281 334 331 354 quoad
339 336 402 354 tempus
413 335 529 354 permanentiae
539 338 574 350 cum
582 335 611 350 hu-

238 357 303 372 iusmodi
318 357 394 377 religiosis
407 358 494 378 hospitibus
504 358 522 373 ad
533 358 572 373 hanc
587 362 611 373 re-

237 381 277 400 giam
285 381 336 397 aulam
345 381 453 398 accedentibus
461 386 489 402 pro
496 382 528 398 suis
536 382 610 401 negociis.

237 406 282 423 prout
289 405 362 424 expedire
371 405 422 421 visum
427 405 479 421 inerit.
487 414 498 417 -
504 410 524 421 ιν.
532 406 565 424 Qun
573 409 611 421 vero

237 427 254 442 ad
262 431 288 443 eos
295 428 375 447 religiosos
386 428 485 444 Discalceatos
495 429 610 449 provinciarum

237 451 317 470 Hispaniae
323 451 354 467 huc
364 452 459 471 accedentes,
471 452 525 468 missos
533 456 540 467 a
548 452 580 467 suis
588 456 611 467 re-

236 474 305 494 spective
315 475 406 494 provinciis.
420 479 456 491 cum
470 479 524 491 eorum
535 475 611 491 mandatis

237 498 261 513 vel
272 498 402 514 instructionibus
413 503 441 518 pro
451 499 561 514 communibus
573 499 611 518 ipsa-

237 525 272 537 rum
281 525 309 537 seu
320 526 375 537 earum
385 525 495 538 conventuum
505 522 610 542 negociiS.‹le-

236 544 313 561 clai-amus
324 549 356 561 non
364 549 397 561 esse
407 546 536 566 compraehensus
544 546 559 561 in
567 546 611 561 dictis

236 568 298 583 statutis
305 570 320 584 et
328 568 401 584 brevibus
409 569 501 588 apostolicis,
509 569 610 589 proindeque,

236 591 249 606 si
260 592 322 611 quando
329 592 416 611 contingat,
422 592 444 608 sic
454 592 509 608 missos
516 597 524 608 a
531 592 611 612 provincia

237 614 267 630 huc
278 615 355 634 accedere,
367 619 411 635 posse
422 619 449 635 per
459 620 476 631 so
485 616 525 635 ipsos
536 616 610 635 incipere,

237 638 309 657 proeequi
321 640 336 654 et
348 639 429 654 terminare
444 639 516 658 negocia,
530 639 572 654 iuxta
582 639 611 654 sibi

236 661 308 676 mandata
317 664 332 677 et
342 661 453 678 instructiones
460 666 497 682 quas
505 662 576 680 habeant,
584 666 612 677 ne-

236 688 267 703 que
278 685 328 700 teneri
342 684 360 700 ad
371 686 462 701 servandam
474 685 539 701 {ormam
552 687 611 705 tempo-

236 707 289 727 risque
304 709 415 728 praefixionem
431 709 446 724 in
461 709 506 725 dictis
520 709 582 725 statutis
595 711 611 725 et

237 731 310 747 brevibus
323 732 432 751 praescriptas,
448 732 530 752 minusque
540 733 558 748 ad
569 736 611 748 cont-

236 754 312 770 mittenda
327 755 395 774 negocia,
407 759 435 775 pro
446 755 502 775 quihus
513 759 521 770 a
533 756 565 771 suis
576 759 610 775 prn-
660 758 669 768 ‹
678 753 717 769 Visis
727 753 751 769 his
764 754 801 769 actis
811 758 819 769 a
830 757 883 770 nostro
897 754 1013 770 Reverendissi-
1031 761 1072 772 nnm-
1079 761 1129 772 nnun-

236 778 292 793 vinciis
306 778 395 797 mittentur.
409 779 506 798 procuratori
522 779 611 798 provinciae
640 780 665 792 mo
676 777 692 792 P·
699 777 771 792 Ministro
778 778 847 797 generali
855 778 881 794 Fr.
890 778 935 793 Petro
943 778 1013 793 loannet-
1023 773 1130 812 Ξᾘῧξᾟξᾞξὲζ

1032 803 1047 812 ιιι
1060 803 1070 812 ι,

236 801 252 817 S.
258 801 325 821 Iosephi.
331 805 358 817 seu
365 802 461 821 procuratori
467 805 555 818 conventus
561 802 576 818 S.
582 802 611 817 Ae-

236 825 280 844 gidii,
293 825 322 840 nisi
333 825 396 841 eaedem
406 825 514 845 Hispaniarum
522 826 611 845 provinciae

236 848 251 863 in
263 848 330 864 decursu
343 852 424 864 cansarum
438 849 484 864 aliter
497 849 611 864 determinave-

235 871 276 891 rint;
288 872 354 891 peractis
361 873 413 887 autem
421 872 489 891 negociis
499 872 528 888 sibi
539 872 611 888 commis-

235 895 263 913 sis,
274 899 300 910 eos
311 899 373 915 quoque
380 899 400 910 ex
412 898 445 911 tum
456 895 575 915 compraehendi
587 896 610 911 in-

236 920 260 934 ter
271 918 306 933 illos
311 919 331 934 de
338 918 395 938 quibus
406 919 422 934 in
429 919 474 934 dictis
484 919 546 934 statutis
553 920 569 934 et
576 919 610 934 bre-

236 942 282 958 vibus
287 942 381 962 disponitur,
387 942 484 962 proindeque
489 943 507 958 ad
513 946 568 958 eorum
576 946 610 958 exa-

235 967 276 981 ctam
288 965 402 981 observantiam
414 967 451 981 tunc
462 966 512 981 teneri
523 968 539 981 ct
549 966 609 985 subiici,

235 989 325 1009 suppoenis
331 989 350 1004 ibi
359 989 442 1005 contentis.
451 989 541 1008 Speoialiter
548 993 610 1009 quoque

235 1012 337 1031 declaramus,
343 1012 384 1032 quod
391 1012 459 1032 religiosi
465 1012 552 1028 Discalceati
560 1012 609 1028 exteri

236 1036 323 1051 nullimode
333 1036 440 1056 eleemosynas
448 1038 500 1056 petere
508 1036 524 1051 in
532 1036 560 1051 liac
567 1036 609 1055 regia

235 1059 276 1078 aula,
291 1063 342 1079 neque
355 1059 385 1074 illis
399 1059 422 1075 uti
437 1059 499 1075 valeant
512 1059 570 1076 directe
584 1061 611 1075 aut

236 1083 313 1098 indirecte
324 1083 340 1098 in
355 1082 464 1102 praeiudicium
480 1083 557 1098 dictorum
574 1087 610 1098 con-

236 1108 314 1121 ventuum
324 1105 340 1121 S.
348 1106 408 1125 Aegidii
416 1108 431 1121 et
438 1105 454 1121 S.
463 1106 563 1121 Bernardini:
571 1106 609 1125 quin

236 1129 267 1144 imo
283 1129 299 1144 in
314 1129 341 1144 hac
356 1132 399 1149 parte
412 1129 513 1148 mandamus,
528 1131 545 1144 ut
559 1130 610 1145 obser-

236 1154 295 1167 ventur
303 1154 360 1168 statuta
370 1154 386 1167 et
397 1152 480 1168 laudabiles
490 1153 610 1168 consuetudines

236 1175 371 1194 Discalceatorum,
382 1175 432 1195 quoad
444 1175 541 1191 territorium
551 1177 567 1191 et
580 1176 610 1190 dis-

236 1199 300 1214 trictum
314 1201 422 1214 conventuum
435 1203 463 1218 pro
477 1199 556 1214 exactione
571 1199 610 1214 elce-

236 1226 337 1241 mosynarum
348 1222 462 1238 communium.
475 1222 494 1237 Et
502 1222 522 1237 ita
529 1222 610 1238 definitive

236 1245 366 1265 pronunciamus,
383 1246 469 1261 iudicamus
485 1247 532 1266 atque
549 1246 610 1261 manda—

236 1272 275 1284 mus.
290 1268 348 1284 Matriti
363 1273 383 1284 ex
398 1269 440 1285 Gella
456 1269 554 1285 habitationis
568 1273 610 1285 com·

236 1292 343 1307 missariorum
359 1292 438 1308 indiarum
449 1292 474 1308 die
487 1296 524 1308 xxv.
536 1292 610 1308 februarii

237 1319 338 1331 nncoxxxtx.
350 1323 369 1327 —
378 1316 404 1331 Fr.
416 1315 480 1331 loannes
494 1316 570 1331 Vermcxo
581 1316 610 1332 mi-

237 1338 286 1354 nister
296 1339 373 1358 generalis
380 1347 399 1350 —
407 1339 432 1354 Fr.
444 1339 536 1359 Bonagratia
547 1340 565 1355 ab
576 1339 610 1355 Ale-

237 1362 300 1378 xantlria
311 1362 361 1378 Testis
368 1370 387 1374 -
395 1363 420 1378 Fr.
432 1363 522 1378 Franciscus
535 1363 609 1378 Martinez

640 288 690 307 quoad
700 287 729 303 alia
741 289 756 303 ct
767 287 849 307 peculiaria
860 287 908 307 capita
920 287 938 303 lis
946 287 974 303 ista
981 287 1013 303 tue-

640 311 660 326 rit
668 311 758 326 continuata
764 313 779 326 et
787 311 855 329 definita,
864 311 880 326 in
888 311 907 326 iis
915 313 966 326 tamen
974 314 1013 331 quae

640 334 736 354 praeinserta
746 334 794 354 capita
806 334 914 353 respiciebant,
923 334 1014 353 interposita

640 357 731 377 appellatio,
742 359 759 373 ut
772 357 852 376 asseritur,
866 357 927 373 deserta
944 357 979 373 inde
990 361 1014 373 re·

640 380 702 399 mansit,
719 380 789 400 dictaque
799 380 875 396 sententia
887 380 948 400 plenam
961 380 1014 396 habuit

639 405 655 420 et
669 404 775 420 omnimodam
789 404 917 424 exequutionem.
931 404 1014 420 Praedictis

640 427 712 443 omnihus
719 429 771 443 tamen
777 427 878 447 parvipensis,
885 428 976 447 nuperrime
982 427 1014 443 exi-

639 452 682 466 stens
693 453 729 466 tunc
737 451 809 466 minister
818 450 917 470 provincialis
923 451 972 466 dictae
980 454 1014 470 pro-

640 474 699 489 vinciae
707 474 723 490 S>
731 474 796 494 losephi,
803 474 880 490 nonnulla
891 476 944 490 contra
951 478 1014 494 expres—

639 501 675 513 sum
685 497 755 513 eiusdem
762 498 850 513 sententiae
858 499 930 513 tenorem
939 498 1014 513 innovare

639 521 751 540 praesumpsit;
765 523 859 541 quapropter
872 523 967 541 reassumpta
978 525 1013 537 cau-

639 548 664 559 sae
674 544 764 563 cognitione
775 548 783 559 a
794 544 849 560 dilecto
860 544 892 560 silio
903 544 922 559 fr.
935 544 980 560 Petro
991 544 1013 560 lu-

639 567 710 583 annettio
717 567 736 582 de
744 567 806 586 Melina,
818 567 893 583 hodierno
903 568 939 583 dicti
952 568 1013 584 Ordinis

639 591 712 606 ministro
728 591 805 610 generali,
819 591 903 611 praefatam
918 591 1013 607 sententiam

639 614 663 629 sui
674 614 804 633 praedecessoris,
815 614 865 630 dictus
876 614 931 630 Petrus
944 615 1014 630 loannet-

640 637 671 652 tius
681 637 700 653 de
711 637 767 653 Melina
782 638 853 653 minister
867 638 949 657 generalis,
963 638 1013 657 quoad

640 660 679 675 tiicta
689 661 737 680 capita
750 661 766 676 in
777 661 849 676 omnibus
860 663 876 676 et
887 665 914 680 per
928 661 987 679 omnia,
997 663 1013 676 et

639 683 765 704 quibuscumque
783 688 815 700 non
832 684 939 703 obstantibus,
957 685 1013 704 exequi

640 707 719 722 mandavit
729 711 758 727 per
764 712 810 723 suum
819 708 918 723 detlnltivum
926 709 1012 727 decretum,

640 730 698 745 tenoris
709 730 737 750 qui
747 731 824 750 sequitur,
836 731 915 746 videlicet:

640 801 661 816 tio
671 801 690 817 de
698 801 760 820 Melina,
767 801 845 817 mandavit
851 801 910 817 servari
918 802 1013 817 sententiam

639 829 666 845 per
680 825 811 841 Reverendissim.
825 825 840 840 P.
852 825 877 841 Fr.
890 826 963 841 ioannem
976 825 1013 841 Ver-

640 852 685 864 mexn
696 853 743 864 suurn
759 849 891 868 praedecessorem
902 849 927 864 die
941 853 978 864 xxv.
992 849 1013 864 se-

639 872 697 888 hruarii
708 876 809 888 nuccxxxtx.
822 872 874 891 latam,
882 874 928 892 prout
938 873 1014 888 hactenus

638 897 698 911 servata
709 898 738 914 est,
750 898 765 911 et
776 896 807 911 tin.
819 895 847 911 Pe.
860 895 959 911 Provincialis
970 895 1014 911 Silo-

638 919 688 938 sephi,
696 919 790 938 guardianus
801 919 839 938 regii
850 922 936 935 conventus
946 918 1014 938 S.Aegi-

639 942 665 961 dii,
677 944 703 958 aut
714 942 779 962 quilibet
794 942 833 958 alius
844 942 925 961 religiosus
936 942 1012 961 subditus.

638 966 687 981 dictae
700 966 789 982 sententiae
802 965 891 981 nullatenus
905 966 1013 982 contravenire

639 991 738 1009 praesumant
748 989 778 1005 sub
788 993 837 1009 poena
847 989 1013 1005 excommunicationis

639 1013 700 1028 maioris
708 1015 724 1028 et
731 1013 824 1032 privationis
831 1012 881 1028 otlicio
892 1013 983 1032 respective.
991 1012 1013 1028 ita

638 1036 707 1051 decrevit
714 1038 760 1056 atque
772 1036 851 1051 mandavit
861 1036 944 1055 paternitas
955 1040 982 1051 sua
989 1040 1013 1051 re-

638 1059 753 1075 verendissima.
766 1059 783 1075 ln
795 1060 823 1075 lioc
833 1061 913 1075 conventu
923 1058 939 1074 S.
952 1059 1013 1075 Franci—

638 1083 659 1098 sci
670 1083 756 1098 Matritensi
766 1082 792 1098 die
803 1086 837 1098 xix.
849 1083 910 1101 augusti
922 1087 1011 1098 npcctxnt.

638 1114 657 1117 —
665 1106 690 1121 Fr.
699 1106 754 1121 Petrus
765 1106 862 1121 loannettius
872 1105 891 1121 de
902 1106 959 1121 Mutina
968 1106 1013 1121 Mini-

638 1131 669 1144 sier
680 1129 757 1148 generalis
764 1137 783 1140 —
793 1129 813 1144 lta
824 1130 848 1144 est
859 1129 884 1144 Fr.
892 1129 1013 1149 Christophorus

638 1152 707 1168 Sancliez
718 1152 813 1168 Secretarius
821 1152 898 1171 generalis
909 1152 976 1168 Ordinis.
983 1157 993 1167 ν

658 1176 668 1194 ἓ
678 1176 692 1191 6.
705 1175 727 1191 Ad
741 1175 835 1191 dirimendas
850 1175 898 1195 igitur
912 1180 960 1195 snper
970 1179 1014 1195 prae-

639 1199 688 1214 missis
699 1203 754 1214 omnes
764 1199 884 1218 controversias,
892 1201 909 1214 ut
920 1199 1012 1218 praefertur,

638 1224 706 1240 exortas,
714 1222 754 1237 idem
763 1222 827 1237 Ioannes
835 1222 927 1238 Procurator
936 1222 1013 1241 generalis

638 1246 682 1261 nohis
693 1245 775 1261 humiliter
781 1245 864 1265 supplicari
871 1245 914 1265 teon,
922 1248 939 1261 ut
950 1247 1012 1261 senten-

639 1269 676 1284 tiam
686 1271 702 1284 et
712 1269 792 1284 decretum
804 1269 899 1288 huiusmodi,
910 1273 941 1289 quo
951 1269 1013 1285 firmius

637 1292 721 1308 subsistant
727 1294 743 1308 et
750 1295 833 1308 serventur
840 1293 915 1311 exactius,
921 1293 1012 1312 apostolicae

638 1316 760 1331 confirmationis
771 1318 832 1332 nostrae
842 1316 928 1336 patrocinio
942 1320 1013 1332 commu-

1022 1233 1044 1245 ιιι.

639 1339 678 1358 nire,
689 1344 706 1355 ac
717 1339 754 1354 alias
764 1341 851 1359 opportune
859 1340 875 1354 in
883 1339 970 1359 praemissis
977 1344 1012 1359 pro-

639 1363 691 1378 videre
702 1363 810 1382 dignaremur.

975 252 1003 269 ¹¹5
1029 253 1056 267 Αιι.
1063 254 1078 267 c.
1089 250 1124 267 1764

1036 1180 1080 1191 tmen
1086 1182 1129 1194 porra·

1022 1193 1129 1220 necarat.-

1022 1220 1063 1231 mlnm
1075 1221 1128 1232 {onlon-

237 1385 286 1401 'restis
294 1394 311 1396 —
320 1386 345 1401 Fr.
357 1386 425 1405 ignatius
436 1386 488 1402 Arbiel
500 1386 574 1401 Testis—
581 1386 610 1401 Lo-

237 1413 254 1424 co
260 1408 322 1428 †Signi
330 1417 347 1420 -
355 1409 377 1424 lta
388 1411 411 1424 est
422 1409 447 1424 Fr.
456 1409 530 1425 melchior
538 1410 610 1429 Marquez

238 1432 369 1448 Pro-Secretarius
380 1432 459 1448 Generalis
470 1433 552 1448 Ordinis.»

658 1386 667 1405 ἓ
678 1386 692 1401 7.
705 1385 736 1401 Nos
747 1386 794 1406 ipsius
803 1386 863 1401 loannis
871 1386 975 1405 procuratoris
986 1390 1011 1406 ge·
1030 1392 1094 1407 ,panum
1102 1394 1128 1406 pre-

639 1409 695 1424 neralis
703 1409 743 1425 votis
751 1409 777 1424 nac
785 1409 800 1424 in
809 1413 831 1428 re,
838 1411 914 1429 quantum
922 1409 937 1424 in
946 1409 1011 1425 Domino
1021 1405 1128 1430 {fssmeff'ssssfflss}

638 1436 726 1452 possumus,
732 1436 801 1448 annuere
808 1432 883 1451 volentes,
890 1437 959 1452 eumque
964 1437 972 1448 a
978 1433 1011 1452 qui.
1021 1432 1069 1457 pnrgari
1074 1432 1128 1459 1»[Ἰιιιῃειι

639 1456 705 1472 buslibet
720 1456 886 1472 excommunicationis
897 1458 912 1471 et
923 1457 1010 1475 interdicti,
1021 1458 1093 1483 pov-afletam
1101 1461 1128 1483 εἰη-

638 1479 702 1499 aliisque
715 1479 820 1495 ecclesiasticis
836 1479 915 1498 censuris,
928 1480 1012 1495 sententiis
1021 1473 1076 1497 ruffum
1083 1475 1107 1484 ⁰⁰¹¹
1117 1475 1127 1483 ἰ

639 1505 654 1518 et
665 1503 718 1522 poenis
732 1503 788 1522 quovis
799 1502 844 1518 modu
855 1504 871 1518 et
882 1507 980 1522 quacumque
993 1504 1012 1518 de

638 1530 681 1542 causa
693 1526 732 1545 latis,
745 1526 757 1541 si
775 1530 812 1545 quas
823 1525 863 1541 [orte
877 1526 949 1545 incurrit,
965 1526 1012 1542 huius

639 1551 699 1565 tantum
711 1550 732 1565 rei
740 1550 789 1569 gratia
796 1549 894 1565 absolventes
901 1551 916 1564 et
924 1549 1011 1565 amoturum

638 1573 672 1588 iore
682 1575 773 1592 censentes,
784 1573 922 1592 supplicationibus
935 1573 968 1588 eins
985 1577 1012 1589 no-

639 1597 681 1612 mine
692 1597 736 1612 nobis
746 1601 793 1616 super
804 1597 833 1612 hoc
845 1597 926 1613 humiliter
937 1598 1012 1617 porrectis

163 1458 230 1473 iuuat-tau
256 1456 266 1474 ἓ
277 1456 291 1471 5.
304 1455 412 1475 Appellatione
428 1460 465 1471 vero
482 1456 572 1476 interposita
583 1461 610 1476 per

155 1472 201 1496 &1¹:32¹ss
209 1474 230 1496 ⁸1¹¹}ss
238 1481 353 1498 procuratorem
364 1479 412 1495 dictae
424 1479 511 1499 provinciae
522 1479 538 1495 5.
550 1479 609 1499 ioseplii

155 1512 163 1520 μ
171 1498 231 1523 ,Ιὲςῇξῇ
238 1503 310 1518 adversus
321 1503 391 1518 eamdem
404 1503 507 1522 sententiam,
520 1503 569 1518 delata
581 1503 610 1519 tuit

155 1523 231 1551 mn&
239 1526 262 1545 lis,
269 1528 285 1542 et
292 1530 336 1542 causa
347 1528 432 1542 contestata
440 1527 455 1542 in
462 1527 529 1542 secunda
538 1527 610 1542 instantia

155 1541 231 1576 ffl‘ffi‘fiffl·
239 1553 289 1565 coram
301 1549 333 1565 VV.
345 1549 374 1565 FF.
387 1550 443 1565 nostris
454 1549 516 1565 Sili-E.
525 1549 609 1565 cardinali-

155 1572 190 1589 imis
203 1568 231 1577 '¹⁴¹¹
240 1573 272 1592 bus,
286 1573 355 1592 negociis
369 1576 385 1589 et
397 1573 536 1589 consultationibus
550 1574 610 1593 Episco-

240 1600 294 1616 porum
304 1599 320 1612 et
329 1596 430 1616 nngalai-tum
438 1597 535 1616 praepositis,
544 1601 566 1616 ac,
575 1597 610 1613 licet
