4750 6980
356 566 410 620 An.
424 565 455 619 d.
476 565 545 620 1798
594 561 653 627 lm

574 697 766 778 subscriptis,
790 705 821 761 et
841 696 943 775 sigillo
963 712 1111 776 personae
1132 698 1164 759 in
1181 696 1319 760 ecclesia-

575 793 648 854 stica
663 791 814 869 dignitate
836 792 1022 854 constitutae
1047 790 1189 864 munitis,
1212 789 1319 852 eadem

575 901 700 964 prorsus
716 886 790 948 tides
805 884 998 958 adhibeatur,
1022 899 1101 962 quae
1121 883 1320 947 adhiberetur

576 977 647 1057 ipsis
669 977 893 1056 praesentibus,
915 977 940 1037 si
965 975 1069 1039 lorent
1091 975 1246 1038 exhibitae
1269 973 1320 1036 vel

575 1078 728 1134 ostensae.

615 1165 725 1225 batum
744 1165 823 1241 apud
845 1161 1069 1226 llonasterium·
1082 1162 1203 1226 Ordinis
1219 1161 1321 1224 liona-

574 1258 704 1320 cborum
727 1256 923 1320 carthusien.
942 1262 1027 1316 extra
1044 1255 1166 1316 moenia
1188 1253 1320 1317 civitatis

575 1349 773 1413 Florentinis
787 1349 845 1410 sub
859 1348 977 1410 annulo
993 1347 1164 1422 Piscatoris,
1177 1345 1226 1408 die
1239 1363 1318 1407 xxrr.

576 1440 643 1503 iulii
660 1455 874 1516 nnccxcvnt,
894 1439 1139 1518 pontilianostri
1160 1455 1209 1502 an.
1228 1453 1318 1502 xxiv.

879 1815 1013 1880 cxxvi.

576 2004 779 2068 facultatem
795 2001 931 2082 eliqertdi
947 2001 1165 2064 coadiutorem
1183 2017 1253 2063 cum
1269 2003 1286 2082 s
1309 2033 1320 2046 -

616 2103 695 2160 turo
719 2097 914 2158 successione
944 2095 1005 2155 vic.
1031 2097 1089 2171 Ap.
1124 2093 1320 2156 Sotcbceosi

615 2188 770 2251 concedit.

827 2355 915 2424 l’llls
937 2355 997 2424 ΡΡ.
1023 2353 1069 2422 vl.

714 2481 750 2548 cd
772 2480 904 2547 luturaru
931 2480 974 2545 rei
1000 2479 1179 2547 memoriam.

614 2659 731 2721 Uberes
762 2656 894 2732 lructus,
923 2656 977 2735 qui
1008 2656 1046 2718 ob
1073 2654 1265 2732 vigilantiam
1288 2669 1321 2715 ac

574 2767 648 2814 vere
675 2750 859 2829 pastoralem
889 2748 1118 2812 solicitudinem
1143 2755 1211 2810 tum
1234 2745 1322 2808 Vica-

575 2846 694 2906 riorum
718 2843 1055 2921 Apostolicorumtum
1071 2841 1203 2903 aliorum
1224 2855 1321 2902 sacer-

574 2941 701 3012 dotum,
733 2937 846 3015 quibus
879 2935 1010 2999 dillloilis
1039 2934 1165 2997 assatis
1193 2949 1320 2996 onerosa

574 3028 808 3107 evangelizandi
831 3029 884 3090 llei
906 3027 1037 3089 verbum
1065 3029 1148 3090 inter
1169 3027 1322 3089 dissitissi·

575 3139 638 3186 mas
660 3124 801 3185 nationes
821 3122 858 3183 ab
879 3121 1049 3199 apostolici
1078 3121 1156 3184 Sede
1177 3137 1250 3183 cura
1270 3119 1321 3181 de·

576 3215 717 3278 mandata
739 3223 795 3291 est,
819 3215 956 3293 quotidie
976 3214 1152 3292 capiuntur,
1176 3229 1231 3276 nos
1253 3230 1322 3291 pro-

576 3318 699 3385 vocant,
723 3318 768 3383 ut,
792 3317 944 3386 quantum
967 3308 999 3370 in
1022 3307 1109 3369 nobis
1130 3315 1189 3381 est,
1212 3308 1247 3370 ad
1262 3307 1321 3385 spi-

576 3401 719 3465 ritualem
751 3401 878 3464 illarum
910 3399 1078 3463 utilitatem
1111 3399 1322 3478 providentiae

576 3504 700 3559 nostrae
730 3495 880 3558 intuitum
912 3503 1145 3570 convertamus,
1174 3503 1266 3572 atque
1287 3509 1321 3555 ea

576 3589 680 3652 omnia
702 3595 844 3650 avertere
864 3588 1052 3662 studeamus,
1076 3603 1155 3666 quae
1175 3588 1321 3666 quodam-

577 3683 668 3744 modo
690 3680 840 3760 impedire
861 3689 997 3761 possent,
1021 3682 1190 3760 quominus
1211 3682 1243 3743 in
1259 3682 1323 3744 dies

576 3775 669 3838 etiam
697 3775 829 3837 maiores
855 3774 1069 3853 proluuntur,
1098 3783 1190 3854 prout
1211 3776 1242 3837 ln
1265 3776 1321 3838 llo·

577 3870 663 3944 mino
682 3869 846 3930 salubriter
860 3868 1003 3948 expedire
1025 3869 1239 3946 conspicimus.

614 3965 635 4039 5
658 3964 685 4025 l.
709 3961 814 4040 Nuper
835 3961 987 4041 siquidem
1003 3963 1038 4024 ad
1054 3963 1261 4040 praecavenda
1276 3965 1323 4026 in-

576 4063 748 4134 commoda,
762 4068 852 4138 atque
864 4057 1034 4135 spiritualia
1050 4056 1198 4134 pericula,
1211 4059 1323 4136 quibus

576 4153 791 4218 christifideles
813 4154 894 4215 intra
918 4153 1032 4214 limites
1055 4151 1223 4214 vicariatus
1246 4157 1323 4233 lpo-

576 4248 674 4312 stolici
697 4250 729 4310 in
752 4247 922 4312 Sutchuen.
940 4256 1166 4311 commorantes
1184 4249 1223 4310 ob
1245 4250 1323 4313 loco·

577 4357 648 4404 rum
671 4343 857 4415 distantiam,
878 4359 911 4404 ac
933 4343 964 4403 in
981 4343 1063 4403 bisce
1079 4343 1260 4422 praesertim
1276 4344 1322 4406 lu·

576 4437 776 4498 ctuosissimis
796 4436 997 4514 temporibus,
1015 4437 1247 4512 navigationum
1266 4439 1321 4500 dil-

575 4529 746 4592 lrcultatem
760 4537 1004 4608 exponerentur,
1018 4533 1040 4591 si
1054 4530 1235 4602 obmortem
1247 4549 1317 4595 ven.

575 4621 676 4684 fratris
698 4624 819 4686 loannis
833 4623 982 4686 desiderii
998 4624 1138 4700 Episcopi
1155 4625 1322 4689 Caradren·

574 4716 615 4777 sis
643 4717 695 4778 diu
722 4716 894 4779 vicariatus
926 4717 1117 4795 Apostolicus
1148 4717 1320 4797 praedictus

575 4827 682 4874 vacare
704 4813 914 4888 contingeret,
931 4827 986 4891 per
1006 4811 1078 4874 alias
1101 4819 1220 4875 nostras
1236 4815 1266 4878 in
1282 4817 1321 4877 sl·

575 4904 642 4967 mili
663 4903 762 4967 lormi
783 4903 903 4978 Brevis,
934 4905 994 4968 diei
1017 4921 1108 4967 urin.
1134 4923 1206 4968 mox
1228 4908 1321 4988 elapsi

575 4997 643 5060 iulii
664 4997 820 5075 expeditas
837 4998 940 5060 literas
955 4998 1054 5061 eidem
1071 4999 1180 5061 loanni
1201 5000 1322 5063 Deside-

575 5089 621 5151 rio
644 5089 794 5167 Episcopo
816 5089 992 5153 lacultalem
1006 5090 1064 5152 sibi
1087 5091 1170 5153 inter
1189 5108 1261 5152 suos
1275 5111 1321 5154 sa·

574 5183 712 5245 cerdotes
743 5197 836 5244 suum
866 5181 1084 5246 doadtutorem
1112 5199 1183 5245 cum
1217 5183 1321 5248 lutura

573 5275 765 5337 successione
788 5275 819 5337 in
851 5274 960 5336 eodem
988 5274 1142 5338 vicariatu
1172 5277 1319 5353 eligendi,

574 5381 710 5445 eumque
732 5368 764 5428 in
791 5367 975 5446 Episcopum
1003 5368 1226 5431 labrarensem
1248 5387 1321 5432 con-

574 5461 724 5534 secrandi,
739 5462 887 5539 impertiti
902 5477 1026 5524 sumus:
1044 5470 1074 5524 et
1086 5471 1239 5541 quatenus
1254 5481 1321 5526 eae-

575 5555 645 5615 dem
668 5562 789 5616 nostrae
805 5553 911 5616 literae
927 5563 993 5632 post
1017 5555 1110 5633 ipsius
1126 5557 1249 5618 loannis
1265 5558 1318 5619 [le-

573 5646 678 5708 siderli
700 5646 820 5707 obitum
838 5646 911 5709 illuc
926 5649 1154 5726 pervenissent,
1171 5649 1319 5712 dilectum

575 5737 676 5799 lilium
698 5737 870 5800 Gabrielem
893 5740 1063 5803 'laurinum
1085 5741 1240 5818 llulresse,
1258 5744 1317 5805 iam

574 5829 612 5890 ab
633 5846 668 5891 eo
690 5831 722 5890 in
744 5847 834 5891 suurn
865 5833 1082 5896 Coadiutorem
1108 5833 1316 5911 designatum,

576 5923 607 5984 in
631 5923 814 6001 Episcopum
837 5925 1059 5988 labrarensem
1082 5925 1233 6004 elegimus
1247 5945 1316 5990 cum

1096 577 1159 624 ltltt.
1184 579 1274 625 ΡΟΝΤ.
1298 578 1338 624 DF.
1360 579 1388 623 P·
1413 579 1442 625 Β.
1467 578 1550 624 PARS
1571 579 1592 623 1.

1377 695 1498 759 indultu
1519 695 1703 774 suscipiendi
1719 709 1836 757 munus
1851 691 2029 771 episcopalis
2049 706 2122 755 con·

1376 789 1556 852 secretionis
1570 805 1585 849 a
1602 801 1799 868 quocumque
1812 785 1960 849 catholico
1975 784 2124 849 lintistite

1377 882 1507 959 gratiam
1529 889 1560 943 et
1580 879 1837 945 communionem
1861 879 1948 944 Sedis
1969 875 2124 956 llpostoli-

1376 991 1429 1038 cae
1450 975 1599 1038 habente:
1624 990 1760 1053 eumque
1776 975 1807 1036 in
1822 973 1980 1036 vicarium
1996 972 2123 1051 aposto-

1377 1066 1472 1130 licum
1489 1067 1520 1130 in
1534 1067 1614 1130 dicta
1632 1065 1790 1148 provincii
1805 1065 1843 1129 de
1857 1065 2030 1130 Sutchuen.
2049 1079 2123 1128 cum

1376 1160 1521 1222 omnibus
1550 1161 1656 1224 iisdem
1686 1159 1894 1234 lacultatibus,
1921 1158 2033 1237 quibus
2059 1173 2123 1220 me·

1377 1259 1515 1314 moratus
1529 1253 1659 1315 loannes
1670 1253 1845 1316 Desiderius
1856 1253 2034 1332 Episcopus,
2047 1251 2121 1313 dum

1378 1345 1508 1420 viveret,
1538 1345 1696 1421 utebatur,
1719 1345 1938 1409 constituimus
1961 1360 1996 1407 ac
2016 1342 2124 1406 subro-

1377 1437 1532 1514 gavimus,
1555 1455 1588 1500 ac
1608 1438 1692 1512 alias,
1708 1446 1800 1517 prout
1822 1439 1853 1500 ln
1875 1437 2055 1500 memoralis
2069 1452 2124 1498 no·

1376 1532 1448 1593 stris
1469 1531 1566 1593 literis
1588 1531 1716 1595 uberius
1737 1531 1927 1594 continetur.

1418 1627 1486 1702 52.
1511 1629 1587 1690 Cum
1610 1635 1726 1703 autem,
1748 1627 1828 1690 sicut
1856 1626 2052 1704 postmodum
2075 1641 2125 1689 ac·

1378 1720 1527 1798 cepimus,
1553 1720 1652 1782 dictus
1679 1719 1801 1784 Gabriel
1830 1719 1984 1784 'laurinus
2005 1719 2122 1783 electus

1378 1813 1543 1876 vabracen.
1568 1813 1710 1877 inllrmae
1724 1822 1817 1894 atque
1831 1829 1940 1891 aegrae
1954 1815 1994 1875 sit
2006 1813 2125 1876 valetu-

1378 1907 1470 1982 dinis,
1494 1908 1578 1970 unde
1598 1909 1695 1970 metui
1719 1915 1828 1986 potest,
1852 1923 1893 1969 ne
1915 1905 1979 1986 ipse
1999 1922 2124 1987 quoque

1378 2000 1532 2064 laboribus
1563 2002 1688 2064 attritus
1714 2014 1778 2062 non
1810 2000 1861 2065 diu
1889 2007 1955 2078 post
1982 2000 2121 2064 debitum

1379 2102 1506 2156 naturae
1527 2097 1695 2174 persolvat,
1717 2095 1791 2157 binc
1813 2107 1868 2155 nos
1891 2100 2063 2157 memorato
2077 2095 2123 2155 lo-

1378 2187 1452 2248 anni
1481 2187 1636 2249 besiderio
1667 2188 1815 2267 Episcopo
1845 2186 2038 2262 Garadrensi,
2065 2202 2124 2249 nec

1378 2297 1441 2346 non
1453 2282 1627 2346 coadiutori
1643 2283 1712 2358 sibi,
1729 2290 1764 2346 ut
1779 2283 2002 2361 praemittitur,
2015 2283 2123 2360 vigore

1377 2375 1559 2440 facultatum
1587 2376 1697 2453 electo,
1728 2383 1758 2438 et
1785 2382 1945 2455 postquam
1974 2376 2068 2440 luerit
2090 2378 2122 2440 in

1378 2470 1563 2550 Episcopum
1585 2471 1807 2533 Tabracensem
1835 2478 2062 2546 consecratum,
2085 2471 2122 2533 de

1378 2577 1512 2639 quorum
1535 2563 1604 2635 lide,
1628 2561 1753 2639 pietate,
1777 2561 1967 2638 integritate,
1988 2560 2122 2640 pruden-

1380 2655 1430 2731 tia,
1459 2656 1584 2718 caritate
1612 2673 1645 2718 ac
1673 2654 1832 2731 religionis
1862 2653 1929 2716 zelo
1956 2654 2124 2732 plurimam

1379 2749 1411 2810 in
1432 2747 1564 2811 Domino
1593 2747 1736 2810 fiduciam
1762 2748 1920 2822 babentes,
1951 2763 2123 2826 eorumque

1376 2840 1555 2917 singulares
1571 2855 1742 2920 personasa
1764 2839 1924 2917 quibusvis
1945 2855 2124 2902 excommu-

1377 2933 1553 3009 nicationis,
1564 2933 1775 3011 suspensionis
1787 2931 2123 3012 etinterdictialiisque

1378 3027 1586 3092 ecclesiasticis
1607 3028 1759 3099 censuris,
1781 3027 1946 3090 sententiis
1965 3033 1996 3088 et
2018 3029 2123 3106 poenis

1377 3121 1476 3183 aiure
1499 3119 1547 3182 vel
1569 3121 1605 3182 ab
1626 3120 1754 3182 homine
1775 3121 1882 3199 quavis
1901 3121 2059 3184 occasione
2074 3120 2124 3182 vel

1377 3231 1465 3277 causa
1491 3215 1570 3289 latis,
1593 3213 1618 3274 si
1640 3213 1752 3292 quibus
1772 3213 2005 3291 quomodolibet
2031 3215 2123 3277 inno·

1378 3309 1464 3371 datae
1496 3309 1644 3383 existunt,
1672 3311 1707 3372 ad
1736 3309 1881 3372 ellectum
1909 3310 2123 3387 praesentium

1379 3401 1537 3464 dumtaxat
1557 3403 1823 3482 consequendum,
1848 3402 1957 3465 barum
1978 3405 2059 3468 serie
2073 3405 2123 3467 ab·

1378 3495 1533 3558 solventes
1547 3503 1578 3557 el
1593 3496 1743 3558 absolutas
1764 3496 1829 3558 iore
1846 3503 2020 3573 censentes,
2036 3507 2123 3561 motu

1379 3590 1514 3667 proprio,
1538 3605 1575 3650 en
1597 3590 1680 3650 certi
1705 3590 1833 3653 seientia
1854 3597 1886 3652 et
1907 3593 2028 3654 matura
2049 3592 2124 3654 deli·

1380 3683 1537 3745 beratione
1563 3683 1686 3757 nostris,
1709 3685 1808 3762 deque
1835 3685 2018 3764 apostolicae
2039 3693 2124 3765 pote-

1379 3775 1465 3838 statis
1487 3777 1682 3856 plenitudine
1709 3776 1782 3852 illis,
1806 3795 1838 3839 ac
1861 3779 2030 3858 unicuique
2057 3781 2125 3843 illo·

1379 3885 1463 3944 rum,
1492 3871 1544 3948 qui
1576 3869 1692 3932 scilicet
1721 3870 1826 3946 alteri,
1854 3887 1947 3950 quern
1971 3876 2123 3951 praemori

1379 3963 1556 4039 contigerit,
1585 3971 1740 4042 superstes
1770 3963 1875 4040 luerit,
1899 3971 1933 4027 ut
1964 3982 2064 4029 unum
2086 3983 2124 4030 er

1381 4057 1566 4135 presbyteris
1597 4060 1767 4123 vicariatus
1796 4057 1936 4135 praelati,
1968 4076 2061 4138 quem
2091 4063 2122 4124 in

1379 4153 1511 4214 llomino
1542 4153 1638 4228 magis
1669 4153 1815 4216 idoneum
1839 4161 1869 4214 et
1892 4164 1977 4217 tanto
1999 4159 2123 4219 muneri

1379 4247 1562 4326 exequendo
1583 4247 1732 4324 aptiorem
1755 4245 1948 4323 iudicaverit,
1974 4249 2124 4312 Ecclesiae

1381 4341 1571 4419 inpartibus
1603 4337 1793 4417 infidelium,
1821 4357 1898 4420 quae
1923 4356 1978 4419 per
2002 4342 2123 4406 obitum

1378 4433 1628 4512 praedefuncluri
1644 4437 1771 4513 pastoris
1793 4436 1901 4498 solatio
1916 4436 2011 4498 luerit
2032 4438 2125 4501 desti-

1379 4540 1455 4607 tuta,
1473 4533 1504 4594 in
1527 4529 1713 4609 Episcopum
1729 4538 1759 4592 et
1774 4538 1928 4608 pastorem
1944 4532 2122 4609 praeficere,

1378 4627 1469 4705 eique
1490 4626 1532 4688 sic
1558 4627 1711 4704 praelecto
1739 4640 1854 4686 munus
1884 4626 2125 4689 consecrationis

1379 4737 1451 4782 cum
1483 4719 1659 4782 adsistentia
1694 4719 1826 4781 aliorum
1870 4720 2123 4798 presbyterorum

1378 4813 1524 4887 duorum,
1541 4813 1663 4875 etiamsi
1685 4827 1747 4874 non
1770 4811 1832 4874 sint
1855 4811 2007 4891 Episcopi,
2023 4829 2124 4893 neque

1379 4907 1410 4969 in
1434 4905 1633 4968 ecclesiastiea
1656 4905 1806 4980 dignitate
1830 4906 2005 4982 constituti,
2027 4908 2051 4968 si
2073 4909 2123 4970 ad·

1378 4999 1507 5073 luerint,
1530 4999 1579 5060 sin
1601 4998 1707 5061 minus
1728 5000 1821 5061 etiam
1844 4998 1911 5060 sine
1933 4998 2060 5062 illorum
2075 5003 2124 5063 ad-

1377 5092 1527 5166 sistentld,
1544 5091 1673 5153 servatis
1694 5099 1810 5167 lamen,
1826 5101 1979 5171 quantum
1996 5093 2078 5155 loeus
2093 5103 2123 5156 et

1378 5192 1498 5264 tempus
1528 5185 1656 5259 lerrent,
1689 5185 1890 5247 caeremoniis
1913 5187 1944 5249 in
1968 5202 2123 5250 consecra-

1378 5278 1461 5340 tione
1491 5277 1711 5356 Episeoporum
1733 5277 1872 5340 adbiberi
1892 5279 1999 5355 solitis,
2022 5297 2055 5343 ac
2077 5298 2123 5343 re·

1377 5379 1463 5448 cepto
1486 5371 1571 5449 prius
1592 5371 1629 5432 ab
1651 5369 1704 5431 illo
1726 5379 1832 5433 nostro
1853 5381 1883 5434 et
1898 5371 2054 5437 Romanae
2069 5375 2123 5438 Ec·

1376 5463 1483 5526 clesiae
1504 5463 1633 5525 nomine
1655 5462 1811 5525 ildelitatis
1832 5464 1952 5527 debitae
1972 5467 2061 5528 solito
2077 5469 2121 5530 iu-

1376 5565 1530 5631 ramento,
1553 5555 1733 5636 impendere
1755 5557 1851 5619 libere
1873 5573 1905 5620 ao
1928 5559 2011 5621 licite
2029 5563 2123 5637 possit

1375 5656 1404 5712 et
1434 5649 1544 5724 valeat,
1575 5649 1751 5712 lacultatem
1777 5659 1885 5712 tenore
1913 5655 2123 5730 praesentium

1377 5743 1542 5805 tribuimus
1564 5760 1596 5805 ae
1619 5744 1827 5822 impertimur.

2153 551 2208 609 An.
2222 555 2250 610 ll.
2269 557 2326 613 lita

1415 5836 1433 5910 ἓ
1454 5837 1482 5897 3.
1508 5839 1550 5899 dc
1564 5837 1710 5899 eumdem
1727 5837 1910 5916 Episcopum
1921 5839 1963 5900 sic
1978 5841 2124 5902 ordinan·
2194 5899 2199 5910 ,

1375 5931 1461 6003 dum,
1485 5946 1631 5992 exnunc
1662 5939 1754 6009 prout
1775 5949 1813 5992 en
1844 5941 1929 6008 tunc,
1961 5940 2120 6013 postquam
