4754 6966
328 573 427 641 luc.
448 571 518 640 nir
569 571 627 647 itit

548 729 675 798 gerunt,
698 721 748 801 pio
770 721 963 798 gratulamur
985 721 1111 794 allecto,
1134 719 1215 798 qued
1239 733 1292 779 no-

548 817 664 878 biscnm
683 824 839 896 tamqnam
858 816 996 878 membra
1014 813 1104 892 rapiti
1120 809 1291 883 coniuncti,

547 917 578 970 et
599 917 633 971 nl
656 910 711 971 idii
733 907 1154 984 obedientiaernaiornmqua
1176 911 1292 964 vastro-

548 1020 618 1064 rum
648 1003 820 1063 imitatores
850 1002 1017 1063 Romanam
1046 997 1213 1060 Ecclesiam
1240 1011 1291 1056 ve·

547 1104 642 1158 stram
664 1103 695 1157 ct
717 1095 859 1158 omnium
876 1093 1014 1178 fratellum
1036 1100 1167 1154 matram
1182 1096 1213 1150 et
1229 1103 1291 1150 mo-

546 1361 633 1404 strum
648 1357 777 1404 studeatis
791 1358 955 1414 extinguere.
971 1355 1091 1408 Quandiu
1107 1354 1178 1399 anim
1193 1350 1293 1396 tuerint

545 1426 665 1470 omnium
680 1429 798 1470 vestrum
812 1424 896 1470 animi
910 1424 938 1468 in
953 1422 1052 1468 Christi
1066 1422 1178 1468 caritate
1188 1418 1293 1474 conglu-

546 1492 636 1548 tinati,
650 1492 752 1539 tamdiu
766 1491 801 1536 ab
813 1490 936 1537 omnibus
958 1489 1070 1546 privatis
1090 1485 1186 1533 studiis
1207 1484 1292 1538 vacui,

546 1562 573 1602 et
588 1559 663 1604 nulla
675 1558 729 1604 aliti
743 1558 807 1604 curat
821 1561 848 1603 et
862 1557 1032 1614 aegritudine
1041 1555 1172 1609 distracti,
1183 1554 1233 1598 toti
1243 1552 1293 1599 eri·

546 1626 582 1671 tis
595 1625 622 1670 iu
636 1625 778 1682 episcopali
798 1635 908 1670 inuuere
927 1624 1060 1679 obeundo,
1081 1622 1249 1668 ambulantes
1264 1619 1291 1663 in

545 1693 623 1738 domo
636 1692 739 1738 Domini
752 1702 814 1737 cum
827 1702 964 1746 consensu,
973 1695 1000 1736 el
1010 1703 1041 1736 ex
1050 1689 1186 1736 laboribus
1197 1686 1293 1732 vestris

545 1760 647 1806 tructus
656 1759 765 1816 capietis
776 1759 934 1812 uberrimos,
943 1768 1057 1816 quorum
1068 1756 1114 1802 ille
1125 1755 1291 1814 praecipuus,

545 1831 572 1872 at
588 1839 605 1873 a
619 1827 702 1874 sacris
722 1827 874 1884 pastoribus
895 1825 1014 1872 omnium
1037 1824 1151 1870 maxime
1172 1824 1293 1879 expeten-

544 1895 602 1950 dus,
616 1895 685 1951 quod
699 1905 793 1952 greges
806 1893 866 1939 ddei
877 1895 903 1937 at
912 1893 1048 1938 custodiae
1059 1893 1162 1936 vestrae
1172 1887 1292 1934 commis·

545 1973 588 2008 sos
602 1961 765 2018 discipliuae,
781 1971 833 2018 qua
847 1960 906 2006 illos
928 1959 1069 2005 instituere
1090 1957 1200 2010 debetis,
1215 1956 1292 2002 obau·

545 2028 647 2074 dientes
665 2030 692 2072 et
708 2027 854 2083 morigeros
875 2023 1057 2082 experiemini.
1080 2026 1151 2069 lianc
1172 2033 1235 2067 rere
1253 2031 1292 2065 co·

545 2094 724 2140 hortationem
746 2097 864 2139 uostram
880 2103 931 2138 non
946 2091 985 2137 ita
999 2102 1016 2136 a
1030 2089 1102 2136 vobis
1124 2088 1207 2146 accipi
1223 2087 1293 2132 volu-

546 2173 614 2216 mus,
628 2161 704 2218 quasi
718 2160 749 2206 eat
763 2171 808 2205 vos
822 2170 899 2214 egere
914 2158 1109 2206 existimemus:
1124 2167 1185 2201 curn
1200 2159 1293 2200 contra

545 2227 618 2273 omni
632 2239 677 2273 vos
690 2227 769 2272 laude
790 2225 936 2270 iudicemus
958 2235 1015 2270 esse
1030 2223 1209 2279 dignissimos,
1224 2221 1292 2278 quod

545 2293 571 2336 in
587 2292 713 2337 electione
734 2289 913 2344 Patriarchae,
932 2289 1027 2345 inqua
1049 2288 1206 2344 plerumque
1227 2285 1293 2332 oriri

545 2358 631 2404 solent
645 2357 761 2412 dissidia,
776 2355 1020 2402 luculentissimum
1035 2355 1176 2400 universae
1190 2352 1293 2398 nationi

544 2431 649 2474 uestrae
664 2425 823 2472 exhibuistis
845 2429 955 2470 mutuae
970 2424 1101 2470 intervos
1116 2421 1238 2468 caritatis
1253 2430 1293 2466 ar·

544 2498 709 2552 gumeutum.
726 2493 774 2538 Sed
789 2492 847 2538 idao
861 2491 934 2538 rolris
949 2493 1014 2536 haec
1028 2491 1178 2543 scribimus,
1190 2491 1220 2534 ut
1234 2497 1293 2532 cau·

545 2561 627 2606 tiores
647 2571 730 2618 usque
744 2561 771 2604 et
785 2559 969 2616 vigilantiores
992 2557 1052 2604 sitis
1066 2558 1094 2603 in
1115 2554 1293 2602 conservando

545 2627 616 2685 pacis
631 2627 706 2682 bono,
720 2637 802 2682 eoque
818 2625 944 2671 maiorem
958 2624 1107 2670 adhibeatis
1118 2633 1209 2668 curam
1222 2624 1249 2666 et
1258 2621 1294 2665 di·

545 2693 692 2751 ligantiam,
707 2703 759 2750 que
779 2692 884 2737 lacilius
905 2693 945 2736 ast
960 2690 1027 2736 illud
1047 2690 1151 2735 omitti:
1175 2687 1293 2733 minimis

545 2759 615 2806 enim
630 2773 662 2806 ex
675 2760 755 2806 rebus
775 2762 855 2816 atque
876 2757 1027 2813 levissimis,
1049 2769 1116 2814 quae
1138 2757 1293 2812 plerumque

545 2827 645 2884 negligi
655 2827 748 2880 solent,
757 2827 887 2872 maximas
903 2826 995 2872 turbas
1010 2836 1087 2881 saepe
1101 2823 1217 2868 vidimus
1231 2821 1295 2866 exti-

546 2895 617 2940 tisse.
633 2897 755 2939 Celerum
771 2893 943 2949 postulationi
957 2895 1061 2937 vestrae
1071 2892 1103 2936 de
1112 2888 1292 2936 confirmandis

545 2961 715 3006 patriarchae
736 2960 863 3005 electione
885 2959 1026 3016 obsequuti
1045 2969 1138 3004 suiuus
1152 2955 1295 3003 libentissi-

545 3039 588 3074 mo
602 3027 700 3082 animo,
716 3031 773 3072 tum
795 3026 877 3071 rastri
897 3026 987 3082 causat,
1009 3036 1074 3082 quos
1095 3026 1203 3081 propter
1225 3033 1294 3068 sum·

545 3105 617 3140 mam
626 3094 800 3149 devotionem,
810 3103 862 3150 qua
874 3095 981 3138 Sacram
992 3095 1018 3137 E.
1027 3092 1100 3137 Petri
1110 3091 1211 3144 sedem,
1222 3101 1295 3146 egre-

544 3161 669 3218 giamque
684 3160 761 3204 fldem
776 3162 892 3205 vestram
907 3159 934 3204 in
950 3163 973 3204 S.
989 3161 1134 3204 Romanam
1150 3157 1292 3202 Ecclesiam

545 3227 665 3273 omnium
686 3226 862 3272 aeclesiarum
883 3228 997 3272 matrem
1017 3230 1044 3270 et
1065 3225 1232 3280 magistram,
1247 3223 1293 3268 im-

545 3295 700 3352 pensissime
714 3304 845 3347 amamus,
860 3296 917 3338 tum
932 3293 1014 3338 etiam
1028 3292 1111 3348 ipsius
1122 3291 1293 3338 Patriarchae

546 3361 651 3417 merito,
665 3373 743 3418 quem
758 3361 902 3417 praeclaris
916 3359 1000 3406 animi
1014 3359 1121 3404 dotibus
1135 3361 1161 3403 et
1176 3361 1293 3415 pastora-

544 3429 614 3476 libus
628 3427 761 3486 imprimis
770 3427 916 3473 aututibus
927 3426 1066 3472 universae
1076 3425 1178 3471 nationi
1189 3429 1293 3471 restrae

545 3497 667 3542 nevimus
681 3507 740 3541 esse
748 3494 928 3551 conspicuum,
937 3497 964 3539 et
974 3505 990 3540 a
1000 3493 1074 3538 vobis
1083 3493 1111 3538 in
1121 3493 1217 3548 literis,
1226 3504 1293 3550 quas

544 3565 579 3609 ad
592 3575 639 3608 nos
652 3561 778 3618 dedistis,
795 3561 973 3606 libentissime
991 3560 1106 3616 legimus
1126 3559 1200 3605 omui
1214 3559 1293 3606 laude

544 3630 684 3678 cumulari.
700 3630 770 3681 Quod
785 3628 891 3686 quidam
914 3629 1033 3673 restrum
1047 3628 1079 3672 de
1093 3627 1292 3684 praestantibus

545 3697 620 3743 illius
635 3695 780 3742 virtutibus
803 3694 987 3740 testimouium
1003 3705 1054 3740 non
1076 3694 1140 3740 sinit
1159 3705 1206 3740 rios
1221 3695 1293 3740 dubi-

545 3767 612 3818 tare,
625 3763 690 3820 quin
704 3762 727 3808 ei
743 3773 788 3808 ros
802 3761 891 3808 omnia
906 3761 1043 3817 praecipui
1056 3761 1175 3818 obsequii
1189 3773 1293 3819 semper

545 3830 703 3888 praestituri
724 3829 784 3876 silis
802 3827 893 3874 cilicia.
914 3828 1026 3874 Pallium
1042 3839 1089 3874 nos
1103 3828 1143 3873 illi
1159 3829 1292 3874 mittimus

544 3899 576 3944 de
591 3901 617 3944 E.
632 3897 702 3944 Petri
722 3907 832 3954 corpore
853 3897 999 3952 sumptum,
1013 3894 1119 3952 aliaque
1134 3896 1293 3942 munuscula

544 3965 674 4023 quaedam
692 3964 846 4018 adiecimus,
861 3973 928 4020 quae
946 3963 1069 4008 volumus
1083 3974 1141 4008 asse
1156 3967 1292 4021 tamquam

544 4033 656 4090 pignora
670 4029 828 4088 apostolicae
843 4031 951 4076 nostrae
971 4041 1035 4086 erga
1050 4028 1127 4076 illurn
1144 4031 1293 4077 benevolen·

545 4099 606 4146 tiae.
623 4099 745 4155 Denique,
755 4107 829 4143 vanu.
845 4097 950 4152 iratres,
959 4108 1025 4154 qrros
1039 4107 1130 4142 omnes
1144 4097 1172 4142 iu
1186 4101 1293 4146 nostrae

544 4166 666 4213 caritatis
687 4165 806 4221 gerimus
828 4164 897 4218 sinu,
912 4164 1084 4221 apostolicam
1099 4165 1172 4210 vobis
1191 4165 1293 4211 benedi·

544 4235 658 4280 ctionem
673 4235 844 4289 peramanter
859 4225 1037 4287 impertimur.

584 4303 679 4346 Datum
698 4301 805 4353 Eorriaa,
819 4298 889 4354 apud
904 4299 927 4341 S.
944 4299 1060 4354 Petrum,
1076 4298 1117 4342 dia
1133 4309 1208 4344 xxix.
1224 4299 1293 4344 iunii

544 4377 707 4421 unccuxvu,
721 4364 890 4423 pontificatus
905 4364 990 4409 nostri
1004 4375 1073 4410 anuo
1087 4377 1123 4410 rx.

545 4569 669 4620 &guanti
688 4569 855 4614 allocutione,
877 4576 960 4618 urtam
977 4576 1012 4608 aa
1026 4569 1074 4610 act.
1097 4571 1236 4612 consister.
1252 4570 1292 4612 de-

582 4637 738 4686 promimus
759 4635 955 4680 cardinalibus,
973 4636 1002 4676 in
1020 4636 1179 4678 consulario
1193 4641 1291 4680 secrete

584 4701 744 4744 coadstaatia
759 4702 801 4743 die
814 4709 848 4743 vr.
864 4702 962 4752 aprilis
977 4709 1138 4748 nnccuxvn..
1158 4705 1291 4756 significat

584 4770 734 4810 electionem
757 4767 932 4810 patriarchae
956 4768 1122 4816 antiocneni,
1145 4772 1292 4814 Maronita-

583 4845 648 4878 rum
663 4835 695 4878 alr
710 4836 846 4888 suscepta
860 4837 934 4878 iilius
948 4837 1067 4878 stationis
1083 4838 1191 4886 factam,
1208 4849 1291 4890 aarum

585 4904 710 4952 Pontifex
724 4903 874 4954 confirmat.

756 5037 902 5081 CLEMENs
919 5039 998 5081 Para
1013 5039 1077 5084 XIII.

778 5173 940 5216 venerabiles
954 5173 1060 5221 fratres.

341 5317 464 5368 Ecclesia,
478 5319 526 5366 An,
583 5305 629 5355 sl.
650 5303 763 5350 'tristem
785 5304 856 5349 haud
877 5303 914 5350 ila
935 5304 1036 5360 pridem
1056 5304 1206 5362 accepimus
1227 5316 1291 5350 uun·

312 5373 525 5421 iiocbeucemeri·
542 5373 623 5428 cium,
638 5371 678 5417 bo.
693 5381 742 5416 me.
758 5371 866 5416 'lobiam
887 5373 994 5416 Petrum
1016 5372 1157 5417 daeeuium
1176 5374 1291 5420 Patriar·

312 5431 340 5472 Μ
374 5439 525 5474 mmmmm·
542 5441 619 5486 cham
635 5439 828 5484 Maronitarum
843 5437 966 5483 mortalis
977 5437 1047 5483 vitae
1057 5450 1239 5485 suaecursum
1250 5452 1292 5486 ex-

309 5481 525 5534 reclamaturus·

310 5535 425 5592 perrima
445 5536 525 5581 i'alri·

542 5507 661 5564 plerisse.
677 5505 797 5551 sedeam
819 5515 883 5550 saue
904 5515 1011 5560 marem
1033 5505 1165 5552 iacturam
1186 5507 1290 5554 abunde

311 5588 406 5634 archae
422 5587 523 5634 ηοω-ο.
542 5573 608 5619 satis
622 5582 761 5628 reparasse
770 5571 937 5617 arbitramur
946 5571 1003 5617 eius
1013 5572 1129 5618 nationis
1141 5573 1289 5630 Episcopus,

309 5652 341 5687 rte
355 5641 404 5687 rite
417 5641 486 5697 sacia
496 5653 524 5688 a·
541 5641 587 5698 qui
601 5649 706 5686 summa
720 5638 870 5684 animorum
885 5639 1054 5685 consensione
1068 5651 1122 5685 reu.
1135 5639 1214 5685 tratri
1225 5645 1290 5686 lose·

308 5694 388 5752 gitur.

540 5709 592 5765 pho
607 5707 740 5764 Stephano
754 5706 954 5763 archiepiscopo
973 5707 1112 5763 Beryteusi
1127 5708 1290 5764 patriarcba-

540 5774 592 5818 lem
608 5775 735 5818 honorem
750 5772 911 5818 detulerunt.
925 5777 954 5818 ln
970 5784 1021 5829 ilua
1036 5773 1164 5818 electione
1178 5777 1289 5832 apparet

540 5838 673 5896 piissimos
687 5839 824 5884 antistites
838 5839 997 5896 spectavisse
1006 5840 1051 5885 Dei
1062 5842 1189 5886 bonorem
1199 5845 1226 5886 et
1236 5843 1289 5898 glo

540 5906 619 5961 riam,
633 5909 660 5950 at
675 5905 749 5951 illius
765 5906 890 5952 ecclesiae
911 5905 1066 5961 utilitatem,
1081 5907 1128 5963 qui
1141 5908 1288 5954 catholicae

542 5973 605 6022 [idei
619 5973 675 6019 zelo
690 5973 847 6029 flagrantem
862 5973 960 6029 virum,
970 5973 1184 6032 christianaeque
1194 5976 1291 6022 studio·

1071 592 1137 648 tun.
1160 589 1251 645 rent.
1276 593 1316 643 ola
1337 595 1366 643 r.
1390 589 1419 643 r.
1444 597 1525 646 rans
1548 593 1568 644 l.

1350 717 1477 792 gistram
1500 721 1664 796 agnoscitis
1687 728 1718 783 et
1740 722 1987 800 collisumque
2010 720 2096 784 uicis·

1347 810 1406 870 sim
1430 809 1657 875 fraternitatem
1680 823 1765 876 tuam
1781 816 1967 894 eosdemque
1991 816 2097 893 Coepi-

1347 918 1452 980 scopos
1463 909 1493 964 et
1506 905 1663 967 nationem
1681 908 1769 970 istam
1786 914 1820 968 nt
1832 908 1910 969 lilios
1925 907 2097 969 dilectionis

1347 1009 1485 1055 amamus
1506 1005 1536 1056 at
1559 998 1697 1072 gerimus
1719 1000 1750 1062 in
1773 1001 1942 1062 uisceribns
1963 1001 2097 1062 caritatis

1347 1085 1473 1148 dimisti.
1503 1089 1709 1164 Quamobrem
1732 1093 1938 1156 libentissima
1959 1093 2096 1155 riilimns

1347 1349 1484 1396 sissimum
1499 1352 1664 1411 disciplinae,
1679 1357 1735 1401 tum
1751 1355 1847 1402 eximia
1861 1356 1991 1412 doctrina,
2001 1359 2028 1402 et
2043 1368 2097 1414 spe-

1346 1416 1495 1464 ctatissima
1510 1422 1652 1477 prudentia
1670 1424 1821 1480 praeditum
1836 1427 1863 1468 at
1877 1425 2009 1470 excelsum
2024 1425 2096 1471 illius

1346 1483 1486 1540 dignitatis
1507 1487 1594 1532 locum
1617 1490 1793 1536 sustulerunt.
1815 1494 1866 1536 Deo
1881 1491 1965 1548 igitur
1980 1492 2096 1548 gratula-

1348 1560 1416 1606 mur,
1431 1551 1477 1608 qui
1492 1554 1626 1600 nationem
1648 1556 1722 1601 illam
1738 1557 1883 1604 catholicae
1903 1559 1963 1603 lidei
1977 1563 2097 1604 coustan-

1347 1616 1393 1670 tia,
1408 1619 1435 1662 et
1448 1621 1585 1674 praeclara
1601 1622 1628 1666 in
1648 1623 1715 1668 hauc
1730 1625 1907 1680 apostolicam
1929 1627 2021 1672 sedem
2037 1627 2096 1671 tide·

1346 1683 1421 1730 litate
1442 1689 1468 1731 at
1494 1687 1644 1736 obedientia
1666 1689 1785 1736 inclitam
1808 1693 1925 1749 adeoque
1946 1693 2097 1750 praedeces-

1346 1751 1451 1797 soribus
1466 1754 1565 1800 nostris
1587 1756 1682 1800 eximia
1700 1757 1832 1814 dilectam,
1848 1759 1975 1816 nobisque
1990 1761 2095 1818 egregie

1345 1828 1437 1864 curam
1451 1821 1592 1877 praecipuo
1606 1822 1719 1879 quodam
1734 1835 1825 1870 amore
1841 1826 1946 1872 videtur
1956 1828 2096 1885 respicere,

1346 1885 1392 1940 qui
1406 1885 1463 1932 eius
1477 1888 1613 1934 custodiae
1627 1893 1682 1935 tam
1702 1891 1799 1938 bonum
1820 1895 1953 1948 pastorem
1969 1895 2097 1951 praeiace-

1346 1951 1390 1995 rit.
1406 1955 1462 2009 lpse
1481 1956 1572 2000 antem
1587 1965 1644 2002 ven.
1660 1956 1743 2004 irater
1762 1959 1970 2015 patriarchalem
1984 1962 2097 2018 dignita·

1347 2021 1400 2063 tam
1414 2020 1534 2077 adeptus,
1549 2023 1701 2080 caeterique
1712 2035 1804 2070 omnes
1814 2027 1934 2084 Episcopi
1945 2033 2097 2084 procurato

1346 2095 1402 2129 rem
1418 2097 1496 2132 suum
1512 2089 1544 2133 ad
1559 2100 1606 2134 nos
1628 2091 1768 2146 miseruut,
1784 2092 1911 2138 dilectum
1935 2094 2020 2140 lilium
2036 2095 2097 2141 reli·

1345 2151 1450 2206 giosnm
1466 2153 1553 2199 virum
1569 2157 1692 2202 loannem
1707 2158 1873 2206 Dominicum
1888 2172 1902 2205 e
1917 2161 2020 2206 familia
2035 2162 2095 2207 Min.

1347 2216 1549 2264 Observantium
1565 2220 1596 2264 de
1610 2224 1692 2268 Terra
1707 2225 1811 2276 sancta,
1827 2228 1858 2270 ut
1871 2226 1929 2270 eius
1942 2225 2047 2272 nomine
2057 2228 2098 2272 de-

1347 2283 1430 2329 bitam
1454 2285 1529 2330 nobis
1543 2290 1569 2330 et
1584 2287 1646 2332 huic
1661 2291 1684 2334 s.
1701 2290 1761 2334 sedi
1782 2290 1959 2338 obedientiam
1977 2293 2098 2349 prodiss-

1348 2351 1399 2395 tur.
1416 2351 1519 2397 literas
1533 2357 1623 2398 autem
1640 2355 1709 2400 idem
1725 2361 1883 2413 procurator
1895 2359 2029 2406 abeodem
2040 2374 2096 2408 reu.

1347 2416 1429 2462 tratre
1443 2418 1471 2463 in
1487 2420 1669 2467 patriarcham
1689 2423 1780 2478 electo,
1795 2426 1822 2470 et
1835 2425 1868 2470 ab
1883 2425 1981 2472 eisdem
1996 2428 2098 2484 pariter

1347 2484 1481 2543 Episcopis
1495 2487 1527 2532 ad
1549 2499 1597 2534 nos
1619 2491 1721 2546 attulit,
1741 2492 1864 2538 omuibus
1884 2495 2004 2552 obsequii
2019 2499 2045 2542 et
2061 2509 2098 2542 re·

1347 2553 1482 2599 versutiae
1503 2555 1573 2600 notis
1593 2556 1745 2614 distinctae:
1767 2561 1864 2616 quibus
1885 2561 1974 2608 literis
1991 2575 2007 2611 a
2022 2566 2097 2611 nobis

1347 2621 1422 2666 enixe
1435 2626 1540 2678 rogant,
1555 2625 1585 2668 ut
1599 2635 1658 2670 eam
1673 2625 1828 2673 electionem
1850 2631 1996 2686 apostolica
2009 2637 2098 2679 aucto·

1348 2688 1429 2734 ritate
1443 2693 1536 2736 nostra
1547 2691 1745 2750 confirmamus,
1755 2697 1782 2740 et
1793 2705 1809 2740 a
1819 2698 1958 2753 Berytensi
1972 2699 2033 2744 sede
2047 2711 2098 2745 me·

1348 2759 1482 2802 moratum
1503 2759 1642 2815 losephum
1664 2761 1827 2817 Stephanum
1842 2763 1875 2807 ad
1889 2763 2097 2820 patriarchalem

1348 2822 1536 2869 Antiochenam
1559 2827 1759 2874 transieramus.
1783 2829 1866 2874 liuius
1886 2831 2024 2878 electionis
2038 2837 2097 2878 acta

1347 2888 1489 2946 religiosus
1503 2890 1551 2946 rir,
1561 2903 1639 2948 quarn
1650 2893 1774 2950 diximus,
1785 2895 1863 2941 electi
1873 2901 2031 2953 procurator
2040 2910 2098 2944 con·

1348 2957 1498 3013 gregatioui
1511 2962 1559 3003 vv.
1571 2963 1618 3005 Eli.
1634 2964 1797 3017 nostrorum,
1806 2963 1853 3019 qui
1862 2964 1942 3010 rebus
1952 2968 2098 3022 Propagan-

1348 3024 1396 3068 daa
1411 3023 1483 3069 Fidei
1498 3031 1634 3082 praesunt,
1650 3027 1778 3073 exhibuit.
1799 3031 1827 3074 ln
1842 3040 1873 3075 ea
1888 3033 2098 3089 congregatione

1347 3089 1471 3144 diligenti
1484 3092 1605 3137 examine
1619 3097 1679 3140 acta
1694 3094 1773 3140 liuius
1787 3094 1923 3142 electionis
1938 3098 2046 3144 luerunt
2057 3111 2098 3145 ax·

1347 3167 1433 3212 cussa,
1447 3159 1475 3203 et
1488 3160 1641 3205 eorumdem
1658 3163 1705 3205 vv.
1718 3163 1765 3206 Er.
1779 3164 1933 3208 nostrorum
1948 3163 2047 3210 iudicio
2062 3167 2097 3211 ui-

1349 3223 1388 3268 hil
1402 3224 1486 3281 abest,
1500 3238 1552 3282 quo
1566 3227 1655 3273 miuus
1670 3229 1757 3275 valida
1771 3233 1798 3274 et
1812 3230 1935 3287 legitima
1948 3232 2042 3279 electio
2051 3235 2097 3282 illa

1346 3291 1448 3337 censeri
1462 3292 1563 3338 debeat.
1579 3297 1672 3351 ltaque
1686 3296 1717 3340 de
1731 3296 1933 3343 confirmatione
1953 3299 2034 3346 huius
2049 3303 2098 3347 ele·

1346 3357 1539 3416 ctienis,quam
1550 3361 1628 3406 electi
1636 3366 1793 3418 procurator
1803 3364 1985 3422 episcoporum
1997 3370 2025 3412 et
2033 3369 2097 3414 cleri

1348 3425 1464 3472 nationis
1480 3427 1671 3474 Maronitarum
1687 3429 1794 3475 nemine
1808 3442 1824 3476 a
1839 3431 1914 3477 nobis
1929 3435 2055 3490 postulat,

1578 3535 1643 3586 Quid
1659 3537 1730 3582 vobis
1745 3538 1866 3586 videturr

1388 3631 1434 3678 st.
1451 3629 1615 3675 auctoritate
1636 3631 1825 3688 omnipotentis
1847 3634 1901 3689 Dei,
1917 3637 2098 3684 sanctissimo·

2127 578 2180 638 An.
2194 587 2227 638 0.
2249 585 2316 639 irat

2152 3653 2269 3708 Pontifex
2283 3653 2329 3698 bu-

1347 3705 1407 3740 rum
1423 3696 1608 3751 Apostolorum
1628 3698 1698 3743 Petri
1714 3702 1740 3743 at
1755 3699 1839 3754 Pauli,
1852 3711 1884 3746 ac
1898 3706 1990 3750 nostra
2004 3705 2098 3752 admit·
2115 3707 2156 3752 ius
2172 3707 2328 3753 l'atriarcta

1348 3760 1429 3806 timus
1444 3763 1649 3818 postulationem
1664 3775 1680 3809 a
1694 3765 1821 3820 praelatis
1836 3767 1969 3825 Episcopis
1985 3775 2012 3816 et
2026 3774 2097 3820 clero
2115 3760 2262 3806 ‘staffilem
2276 3771 2329 3806 00'1·

1347 3829 1463 3874 trationis
1478 3829 1670 3875 Maronitarum
1685 3831 1716 3876 de
1731 3834 1923 3890 incrassatam,
1939 3837 1970 3882 de
1984 3849 2097 3894 persona

1347 3895 1475 3952 praedicti
1489 3896 1592 3952 losephi
1606 3897 1742 3954 stephani,
1758 3899 1898 3958 ipsumque
1907 3903 2098 3954 absolvimusa

1348 3964 1458 4020 vinculo,
1473 3976 1526 4021 quo
1540 3967 1648 4010 tenetur
1662 3966 1794 4012 Ecclesiae
1804 3971 1964 4028 Berytensis,
1976 3976 2003 4018 et
2014 3976 2098 4022 traus-

1346 4031 1456 4077 lerimus
1470 4032 1503 4078 ad
1517 4032 1724 4088 patriarchalem
1746 4035 1890 4082 Ecclesiam
1905 4040 2096 4090 Antiochenam

1346 4099 1463 4145 nationis
1477 4098 1679 4154 Maronitarum,
1695 4101 1878 4156 praeficientes
1892 4115 1953 4152 eum
1968 4108 2001 4154 ad
2016 4109 2097 4155 Patri-

1346 4167 1455 4212 arcbam
1470 4168 1497 4210 et
1511 4169 1654 4222 pastorem,
1670 4167 1745 4213 iuxta
1758 4167 1895 4216 decretum
1911 4175 2096 4232 congregatio·

1346 4233 1388 4278 nie
1402 4233 1434 4278 de
1448 4234 1619 4288 propaganda
1633 4233 1709 4290 Eide,
1730 4245 1790 4280 cum
1812 4236 1931 4294 decreto,
1951 4243 2019 4297 quod
2036 4243 2097 4290 ildei

1346 4299 1534 4356 professionem
1553 4299 1728 4347 orientalibus
1750 4305 1942 4362 praescriptam
1964 4309 2096 4368 emittere,

1346 4371 1373 4412 et
1387 4367 1568 4414 iuramentum
1589 4368 1728 4415 fidelitatis
1749 4379 1895 4428 praestare,
1916 4373 2043 4433 illamque
2059 4378 2096 4424 sic

1346 4435 1470 4480 emissam
1484 4435 1518 4480 ad
1533 4435 1628 4480 Urbem
1643 4435 1712 4482 inira
1727 4439 1875 4493 praelixam
1890 4443 1997 4498 tempus
2013 4447 2096 4490 traus-

1347 4502 1454 4548 mittera
1468 4503 1576 4548 omnino
1590 4505 1726 4549 teneatur:

1505 4640 1534 4682 ln
1548 4637 1655 4683 nomine
1673 4638 1759 4684 Patris
1770 4641 1790 4695 †
1801 4643 1828 4686 et
1842 4640 1936 4698 pffirg.

1519 4708 1546 4750 et
1560 4704 1676 4761 Spiritus
1686 4707 1707 4761 †
1718 4707 1814 4752 Sancti.
1831 4711 1921 4755 nmen.

1348 4843 1415 4886 Cisra
1430 4843 1605 4885 patriarchae
1619 4846 1788 4894 procrrralor
1800 4847 1905 4895 aralius
1922 4847 2014 4897 causet
2029 4849 2096 4892 Pera-

1386 4912 1450 4962 titlci
1460 4919 1514 4961 pro
1528 4912 1631 4961 accepto
1643 4912 1736 4961 patilo,
1753 4911 1879 4961 Pontifex
1893 4914 1933 4956 ilii
1946 4917 2092 4966 respondtit

1386 4979 1418 5018 ut
1430 4978 1560 5028 sequeitur.

1373 5115 1385 5158 a
1400 5111 1419 5153 3.
1435 5111 1546 5154 Gratum
1560 5109 1749 5165 acceptumque
1759 5109 1888 5157 habemus
1898 5111 2021 5158 devotum
2031 5123 2094 5170 erga

1346 5187 1393 5222 nos
1407 5175 1521 5221 officium
1536 5176 1585 5221 hoc
1600 5178 1686 5230 tuum,
1700 5186 1752 5233 quo
1767 5188 1823 5223 reu.
1838 5178 1931 5225 fratris
1941 5180 2043 5238 losephi
2053 5184 2095 5226 Pe·

1345 5243 1381 5288 tri
1399 5243 1570 5288 patriarchae
1590 5243 1745 5288 antiocheni
1768 5245 1874 5290 nomine
1895 5247 1998 5302 gratias
2020 5248 2094 5293 nobis

1345 5311 1403 5368 agis
1417 5321 1464 5368 pre
1479 5320 1510 5356 ee
1523 5309 1592 5367 quod
1606 5309 1680 5356 illius
1695 5310 1849 5358 electionem
1869 5313 2094 5368 confirmavimus,

1345 5377 1421 5434 eique
1436 5376 1509 5433 pallii
1524 5376 1650 5424 honorem
1666 5377 1850 5424 concessimus.
1867 5381 1902 5424 De
1913 5379 1986 5426 illius
1996 5380 2094 5436 pietate

1345 5447 1371 5489 et
1386 5444 1412 5489 iu
1428 5447 1574 5489 Rornanam
1590 5443 1732 5488 Ecclesiam
1747 5444 1886 5491 deuotione
1900 5449 1926 5491 et
1941 5446 1992 5491 fide
2005 5447 2095 5492 omnia

1345 5521 1492 5567 speramus,
1507 5521 1575 5566 quaa
1589 5510 1664 5555 illius
1678 5510 1766 5555 verbis
1789 5512 1865 5557 modo
1879 5511 2052 5568 pollicebare:
2067 5518 2095 5559 et

1345 5577 1534 5622 antiochenam
1556 5576 1693 5622 ecclesiam
1708 5577 1740 5622 ob
1759 5577 1817 5623 eius
1832 5578 1858 5624 iu
1874 5579 1942 5624 hauc
1961 5583 1984 5624 s.
2002 5580 2094 5626 sedem

2114 3814 2209 3871 limat.

1344 5646 1501 5700 perpetuum
1517 5641 1674 5699 obsequium
1689 5643 1765 5690 uobis
1778 5654 1861 5700 aeque
1875 5655 1905 5690 ac
1915 5647 2095 5702 praedecesso·
2157 5638 2159 5642 ’

1344 5710 1418 5756 ribus
1438 5709 1537 5754 uostris
1558 5709 1725 5755 carissimam
1747 5711 1854 5766 egregio
1872 5711 1970 5757 vireat
1989 5713 2094 5759 eximiis

1344 5776 1490 5822 virtutibus
1511 5775 1632 5833 praedito
1652 5775 1822 5822 commissam
1845 5789 1902 5824 essa
1927 5790 2094 5837 summopere

1343 5844 1502 5900 gundomum
1518 5843 1596 5900 eique
1610 5843 1692 5888 etiam
1708 5854 1776 5889 nuuc
1790 5845 1969 5902 gratulamur,
1983 5858 2048 5904 quos
2062 5859 2094 5892 ex

1343 5910 1522 5956 amantissimi
1537 5911 1652 5966 pastoris
1674 5911 1813 5967 sapientia,
1828 5922 1892 5958 cura
1912 5915 1939 5958 et
1953 5913 2094 5970 vigilantia

1344 5977 1455 6033 tructus,
1470 5981 1521 6022 beo
1536 5977 1687 6034 adiurante,
1701 5977 1789 6034 capiet
1802 5979 1959 6026 uberrimos.
