<?xml version="1.0" encoding="UTF-8"?>
<!DOCTYPE html PUBLIC "-//W3C//DTD XHTML 1.0 Transitional//EN"
    "http://www.w3.org/TR/xhtml1/DTD/xhtml1-transitional.dtd">
<html xmlns="http://www.w3.org/1999/xhtml" xml:lang="en" lang="en">
 <head>
  <title>
</title>
<meta http-equiv="Content-Type" content="text/html;charset=utf-8" />
  <meta name='ocr-system' content='tesseract 3.04.00' />
  <meta name='ocr-capabilities' content='ocr_page ocr_carea ocr_par ocr_line ocrx_word'/>
</head>
<body>
  <div class='ocr_page' id='page_1' title='image "./iurispontificii00martgoog_0233.png"; bbox 0 0 4740 6962; ppageno 0'>
   <div class='ocr_carea' id='block_1_1' title="bbox 337 561 650 625">
    <p class='ocr_par' dir='ltr' id='par_1_1' title="bbox 337 561 650 625">
     <span class='ocr_line' id='line_1_1' title="bbox 337 561 650 625; baseline -0.003 -9"><span class='ocrx_word' id='word_1_1' title='bbox 337 561 408 619; x_wconf 68' lang='grc'>133.</span> <span class='ocrx_word' id='word_1_2' title='bbox 422 565 453 618; x_wconf 83' lang='lat' dir='ltr'>C.</span> <span class='ocrx_word' id='word_1_3' title='bbox 474 565 543 618; x_wconf 78' lang='lat'><strong>1775</strong></span> <span class='ocrx_word' id='word_1_4' title='bbox 591 563 650 625; x_wconf 74' lang='lat'>216</span> 
     </span>
    </p>
   </div>
   <div class='ocr_carea' id='block_1_2' title="bbox 572 698 1315 965">
    <p class='ocr_par' dir='ltr' id='par_1_2' title="bbox 572 698 1315 965">
     <span class='ocr_line' id='line_1_2' title="bbox 613 698 1315 780; baseline -0.003 -20"><span class='ocrx_word' id='word_1_5' title='bbox 613 701 724 762; x_wconf 84' lang='lat' dir='ltr'>ilatum</span> <span class='ocrx_word' id='word_1_6' title='bbox 741 701 865 776; x_wconf 83' lang='lat' dir='ltr'>Rornae,</span> <span class='ocrx_word' id='word_1_7' title='bbox 880 704 958 780; x_wconf 91' lang='lat' dir='ltr'>apud</span> <span class='ocrx_word' id='word_1_8' title='bbox 982 703 1014 766; x_wconf 90' lang='lat' dir='ltr'>S.</span> <span class='ocrx_word' id='word_1_9' title='bbox 1034 703 1162 764; x_wconf 89' lang='lat' dir='ltr'>Petrum</span> <span class='ocrx_word' id='word_1_10' title='bbox 1183 698 1241 759; x_wconf 91' lang='lat' dir='ltr'>suh</span> <span class='ocrx_word' id='word_1_11' title='bbox 1262 715 1315 758; x_wconf 90' lang='lat' dir='ltr'>an·</span> 
     </span>
     <span class='ocr_line' id='line_1_3' title="bbox 573 793 1315 869; baseline -0.007 -13"><span class='ocrx_word' id='word_1_12' title='bbox 573 793 648 856; x_wconf 92' lang='grc'>3313</span> <span class='ocrx_word' id='word_1_13' title='bbox 670 795 841 869; x_wconf 87' lang='lat' dir='ltr'>Piscatoris,</span> <span class='ocrx_word' id='word_1_14' title='bbox 866 797 916 858; x_wconf 92' lang='lat' dir='ltr'>die</span> <span class='ocrx_word' id='word_1_15' title='bbox 944 814 979 857; x_wconf 88' lang='lat' dir='ltr'>n.</span> <span class='ocrx_word' id='word_1_16' title='bbox 1011 795 1087 858; x_wconf 88' lang='lat' dir='ltr'>iunii</span> <span class='ocrx_word' id='word_1_17' title='bbox 1115 809 1315 866; x_wconf 64' lang='lat' dir='ltr'>mcccxxxv„</span> 
     </span>
     <span class='ocr_line' id='line_1_4' title="bbox 572 886 952 965; baseline 0.003 -17"><span class='ocrx_word' id='word_1_18' title='bbox 572 886 682 965; x_wconf 90' lang='lat' dir='ltr'>pontii.</span> <span class='ocrx_word' id='word_1_19' title='bbox 706 889 804 951; x_wconf 77' lang='lat' dir='ltr'><strong>nostri</strong></span> <span class='ocrx_word' id='word_1_20' title='bbox 826 905 908 951; x_wconf 92' lang='lat' dir='ltr'>anno</span> <span class='ocrx_word' id='word_1_21' title='bbox 930 906 952 950; x_wconf 92' lang='lat' dir='ltr'>r.</span> 
     </span>
    </p>
   </div>
   <div class='ocr_carea' id='block_1_3' title="bbox 921 1267 972 1329">
    <p class='ocr_par' dir='ltr' id='par_1_3' title="bbox 921 1267 972 1329">
     <span class='ocr_line' id='line_1_5' title="bbox 921 1267 972 1329; baseline -0.059 1"><span class='ocrx_word' id='word_1_22' title='bbox 921 1267 972 1329; x_wconf 88' lang='lat' dir='ltr'>Xl.</span> 
     </span>
    </p>
   </div>
   <div class='ocr_carea' id='block_1_4' title="bbox 577 1450 1321 2090">
    <p class='ocr_par' dir='ltr' id='par_1_4' title="bbox 577 1450 1321 2090">
     <span class='ocr_line' id='line_1_6' title="bbox 577 1450 1321 1532; baseline -0.008 -16"><span class='ocrx_word' id='word_1_23' title='bbox 577 1455 836 1516; x_wconf 80' lang='lat' dir='ltr'><strong><em>Commemoratis</em></strong></span> <span class='ocrx_word' id='word_1_24' title='bbox 858 1453 1015 1532; x_wconf 80' lang='lat' dir='ltr'>beneficiis</span> <span class='ocrx_word' id='word_1_25' title='bbox 1037 1469 1056 1512; x_wconf 87' lang='lat' dir='ltr'>c</span> <span class='ocrx_word' id='word_1_26' title='bbox 1079 1450 1145 1514; x_wconf 84' lang='lat' dir='ltr'>BR.</span> <span class='ocrx_word' id='word_1_27' title='bbox 1172 1450 1234 1511; x_wconf 79' lang='lat' dir='ltr'>l&#39;P.</span> <span class='ocrx_word' id='word_1_28' title='bbox 1259 1451 1321 1511; x_wconf 87' lang='lat' dir='ltr'>col·</span> 
     </span>
     <span class='ocr_line' id='line_1_7' title="bbox 614 1542 1316 1623; baseline -0.009 -18"><span class='ocrx_word' id='word_1_29' title='bbox 614 1545 693 1623; x_wconf 77' lang='lat' dir='ltr'>tegio</span> <span class='ocrx_word' id='word_1_30' title='bbox 717 1545 902 1606; x_wconf 82' lang='lat' dir='ltr'>Sinamsiam</span> <span class='ocrx_word' id='word_1_31' title='bbox 925 1543 1061 1616; x_wconf 86' lang='lat' dir='ltr'>collatis,</span> <span class='ocrx_word' id='word_1_32' title='bbox 1085 1542 1316 1606; x_wconf 82' lang='grc'>333-3331331333</span> 
     </span>
     <span class='ocr_line' id='line_1_8' title="bbox 617 1635 1317 1712; baseline -0.007 -12"><span class='ocrx_word' id='word_1_33' title='bbox 617 1639 647 1700; x_wconf 86' lang='lat' dir='ltr'>S.</span> <span class='ocrx_word' id='word_1_34' title='bbox 672 1638 801 1700; x_wconf 76' lang='grc'>131313</span> <span class='ocrx_word' id='word_1_35' title='bbox 830 1637 1014 1701; x_wconf 87' lang='lat' dir='ltr'>Colonnello</span> <span class='ocrx_word' id='word_1_36' title='bbox 1039 1638 1066 1696; x_wconf 87' lang='grc'>31</span> <span class='ocrx_word' id='word_1_37' title='bbox 1096 1635 1189 1706; x_wconf 79' lang='lat' dir='ltr'>croit,</span> <span class='ocrx_word' id='word_1_38' title='bbox 1222 1636 1317 1712; x_wconf 85' lang='lat' dir='ltr'>impo-</span> 
     </span>
     <span class='ocr_line' id='line_1_9' title="bbox 612 1726 1318 1812; baseline -0.007 -19"><span class='ocrx_word' id='word_1_39' title='bbox 612 1733 677 1794; x_wconf 81' lang='grc'>3113</span> <span class='ocrx_word' id='word_1_40' title='bbox 700 1731 893 1812; x_wconf 74' lang='grc'>3333311333</span> <span class='ocrx_word' id='word_1_41' title='bbox 914 1737 1055 1808; x_wconf 75' lang='lat' dir='ltr'>qualitor</span> <span class='ocrx_word' id='word_1_42' title='bbox 1072 1730 1154 1792; x_wconf 84' lang='grc'>31133</span> <span class='ocrx_word' id='word_1_43' title='bbox 1171 1726 1318 1790; x_wconf 86' lang='grc'>31331333</span> 
     </span>
     <span class='ocr_line' id='line_1_10' title="bbox 613 1821 1318 1897; baseline -0.009 -11"><span class='ocrx_word' id='word_1_44' title='bbox 613 1826 753 1887; x_wconf 78' lang='lat' dir='ltr'>circenses</span> <span class='ocrx_word' id='word_1_45' title='bbox 775 1824 980 1897; x_wconf 70' lang='lat' dir='ltr'>destituendi,</span> <span class='ocrx_word' id='word_1_46' title='bbox 1010 1831 1073 1886; x_wconf 85' lang='lat' dir='ltr'>tres</span> <span class='ocrx_word' id='word_1_47' title='bbox 1095 1821 1318 1883; x_wconf 79' lang='grc'>3313313333133</span> 
     </span>
     <span class='ocr_line' id='line_1_11' title="bbox 617 1913 1315 1993; baseline -0.011 -13"><span class='ocrx_word' id='word_1_48' title='bbox 617 1921 651 1980; x_wconf 85' lang='lat' dir='ltr'>tm</span> <span class='ocrx_word' id='word_1_49' title='bbox 675 1919 763 1980; x_wconf 83' lang='lat' dir='ltr'>Sinis</span> <span class='ocrx_word' id='word_1_50' title='bbox 786 1916 906 1988; x_wconf 84' lang='grc'>313331,</span> <span class='ocrx_word' id='word_1_51' title='bbox 922 1933 960 1978; x_wconf 86' lang='grc'>33</span> <span class='ocrx_word' id='word_1_52' title='bbox 982 1915 1209 1993; x_wconf 68' lang='lat' dir='ltr'>aspectandis.</span> <span class='ocrx_word' id='word_1_53' title='bbox 1231 1913 1262 1976; x_wconf 88' lang='lat' dir='ltr'>S.</span> <span class='ocrx_word' id='word_1_54' title='bbox 1284 1915 1315 1977; x_wconf 82' lang='lat' dir='ltr'>C:</span> 
     </span>
     <span class='ocr_line' id='line_1_12' title="bbox 614 2007 1060 2090; baseline -0.011 -16"><span class='ocrx_word' id='word_1_55' title='bbox 614 2013 650 2074; x_wconf 90' lang='lat' dir='ltr'>dc</span> <span class='ocrx_word' id='word_1_56' title='bbox 671 2009 885 2090; x_wconf 82' lang='lat' dir='ltr'>Propapaodc</span> <span class='ocrx_word' id='word_1_57' title='bbox 909 2008 984 2072; x_wconf 82' lang='lat' dir='ltr'>Fide</span> <span class='ocrx_word' id='word_1_58' title='bbox 1005 2007 1060 2088; x_wconf 89' lang='grc'>(1).</span> 
     </span>
    </p>
   </div>
   <div class='ocr_carea' id='block_1_5' title="bbox 783 2177 1111 2248">
    <p class='ocr_par' dir='ltr' id='par_1_5' title="bbox 783 2177 1111 2248">
     <span class='ocr_line' id='line_1_13' title="bbox 783 2177 1111 2248; baseline -0.006 -1"><span class='ocrx_word' id='word_1_59' title='bbox 783 2179 869 2248; x_wconf 79' lang='lat' dir='ltr'>etus</span> <span class='ocrx_word' id='word_1_60' title='bbox 892 2177 1111 2246; x_wconf 79' lang='lat' dir='ltr'>EPlSCOPUS</span> 
     </span>
    </p>
   </div>
   <div class='ocr_carea' id='block_1_6' title="bbox 692 2353 1195 2564">
    <p class='ocr_par' dir='ltr' id='par_1_6' title="bbox 692 2353 1195 2564">
     <span class='ocr_line' id='line_1_14' title="bbox 757 2353 1131 2434; baseline -0.011 -9"><span class='ocrx_word' id='word_1_61' title='bbox 757 2373 867 2425; x_wconf 82' lang='lat' dir='ltr'>serras</span> <span class='ocrx_word' id='word_1_62' title='bbox 889 2373 1043 2424; x_wconf 80' lang='lat' dir='ltr'>servorun</span> <span class='ocrx_word' id='word_1_63' title='bbox 1067 2353 1131 2434; x_wconf 82' lang='lat' dir='ltr'>oar,</span> 
     </span>
     <span class='ocr_line' id='line_1_15' title="bbox 692 2467 1195 2564; baseline -0.014 -17"><span class='ocrx_word' id='word_1_64' title='bbox 692 2480 728 2547; x_wconf 87' lang='lat' dir='ltr'>ed</span> <span class='ocrx_word' id='word_1_65' title='bbox 751 2485 926 2564; x_wconf 82' lang='lat' dir='ltr'>perpetuam</span> <span class='ocrx_word' id='word_1_66' title='bbox 949 2479 993 2546; x_wconf 89' lang='lat' dir='ltr'>rei</span> <span class='ocrx_word' id='word_1_67' title='bbox 1016 2467 1195 2545; x_wconf 83' lang='lat' dir='ltr'>memoriam.</span> 
     </span>
    </p>
   </div>
   <div class='ocr_carea' id='block_1_7' title="bbox 342 2661 1317 4336">
    <p class='ocr_par' dir='ltr' id='par_1_7' title="bbox 342 2661 1317 4336">
     <span class='ocr_line' id='line_1_16' title="bbox 370 2661 1316 2748; baseline -0.006 -13"><span class='ocrx_word' id='word_1_68' title='bbox 370 2661 539 2739; x_wconf 73' lang='lat' dir='ltr'>prooemium.</span> <span class='ocrx_word' id='word_1_69' title='bbox 612 2673 631 2748; x_wconf 68' lang='grc' dir='ltr'><strong>ἓ</strong></span> <span class='ocrx_word' id='word_1_70' title='bbox 655 2669 681 2731; x_wconf 90' lang='grc'>1.</span> <span class='ocrx_word' id='word_1_71' title='bbox 704 2670 780 2732; x_wconf 82' lang='lat' dir='ltr'><strong>Prae</strong></span> <span class='ocrx_word' id='word_1_72' title='bbox 800 2670 927 2733; x_wconf 90' lang='lat' dir='ltr'>caeteris</span> <span class='ocrx_word' id='word_1_73' title='bbox 948 2668 999 2730; x_wconf 88' lang='lat' dir='ltr'>illo</span> <span class='ocrx_word' id='word_1_74' title='bbox 1021 2685 1077 2730; x_wconf 92' lang='lat' dir='ltr'>nos</span> <span class='ocrx_word' id='word_1_75' title='bbox 1094 2669 1228 2730; x_wconf 80' lang='lat' dir='ltr'>maxime</span> <span class='ocrx_word' id='word_1_76' title='bbox 1243 2685 1316 2730; x_wconf 92' lang='lat' dir='ltr'>cura</span> 
     </span>
     <span class='ocr_line' id='line_1_17' title="bbox 572 2762 1316 2841; baseline -0.005 -15"><span class='ocrx_word' id='word_1_77' title='bbox 572 2765 715 2840; x_wconf 75' lang='lat' dir='ltr'>solicitat,</span> <span class='ocrx_word' id='word_1_78' title='bbox 739 2771 774 2826; x_wconf 93' lang='lat' dir='ltr'>ut</span> <span class='ocrx_word' id='word_1_79' title='bbox 794 2763 972 2825; x_wconf 88' lang='lat' dir='ltr'>animarum</span> <span class='ocrx_word' id='word_1_80' title='bbox 992 2762 1085 2825; x_wconf 88' lang='lat' dir='ltr'>saluti</span> <span class='ocrx_word' id='word_1_81' title='bbox 1111 2771 1203 2841; x_wconf 91' lang='lat' dir='ltr'>atque</span> <span class='ocrx_word' id='word_1_82' title='bbox 1226 2779 1316 2824; x_wconf 87' lang='lat' dir='ltr'>erun-</span> 
     </span>
     <span class='ocr_line' id='line_1_18' title="bbox 572 2853 1317 2936; baseline -0.005 -16"><span class='ocrx_word' id='word_1_83' title='bbox 572 2858 688 2935; x_wconf 87' lang='lat' dir='ltr'>gelicac</span> <span class='ocrx_word' id='word_1_84' title='bbox 709 2857 780 2918; x_wconf 85' lang='grc'>3331</span> <span class='ocrx_word' id='word_1_85' title='bbox 803 2856 1014 2936; x_wconf 80' lang='lat' dir='ltr'>propagationi</span> <span class='ocrx_word' id='word_1_86' title='bbox 1030 2872 1084 2935; x_wconf 92' lang='lat' dir='ltr'>pro</span> <span class='ocrx_word' id='word_1_87' title='bbox 1100 2854 1257 2933; x_wconf 88' lang='lat' dir='ltr'>pastoralis</span> <span class='ocrx_word' id='word_1_88' title='bbox 1272 2853 1317 2916; x_wconf 89' lang='lat' dir='ltr'>ol·</span> 
     </span>
     <span class='ocr_line' id='line_1_19' title="bbox 572 2947 1315 3028; baseline -0.003 -16"><span class='ocrx_word' id='word_1_89' title='bbox 572 2951 635 3013; x_wconf 83' lang='lat' dir='ltr'>ficii</span> <span class='ocrx_word' id='word_1_90' title='bbox 657 2949 756 3011; x_wconf 93' lang='lat' dir='ltr'>nostri</span> <span class='ocrx_word' id='word_1_91' title='bbox 779 2965 922 3024; x_wconf 89' lang='lat' dir='ltr'>munere,</span> <span class='ocrx_word' id='word_1_92' title='bbox 936 2956 1087 3028; x_wconf 88' lang='lat' dir='ltr'>quantum</span> <span class='ocrx_word' id='word_1_93' title='bbox 1099 2949 1161 3010; x_wconf 89' lang='lat' dir='ltr'>Boo</span> <span class='ocrx_word' id='word_1_94' title='bbox 1175 2947 1315 3010; x_wconf 92' lang='lat' dir='ltr'>adiutore</span> 
     </span>
     <span class='ocr_line' id='line_1_20' title="bbox 572 3041 1315 3123; baseline -0.005 -18"><span class='ocrx_word' id='word_1_95' title='bbox 572 3060 746 3123; x_wconf 87' lang='lat' dir='ltr'>possumus,</span> <span class='ocrx_word' id='word_1_96' title='bbox 763 3041 928 3105; x_wconf 69' lang='lat' dir='ltr'>salubriter</span> <span class='ocrx_word' id='word_1_97' title='bbox 942 3041 1149 3104; x_wconf 79' lang='lat' dir='ltr'><strong>consulamus.</strong></span> <span class='ocrx_word' id='word_1_98' title='bbox 1171 3041 1315 3118; x_wconf 79' lang='lat' dir='ltr'>Quocirca</span> 
     </span>
     <span class='ocr_line' id='line_1_21' title="bbox 573 3133 1315 3215; baseline -0.005 -17"><span class='ocrx_word' id='word_1_99' title='bbox 573 3137 653 3199; x_wconf 88' lang='lat' dir='ltr'>nihil</span> <span class='ocrx_word' id='word_1_100' title='bbox 673 3143 726 3199; x_wconf 91' lang='lat' dir='ltr'>aut</span> <span class='ocrx_word' id='word_1_101' title='bbox 753 3136 939 3215; x_wconf 90' lang='lat' dir='ltr'>praeclarius</span> <span class='ocrx_word' id='word_1_102' title='bbox 967 3143 1019 3197; x_wconf 89' lang='lat' dir='ltr'>aut</span> <span class='ocrx_word' id='word_1_103' title='bbox 1041 3133 1148 3196; x_wconf 89' lang='lat' dir='ltr'>utilius</span> <span class='ocrx_word' id='word_1_104' title='bbox 1169 3152 1185 3195; x_wconf 99' lang='grc'>3</span> <span class='ocrx_word' id='word_1_105' title='bbox 1206 3133 1315 3195; x_wconf 86' lang='lat' dir='ltr'>Roma·</span> 
     </span>
     <span class='ocr_line' id='line_1_22' title="bbox 573 3227 1316 3310; baseline 0 -21"><span class='ocrx_word' id='word_1_106' title='bbox 573 3231 621 3292; x_wconf 92' lang='lat' dir='ltr'>nis</span> <span class='ocrx_word' id='word_1_107' title='bbox 636 3229 834 3292; x_wconf 85' lang='lat' dir='ltr'>Pontificibus</span> <span class='ocrx_word' id='word_1_108' title='bbox 848 3227 1129 3310; x_wconf 68' lang='lat' dir='ltr'>praedecessoribus</span> <span class='ocrx_word' id='word_1_109' title='bbox 1144 3227 1316 3289; x_wconf 86' lang='grc'>333131313-</span> 
     </span>
     <span class='ocr_line' id='line_1_23' title="bbox 574 3319 1315 3400; baseline 0 -18"><span class='ocrx_word' id='word_1_110' title='bbox 574 3323 721 3385; x_wconf 88' lang='lat' dir='ltr'>stitutum</span> <span class='ocrx_word' id='word_1_111' title='bbox 742 3323 835 3385; x_wconf 89' lang='lat' dir='ltr'>luisse</span> <span class='ocrx_word' id='word_1_112' title='bbox 863 3321 1062 3396; x_wconf 74' lang='lat' dir='ltr'>arbitramur,</span> <span class='ocrx_word' id='word_1_113' title='bbox 1086 3339 1177 3400; x_wconf 89' lang='lat' dir='ltr'>quam</span> <span class='ocrx_word' id='word_1_114' title='bbox 1199 3329 1234 3383; x_wconf 93' lang='lat' dir='ltr'>ut</span> <span class='ocrx_word' id='word_1_115' title='bbox 1254 3319 1315 3384; x_wconf 94' lang='lat' dir='ltr'>col·</span> 
     </span>
     <span class='ocr_line' id='line_1_24' title="bbox 572 3414 1315 3493; baseline 0.003 -17"><span class='ocrx_word' id='word_1_116' title='bbox 572 3414 652 3491; x_wconf 89' lang='lat' dir='ltr'>legia</span> <span class='ocrx_word' id='word_1_117' title='bbox 675 3415 829 3492; x_wconf 85' lang='lat' dir='ltr'>rigerent,</span> <span class='ocrx_word' id='word_1_118' title='bbox 852 3416 883 3476; x_wconf 94' lang='lat' dir='ltr'>in</span> <span class='ocrx_word' id='word_1_119' title='bbox 906 3414 1018 3493; x_wconf 90' lang='lat' dir='ltr'>quihus</span> <span class='ocrx_word' id='word_1_120' title='bbox 1045 3415 1190 3477; x_wconf 85' lang='lat' dir='ltr'>nonnulli</span> <span class='ocrx_word' id='word_1_121' title='bbox 1216 3415 1315 3478; x_wconf 90' lang='lat' dir='ltr'>adole-</span> 
     </span>
     <span class='ocr_line' id='line_1_25' title="bbox 572 3497 1313 3589; baseline 0.001 -19"><span class='ocrx_word' id='word_1_122' title='bbox 572 3497 696 3572; x_wconf 79' lang='lat' dir='ltr'>scentes</span> <span class='ocrx_word' id='word_1_123' title='bbox 717 3525 733 3570; x_wconf 93' lang='grc'>3</span> <span class='ocrx_word' id='word_1_124' title='bbox 756 3510 812 3589; x_wconf 89' lang='lat' dir='ltr'>piis</span> <span class='ocrx_word' id='word_1_125' title='bbox 833 3509 990 3588; x_wconf 89' lang='lat' dir='ltr'>doctisque</span> <span class='ocrx_word' id='word_1_126' title='bbox 1012 3508 1087 3571; x_wconf 86' lang='lat' dir='ltr'>viris</span> <span class='ocrx_word' id='word_1_127' title='bbox 1101 3509 1313 3585; x_wconf 77' lang='lat' dir='ltr'>erudirentur,</span> 
     </span>
     <span class='ocr_line' id='line_1_26' title="bbox 572 3602 1315 3682; baseline -0.003 -16"><span class='ocrx_word' id='word_1_128' title='bbox 572 3618 708 3682; x_wconf 89' lang='lat' dir='ltr'>quorum</span> <span class='ocrx_word' id='word_1_129' title='bbox 729 3604 839 3665; x_wconf 90' lang='lat' dir='ltr'>deinde</span> <span class='ocrx_word' id='word_1_130' title='bbox 859 3618 951 3679; x_wconf 90' lang='lat' dir='ltr'>opera</span> <span class='ocrx_word' id='word_1_131' title='bbox 976 3610 1067 3678; x_wconf 92' lang='lat' dir='ltr'>atque</span> <span class='ocrx_word' id='word_1_132' title='bbox 1087 3602 1243 3670; x_wconf 85' lang='lat' dir='ltr'>laboribus</span> <span class='ocrx_word' id='word_1_133' title='bbox 1264 3603 1315 3664; x_wconf 91' lang='lat' dir='ltr'>do-</span> 
     </span>
     <span class='ocr_line' id='line_1_27' title="bbox 572 3695 1313 3774; baseline 0 -16"><span class='ocrx_word' id='word_1_134' title='bbox 572 3695 670 3758; x_wconf 89' lang='lat' dir='ltr'>ctrina</span> <span class='ocrx_word' id='word_1_135' title='bbox 702 3696 814 3760; x_wconf 87' lang='lat' dir='ltr'>Christi</span> <span class='ocrx_word' id='word_1_136' title='bbox 840 3695 872 3757; x_wconf 92' lang='lat' dir='ltr'>in</span> <span class='ocrx_word' id='word_1_137' title='bbox 902 3695 1086 3758; x_wconf 85' lang='lat' dir='ltr'>vastissimis</span> <span class='ocrx_word' id='word_1_138' title='bbox 1116 3697 1313 3774; x_wconf 82' lang='lat' dir='ltr'>regionibus,</span> 
     </span>
     <span class='ocr_line' id='line_1_28' title="bbox 573 3788 1317 3867; baseline -0.001 -15"><span class='ocrx_word' id='word_1_139' title='bbox 573 3791 657 3852; x_wconf 91' lang='lat' dir='ltr'>unde</span> <span class='ocrx_word' id='word_1_140' title='bbox 678 3789 722 3852; x_wconf 91' lang='lat' dir='ltr'>illi</span> <span class='ocrx_word' id='word_1_141' title='bbox 742 3796 984 3864; x_wconf 83' lang='lat' dir='ltr'>arcesserentur,</span> <span class='ocrx_word' id='word_1_142' title='bbox 1000 3798 1052 3852; x_wconf 93' lang='lat' dir='ltr'>aut</span> <span class='ocrx_word' id='word_1_143' title='bbox 1068 3789 1159 3851; x_wconf 89' lang='lat' dir='ltr'>latius</span> <span class='ocrx_word' id='word_1_144' title='bbox 1180 3788 1317 3867; x_wconf 91' lang='lat' dir='ltr'>promul-</span> 
     </span>
     <span class='ocr_line' id='line_1_29' title="bbox 573 3881 1316 3961; baseline 0.001 -18"><span class='ocrx_word' id='word_1_145' title='bbox 573 3883 648 3961; x_wconf 90' lang='lat' dir='ltr'>gari,</span> <span class='ocrx_word' id='word_1_146' title='bbox 672 3891 725 3946; x_wconf 91' lang='lat' dir='ltr'>aut</span> <span class='ocrx_word' id='word_1_147' title='bbox 753 3882 1090 3957; x_wconf 83' lang='grc'>33331333333333331,</span> <span class='ocrx_word' id='word_1_148' title='bbox 1113 3888 1165 3944; x_wconf 93' lang='lat' dir='ltr'>aut</span> <span class='ocrx_word' id='word_1_149' title='bbox 1193 3881 1316 3946; x_wconf 89' lang='lat' dir='ltr'>delendi</span> 
     </span>
     <span class='ocr_line' id='line_1_30' title="bbox 572 3975 822 4056; baseline -0.008 -19"><span class='ocrx_word' id='word_1_150' title='bbox 572 3975 689 4040; x_wconf 84' lang='lat' dir='ltr'>lucilius</span> <span class='ocrx_word' id='word_1_151' title='bbox 710 3983 822 4056; x_wconf 89' lang='lat' dir='ltr'>posset.</span> 
     </span>
     <span class='ocr_line' id='line_1_31' title="bbox 368 4067 1316 4150; baseline -0.011 -10"><span class='ocrx_word' id='word_1_152' title='bbox 368 4093 467 4140; x_wconf 75' lang='lat' dir='ltr'>raucas</span> <span class='ocrx_word' id='word_1_153' title='bbox 481 4091 555 4138; x_wconf 76' lang='lat' dir='ltr'>carra·</span> <span class='ocrx_word' id='word_1_154' title='bbox 613 4071 632 4146; x_wconf 67' lang='lat'>5</span> <span class='ocrx_word' id='word_1_155' title='bbox 653 4071 681 4132; x_wconf 77' lang='grc'>1.</span> <span class='ocrx_word' id='word_1_156' title='bbox 706 4071 752 4132; x_wconf 84' lang='lat' dir='ltr'>Ex</span> <span class='ocrx_word' id='word_1_157' title='bbox 770 4086 831 4149; x_wconf 93' lang='lat' dir='ltr'>quo</span> <span class='ocrx_word' id='word_1_158' title='bbox 847 4069 1000 4150; x_wconf 89' lang='lat' dir='ltr'>siquidem</span> <span class='ocrx_word' id='word_1_159' title='bbox 1015 4068 1183 4146; x_wconf 82' lang='lat' dir='ltr'>collegium</span> <span class='ocrx_word' id='word_1_160' title='bbox 1205 4067 1316 4130; x_wconf 77' lang='grc'>81333-</span> 
     </span>
     <span class='ocr_line' id='line_1_32' title="bbox 342 4147 1317 4257; baseline -0.008 -25"><span class='ocrx_word' id='word_1_161' title='bbox 342 4147 556 4257; x_wconf 54' lang='grc' dir='ltr'>ξῖξξῆζξῖῐὸζὲἧῗ</span> <span class='ocrx_word' id='word_1_162' title='bbox 573 4165 656 4227; x_wconf 90' lang='lat' dir='ltr'>sium</span> <span class='ocrx_word' id='word_1_163' title='bbox 676 4174 707 4227; x_wconf 90' lang='grc'>31</span> <span class='ocrx_word' id='word_1_164' title='bbox 722 4165 870 4229; x_wconf 90' lang='lat' dir='ltr'>ludorum</span> <span class='ocrx_word' id='word_1_165' title='bbox 884 4166 942 4227; x_wconf 89' lang='lat' dir='ltr'>sub</span> <span class='ocrx_word' id='word_1_166' title='bbox 958 4163 1049 4226; x_wconf 89' lang='lat' dir='ltr'>titulo</span> <span class='ocrx_word' id='word_1_167' title='bbox 1063 4177 1165 4225; x_wconf 90' lang='lat' dir='ltr'>sacrae</span> <span class='ocrx_word' id='word_1_168' title='bbox 1181 4163 1250 4224; x_wconf 86' lang='lat' dir='ltr'>lesu</span> <span class='ocrx_word' id='word_1_169' title='bbox 1267 4163 1317 4243; x_wconf 76' lang='lat' dir='ltr'>so·</span> 
     </span>
     <span class='ocr_line' id='line_1_33' title="bbox 343 4253 1317 4336; baseline -0.005 -15"><span class='ocrx_word' id='word_1_170' title='bbox 343 4253 469 4301; x_wconf 60' lang='grc'>115810115</span> <span class='ocrx_word' id='word_1_171' title='bbox 483 4254 555 4299; x_wconf 84' lang='lat' dir='ltr'>sum·</span> <span class='ocrx_word' id='word_1_172' title='bbox 572 4259 682 4321; x_wconf 83' lang='grc'>3311133</span> <span class='ocrx_word' id='word_1_173' title='bbox 694 4265 780 4320; x_wconf 90' lang='lat' dir='ltr'>extra</span> <span class='ocrx_word' id='word_1_174' title='bbox 792 4259 951 4321; x_wconf 90' lang='lat' dir='ltr'>civitatem</span> <span class='ocrx_word' id='word_1_175' title='bbox 962 4256 1148 4336; x_wconf 90' lang='lat' dir='ltr'>Neapolima</span> <span class='ocrx_word' id='word_1_176' title='bbox 1162 4254 1317 4317; x_wconf 89' lang='grc'>131131333-</span> 
     </span>
    </p>
   </div>
   <div class='ocr_carea' id='block_1_8' title="bbox 342 4307 555 4408">
    <p class='ocr_par' dir='ltr' id='par_1_8' title="bbox 342 4307 555 4408">
     <span class='ocr_line' id='line_1_34' title="bbox 342 4307 555 4356; baseline 0 -2"><span class='ocrx_word' id='word_1_177' title='bbox 342 4308 377 4354; x_wconf 87' lang='lat' dir='ltr'>ml</span> <span class='ocrx_word' id='word_1_178' title='bbox 388 4311 460 4354; x_wconf 86' lang='lat' dir='ltr'>Pout.</span> <span class='ocrx_word' id='word_1_179' title='bbox 470 4307 555 4356; x_wconf 89' lang='lat' dir='ltr'>indol-</span> 
     </span>
     <span class='ocr_line' id='line_1_35' title="bbox 343 4365 439 4408; baseline -0.01 -1"><span class='ocrx_word' id='word_1_180' title='bbox 343 4365 439 4408; x_wconf 85' lang='lat' dir='ltr'>serunt.</span> 
     </span>
    </p>
   </div>
   <div class='ocr_carea' id='block_1_9' title="bbox 572 4349 1318 5464">
    <p class='ocr_par' dir='ltr' id='par_1_9' title="bbox 572 4349 1318 5464">
     <span class='ocr_line' id='line_1_36' title="bbox 572 4349 1316 4430; baseline -0.009 -13"><span class='ocrx_word' id='word_1_181' title='bbox 572 4353 760 4417; x_wconf 80' lang='lat' dir='ltr'>cordationis</span> <span class='ocrx_word' id='word_1_182' title='bbox 790 4353 952 4415; x_wconf 87' lang='lat' dir='ltr'>Clemente</span> <span class='ocrx_word' id='word_1_183' title='bbox 974 4351 1051 4430; x_wconf 88' lang='lat' dir='ltr'>Papa</span> <span class='ocrx_word' id='word_1_184' title='bbox 1076 4350 1169 4425; x_wconf 88' lang='lat' dir='ltr'>Xlll.,</span> <span class='ocrx_word' id='word_1_185' title='bbox 1195 4350 1252 4411; x_wconf 92' lang='lat' dir='ltr'>sub</span> <span class='ocrx_word' id='word_1_186' title='bbox 1272 4349 1316 4410; x_wconf 90' lang='lat' dir='ltr'>di-</span> 
     </span>
     <span class='ocr_line' id='line_1_37' title="bbox 573 4442 1316 4522; baseline -0.004 -14"><span class='ocrx_word' id='word_1_187' title='bbox 573 4446 713 4510; x_wconf 83' lang='lat' dir='ltr'>rectione</span> <span class='ocrx_word' id='word_1_188' title='bbox 742 4453 773 4508; x_wconf 87' lang='grc'>31</span> <span class='ocrx_word' id='word_1_189' title='bbox 803 4445 955 4522; x_wconf 83' lang='lat' dir='ltr'>gubernio</span> <span class='ocrx_word' id='word_1_190' title='bbox 987 4442 1243 4521; x_wconf 87' lang='lat' dir='ltr'>Congregationis</span> <span class='ocrx_word' id='word_1_191' title='bbox 1273 4443 1316 4505; x_wconf 91' lang='lat' dir='ltr'>di·</span> 
     </span>
     <span class='ocr_line' id='line_1_38' title="bbox 573 4538 1318 4616; baseline 0 -15"><span class='ocrx_word' id='word_1_192' title='bbox 573 4538 726 4603; x_wconf 89' lang='lat' dir='ltr'>lectorum</span> <span class='ocrx_word' id='word_1_193' title='bbox 758 4539 893 4601; x_wconf 88' lang='lat' dir='ltr'>liliorum</span> <span class='ocrx_word' id='word_1_194' title='bbox 926 4538 1180 4616; x_wconf 87' lang='lat' dir='ltr'>presbyterorum</span> <span class='ocrx_word' id='word_1_195' title='bbox 1214 4553 1318 4601; x_wconf 88' lang='lat' dir='ltr'>saecu·</span> 
     </span>
     <span class='ocr_line' id='line_1_39' title="bbox 573 4630 1316 4709; baseline -0.001 -16"><span class='ocrx_word' id='word_1_196' title='bbox 573 4631 685 4694; x_wconf 90' lang='lat' dir='ltr'>larium</span> <span class='ocrx_word' id='word_1_197' title='bbox 716 4633 856 4697; x_wconf 86' lang='lat' dir='ltr'>eiusdem</span> <span class='ocrx_word' id='word_1_198' title='bbox 889 4630 1009 4695; x_wconf 83' lang='lat' dir='ltr'>titulis</span> <span class='ocrx_word' id='word_1_199' title='bbox 1039 4631 1118 4696; x_wconf 89' lang='lat' dir='ltr'>Sede</span> <span class='ocrx_word' id='word_1_200' title='bbox 1145 4630 1316 4709; x_wconf 80' lang='lat' dir='ltr'>apostolica</span> 
     </span>
     <span class='ocr_line' id='line_1_40' title="bbox 573 4725 1316 4805; baseline 0 -18"><span class='ocrx_word' id='word_1_201' title='bbox 573 4727 766 4805; x_wconf 84' lang='lat' dir='ltr'>approbatae,</span> <span class='ocrx_word' id='word_1_202' title='bbox 790 4735 820 4791; x_wconf 90' lang='grc'>31</span> <span class='ocrx_word' id='word_1_203' title='bbox 842 4744 857 4787; x_wconf 94' lang='grc'>3</span> <span class='ocrx_word' id='word_1_204' title='bbox 879 4725 1131 4804; x_wconf 78' lang='lat' dir='ltr'>congregatione</span> <span class='ocrx_word' id='word_1_205' title='bbox 1153 4725 1316 4787; x_wconf 84' lang='grc'>3333133-</span> 
     </span>
     <span class='ocr_line' id='line_1_41' title="bbox 575 4819 1316 4887; baseline 0 -5"><span class='ocrx_word' id='word_1_206' title='bbox 575 4827 659 4883; x_wconf 90' lang='lat' dir='ltr'>trum</span> <span class='ocrx_word' id='word_1_207' title='bbox 689 4829 868 4884; x_wconf 90' lang='lat' dir='ltr'>nostrorum</span> <span class='ocrx_word' id='word_1_208' title='bbox 900 4824 931 4887; x_wconf 89' lang='lat' dir='ltr'>S.</span> <span class='ocrx_word' id='word_1_209' title='bbox 964 4821 1000 4884; x_wconf 90' lang='lat' dir='ltr'>R.</span> <span class='ocrx_word' id='word_1_210' title='bbox 1033 4821 1067 4882; x_wconf 83' lang='lat' dir='ltr'>B.</span> <span class='ocrx_word' id='word_1_211' title='bbox 1103 4819 1316 4884; x_wconf 77' lang='lat' dir='ltr'>cardinalium</span> 
     </span>
     <span class='ocr_line' id='line_1_42' title="bbox 573 4913 1316 4994; baseline -0.004 -17"><span class='ocrx_word' id='word_1_212' title='bbox 573 4915 706 4992; x_wconf 89' lang='lat' dir='ltr'>negotiis</span> <span class='ocrx_word' id='word_1_213' title='bbox 722 4916 759 4978; x_wconf 92' lang='lat' dir='ltr'>de</span> <span class='ocrx_word' id='word_1_214' title='bbox 770 4915 965 4994; x_wconf 89' lang='lat' dir='ltr'>Propaganda</span> <span class='ocrx_word' id='word_1_215' title='bbox 981 4914 1053 4978; x_wconf 87' lang='lat' dir='ltr'>Fide</span> <span class='ocrx_word' id='word_1_216' title='bbox 1071 4913 1316 4992; x_wconf 91' lang='lat' dir='ltr'>praepositorum</span> 
     </span>
     <span class='ocr_line' id='line_1_43' title="bbox 573 5005 1315 5087; baseline -0.003 -17"><span class='ocrx_word' id='word_1_217' title='bbox 573 5007 761 5086; x_wconf 89' lang='lat' dir='ltr'>dependens,</span> <span class='ocrx_word' id='word_1_218' title='bbox 784 5008 929 5087; x_wconf 90' lang='lat' dir='ltr'>primitus</span> <span class='ocrx_word' id='word_1_219' title='bbox 955 5007 1134 5071; x_wconf 87' lang='lat' dir='ltr'>institutum</span> <span class='ocrx_word' id='word_1_220' title='bbox 1156 5005 1226 5082; x_wconf 89' lang='lat' dir='ltr'>luit,</span> <span class='ocrx_word' id='word_1_221' title='bbox 1243 5022 1315 5069; x_wconf 92' lang='lat' dir='ltr'>cum</span> 
     </span>
     <span class='ocr_line' id='line_1_44' title="bbox 573 5099 1315 5181; baseline 0 -20"><span class='ocrx_word' id='word_1_222' title='bbox 573 5101 777 5164; x_wconf 85' lang='lat' dir='ltr'>benedicente</span> <span class='ocrx_word' id='word_1_223' title='bbox 798 5102 939 5176; x_wconf 88' lang='lat' dir='ltr'>Domino,</span> <span class='ocrx_word' id='word_1_224' title='bbox 952 5116 1046 5181; x_wconf 92' lang='lat' dir='ltr'>quam</span> <span class='ocrx_word' id='word_1_225' title='bbox 1067 5099 1171 5179; x_wconf 89' lang='lat' dir='ltr'>plures</span> <span class='ocrx_word' id='word_1_226' title='bbox 1185 5117 1201 5161; x_wconf 91' lang='grc'>3</span> <span class='ocrx_word' id='word_1_227' title='bbox 1216 5115 1315 5162; x_wconf 91' lang='lat' dir='ltr'>remo·</span> 
     </span>
     <span class='ocr_line' id='line_1_45' title="bbox 575 5194 1316 5272; baseline -0.004 -14"><span class='ocrx_word' id='word_1_228' title='bbox 575 5195 698 5258; x_wconf 88' lang='lat' dir='ltr'>tissimis</span> <span class='ocrx_word' id='word_1_229' title='bbox 719 5195 756 5256; x_wconf 91' lang='lat' dir='ltr'>iis</span> <span class='ocrx_word' id='word_1_230' title='bbox 778 5196 957 5272; x_wconf 90' lang='lat' dir='ltr'>regionibus</span> <span class='ocrx_word' id='word_1_231' title='bbox 983 5195 1069 5257; x_wconf 90' lang='lat' dir='ltr'>acciti</span> <span class='ocrx_word' id='word_1_232' title='bbox 1090 5201 1122 5256; x_wconf 86' lang='lat' dir='ltr'>et</span> <span class='ocrx_word' id='word_1_233' title='bbox 1144 5196 1176 5256; x_wconf 90' lang='grc'>13</span> <span class='ocrx_word' id='word_1_234' title='bbox 1197 5209 1235 5256; x_wconf 97' lang='grc'>33</span> <span class='ocrx_word' id='word_1_235' title='bbox 1256 5194 1316 5257; x_wconf 86' lang='grc'>331·</span> 
     </span>
     <span class='ocr_line' id='line_1_46' title="bbox 574 5289 1315 5367; baseline -0.001 -16"><span class='ocrx_word' id='word_1_236' title='bbox 574 5290 654 5366; x_wconf 81' lang='lat' dir='ltr'>legio</span> <span class='ocrx_word' id='word_1_237' title='bbox 675 5291 769 5353; x_wconf 88' lang='lat' dir='ltr'>sacris</span> <span class='ocrx_word' id='word_1_238' title='bbox 790 5289 888 5351; x_wconf 88' lang='lat' dir='ltr'>literis</span> <span class='ocrx_word' id='word_1_239' title='bbox 908 5289 1031 5365; x_wconf 91' lang='lat' dir='ltr'>imbuti,</span> <span class='ocrx_word' id='word_1_240' title='bbox 1047 5295 1139 5367; x_wconf 86' lang='lat' dir='ltr'>atque</span> <span class='ocrx_word' id='word_1_241' title='bbox 1159 5289 1194 5351; x_wconf 91' lang='lat' dir='ltr'>ad</span> <span class='ocrx_word' id='word_1_242' title='bbox 1215 5305 1315 5351; x_wconf 89' lang='lat' dir='ltr'>sacros</span> 
     </span>
     <span class='ocr_line' id='line_1_47' title="bbox 574 5385 1314 5464; baseline 0.003 -19"><span class='ocrx_word' id='word_1_243' title='bbox 574 5385 696 5447; x_wconf 90' lang='lat' dir='ltr'>ordines</span> <span class='ocrx_word' id='word_1_244' title='bbox 717 5386 851 5464; x_wconf 91' lang='lat' dir='ltr'>promoti</span> <span class='ocrx_word' id='word_1_245' title='bbox 878 5385 909 5446; x_wconf 94' lang='lat' dir='ltr'>in</span> <span class='ocrx_word' id='word_1_246' title='bbox 932 5386 1037 5463; x_wconf 87' lang='lat' dir='ltr'>patriis</span> <span class='ocrx_word' id='word_1_247' title='bbox 1066 5385 1256 5464; x_wconf 88' lang='lat' dir='ltr'>regionibus,</span> <span class='ocrx_word' id='word_1_248' title='bbox 1279 5385 1314 5447; x_wconf 90' lang='lat' dir='ltr'>ad</span> 
     </span>
    </p>
   </div>
   <div class='ocr_carea' id='block_1_10' title="bbox 573 5630 1319 6030">
    <p class='ocr_par' dir='ltr' id='par_1_10' title="bbox 573 5630 1319 6030">
     <span class='ocr_line' id='line_1_48' title="bbox 614 5630 1318 5688; baseline 0.009 -14"><span class='ocrx_word' id='word_1_249' title='bbox 614 5631 643 5686; x_wconf 90' lang='lat' dir='ltr'>(l)</span> <span class='ocrx_word' id='word_1_250' title='bbox 659 5635 678 5674; x_wconf 79' lang='grc' dir='ltr'>Α</span> <span class='ocrx_word' id='word_1_251' title='bbox 693 5639 746 5686; x_wconf 90' lang='lat' dir='ltr'>qua</span> <span class='ocrx_word' id='word_1_252' title='bbox 765 5630 911 5688; x_wconf 86' lang='lat' dir='ltr'>dependere</span> <span class='ocrx_word' id='word_1_253' title='bbox 932 5632 1042 5678; x_wconf 88' lang='lat' dir='ltr'>debebat</span> <span class='ocrx_word' id='word_1_254' title='bbox 1062 5635 1124 5678; x_wconf 87' lang='lat' dir='ltr'>autc</span> <span class='ocrx_word' id='word_1_255' title='bbox 1146 5634 1171 5678; x_wconf 92' lang='lat' dir='ltr'>h.</span> <span class='ocrx_word' id='word_1_256' title='bbox 1190 5637 1270 5679; x_wconf 87' lang='lat' dir='ltr'>const.</span> <span class='ocrx_word' id='word_1_257' title='bbox 1287 5645 1318 5680; x_wconf 90' lang='lat' dir='ltr'>ex</span> 
     </span>
     <span class='ocr_line' id='line_1_49' title="bbox 573 5695 1319 5754; baseline 0.007 -12"><span class='ocrx_word' id='word_1_258' title='bbox 573 5695 744 5754; x_wconf 85' lang='lat' dir='ltr'>dispositione</span> <span class='ocrx_word' id='word_1_259' title='bbox 757 5698 997 5754; x_wconf 86' lang='lat' dir='ltr'>praedecessorum.</span> <span class='ocrx_word' id='word_1_260' title='bbox 1012 5700 1075 5745; x_wconf 86' lang='lat' dir='ltr'>vide</span> <span class='ocrx_word' id='word_1_261' title='bbox 1090 5703 1150 5746; x_wconf 88' lang='lat' dir='ltr'>Bon.</span> <span class='ocrx_word' id='word_1_262' title='bbox 1162 5703 1223 5745; x_wconf 77' lang='lat' dir='ltr'>xll&#39;.</span> <span class='ocrx_word' id='word_1_263' title='bbox 1235 5706 1269 5746; x_wconf 83' lang='lat' dir='ltr'>ln</span> <span class='ocrx_word' id='word_1_264' title='bbox 1278 5713 1319 5747; x_wconf 75' lang='lat' dir='ltr'>aa·</span> 
     </span>
     <span class='ocr_line' id='line_1_50' title="bbox 573 5768 1317 5824; baseline 0.003 -12"><span class='ocrx_word' id='word_1_265' title='bbox 573 5777 619 5812; x_wconf 79' lang='lat' dir='ltr'>cro</span> <span class='ocrx_word' id='word_1_266' title='bbox 625 5769 768 5819; x_wconf 64' lang='lat' dir='ltr'>praetereas.</span> <span class='ocrx_word' id='word_1_267' title='bbox 781 5770 963 5812; x_wconf 73' lang='lat' dir='ltr'>Misericordia</span> <span class='ocrx_word' id='word_1_268' title='bbox 974 5771 1033 5824; x_wconf 86' lang='lat' dir='ltr'>Det,·</span> <span class='ocrx_word' id='word_1_269' title='bbox 1044 5768 1123 5814; x_wconf 87' lang='lat' dir='ltr'>Clenr.</span> <span class='ocrx_word' id='word_1_270' title='bbox 1134 5771 1198 5813; x_wconf 82' lang='lat' dir='ltr'>xlll.</span> <span class='ocrx_word' id='word_1_271' title='bbox 1212 5773 1317 5821; x_wconf 80' lang='lat' dir='ltr'>Quanta</span> 
     </span>
     <span class='ocr_line' id='line_1_51' title="bbox 575 5835 1317 5894; baseline 0.007 -16"><span class='ocrx_word' id='word_1_272' title='bbox 575 5837 685 5878; x_wconf 81' lang='lat' dir='ltr'>Baetesto</span> <span class='ocrx_word' id='word_1_273' title='bbox 699 5837 752 5884; x_wconf 80' lang='lat' dir='ltr'>Det,</span> <span class='ocrx_word' id='word_1_274' title='bbox 776 5838 890 5880; x_wconf 85' lang='lat' dir='ltr'>Doeemtl</span> <span class='ocrx_word' id='word_1_275' title='bbox 912 5847 1010 5885; x_wconf 83' lang='lat' dir='ltr'>omnes,</span> <span class='ocrx_word' id='word_1_276' title='bbox 1027 5835 1102 5882; x_wconf 86' lang='lat' dir='ltr'>iuxta</span> <span class='ocrx_word' id='word_1_277' title='bbox 1123 5837 1286 5894; x_wconf 84' lang='lat' dir='ltr'>praescripta</span> <span class='ocrx_word' id='word_1_278' title='bbox 1301 5848 1317 5883; x_wconf 87' lang='lat' dir='ltr'>a</span> 
     </span>
     <span class='ocr_line' id='line_1_52' title="bbox 574 5901 1316 5959; baseline 0.005 -13"><span class='ocrx_word' id='word_1_279' title='bbox 574 5905 633 5946; x_wconf 85' lang='lat' dir='ltr'>Bon.</span> <span class='ocrx_word' id='word_1_280' title='bbox 647 5903 710 5946; x_wconf 79' lang='lat' dir='ltr'>xlv.</span> <span class='ocrx_word' id='word_1_281' title='bbox 725 5913 773 5959; x_wconf 92' lang='lat' dir='ltr'>pro</span> <span class='ocrx_word' id='word_1_282' title='bbox 786 5901 905 5958; x_wconf 78' lang='lat' dir='ltr'>collegiis</span> <span class='ocrx_word' id='word_1_283' title='bbox 918 5903 1068 5958; x_wconf 84' lang='lat' dir='ltr'>apostolicis</span> <span class='ocrx_word' id='word_1_284' title='bbox 1090 5903 1145 5950; x_wconf 88' lang='lat' dir='ltr'>suis</span> <span class='ocrx_word' id='word_1_285' title='bbox 1160 5905 1200 5950; x_wconf 88' lang='lat' dir='ltr'>lit.</span> <span class='ocrx_word' id='word_1_286' title='bbox 1218 5909 1316 5957; x_wconf 74' lang='grc'>033311</span> 
     </span>
     <span class='ocr_line' id='line_1_53' title="bbox 574 5961 1317 6030; baseline 0.005 -16"><span class='ocrx_word' id='word_1_287' title='bbox 574 5973 610 6016; x_wconf 85' lang='lat' dir='ltr'>od</span> <span class='ocrx_word' id='word_1_288' title='bbox 624 5973 770 6019; x_wconf 72' lang='lat' dir='ltr'>seelestam.</span> <span class='ocrx_word' id='word_1_289' title='bbox 785 5961 972 6024; x_wconf 68' lang='grc'>1333333313.</span> <span class='ocrx_word' id='word_1_290' title='bbox 983 5970 1067 6016; x_wconf 86' lang='grc'>113133</span> <span class='ocrx_word' id='word_1_291' title='bbox 1076 5971 1181 6030; x_wconf 81' lang='lat' dir='ltr'>collegii</span> <span class='ocrx_word' id='word_1_292' title='bbox 1190 5973 1258 6019; x_wconf 88' lang='lat' dir='ltr'>bona</span> <span class='ocrx_word' id='word_1_293' title='bbox 1267 5971 1317 6018; x_wconf 88' lang='lat' dir='ltr'>ita·</span> 
     </span>
    </p>
   </div>
   <div class='ocr_carea' id='block_1_11' title="bbox 1092 577 1589 627">
    <p class='ocr_par' dir='ltr' id='par_1_11' title="bbox 1092 577 1589 627">
     <span class='ocr_line' id='line_1_54' title="bbox 1092 577 1589 627; baseline -0.012 -1"><span class='ocrx_word' id='word_1_294' title='bbox 1092 581 1155 627; x_wconf 86' lang='grc'>11111.</span> <span class='ocrx_word' id='word_1_295' title='bbox 1180 579 1270 624; x_wconf 76' lang='lat' dir='ltr'>e0rt&#39;r.</span> <span class='ocrx_word' id='word_1_296' title='bbox 1295 577 1334 620; x_wconf 82' lang='lat' dir='ltr'>DE</span> <span class='ocrx_word' id='word_1_297' title='bbox 1357 577 1385 620; x_wconf 82' lang='lat' dir='ltr'>P·</span> <span class='ocrx_word' id='word_1_298' title='bbox 1410 577 1439 622; x_wconf 77' lang='lat' dir='ltr'>F.</span> <span class='ocrx_word' id='word_1_299' title='bbox 1464 579 1546 623; x_wconf 77' lang='lat' dir='ltr'>PARS</span> <span class='ocrx_word' id='word_1_300' title='bbox 1568 579 1589 623; x_wconf 93' lang='lat' dir='ltr'>l.</span> 
     </span>
    </p>
   </div>
   <div class='ocr_carea' id='block_1_12' title="bbox 2149 555 2356 650">
    <p class='ocr_par' dir='ltr' id='par_1_12' title="bbox 2149 555 2356 650">
     <span class='ocr_line' id='line_1_55' title="bbox 2149 555 2356 650; baseline 0.01 -40"><span class='ocrx_word' id='word_1_301' title='bbox 2149 555 2246 612; x_wconf 79' lang='grc'>13311.</span> <span class='ocrx_word' id='word_1_302' title='bbox 2270 561 2338 612; x_wconf 83' lang='lat'>1775</span> <span class='ocrx_word' id='word_1_303' title='bbox 2355 627 2356 650; x_wconf 23' lang='grc'>1</span> 
     </span>
    </p>
   </div>
   <div class='ocr_carea' id='block_1_13' title="bbox 1369 695 2347 5369">
    <p class='ocr_par' dir='ltr' id='par_1_13' title="bbox 1373 695 2120 2275">
     <span class='ocr_line' id='line_1_56' title="bbox 1373 695 2117 773; baseline -0.004 -15"><span class='ocrx_word' id='word_1_304' title='bbox 1373 711 1448 773; x_wconf 91' lang='lat' dir='ltr'>quas</span> <span class='ocrx_word' id='word_1_305' title='bbox 1459 697 1577 760; x_wconf 88' lang='lat' dir='ltr'>reversi</span> <span class='ocrx_word' id='word_1_306' title='bbox 1589 697 1723 773; x_wconf 87' lang='lat' dir='ltr'>luerunt,</span> <span class='ocrx_word' id='word_1_307' title='bbox 1735 697 1917 760; x_wconf 84' lang='lat' dir='ltr'>catholicam</span> <span class='ocrx_word' id='word_1_308' title='bbox 1934 695 2117 772; x_wconf 90' lang='lat' dir='ltr'>religionem</span> 
     </span>
     <span class='ocr_line' id='line_1_57' title="bbox 1374 788 2119 868; baseline 0.001 -19"><span class='ocrx_word' id='word_1_309' title='bbox 1374 788 1432 850; x_wconf 91' lang='lat' dir='ltr'>late</span> <span class='ocrx_word' id='word_1_310' title='bbox 1454 797 1670 868; x_wconf 87' lang='lat' dir='ltr'>propagarent,</span> <span class='ocrx_word' id='word_1_311' title='bbox 1683 790 1812 868; x_wconf 91' lang='lat' dir='ltr'>eiusque</span> <span class='ocrx_word' id='word_1_312' title='bbox 1833 789 2026 852; x_wconf 89' lang='lat' dir='ltr'>incremento</span> <span class='ocrx_word' id='word_1_313' title='bbox 2041 793 2119 850; x_wconf 85' lang='lat' dir='ltr'>stre·</span> 
     </span>
     <span class='ocr_line' id='line_1_58' title="bbox 1375 882 2117 961; baseline -0.001 -17"><span class='ocrx_word' id='word_1_314' title='bbox 1375 899 1437 944; x_wconf 89' lang='grc'>333</span> <span class='ocrx_word' id='word_1_315' title='bbox 1458 882 1687 960; x_wconf 85' lang='grc'>331333333331;</span> <span class='ocrx_word' id='word_1_316' title='bbox 1710 883 1777 946; x_wconf 86' lang='grc'>1333</span> <span class='ocrx_word' id='word_1_317' title='bbox 1798 885 1860 946; x_wconf 90' lang='grc'>333</span> <span class='ocrx_word' id='word_1_318' title='bbox 1882 899 1920 944; x_wconf 92' lang='lat' dir='ltr'>ex</span> <span class='ocrx_word' id='word_1_319' title='bbox 1941 883 2117 961; x_wconf 89' lang='lat' dir='ltr'>praedeces-</span> 
     </span>
     <span class='ocr_line' id='line_1_59' title="bbox 1373 976 2119 1055; baseline 0 -17"><span class='ocrx_word' id='word_1_320' title='bbox 1373 977 1495 1038; x_wconf 91' lang='lat' dir='ltr'>soribus</span> <span class='ocrx_word' id='word_1_321' title='bbox 1515 977 1628 1039; x_wconf 88' lang='lat' dir='ltr'>nostris</span> <span class='ocrx_word' id='word_1_322' title='bbox 1648 977 1815 1055; x_wconf 91' lang='lat' dir='ltr'>collegium</span> <span class='ocrx_word' id='word_1_323' title='bbox 1838 977 1926 1054; x_wconf 92' lang='lat' dir='ltr'>illud,</span> <span class='ocrx_word' id='word_1_324' title='bbox 1949 976 2015 1040; x_wconf 91' lang='lat' dir='ltr'>eius</span> <span class='ocrx_word' id='word_1_325' title='bbox 2037 977 2119 1038; x_wconf 90' lang='grc'>3133-</span> 
     </span>
     <span class='ocr_line' id='line_1_60' title="bbox 1375 1069 2119 1150; baseline 0 -19"><span class='ocrx_word' id='word_1_326' title='bbox 1375 1079 1485 1145; x_wconf 85' lang='grc'>313333,</span> <span class='ocrx_word' id='word_1_327' title='bbox 1506 1071 1706 1150; x_wconf 86' lang='lat' dir='ltr'>singulosque</span> <span class='ocrx_word' id='word_1_328' title='bbox 1727 1071 1869 1135; x_wconf 89' lang='lat' dir='ltr'>alumnos</span> <span class='ocrx_word' id='word_1_329' title='bbox 1889 1069 2011 1149; x_wconf 88' lang='lat' dir='ltr'>speciali</span> <span class='ocrx_word' id='word_1_330' title='bbox 2025 1072 2119 1132; x_wconf 90' lang='grc'>3333-</span> 
     </span>
     <span class='ocr_line' id='line_1_61' title="bbox 1375 1165 2118 1244; baseline 0.001 -20"><span class='ocrx_word' id='word_1_331' title='bbox 1375 1165 1512 1228; x_wconf 86' lang='lat' dir='ltr'>volentia</span> <span class='ocrx_word' id='word_1_332' title='bbox 1533 1174 1607 1230; x_wconf 89' lang='grc'>3331</span> <span class='ocrx_word' id='word_1_333' title='bbox 1629 1165 1828 1244; x_wconf 87' lang='lat' dir='ltr'>prosequuti,</span> <span class='ocrx_word' id='word_1_334' title='bbox 1858 1165 2018 1244; x_wconf 88' lang='lat' dir='ltr'>dictaeque</span> <span class='ocrx_word' id='word_1_335' title='bbox 2039 1165 2118 1227; x_wconf 90' lang='lat' dir='ltr'>Con-</span> 
     </span>
     <span class='ocr_line' id='line_1_62' title="bbox 1375 1258 2118 1338; baseline -0.001 -17"><span class='ocrx_word' id='word_1_336' title='bbox 1375 1258 1548 1338; x_wconf 85' lang='lat' dir='ltr'>gregationi</span> <span class='ocrx_word' id='word_1_337' title='bbox 1570 1261 1838 1335; x_wconf 88' lang='lat' dir='ltr'>commendarunt,</span> <span class='ocrx_word' id='word_1_338' title='bbox 1858 1258 2021 1338; x_wconf 90' lang='lat' dir='ltr'>praecipue</span> <span class='ocrx_word' id='word_1_339' title='bbox 2042 1274 2118 1320; x_wconf 88' lang='lat' dir='ltr'>vero</span> 
     </span>
     <span class='ocr_line' id='line_1_63' title="bbox 1375 1351 2116 1430; baseline 0 -18"><span class='ocrx_word' id='word_1_340' title='bbox 1375 1353 1410 1415; x_wconf 92' lang='lat' dir='ltr'>ad</span> <span class='ocrx_word' id='word_1_341' title='bbox 1422 1353 1601 1430; x_wconf 89' lang='lat' dir='ltr'>augendum</span> <span class='ocrx_word' id='word_1_342' title='bbox 1614 1353 1817 1416; x_wconf 91' lang='lat' dir='ltr'>alumnorum</span> <span class='ocrx_word' id='word_1_343' title='bbox 1831 1367 2001 1416; x_wconf 90' lang='lat' dir='ltr'>numerum</span> <span class='ocrx_word' id='word_1_344' title='bbox 2017 1351 2116 1427; x_wconf 92' lang='lat' dir='ltr'>bonis,</span> 
     </span>
     <span class='ocr_line' id='line_1_64' title="bbox 1375 1444 2118 1522; baseline 0 -15"><span class='ocrx_word' id='word_1_345' title='bbox 1375 1446 1544 1510; x_wconf 91' lang='lat' dir='ltr'>redditibus</span> <span class='ocrx_word' id='word_1_346' title='bbox 1555 1463 1670 1522; x_wconf 89' lang='lat' dir='ltr'>augere</span> <span class='ocrx_word' id='word_1_347' title='bbox 1690 1453 1851 1509; x_wconf 89' lang='lat' dir='ltr'>curarunt.</span> <span class='ocrx_word' id='word_1_348' title='bbox 1876 1445 2002 1507; x_wconf 84' lang='lat' dir='ltr'>Etenim</span> <span class='ocrx_word' id='word_1_349' title='bbox 2017 1444 2118 1508; x_wconf 90' lang='lat' dir='ltr'>eidem</span> 
     </span>
     <span class='ocr_line' id='line_1_65' title="bbox 1374 1539 2118 1620; baseline 0 -18"><span class='ocrx_word' id='word_1_350' title='bbox 1374 1539 1504 1616; x_wconf 90' lang='lat' dir='ltr'>collegio</span> <span class='ocrx_word' id='word_1_351' title='bbox 1517 1541 1627 1618; x_wconf 87' lang='lat' dir='ltr'>exigua</span> <span class='ocrx_word' id='word_1_352' title='bbox 1643 1548 1732 1603; x_wconf 91' lang='lat' dir='ltr'>antea</span> <span class='ocrx_word' id='word_1_353' title='bbox 1744 1542 1815 1603; x_wconf 90' lang='lat' dir='ltr'>dote</span> <span class='ocrx_word' id='word_1_354' title='bbox 1826 1541 1965 1620; x_wconf 89' lang='lat' dir='ltr'>praedito</span> <span class='ocrx_word' id='word_1_355' title='bbox 1979 1539 2118 1603; x_wconf 90' lang='lat' dir='ltr'>eiusdem</span> 
     </span>
     <span class='ocr_line' id='line_1_66' title="bbox 1376 1633 2119 1713; baseline 0.003 -19"><span class='ocrx_word' id='word_1_356' title='bbox 1376 1633 1555 1697; x_wconf 90' lang='lat' dir='ltr'>recolendae</span> <span class='ocrx_word' id='word_1_357' title='bbox 1580 1634 1676 1697; x_wconf 91' lang='lat' dir='ltr'>etiam</span> <span class='ocrx_word' id='word_1_358' title='bbox 1707 1635 1877 1698; x_wconf 90' lang='lat' dir='ltr'>memoriae</span> <span class='ocrx_word' id='word_1_359' title='bbox 1903 1635 2119 1713; x_wconf 87' lang='lat' dir='ltr'>praedecessor</span> 
     </span>
     <span class='ocr_line' id='line_1_67' title="bbox 1375 1726 2118 1792; baseline -0.001 -2"><span class='ocrx_word' id='word_1_360' title='bbox 1375 1735 1481 1790; x_wconf 86' lang='lat' dir='ltr'>noster</span> <span class='ocrx_word' id='word_1_361' title='bbox 1501 1727 1687 1790; x_wconf 88' lang='lat' dir='ltr'>Benedictus</span> <span class='ocrx_word' id='word_1_362' title='bbox 1709 1728 1762 1789; x_wconf 88' lang='lat' dir='ltr'>PP.</span> <span class='ocrx_word' id='word_1_363' title='bbox 1786 1726 1866 1792; x_wconf 83' lang='lat' dir='ltr'>xlv.</span> <span class='ocrx_word' id='word_1_364' title='bbox 1891 1727 2118 1790; x_wconf 89' lang='lat' dir='ltr'>monasterium</span> 
     </span>
     <span class='ocr_line' id='line_1_68' title="bbox 1375 1819 2118 1900; baseline -0.003 -16"><span class='ocrx_word' id='word_1_365' title='bbox 1375 1821 1537 1886; x_wconf 80' lang='lat' dir='ltr'>obductum</span> <span class='ocrx_word' id='word_1_366' title='bbox 1552 1830 1768 1900; x_wconf 88' lang='lat' dir='ltr'>nuncupatum</span> <span class='ocrx_word' id='word_1_367' title='bbox 1783 1822 1814 1885; x_wconf 90' lang='lat' dir='ltr'>S.</span> <span class='ocrx_word' id='word_1_368' title='bbox 1826 1822 1915 1884; x_wconf 84' lang='lat' dir='ltr'>Petri</span> <span class='ocrx_word' id='word_1_369' title='bbox 1932 1821 1968 1882; x_wconf 89' lang='lat' dir='ltr'>de</span> <span class='ocrx_word' id='word_1_370' title='bbox 1983 1819 2118 1886; x_wconf 83' lang='lat' dir='ltr'>Embolo</span> 
     </span>
     <span class='ocr_line' id='line_1_69' title="bbox 1374 1912 2118 1980; baseline -0.003 -3"><span class='ocrx_word' id='word_1_371' title='bbox 1374 1933 1427 1978; x_wconf 91' lang='lat' dir='ltr'>seu</span> <span class='ocrx_word' id='word_1_372' title='bbox 1451 1915 1548 1980; x_wconf 84' lang='grc'>113311</span> <span class='ocrx_word' id='word_1_373' title='bbox 1569 1913 1688 1980; x_wconf 82' lang='lat' dir='ltr'>Ordinis</span> <span class='ocrx_word' id='word_1_374' title='bbox 1714 1913 1745 1977; x_wconf 89' lang='lat' dir='ltr'>S.</span> <span class='ocrx_word' id='word_1_375' title='bbox 1770 1914 1928 1977; x_wconf 90' lang='lat' dir='ltr'>Benedicti</span> <span class='ocrx_word' id='word_1_376' title='bbox 1953 1912 2118 1976; x_wconf 89' lang='lat' dir='ltr'>Salernita-</span> 
     </span>
     <span class='ocr_line' id='line_1_70' title="bbox 1375 2008 2120 2088; baseline -0.004 -16"><span class='ocrx_word' id='word_1_377' title='bbox 1375 2027 1431 2072; x_wconf 92' lang='lat' dir='ltr'>nae</span> <span class='ocrx_word' id='word_1_378' title='bbox 1451 2010 1596 2072; x_wconf 85' lang='lat' dir='ltr'>dioecesis</span> <span class='ocrx_word' id='word_1_379' title='bbox 1616 2009 1673 2072; x_wconf 90' lang='lat' dir='ltr'>sub</span> <span class='ocrx_word' id='word_1_380' title='bbox 1687 2009 1776 2072; x_wconf 91' lang='lat' dir='ltr'>certis</span> <span class='ocrx_word' id='word_1_381' title='bbox 1791 2009 1920 2088; x_wconf 91' lang='lat' dir='ltr'>legibus,</span> <span class='ocrx_word' id='word_1_382' title='bbox 1936 2008 2120 2072; x_wconf 89' lang='lat' dir='ltr'>conditioni·</span> 
     </span>
     <span class='ocr_line' id='line_1_71' title="bbox 1374 2101 2118 2182; baseline -0.001 -18"><span class='ocrx_word' id='word_1_383' title='bbox 1374 2102 1433 2165; x_wconf 91' lang='lat' dir='ltr'>bus</span> <span class='ocrx_word' id='word_1_384' title='bbox 1454 2111 1485 2165; x_wconf 90' lang='lat' dir='ltr'>et</span> <span class='ocrx_word' id='word_1_385' title='bbox 1513 2103 1752 2180; x_wconf 88' lang='lat' dir='ltr'>obligationibus</span> <span class='ocrx_word' id='word_1_386' title='bbox 1777 2105 1814 2166; x_wconf 93' lang='grc'>33</span> <span class='ocrx_word' id='word_1_387' title='bbox 1839 2119 1876 2166; x_wconf 82' lang='grc'>33</span> <span class='ocrx_word' id='word_1_388' title='bbox 1897 2103 2060 2182; x_wconf 89' lang='lat' dir='ltr'>impositis,</span> <span class='ocrx_word' id='word_1_389' title='bbox 2084 2101 2118 2165; x_wconf 93' lang='lat' dir='ltr'>il·</span> 
     </span>
     <span class='ocr_line' id='line_1_72' title="bbox 1375 2194 1940 2275; baseline 0 -17"><span class='ocrx_word' id='word_1_390' title='bbox 1375 2194 1495 2275; x_wconf 89' lang='lat' dir='ltr'>liusque</span> <span class='ocrx_word' id='word_1_391' title='bbox 1518 2197 1594 2259; x_wconf 90' lang='lat' dir='ltr'>bona</span> <span class='ocrx_word' id='word_1_392' title='bbox 1616 2197 1940 2261; x_wconf 83' lang='grc'>3133331133331311.</span> 
     </span>
    </p>

    <p class='ocr_par' dir='ltr' id='par_1_14' title="bbox 1369 2291 2347 5369">
     <span class='ocr_line' id='line_1_73' title="bbox 1414 2291 2347 2368; baseline 0.002 -16"><span class='ocrx_word' id='word_1_393' title='bbox 1414 2291 1482 2366; x_wconf 74' lang='grc'>51.</span> <span class='ocrx_word' id='word_1_394' title='bbox 1507 2291 1545 2352; x_wconf 86' lang='lat' dir='ltr'>Et</span> <span class='ocrx_word' id='word_1_395' title='bbox 1565 2291 1696 2354; x_wconf 90' lang='lat' dir='ltr'>subinde</span> <span class='ocrx_word' id='word_1_396' title='bbox 1723 2291 1832 2354; x_wconf 91' lang='lat' dir='ltr'>similis</span> <span class='ocrx_word' id='word_1_397' title='bbox 1853 2307 1948 2354; x_wconf 90' lang='lat' dir='ltr'>mem.</span> <span class='ocrx_word' id='word_1_398' title='bbox 1974 2293 2118 2356; x_wconf 90' lang='lat' dir='ltr'>Clemens</span> <span class='ocrx_word' id='word_1_399' title='bbox 2150 2305 2347 2368; x_wconf 68' lang='lat' dir='ltr'>consulturum</span> 
     </span>
     <span class='ocr_line' id='line_1_74' title="bbox 1374 2361 2347 2466; baseline 0 -17"><span class='ocrx_word' id='word_1_400' title='bbox 1374 2386 1450 2465; x_wconf 90' lang='lat' dir='ltr'>Papa</span> <span class='ocrx_word' id='word_1_401' title='bbox 1474 2385 1549 2449; x_wconf 90' lang='lat' dir='ltr'>lllll.</span> <span class='ocrx_word' id='word_1_402' title='bbox 1568 2386 1675 2450; x_wconf 89' lang='lat' dir='ltr'>itidem</span> <span class='ocrx_word' id='word_1_403' title='bbox 1697 2388 1908 2465; x_wconf 74' lang='lat' dir='ltr'>praedecessor</span> <span class='ocrx_word' id='word_1_404' title='bbox 1929 2394 2035 2450; x_wconf 90' lang='lat' dir='ltr'>noster</span> <span class='ocrx_word' id='word_1_405' title='bbox 2055 2387 2118 2466; x_wconf 91' lang='lat' dir='ltr'>pri·</span> <span class='ocrx_word' id='word_1_406' title='bbox 2137 2361 2347 2460; x_wconf 52' lang='grc' dir='ltr'>1311ῗέ1ὶέᾎῖ</span> 
     </span>
     <span class='ocr_line' id='line_1_75' title="bbox 1373 2469 2345 2578; baseline 0.002 -37"><span class='ocrx_word' id='word_1_407' title='bbox 1373 2495 1460 2543; x_wconf 88' lang='lat' dir='ltr'>urum</span> <span class='ocrx_word' id='word_1_408' title='bbox 1483 2481 1654 2556; x_wconf 89' lang='lat' dir='ltr'>ecclesiam,</span> <span class='ocrx_word' id='word_1_409' title='bbox 1676 2497 1731 2542; x_wconf 92' lang='lat' dir='ltr'>seu</span> <span class='ocrx_word' id='word_1_410' title='bbox 1752 2481 1919 2560; x_wconf 89' lang='lat' dir='ltr'>cappellam</span> <span class='ocrx_word' id='word_1_411' title='bbox 1941 2481 1972 2545; x_wconf 88' lang='lat' dir='ltr'>S.</span> <span class='ocrx_word' id='word_1_412' title='bbox 1997 2482 2079 2546; x_wconf 88' lang='lat' dir='ltr'>Petri</span> <span class='ocrx_word' id='word_1_413' title='bbox 2101 2499 2116 2543; x_wconf 92' lang='grc'>3</span> <span class='ocrx_word' id='word_1_414' title='bbox 2136 2469 2284 2578; x_wconf 51' lang='grc' dir='ltr'>ξζξέξῆῃξῇ</span> <span class='ocrx_word' id='word_1_415' title='bbox 2297 2469 2345 2515; x_wconf 54' lang='lat'><strong>‘¹1⁰³</strong></span> 
     </span>
     <span class='ocr_line' id='line_1_76' title="bbox 1374 2573 2118 2653; baseline 0 -15"><span class='ocrx_word' id='word_1_416' title='bbox 1374 2574 1568 2650; x_wconf 91' lang='lat' dir='ltr'>Colonnello,</span> <span class='ocrx_word' id='word_1_417' title='bbox 1586 2591 1641 2638; x_wconf 90' lang='lat' dir='ltr'>seu</span> <span class='ocrx_word' id='word_1_418' title='bbox 1656 2575 1688 2636; x_wconf 90' lang='grc'>13</span> <span class='ocrx_word' id='word_1_419' title='bbox 1700 2573 1872 2637; x_wconf 85' lang='lat' dir='ltr'>Petracm&#39;c</span> <span class='ocrx_word' id='word_1_420' title='bbox 1888 2575 1981 2653; x_wconf 85' lang='lat' dir='ltr'>vulgo</span> <span class='ocrx_word' id='word_1_421' title='bbox 1996 2592 2118 2640; x_wconf 92' lang='lat' dir='ltr'>nuncu·</span> 
     </span>
     <span class='ocr_line' id='line_1_77' title="bbox 1373 2667 2116 2749; baseline 0.005 -21"><span class='ocrx_word' id='word_1_422' title='bbox 1373 2675 1474 2748; x_wconf 87' lang='lat' dir='ltr'>potam</span> <span class='ocrx_word' id='word_1_423' title='bbox 1495 2669 1593 2731; x_wconf 90' lang='lat' dir='ltr'>dictae</span> <span class='ocrx_word' id='word_1_424' title='bbox 1620 2667 1832 2732; x_wconf 89' lang='lat' dir='ltr'>Salernitanae</span> <span class='ocrx_word' id='word_1_425' title='bbox 1860 2669 2016 2744; x_wconf 86' lang='lat' dir='ltr'>dioecesis,</span> <span class='ocrx_word' id='word_1_426' title='bbox 2039 2687 2116 2749; x_wconf 81' lang='grc'>3333</span> 
     </span>
     <span class='ocr_line' id='line_1_78' title="bbox 1372 2762 2116 2843; baseline 0.003 -19"><span class='ocrx_word' id='word_1_427' title='bbox 1372 2781 1387 2824; x_wconf 89' lang='grc'>3</span> <span class='ocrx_word' id='word_1_428' title='bbox 1404 2762 1590 2824; x_wconf 89' lang='lat' dir='ltr'>monasterio</span> <span class='ocrx_word' id='word_1_429' title='bbox 1604 2762 1722 2825; x_wconf 91' lang='lat' dir='ltr'>abbatia</span> <span class='ocrx_word' id='word_1_430' title='bbox 1738 2763 1831 2826; x_wconf 91' lang='lat' dir='ltr'>etiam</span> <span class='ocrx_word' id='word_1_431' title='bbox 1847 2771 2026 2843; x_wconf 89' lang='lat' dir='ltr'>nuncupato</span> <span class='ocrx_word' id='word_1_432' title='bbox 2042 2764 2116 2828; x_wconf 89' lang='lat' dir='ltr'>San-</span> 
     </span>
     <span class='ocr_line' id='line_1_79' title="bbox 1371 2855 2118 2934; baseline -0.001 -14"><span class='ocrx_word' id='word_1_433' title='bbox 1371 2863 1437 2920; x_wconf 88' lang='lat' dir='ltr'>ctae</span> <span class='ocrx_word' id='word_1_434' title='bbox 1459 2857 1569 2918; x_wconf 88' lang='grc'>3133133</span> <span class='ocrx_word' id='word_1_435' title='bbox 1590 2855 1692 2920; x_wconf 87' lang='grc'>3131313</span> <span class='ocrx_word' id='word_1_436' title='bbox 1714 2855 1839 2919; x_wconf 87' lang='lat' dir='ltr'>Domini</span> <span class='ocrx_word' id='word_1_437' title='bbox 1859 2857 2005 2934; x_wconf 90' lang='lat' dir='ltr'>praedicti</span> <span class='ocrx_word' id='word_1_438' title='bbox 2021 2858 2118 2922; x_wconf 90' lang='lat' dir='ltr'>S.Be-</span> 
     </span>
     <span class='ocr_line' id='line_1_80' title="bbox 1372 2950 2117 3026; baseline 0.003 -14"><span class='ocrx_word' id='word_1_439' title='bbox 1372 2951 1498 3026; x_wconf 91' lang='lat' dir='ltr'>nedicti,</span> <span class='ocrx_word' id='word_1_440' title='bbox 1520 2967 1575 3014; x_wconf 90' lang='lat' dir='ltr'>seu</span> <span class='ocrx_word' id='word_1_441' title='bbox 1603 2950 1730 3013; x_wconf 90' lang='lat' dir='ltr'>alterius</span> <span class='ocrx_word' id='word_1_442' title='bbox 1755 2951 1877 3014; x_wconf 83' lang='lat' dir='ltr'>Ordinis</span> <span class='ocrx_word' id='word_1_443' title='bbox 1904 2952 2044 3014; x_wconf 90' lang='lat' dir='ltr'>eiusdem</span> <span class='ocrx_word' id='word_1_444' title='bbox 2066 2951 2117 3015; x_wconf 91' lang='lat' dir='ltr'>Sa·</span> 
     </span>
     <span class='ocr_line' id='line_1_81' title="bbox 1371 3043 2117 3122; baseline 0.003 -16"><span class='ocrx_word' id='word_1_445' title='bbox 1371 3044 1543 3106; x_wconf 89' lang='lat' dir='ltr'>lernitanae</span> <span class='ocrx_word' id='word_1_446' title='bbox 1564 3043 1709 3107; x_wconf 89' lang='lat' dir='ltr'>dioecesis</span> <span class='ocrx_word' id='word_1_447' title='bbox 1730 3046 1895 3122; x_wconf 90' lang='lat' dir='ltr'>dependet,</span> <span class='ocrx_word' id='word_1_448' title='bbox 1910 3052 1963 3122; x_wconf 86' lang='lat' dir='ltr'>aut</span> <span class='ocrx_word' id='word_1_449' title='bbox 1984 3045 2057 3108; x_wconf 90' lang='lat' dir='ltr'>alias</span> <span class='ocrx_word' id='word_1_450' title='bbox 2073 3046 2117 3108; x_wconf 93' lang='lat' dir='ltr'>illi</span> 
     </span>
     <span class='ocr_line' id='line_1_82' title="bbox 1371 3137 2115 3217; baseline 0.003 -17"><span class='ocrx_word' id='word_1_451' title='bbox 1371 3139 1517 3200; x_wconf 90' lang='lat' dir='ltr'>canonice</span> <span class='ocrx_word' id='word_1_452' title='bbox 1547 3137 1632 3200; x_wconf 91' lang='lat' dir='ltr'>uuita</span> <span class='ocrx_word' id='word_1_453' title='bbox 1663 3138 1779 3214; x_wconf 82' lang='lat' dir='ltr'>existit,</span> <span class='ocrx_word' id='word_1_454' title='bbox 1805 3155 1899 3217; x_wconf 90' lang='lat' dir='ltr'>quam</span> <span class='ocrx_word' id='word_1_455' title='bbox 1927 3139 2115 3202; x_wconf 81' lang='lat' dir='ltr'>venerabilis</span> 
     </span>
     <span class='ocr_line' id='line_1_83' title="bbox 1372 3231 2115 3296; baseline 0.004 -3"><span class='ocrx_word' id='word_1_456' title='bbox 1372 3232 1465 3294; x_wconf 91' lang='lat' dir='ltr'>etiam</span> <span class='ocrx_word' id='word_1_457' title='bbox 1493 3231 1586 3293; x_wconf 85' lang='lat' dir='ltr'>irater</span> <span class='ocrx_word' id='word_1_458' title='bbox 1616 3239 1722 3292; x_wconf 90' lang='lat' dir='ltr'>noster</span> <span class='ocrx_word' id='word_1_459' title='bbox 1754 3231 1896 3296; x_wconf 90' lang='lat' dir='ltr'>Nicolaus</span> <span class='ocrx_word' id='word_1_460' title='bbox 1924 3233 2115 3296; x_wconf 86' lang='lat' dir='ltr'>llareriusa</span> 
     </span>
     <span class='ocr_line' id='line_1_84' title="bbox 1372 3325 2116 3404; baseline 0 -14"><span class='ocrx_word' id='word_1_461' title='bbox 1372 3326 1403 3390; x_wconf 91' lang='lat' dir='ltr'>S.</span> <span class='ocrx_word' id='word_1_462' title='bbox 1428 3325 1519 3388; x_wconf 87' lang='grc'>313313</span> <span class='ocrx_word' id='word_1_463' title='bbox 1550 3325 1714 3404; x_wconf 82' lang='lat' dir='ltr'>Episcopus</span> <span class='ocrx_word' id='word_1_464' title='bbox 1746 3325 1923 3389; x_wconf 88' lang='lat' dir='ltr'>Circuensis</span> <span class='ocrx_word' id='word_1_465' title='bbox 1955 3343 2015 3389; x_wconf 90' lang='lat' dir='ltr'>una</span> <span class='ocrx_word' id='word_1_466' title='bbox 2044 3345 2116 3390; x_wconf 92' lang='lat' dir='ltr'>cum</span> 
     </span>
     <span class='ocr_line' id='line_1_85' title="bbox 1373 3418 2114 3482; baseline 0.004 -3"><span class='ocrx_word' id='word_1_467' title='bbox 1373 3419 1560 3480; x_wconf 87' lang='lat' dir='ltr'>monasterio</span> <span class='ocrx_word' id='word_1_468' title='bbox 1571 3418 1789 3482; x_wconf 89' lang='lat' dir='ltr'>secuudodicto</span> <span class='ocrx_word' id='word_1_469' title='bbox 1805 3418 1838 3480; x_wconf 93' lang='lat' dir='ltr'>in</span> <span class='ocrx_word' id='word_1_470' title='bbox 1854 3421 2068 3482; x_wconf 88' lang='lat' dir='ltr'>commendam</span> <span class='ocrx_word' id='word_1_471' title='bbox 2079 3421 2114 3482; x_wconf 90' lang='lat' dir='ltr'>ad</span> 
     </span>
     <span class='ocr_line' id='line_1_86' title="bbox 1370 3511 2117 3590; baseline 0.005 -18"><span class='ocrx_word' id='word_1_472' title='bbox 1370 3511 1419 3572; x_wconf 92' lang='lat' dir='ltr'>sui</span> <span class='ocrx_word' id='word_1_473' title='bbox 1441 3511 1537 3574; x_wconf 82' lang='lat' dir='ltr'>uitam</span> <span class='ocrx_word' id='word_1_474' title='bbox 1559 3529 1596 3573; x_wconf 89' lang='lat' dir='ltr'>ex</span> <span class='ocrx_word' id='word_1_475' title='bbox 1618 3512 1816 3574; x_wconf 87' lang='lat' dir='ltr'>concessione</span> <span class='ocrx_word' id='word_1_476' title='bbox 1838 3521 1869 3574; x_wconf 93' lang='lat' dir='ltr'>et</span> <span class='ocrx_word' id='word_1_477' title='bbox 1885 3512 2117 3590; x_wconf 88' lang='lat' dir='ltr'>dispensatione</span> 
     </span>
     <span class='ocr_line' id='line_1_87' title="bbox 1371 3605 2116 3687; baseline 0.005 -21"><span class='ocrx_word' id='word_1_478' title='bbox 1371 3605 1544 3682; x_wconf 88' lang='lat' dir='ltr'>apostolicis</span> <span class='ocrx_word' id='word_1_479' title='bbox 1568 3613 1644 3668; x_wconf 90' lang='lat' dir='ltr'>tunc</span> <span class='ocrx_word' id='word_1_480' title='bbox 1666 3605 1837 3681; x_wconf 90' lang='lat' dir='ltr'>obtinebat,</span> <span class='ocrx_word' id='word_1_481' title='bbox 1860 3613 1952 3683; x_wconf 92' lang='lat' dir='ltr'>prout</span> <span class='ocrx_word' id='word_1_482' title='bbox 1974 3607 2009 3668; x_wconf 92' lang='lat' dir='ltr'>ad</span> <span class='ocrx_word' id='word_1_483' title='bbox 2032 3625 2116 3687; x_wconf 90' lang='lat' dir='ltr'>prae-</span> 
     </span>
     <span class='ocr_line' id='line_1_88' title="bbox 1370 3699 2117 3779; baseline 0.005 -19"><span class='ocrx_word' id='word_1_484' title='bbox 1370 3715 1441 3760; x_wconf 91' lang='lat' dir='ltr'>seus</span> <span class='ocrx_word' id='word_1_485' title='bbox 1463 3699 1583 3762; x_wconf 89' lang='lat' dir='ltr'>obtinet</span> <span class='ocrx_word' id='word_1_486' title='bbox 1611 3715 1649 3761; x_wconf 93' lang='lat' dir='ltr'>ex</span> <span class='ocrx_word' id='word_1_487' title='bbox 1672 3707 1747 3762; x_wconf 92' lang='lat' dir='ltr'>tunc</span> <span class='ocrx_word' id='word_1_488' title='bbox 1777 3707 1808 3761; x_wconf 89' lang='grc'>31</span> <span class='ocrx_word' id='word_1_489' title='bbox 1829 3715 1901 3762; x_wconf 92' lang='lat' dir='ltr'>cum</span> <span class='ocrx_word' id='word_1_490' title='bbox 1922 3701 2057 3779; x_wconf 91' lang='lat' dir='ltr'>primum</span> <span class='ocrx_word' id='word_1_491' title='bbox 2080 3702 2117 3764; x_wconf 94' lang='lat' dir='ltr'>il-</span> 
     </span>
     <span class='ocr_line' id='line_1_89' title="bbox 1370 3792 2116 3870; baseline 0.004 -15"><span class='ocrx_word' id='word_1_492' title='bbox 1370 3794 1430 3856; x_wconf 90' lang='lat' dir='ltr'>lius</span> <span class='ocrx_word' id='word_1_493' title='bbox 1451 3792 1632 3856; x_wconf 90' lang='lat' dir='ltr'>commenda</span> <span class='ocrx_word' id='word_1_494' title='bbox 1652 3801 1791 3855; x_wconf 91' lang='lat' dir='ltr'>cessante</span> <span class='ocrx_word' id='word_1_495' title='bbox 1813 3801 1957 3870; x_wconf 83' lang='lat' dir='ltr'>vacasset,</span> <span class='ocrx_word' id='word_1_496' title='bbox 1973 3795 2116 3858; x_wconf 89' lang='grc'>31313133</span> 
     </span>
     <span class='ocr_line' id='line_1_90' title="bbox 1369 3886 2117 3968; baseline 0.003 -19"><span class='ocrx_word' id='word_1_497' title='bbox 1369 3888 1438 3950; x_wconf 88' lang='grc'>3133</span> <span class='ocrx_word' id='word_1_498' title='bbox 1455 3902 1526 3949; x_wconf 89' lang='grc'>3333</span> <span class='ocrx_word' id='word_1_499' title='bbox 1542 3886 1685 3949; x_wconf 89' lang='lat' dir='ltr'>ecclesiae</span> <span class='ocrx_word' id='word_1_500' title='bbox 1701 3893 1753 3948; x_wconf 91' lang='lat' dir='ltr'>aut</span> <span class='ocrx_word' id='word_1_501' title='bbox 1768 3886 1920 3966; x_wconf 89' lang='lat' dir='ltr'>cappellae</span> <span class='ocrx_word' id='word_1_502' title='bbox 1931 3888 2010 3951; x_wconf 91' lang='lat' dir='ltr'>bona</span> <span class='ocrx_word' id='word_1_503' title='bbox 2025 3905 2117 3968; x_wconf 91' lang='lat' dir='ltr'>quae-</span> 
     </span>
     <span class='ocr_line' id='line_1_91' title="bbox 1370 3979 2117 4060; baseline 0.001 -18"><span class='ocrx_word' id='word_1_504' title='bbox 1370 3996 1503 4060; x_wconf 87' lang='lat' dir='ltr'>cumque</span> <span class='ocrx_word' id='word_1_505' title='bbox 1525 3980 1627 4042; x_wconf 92' lang='lat' dir='ltr'>eidem</span> <span class='ocrx_word' id='word_1_506' title='bbox 1648 3979 1779 4058; x_wconf 85' lang='lat' dir='ltr'>collegio</span> <span class='ocrx_word' id='word_1_507' title='bbox 1801 3981 1896 4042; x_wconf 87' lang='lat' dir='ltr'>etiam</span> <span class='ocrx_word' id='word_1_508' title='bbox 1916 3982 2042 4058; x_wconf 87' lang='lat' dir='ltr'>addixit,</span> <span class='ocrx_word' id='word_1_509' title='bbox 2072 3989 2117 4043; x_wconf 90' lang='lat' dir='ltr'>at·</span> 
     </span>
     <span class='ocr_line' id='line_1_92' title="bbox 1370 4073 2114 4154; baseline -0.003 -18"><span class='ocrx_word' id='word_1_510' title='bbox 1370 4090 1431 4152; x_wconf 93' lang='lat' dir='ltr'>que</span> <span class='ocrx_word' id='word_1_511' title='bbox 1441 4088 1585 4151; x_wconf 89' lang='lat' dir='ltr'>expresse</span> <span class='ocrx_word' id='word_1_512' title='bbox 1594 4074 1750 4152; x_wconf 91' lang='lat' dir='ltr'>praecepit</span> <span class='ocrx_word' id='word_1_513' title='bbox 1761 4081 1792 4136; x_wconf 92' lang='lat' dir='ltr'>et</span> <span class='ocrx_word' id='word_1_514' title='bbox 1806 4073 2010 4153; x_wconf 88' lang='lat' dir='ltr'>praescripsit,</span> <span class='ocrx_word' id='word_1_515' title='bbox 2022 4074 2114 4154; x_wconf 90' lang='lat' dir='ltr'>quod,</span> 
     </span>
     <span class='ocr_line' id='line_1_93' title="bbox 1371 4168 2139 4246; baseline 0.008 -18"><span class='ocrx_word' id='word_1_516' title='bbox 1371 4176 1492 4246; x_wconf 89' lang='lat' dir='ltr'>praeter</span> <span class='ocrx_word' id='word_1_517' title='bbox 1507 4176 1537 4231; x_wconf 91' lang='lat' dir='ltr'>et</span> <span class='ocrx_word' id='word_1_518' title='bbox 1559 4169 1640 4230; x_wconf 91' lang='lat' dir='ltr'>ultra</span> <span class='ocrx_word' id='word_1_519' title='bbox 1663 4183 1833 4231; x_wconf 89' lang='lat' dir='ltr'>numerum</span> <span class='ocrx_word' id='word_1_520' title='bbox 1848 4168 2001 4231; x_wconf 78' lang='lat' dir='ltr'>sexdecim</span> <span class='ocrx_word' id='word_1_521' title='bbox 2016 4169 2116 4231; x_wconf 92' lang='lat' dir='ltr'>alum·</span> <span class='ocrx_word' id='word_1_522' title='bbox 2137 4227 2139 4234; x_wconf 82' lang='grc'>,</span> 
     </span>
     <span class='ocr_line' id='line_1_94' title="bbox 1371 4261 2116 4341; baseline -0.003 -17"><span class='ocrx_word' id='word_1_523' title='bbox 1371 4277 1486 4324; x_wconf 89' lang='lat' dir='ltr'>norum</span> <span class='ocrx_word' id='word_1_524' title='bbox 1508 4280 1523 4322; x_wconf 93' lang='grc'>3</span> <span class='ocrx_word' id='word_1_525' title='bbox 1545 4262 1712 4326; x_wconf 86' lang='lat' dir='ltr'>Benedicta</span> <span class='ocrx_word' id='word_1_526' title='bbox 1739 4263 1970 4340; x_wconf 87' lang='lat' dir='ltr'>praedecessore</span> <span class='ocrx_word' id='word_1_527' title='bbox 1999 4261 2116 4341; x_wconf 91' lang='lat' dir='ltr'>praedi-</span> 
     </span>
     <span class='ocr_line' id='line_1_95' title="bbox 1371 4356 2116 4436; baseline -0.001 -18"><span class='ocrx_word' id='word_1_528' title='bbox 1371 4365 1432 4431; x_wconf 87' lang='lat' dir='ltr'>cto,</span> <span class='ocrx_word' id='word_1_529' title='bbox 1459 4365 1493 4419; x_wconf 89' lang='lat' dir='ltr'>ut</span> <span class='ocrx_word' id='word_1_530' title='bbox 1518 4356 1705 4434; x_wconf 83' lang='lat' dir='ltr'>praefertur,</span> <span class='ocrx_word' id='word_1_531' title='bbox 1728 4356 1945 4433; x_wconf 87' lang='lat' dir='ltr'>constitutum,</span> <span class='ocrx_word' id='word_1_532' title='bbox 1972 4356 2022 4418; x_wconf 91' lang='lat' dir='ltr'>alii</span> <span class='ocrx_word' id='word_1_533' title='bbox 2044 4373 2116 4436; x_wconf 88' lang='lat' dir='ltr'>qua·</span> 
     </span>
     <span class='ocr_line' id='line_1_96' title="bbox 1372 4449 2116 4527; baseline 0 -17"><span class='ocrx_word' id='word_1_534' title='bbox 1372 4455 1442 4510; x_wconf 90' lang='lat' dir='ltr'>tuor</span> <span class='ocrx_word' id='word_1_535' title='bbox 1463 4449 1594 4524; x_wconf 91' lang='lat' dir='ltr'>alumni,</span> <span class='ocrx_word' id='word_1_536' title='bbox 1607 4464 1743 4527; x_wconf 90' lang='lat' dir='ltr'>quorum</span> <span class='ocrx_word' id='word_1_537' title='bbox 1764 4449 1908 4512; x_wconf 81' lang='lat' dir='ltr'>uidelicet</span> <span class='ocrx_word' id='word_1_538' title='bbox 1923 4450 1984 4512; x_wconf 95' lang='lat' dir='ltr'>duo</span> <span class='ocrx_word' id='word_1_539' title='bbox 2006 4449 2116 4514; x_wconf 80' lang='grc'>81333-</span> 
     </span>
     <span class='ocr_line' id='line_1_97' title="bbox 1371 4541 2117 4622; baseline 0 -18"><span class='ocrx_word' id='word_1_540' title='bbox 1371 4560 1419 4605; x_wconf 86' lang='grc'>333</span> <span class='ocrx_word' id='word_1_541' title='bbox 1441 4551 1472 4606; x_wconf 88' lang='grc'>31</span> <span class='ocrx_word' id='word_1_542' title='bbox 1492 4544 1570 4618; x_wconf 91' lang='grc'>1331,</span> <span class='ocrx_word' id='word_1_543' title='bbox 1584 4541 1695 4620; x_wconf 87' lang='lat' dir='ltr'>reliqui</span> <span class='ocrx_word' id='word_1_544' title='bbox 1711 4541 1772 4604; x_wconf 90' lang='lat' dir='ltr'>duo</span> <span class='ocrx_word' id='word_1_545' title='bbox 1787 4557 1825 4603; x_wconf 89' lang='lat' dir='ltr'>ex</span> <span class='ocrx_word' id='word_1_546' title='bbox 1840 4542 2022 4622; x_wconf 89' lang='lat' dir='ltr'>quibusdam</span> <span class='ocrx_word' id='word_1_547' title='bbox 2038 4544 2117 4606; x_wconf 87' lang='lat' dir='ltr'>Tur·</span> 
     </span>
     <span class='ocr_line' id='line_1_98' title="bbox 1371 4635 2116 4699; baseline 0.001 -1"><span class='ocrx_word' id='word_1_548' title='bbox 1371 4651 1476 4698; x_wconf 91' lang='lat' dir='ltr'>carum</span> <span class='ocrx_word' id='word_1_549' title='bbox 1497 4635 1635 4698; x_wconf 90' lang='lat' dir='ltr'>dominio</span> <span class='ocrx_word' id='word_1_550' title='bbox 1655 4635 1801 4698; x_wconf 89' lang='lat' dir='ltr'>subiectis</span> <span class='ocrx_word' id='word_1_551' title='bbox 1825 4635 2003 4699; x_wconf 91' lang='lat' dir='ltr'>nationibus</span> <span class='ocrx_word' id='word_1_552' title='bbox 2023 4637 2116 4699; x_wconf 90' lang='lat' dir='ltr'>adsci-</span> 
     </span>
     <span class='ocr_line' id='line_1_99' title="bbox 1370 4728 2115 4806; baseline 0.004 -14"><span class='ocrx_word' id='word_1_553' title='bbox 1370 4738 1544 4803; x_wconf 90' lang='lat' dir='ltr'>scerentur,</span> <span class='ocrx_word' id='word_1_554' title='bbox 1567 4729 1608 4792; x_wconf 89' lang='lat' dir='ltr'>ita</span> <span class='ocrx_word' id='word_1_555' title='bbox 1629 4735 1664 4790; x_wconf 92' lang='lat' dir='ltr'>ut</span> <span class='ocrx_word' id='word_1_556' title='bbox 1679 4729 1751 4792; x_wconf 90' lang='grc'>31311</span> <span class='ocrx_word' id='word_1_557' title='bbox 1773 4728 1897 4806; x_wconf 90' lang='lat' dir='ltr'>collegii</span> <span class='ocrx_word' id='word_1_558' title='bbox 1918 4730 2036 4794; x_wconf 90' lang='lat' dir='ltr'>alumni</span> <span class='ocrx_word' id='word_1_559' title='bbox 2052 4749 2115 4795; x_wconf 92' lang='lat' dir='ltr'>non</span> 
     </span>
     <span class='ocr_line' id='line_1_100' title="bbox 1371 4821 2116 4900; baseline 0.003 -16"><span class='ocrx_word' id='word_1_560' title='bbox 1371 4823 1526 4887; x_wconf 90' lang='lat' dir='ltr'>sexdecim</span> <span class='ocrx_word' id='word_1_561' title='bbox 1547 4824 1600 4885; x_wconf 92' lang='lat' dir='ltr'>sed</span> <span class='ocrx_word' id='word_1_562' title='bbox 1620 4822 1733 4898; x_wconf 89' lang='lat' dir='ltr'>viginti</span> <span class='ocrx_word' id='word_1_563' title='bbox 1755 4821 1897 4900; x_wconf 89' lang='lat' dir='ltr'>deinceps</span> <span class='ocrx_word' id='word_1_564' title='bbox 1916 4837 2116 4886; x_wconf 87' lang='lat' dir='ltr'>numeraren-</span> 
     </span>
     <span class='ocr_line' id='line_1_101' title="bbox 1372 4915 2115 4996; baseline 0.001 -16"><span class='ocrx_word' id='word_1_565' title='bbox 1372 4923 1433 4980; x_wconf 92' lang='lat' dir='ltr'>tur.</span> <span class='ocrx_word' id='word_1_566' title='bbox 1448 4916 1585 4979; x_wconf 90' lang='lat' dir='ltr'>Subinde</span> <span class='ocrx_word' id='word_1_567' title='bbox 1596 4931 1671 4978; x_wconf 85' lang='lat' dir='ltr'>rero</span> <span class='ocrx_word' id='word_1_568' title='bbox 1687 4915 1769 4978; x_wconf 92' lang='lat' dir='ltr'>idem</span> <span class='ocrx_word' id='word_1_569' title='bbox 1781 4915 1926 4979; x_wconf 89' lang='lat' dir='ltr'>Clemens</span> <span class='ocrx_word' id='word_1_570' title='bbox 1941 4917 2115 4996; x_wconf 91' lang='lat' dir='ltr'>praedeces·</span> 
     </span>
     <span class='ocr_line' id='line_1_102' title="bbox 1371 5008 2117 5088; baseline 0.004 -17"><span class='ocrx_word' id='word_1_571' title='bbox 1371 5027 1422 5071; x_wconf 89' lang='lat' dir='ltr'>sor</span> <span class='ocrx_word' id='word_1_572' title='bbox 1442 5011 1477 5072; x_wconf 94' lang='grc'>33</span> <span class='ocrx_word' id='word_1_573' title='bbox 1499 5008 1678 5086; x_wconf 88' lang='lat' dir='ltr'>augendum</span> <span class='ocrx_word' id='word_1_574' title='bbox 1699 5009 1732 5070; x_wconf 92' lang='lat' dir='ltr'>in</span> <span class='ocrx_word' id='word_1_575' title='bbox 1751 5009 1816 5088; x_wconf 91' lang='lat' dir='ltr'>ipso</span> <span class='ocrx_word' id='word_1_576' title='bbox 1830 5009 1960 5087; x_wconf 89' lang='lat' dir='ltr'>collegio</span> <span class='ocrx_word' id='word_1_577' title='bbox 1974 5011 2117 5074; x_wconf 92' lang='lat' dir='ltr'>alumno·</span> 
     </span>
     <span class='ocr_line' id='line_1_103' title="bbox 1372 5103 2114 5182; baseline -0.001 -16"><span class='ocrx_word' id='word_1_578' title='bbox 1372 5119 1443 5166; x_wconf 90' lang='lat' dir='ltr'>rum</span> <span class='ocrx_word' id='word_1_579' title='bbox 1465 5117 1635 5165; x_wconf 90' lang='lat' dir='ltr'>numerum</span> <span class='ocrx_word' id='word_1_580' title='bbox 1658 5103 1752 5164; x_wconf 90' lang='lat' dir='ltr'>etiam</span> <span class='ocrx_word' id='word_1_581' title='bbox 1767 5119 1805 5164; x_wconf 92' lang='lat' dir='ltr'>ex</span> <span class='ocrx_word' id='word_1_582' title='bbox 1830 5111 1949 5180; x_wconf 84' lang='grc'>133331</span> <span class='ocrx_word' id='word_1_583' title='bbox 1963 5121 2036 5167; x_wconf 90' lang='lat' dir='ltr'>cum</span> <span class='ocrx_word' id='word_1_584' title='bbox 2056 5105 2114 5182; x_wconf 92' lang='lat' dir='ltr'>pri·</span> 
     </span>
     <span class='ocr_line' id='line_1_104' title="bbox 1371 5195 2116 5262; baseline 0.003 -4"><span class='ocrx_word' id='word_1_585' title='bbox 1371 5213 1459 5260; x_wconf 90' lang='lat' dir='ltr'>mum</span> <span class='ocrx_word' id='word_1_586' title='bbox 1474 5195 1730 5258; x_wconf 88' lang='lat' dir='ltr'>secuudodictum</span> <span class='ocrx_word' id='word_1_587' title='bbox 1745 5197 1971 5260; x_wconf 91' lang='lat' dir='ltr'>monasterium</span> <span class='ocrx_word' id='word_1_588' title='bbox 1987 5198 2116 5262; x_wconf 87' lang='lat' dir='ltr'>Sanctae</span> 
     </span>
     <span class='ocr_line' id='line_1_105' title="bbox 1371 5287 2116 5369; baseline 0 -17"><span class='ocrx_word' id='word_1_589' title='bbox 1371 5291 1482 5352; x_wconf 88' lang='grc'>3133133</span> <span class='ocrx_word' id='word_1_590' title='bbox 1492 5287 1596 5350; x_wconf 86' lang='grc'>3131313</span> <span class='ocrx_word' id='word_1_591' title='bbox 1607 5288 1836 5366; x_wconf 88' lang='lat' dir='ltr'>Domini,illius</span> <span class='ocrx_word' id='word_1_592' title='bbox 1846 5293 2028 5354; x_wconf 88' lang='grc'>3333333333</span> <span class='ocrx_word' id='word_1_593' title='bbox 2039 5291 2116 5369; x_wconf 91' lang='lat' dir='ltr'>pari·</span> 
     </span>
    </p>
   </div>
   <div class='ocr_carea' id='block_1_14' title="bbox 1372 5384 2116 5462">
    <p class='ocr_par' dir='ltr' id='par_1_15' title="bbox 1372 5384 2116 5462">
     <span class='ocr_line' id='line_1_106' title="bbox 1372 5384 2116 5462; baseline 0.001 -15"><span class='ocrx_word' id='word_1_594' title='bbox 1372 5392 1420 5448; x_wconf 89' lang='lat' dir='ltr'>ter</span> <span class='ocrx_word' id='word_1_595' title='bbox 1434 5392 1582 5458; x_wconf 84' lang='lat' dir='ltr'>cessante,</span> <span class='ocrx_word' id='word_1_596' title='bbox 1599 5385 1763 5459; x_wconf 84' lang='lat' dir='ltr'>vacaverit,</span> <span class='ocrx_word' id='word_1_597' title='bbox 1780 5384 1964 5462; x_wconf 88' lang='lat' dir='ltr'>pensionem</span> <span class='ocrx_word' id='word_1_598' title='bbox 1979 5401 2116 5448; x_wconf 90' lang='lat' dir='ltr'>annuam</span> 
     </span>
    </p>
   </div>
   <div class='ocr_carea' id='block_1_15' title="bbox 1369 5631 2167 5962">
    <p class='ocr_par' dir='ltr' id='par_1_16' title="bbox 1369 5631 2167 5962">
     <span class='ocr_line' id='line_1_107' title="bbox 1371 5631 2167 5685; baseline -0.004 -5"><span class='ocrx_word' id='word_1_599' title='bbox 1371 5635 1452 5680; x_wconf 80' lang='lat' dir='ltr'>bourn</span> <span class='ocrx_word' id='word_1_600' title='bbox 1475 5632 1647 5685; x_wconf 81' lang='lat' dir='ltr'>Gubernium,</span> <span class='ocrx_word' id='word_1_601' title='bbox 1668 5642 1737 5676; x_wconf 88' lang='lat' dir='ltr'>anuo</span> <span class='ocrx_word' id='word_1_602' title='bbox 1758 5641 1984 5685; x_wconf 67' lang='lat' dir='ltr'>succosumque,</span> <span class='ocrx_word' id='word_1_603' title='bbox 2004 5631 2115 5677; x_wconf 87' lang='lat' dir='ltr'>orienta-</span> <span class='ocrx_word' id='word_1_604' title='bbox 2165 5645 2167 5650; x_wconf 95' lang='lat'><em>·</em></span> 
     </span>
     <span class='ocr_line' id='line_1_108' title="bbox 1371 5697 2117 5757; baseline -0.007 -10"><span class='ocrx_word' id='word_1_605' title='bbox 1371 5701 1437 5747; x_wconf 91' lang='lat' dir='ltr'>lium</span> <span class='ocrx_word' id='word_1_606' title='bbox 1452 5701 1609 5757; x_wconf 81' lang='lat' dir='ltr'>linguarum</span> <span class='ocrx_word' id='word_1_607' title='bbox 1625 5698 1730 5743; x_wconf 86' lang='lat' dir='ltr'>scholae</span> <span class='ocrx_word' id='word_1_608' title='bbox 1745 5701 1837 5744; x_wconf 87' lang='grc'>333133</span> <span class='ocrx_word' id='word_1_609' title='bbox 1854 5697 2037 5744; x_wconf 84' lang='lat' dir='ltr'>Tribunalium</span> <span class='ocrx_word' id='word_1_610' title='bbox 2053 5699 2117 5743; x_wconf 92' lang='lat' dir='ltr'>iudi-</span> 
     </span>
     <span class='ocr_line' id='line_1_109' title="bbox 1370 5765 2116 5822; baseline -0.004 -6"><span class='ocrx_word' id='word_1_611' title='bbox 1370 5771 1429 5816; x_wconf 83' lang='lat' dir='ltr'>cata</span> <span class='ocrx_word' id='word_1_612' title='bbox 1442 5767 1581 5822; x_wconf 84' lang='lat' dir='ltr'>attribuit;</span> <span class='ocrx_word' id='word_1_613' title='bbox 1596 5769 1624 5812; x_wconf 87' lang='lat' dir='ltr'>at</span> <span class='ocrx_word' id='word_1_614' title='bbox 1640 5769 1663 5811; x_wconf 85' lang='lat' dir='ltr'>S.</span> <span class='ocrx_word' id='word_1_615' title='bbox 1680 5769 1757 5821; x_wconf 80' lang='lat' dir='ltr'>cong.</span> <span class='ocrx_word' id='word_1_616' title='bbox 1773 5765 1804 5810; x_wconf 88' lang='lat' dir='ltr'>de</span> <span class='ocrx_word' id='word_1_617' title='bbox 1819 5769 1844 5810; x_wconf 77' lang='grc' dir='ltr'>Ρ.</span> <span class='ocrx_word' id='word_1_618' title='bbox 1856 5769 1882 5810; x_wconf 78' lang='lat' dir='ltr'>B.</span> <span class='ocrx_word' id='word_1_619' title='bbox 1899 5766 1955 5810; x_wconf 85' lang='lat' dir='ltr'>suis</span> <span class='ocrx_word' id='word_1_620' title='bbox 1966 5767 2116 5822; x_wconf 83' lang='lat' dir='ltr'>sumptibus</span> 
     </span>
     <span class='ocr_line' id='line_1_110' title="bbox 1369 5834 2116 5894; baseline 0 -12"><span class='ocrx_word' id='word_1_621' title='bbox 1369 5847 1416 5892; x_wconf 84' lang='lat' dir='ltr'>par</span> <span class='ocrx_word' id='word_1_622' title='bbox 1436 5837 1555 5882; x_wconf 87' lang='lat' dir='ltr'>commis.</span> <span class='ocrx_word' id='word_1_623' title='bbox 1573 5847 1614 5893; x_wconf 89' lang='lat' dir='ltr'>ap.</span> <span class='ocrx_word' id='word_1_624' title='bbox 1635 5834 1795 5894; x_wconf 79' lang='lat' dir='ltr'>Bephatelem</span> <span class='ocrx_word' id='word_1_625' title='bbox 1814 5835 1846 5882; x_wconf 89' lang='lat' dir='ltr'>de</span> <span class='ocrx_word' id='word_1_626' title='bbox 1863 5834 1983 5883; x_wconf 71' lang='lat' dir='ltr'>leontinis</span> <span class='ocrx_word' id='word_1_627' title='bbox 1999 5835 2116 5882; x_wconf 86' lang='lat' dir='ltr'>eiusdem</span> 
     </span>
     <span class='ocr_line' id='line_1_111' title="bbox 1370 5903 1827 5962; baseline -0.004 -10"><span class='ocrx_word' id='word_1_628' title='bbox 1370 5909 1446 5962; x_wconf 83' lang='lat' dir='ltr'>cong.</span> <span class='ocrx_word' id='word_1_629' title='bbox 1462 5905 1644 5953; x_wconf 87' lang='lat' dir='ltr'>consultorem</span> <span class='ocrx_word' id='word_1_630' title='bbox 1659 5903 1827 5951; x_wconf 83' lang='lat' dir='ltr'>instaurarit.</span> 
     </span>
    </p>
   </div>
   <div class='ocr_carea' id='block_1_16' title="bbox 0 0 2374 6962">
    <p class='ocr_par' dir='ltr' id='par_1_17' title="bbox 0 0 2374 6962">
     <span class='ocr_line' id='line_1_112' title="bbox 0 0 2374 6962; baseline 0 1"><span class='ocrx_word' id='word_1_631' title='bbox 0 0 2374 6962; x_wconf 95' lang='lat' dir='ltr'> </span> 
     </span>
    </p>
   </div>
  </div>
 </body>
</html>
