4856 7010
364 501 553 558 tn.o.1aao
603 506 659 571 761

581 660 649 706 666
671 645 872 724 Illyricianam
894 649 1084 728 provinciam
1108 650 1235 730 eiusque
1258 664 1323 712 me-

582 738 798 893 trclspolitanam
813 741 1032 823 designandam
1048 745 1205 808 ecclesiam
1221 745 1322 826 requi-

582 847 615 892 66
638 840 718 894 61116.

621 927 640 1001 ἓ
661 926 690 988 lt.
714 927 843 1007 hccepto
866 929 961 1006 igitur
981 932 1128 995 canonico
1146 933 1320 999 huiusmodi

416 921 564 970 Declaratur

352 976 483 1070 31166616
499 987 564 1023 nova

351 1027 443 1126 samaim
469 1029 565 1132 arataeo·
581 1034 724 1097 processu
736 1021 788 1083 fel.
799 1039 860 1086 rec.
872 1023 933 1086 Leo
945 1025 1008 1088 1111.
1021 1035 1157 1090 mentem
1173 1035 1321 1106 sequutus

351 1133 429 1180 ruam
443 1092 564 1188 „pssssnssffi
581 1110 735 1190 pontificis
756 1117 803 1178 sui
827 1120 1063 1194 praedecessoris
1078 1136 1133 1198 per
1147 1120 1322 1198 apostolicas

353 1186 423 1233 ⁸⁰⁶⁰·
582 1204 686 1268 literas
706 1208 888 1287 incipientes
911 1211 1025 1272 166661
1047 1210 1132 1276 16611Ι
1155 1213 1244 1276 Petri
1265 1213 1322 1276 sub

581 1300 688 1362 datum
710 1301 808 1378 pridie
829 1303 974 1366 kalendas
988 1305 1056 1367 iulii
1071 1307 1142 1370 anni
1164 1307 1320 1371 millesimi

580 1394 828 1471 octingentesimi
843 1395 985 1474 vigesimi
1001 1399 1112 1476 octavi,
1128 1402 1321 1480 pontificatus

581 1487 628 1548 sui
650 1504 731 1550 anno
753 1491 873 1568 quinto,
897 1507 1007 1553 novam
1031 1493 1113 1556 illam
1135 1494 1319 1557 dioecesium

580 1579 765 1644 divisionem
796 1591 968 1662 opportune
995 1587 1136 1665 sancivit,
1165 1595 1257 1668 atque
1279 1589 1322 1650 id·

580 1674 661 1736 circo
679 1691 777 1738 unum
792 1686 951 1756 supererat
965 1680 1126 1756 apostolica
1141 1682 1321 1746 auctoritate

581 1767 781 1845 firmandum,
798 1772 878 1848 qnod
897 1780 1095 1835 memoratam
1118 1775 1238 1854 illyriae
1253 1791 1321 1854 pro·

581 1861 900 1942 611161666666161161;
924 1865 1016 1943 idque
1031 1865 1162 1929 feliciter
1176 1869 1321 1948 adprope-

580 1963 691 2016 rarunt
712 1965 782 2017 vota
804 1958 989 2036 praelaudati
1017 1961 1168 2022 Erancisci
1191 1963 1320 2040 impera-

581 2049 654 2112 toris
669 2056 700 2113 et
714 2051 809 2127 regis,
832 2052 885 2130 qui
902 2067 954 2130 per
975 2053 1122 2116 dilectum
1145 2055 1244 2117 hlium
1267 2073 1319 2118 no·

579 2141 674 2204 bilem
696 2143 800 2205 virum
822 2143 1017 2223 hadulphum
1042 2147 1187 2210 comitem
1208 2149 1320 2210 16166-

536 2254 539 2258 ·
579 2236 675 2296 vium
696 2251 788 2297 suum
809 2237 888 2313 apud
909 2253 962 2300 nos
983 2245 1014 2299 61
1035 2238 1239 2316 apostolicam
1268 2242 1320 2305 Se·

579 2327 649 2390 dem
665 2329 946 2392 extraordinarium
962 2339 1113 2394 oratorem
1131 2350 1146 2393 a
1161 2335 1248 2396 nobis
1263 2337 1320 2397 hu·

579 2420 695 2498 militer
715 2422 893 2498 postulavit,
911 2430 944 2486 ut
965 2425 1045 2502 quod
1068 2440 1105 2486 ex
1128 2426 1200 2503 ipsis
1217 2427 1319 2505 inqui·

577 2513 697 2575 sitionis
718 2514 830 2577 tabulis
851 2521 882 2578 ct
902 2531 939 2576 ex
960 2509 1202 2594 praedecessoris
1223 2521 1318 2582 nostri

578 2607 732 2668 sententia
754 2609 960 2685 opportunius
984 2608 1050 2671 fore
1070 2612 1267 2688 conspicitur,
1290 2613 1318 2676 id

579 2713 666 2761 nunc
686 2700 849 2777 apostolica
870 2700 1050 2764 auctoritate
1070 2705 1311 2768 constabiliatur.

376 2801 560 2902 dqerntaqlretto
618 2793 686 2870 §tt
711 2791 771 2854 Nos
792 2794 895 2872 itaquo
916 2796 948 2856 io
964 2796 1019 2856 hoc
1041 2813 1147 2858 rerum
1168 2805 1248 2861 statu
1265 2799 1320 2860 im-

349 2863 479 2964 ῗὲοὗῗιιῗεῗο
501 2857 560 2916 '⁰⁹¹'
579 2885 700 2964 pertalis
722 2903 754 2948 66
774 2888 878 2962 regiae
905 2889 1068 2950 maiestatis
1095 2906 1167 2952 suae
1189 2891 1320 2970 postula·

579 2978 729 3053 tionibus,
760 2989 910 3057 quantum
934 2981 965 3042 in
987 2982 1118 3044 Domino
1145 2997 1318 3062 possumus,

578 3087 718 3134 annuere
742 3072 901 3150 cupientes
932 3082 963 3135 et
990 3073 1122 3137 defectui
1153 3093 1319 3139 consensus

579 3180 850 3244 quorumcumque
877 3166 1027 3228 interesse
1052 3169 1233 3230 habentium
1258 3168 1320 3247 ple-

579 3257 665 3319 narie
692 3259 886 3337 supplentes,
919 3260 1123 3322 cathedralem
1156 3259 1319 3324 Ecclesiam

579 3351 639 3411 ileo
649 3367 766 3413 sacram
776 3355 834 3414 sub
845 3352 1040 3415 invocatione
1053 3361 1228 3415 sanctorum
1242 3371 1320 3417 mar·

579 3449 682 3522 tyrum
697 3444 802 3506 liilarii
816 3461 850 3506 66
864 3445 981 3508 Tatiani
1002 3453 1135 3508 erectam
1152 3447 1182 3510 in
1197 3447 1320 3511 civitate

577 3536 755 3611 Goritiensi,
771 3555 849 3618 quae
864 3546 909 3600 est
923 3541 1100 3618 provinciae
1113 3551 1215 3619 caput,
1228 3558 1319 3619 qnae-

577 3647 638 3708 que
665 3647 821 3696 sacrarum
850 3633 972 3697 aedium
995 3633 1175 3714 splendore,
1202 3636 1317 3698 civium

576 3723 750 3803 frequentia
765 3733 795 3788 et
812 3727 1048 3804 magistratuum
1070 3728 1220 3805 dignitate
1236 3747 1318 3808 prae·

577 3816 687 3904 fulget,
699 3820 734 3880 61
745 3819 1006 3900 archiepiscopalis
1016 3822 1161 3883 ecclesiae
1173 3838 1233 3884 una
1247 3837 1318 3886 cum

576 3913 648 3972 sede
669 3913 902 3990 metropolitana
918 3921 948 3974 61
962 3915 1095 3993 capitulo
1112 3931 1150 3978 611
1166 3916 1320 3977 1611111611-

577 4005 756 4081 gnitatibus,
779 4015 913 4086 quatuor
933 4009 1088 4070 canonicis
1104 4017 1136 4070 61
1157 4024 1211 4070 6611
1233 4025 1320 4071 rnan-

576 4099 716 4160 siooariis
738 4100 898 4162 efformata
920 4099 1049 4177 gradum
1071 4103 1173 4164 denuo
1201 4103 1320 4165 extolli·

577 4205 699 4254 musac
721 4195 913 4256 restituimus
936 4211 990 4272 pro
1013 4211 1075 4258 uno
1100 4197 1243 4274 deinceps
1264 4197 1319 4257 hr-

576 4289 964 4368 6111661666661661116661,
987 4292 1038 4368 qni
1061 4291 1145 4370 pallii
1167 4289 1319 4352 61666616

576 4399 680 4458 6666,
702 4399 814 4458 arcam,
831 4397 970 4445 mensam
985 4393 1016 4444 et
1029 4383 1168 4460 sigillum
1187 4399 1226 4446 611
1246 4383 1318 4445 alio-

576 4493 645 4539 runt
659 4476 965 4555 hrchiepiscoporum
984 4491 1070 4540 more
1083 4477 1203 4553 habeat,
1219 4480 1318 4540 omni·

576 4571 697 4650 busque
705 4570 1008 4650 archiepiscopalibus
1021 4571 1173 4648 insigniis,
1186 4571 1317 4650 iuribus,

575 4663 747 4744 privilegiis
766 4671 797 4725 et
819 4663 1000 4738 honorinae,
1023 4665 1136 4742 quihus
1156 4665 1232 4726 aliae
1255 4681 1319 4728 me-

577 4757 777 4837 tropolitanae
798 4757 943 4820 ecclesiae
964 4757 1236 4835 fruuntur,valeat
1250 4775 1318 4839 per-

577 4852 676 4930 petuis
696 4850 807 4913 futuris
830 4852 1019 4929 temporibus
1041 4855 1186 4928 gaudere.

415 4951 558 5008 expatiatur
616 4945 678 5019 §6-
698 4944 821 5006 Praevia
833 4952 938 5006 autem
949 4945 1165 5008 immutatione
1177 4947 1318 5009 hodierni

346 5007 559 5124 ἕρῖῗθιῗιῖῗῗῧῖἓῖἷξ
575 5047 671 5100 status
686 5037 904 5117 episcopalium
916 5038 1112 5101 ecclesiarum
1127 5039 1316 5116 Labacensis,

302 5167 307 5188 .
346 5112 556 5225 flssghiggssmffif'
577 5132 773 5211 Tergestinae
789 5148 931 5197 unacum
947 5133 1318 5196 concathedrali'lustino·

576 5225 709 5306 politana
730 5228 800 5290 huic
823 5227 949 5290 Sanctae
964 5226 1033 5289 Seth
1056 5227 1233 5290 immediate
1248 5227 1317 5288 sub·

576 5322 738 5396 lectarum,
761 5321 899 5399 itemque
912 5320 1096 5384 Parentinae
1111 5338 1181 5384 curn
1198 5321 1317 5382 Polensi

575 5414 800 5477 concathedrali
822 5416 981 5494 hucusque
995 5415 1202 5492 patriarchalis
1218 5413 1317 5476 Vane

577 5507 689 5570 116666
704 5508 979 5584 suffraganearum,
989 5523 1021 5569 ac
1036 5508 1163 5586 insuper
1179 5507 1317 5571 Polensis

575 5601 785 5677 suffraganeae
801 5601 1251 5680 archiepiscopatusledrensis,
1268 5617 1317 5663 eas

576 5709 684 5756 omnes
712 5693 895 5772 episcopales
925 5694 1064 5756 ecclesias
1093 5695 1316 5774 metropolitico

576 5785 637 5847 iuri
648 5787 871 5867 archiepiscopi
882 5786 1063 5849 Goritiensis
1074 5789 1108 5850 ad
1122 5790 1316 5866 praestitutas

576 5897 591 5940 a
605 5881 697 5942 sacris
710 5881 878 5944 canonibus
892 5889 923 5943 et
936 5880 1106 5960 apostolicis
1124 5882 1316 5945 constitutiva

1098 533 1161 578 ltin.
1187 533 1276 578 PONT·
1300 531 1340 576 bb
1362 533 1390 577 P.
1415 534 1443 578 Ε.
1469 536 1549 580 PARS
1570 536 1591 581 1.

2156 525 2210 576 An.
2224 528 2251 579 G.
2268 533 2318 587 18311

1378 651 1469 716 nibus
1496 653 1618 731 regulas
1645 661 1795 734 perpetuo
1819 656 2001 720 subiicimus
2028 663 2124 736 atque

1376 747 1591 826 supponimus.

1417 839 1436 914 5
1457 838 1484 903 7.
1508 841 1648 922 (166666
1670 843 1810 906 16616166
1830 843 1902 906 Pius
1915 843 1980 908 llll.
1995 845 2124 924 praede-
2145 849 2290 952 ,ssfflfflss'f
2302 868 2332 912 61.

1378 949 1477 998 cessor
1492 941 1597 997 noster
1611 951 1767 999 assensum
1783 937 1959 1016 praebuerit
1973 937 2053 999 votis
2067 953 2125 999 an·
2281 942 2285 952 '

1379 1026 1483 1090 1611611
1503 1027 1694 1108 imperatoris
1708 1047 1741 1092 ac
1756 1031 1838 1107 regis
1858 1047 1914 1110 pro
1928 1031 2126 1094 seiunctione

1379 1119 1538 1183 611666661
1560 1122 1724 1185 Goritiensi
1740 1139 1773 1184 ac
1788 1125 1967 1201 vergesima
1987 1123 2125 1186 nonnul-

1378 1211 1478 1275 larum
1499 1215 1708 1292 paroeciarum
1730 1216 1894 1280 Labacensi
1915 1217 2044 1280 dioecesi
2065 1217 2126 1278 tri·

1377 1305 1584 1382 buendarum,
1601 1323 1656 1370 nos
1670 1307 1784 1372 idcirco
1793 1311 1947 1373 sexdecim
1969 1311 2126 1390 paroecias

1377 1397 1588 1462 denominatas
1605 1401 1701 1480 Happ‚
1715 1403 1862 1476 Dudaine,
1873 1403 1988 1479 Erzell,
2004 1405 2124 1479 Gozha,

1377 1492 1513 1569 Losizza,
1530 1493 1683 1569 Oberfeld,
1701 1495 1854 1573 Palanina,
1871 1497 2019 1573 Podrago,
2035 1497 2126 1558 1661-

1377 1585 1457 1660 kral,
1480 1585 1751 1665 Sohvarzenberg,
1768 1589 1882 1668 Sturia,
1903 1589 1934 1652 S.
1946 1589 2027 1666 Veit,
2044 1589 2126 1652 Ura-

1378 1680 1490 1755 bitslse,
1513 1680 1609 1756 116116,
1632 1679 1790 1760 wippam,
1817 1681 1893 1757 Zoll,
1916 1699 1931 1743 a
1953 1681 2125 1746 Goritiensi

1377 1772 1518 1849 dioecesi3
1534 1774 1711 1852 pariterque
1726 1790 1820 1836 unam
1834 1791 1927 1854 super
1941 1776 2126 1853 viginti'pa-

1378 1865 1492 1928 roccias
1513 1866 1658 1928 vocitatas
1678 1865 1856 1944 hdelshcrg,
1880 1867 2007 1943 Cosana,
2024 1868 2124 1942 Born,

1377 1958 1476 2036 llarsi,
1498 1957 1711 2033 blantersdorf,
1735 1957 1939 2035 Nadanalella,
1958 1959 2123 2036 Nussdorf,

1377 2051 1530 2126 Posteine,
1552 2051 1691 2126 Prevald,
1709 2067 1733 2112 s.
1751 2052 1851 2126 Peter,
1869 2051 2006 2129 Sagarie,
2025 2052 2125 2116 Seno·

1377 2147 1483 2221 setsib,
1512 2142 1648 2219 Stavina,
1679 2142 1828 2220 Studeno,
1855 2144 2021 2222 Senhovic,
2046 2147 2125 2208 'ler-

1377 2253 1462 2314 nora,
1474 2237 1618 2313 boeleio,
1629 2237 1734 2312 Uram,
1751 2237 2123 2314 116666616611666116611,

1377 2331 1479 2405 Ρ666,
1502 2346 1573 2392 666
1597 2329 1669 2392 16616
1693 2328 2123 2404 11611161116666666116616

1376 2433 1406 2486 61
1427 2422 1600 2492 Ρ661666116,
1616 2423 1678 2484 166
1699 2424 1855 2502 paroeciae
1869 2425 1907 2484 de
1921 2425 2037 2486 Krusza
2052 2440 2122 2504 spe·

1376 2517 1540 2591 cientibus,
1557 2533 1596 2578 ert
1611 2517 1790 2593 Tergestina
1804 2516 1933 2579 dioecesi
1951 2519 2123 2596 respective

1376 2610 1581 2687 disiungimus
1603 2616 1633 2671 et
1655 2610 1869 2684 abstrahimus
1887 2609 2017 2688 illasque
2038 2610 2122 2672 dioe⁴

1376 2703 1435 2764 cesi
1455 2703 1619 2765 Labacensi
1642 2708 1792 2781 perpetuo
1813 2703 1979 2764 tribuimus
1992 2709 2022 2763 et
2043 2703 2122 2764 adsi-

1377 2811 1506 2871 gnemus
1527 2813 1561 2858 66
1581 2795 1754 2856 ordinariae
1776 2794 1953 2858 Labacensis
1979 2796 2122 2875 Episcopi

1375 2890 1548 2953 auctoritati
1559 2906 1592 2952 ac
1606 2889 1809 2951 iurisdictioni
1824 2888 1953 2950 omnino
1967 2890 2122 2952 subiectas

1376 2983 1580 3061 declaramus;
1598 2983 1829 3061 praecipientes,
1845 2989 1881 3044 nt
1895 2981 1998 3044 omnia
2012 2995 2042 3044 61
2056 2983 2123 3044 sin·

1377 3077 1446 3155 gula
1469 3079 1685 3140 documentata
1700 3074 1892 3154 respicientia
1907 3076 2067 3153 paroecias,
2085 3082 2123 3138 ut

1375 3167 2121 3248 supra,dismembratasacancellariisGoritiensi

1375 3273 1407 3325 et
1417 3263 1597 3339 Tergestina
1612 3262 1814 3324 extrahantur
1828 3269 1859 3322 et
1874 3270 2045 3341 opportuna
2058 3262 2123 3323 for-

1377 3373 1425 3419 ma
1447 3357 1606 3418 tradantur
1627 3353 1786 3432 episcopali
1809 3353 2007 3417 cancellariae
2027 3354 2123 3416 Laba-

1375 3449 1472 3524 censi,
1495 3447 1600 3526 ibique
1620 3454 1769 3527 perpetuo
1790 3453 1968 3508 serventur.

1415 3543 1433 3618 ἓ
1447 3541 1476 3604 8.
1494 3541 1611 3604 Harum
1622 3549 1798 3602 nostrarum
1811 3539 1970 3603 literarum
1982 3557 2122 3620 6116666-
2154 3567 2324 3620 aequatione·

1377 3647 1474 3699 16666
1497 3634 1641 3710 eligimus
1655 3649 1688 3695 ac
1703 3637 1884 3710 deputamus
1905 3635 2121 3697 venerabilem
2140 3619 2233 3717 ffiff'ss
2245 3621 2323 3676 ³¹¹⁰⁵'⁰'

1374 3730 1502 3791 fratrem
1523 3727 1719 3791 Eranciscnm
1741 3725 1911 3789 Xaverium
1926 3727 1968 3788 116
1983 3727 2121 3790 boschio

1376 3824 1560 3901 Episcopum
1579 3822 1809 3896 tridentinum,
1824 3821 1874 3883 cui
1889 3836 1997 3882 omnes
2011 3827 2042 3882 et
2055 3825 2121 3884 sin·

1375 3917 1462 3995 gulas
1477 3915 1660 3980 necessarias
1674 3921 1705 3976 et
1719 3925 1906 3993 opportunas
1920 3917 2120 3978 concedimus
2200 3954 2205 3966 ·

1375 4009 1544 4084 facultates,
1566 4009 1685 4070 etiamsi
1715 4023 1790 4086 opus
1818 4006 1911 4070 fuerit
1938 4009 2121 4070 ecclesiasti·

1374 4119 1446 4166 cum
1467 4104 1571 4164 virum
1597 4103 1630 4162 in
1659 4100 1807 4176 dignitate
1838 4102 2041 4163 constitutum
2063 4119 2120 4180 pro

1374 4213 1427 4259 sua
1458 4195 1621 4276 prudentia
1651 4195 1824 4272 specialiter
1847 4195 2060 4272 subdelegare,
2083 4201 2120 4256 ut

1374 4297 1481 4353 cuncta
1503 4291 1645 4367 superius
1666 4289 1808 4367 disposita
1838 4303 1984 4367 peragere
2005 4305 2038 4350 ac
2059 4297 2119 4350 sta-

1376 4393 1464 4446 tuere
1483 4390 1514 4444 et
1535 4397 1628 4461 super
1649 4397 1843 4460 quacumque
1860 4381 2053 4462 oppositione
2067 4385 2119 4444 ad·

1374 4493 1482 4539 versus
1503 4475 1668 4554 praemissa
1684 4477 1714 4536 in
1729 4485 1798 4538 actu
1813 4477 2029 4554 exequutionis
2043 4493 2119 4556 quo·

1375 4569 1541 4643 modolibet
1562 4569 1664 4632 forsan
1686 4570 1804 4631 oritura
1826 4583 1990 4647 agnoscere
2012 4588 2045 4634 66
2066 4575 2118 4634 16-

1374 4664 1496 4726 finitive
1516 4663 1721 4742 pronunciare
1743 4663 1838 4724 libere
1860 4671 1891 4724 et
1913 4663 1996 4726 licite
2021 4667 2118 4742 possit

1374 4769 1405 4820 et
1421 4757 1535 4819 valeat:
1558 4757 1738 4818 mandantes
1753 4772 1896 4834 expresse
1909 4759 2009 4821 eidem
2023 4761 2118 4824 Eran-

1373 4853 1452 4914 61666
1474 4849 1605 4914 11616616
1628 4849 1785 4928 Episcopo,
1802 4859 1837 4912 61
1852 4852 1990 4930 exempla
2009 4854 2116 4930 singu·

1375 4945 1475 5006 lorunr
1497 4953 1635 5006 actorum
1658 4946 1690 5004 in
1719 4945 1926 5020 praesentium
1956 4945 2116 5008 literarum

1373 5037 1618 5116 exequutionem
1647 5037 1908 5099 conficiendorum
1940 5037 2019 5100 infra
2043 5056 2117 5118 qua-

1374 5133 1538 5193 drimestre
1552 5131 1589 5191 ab
1608 5129 1729 5208 expleta
1749 5129 1885 5208 ipsarum
1907 5135 2115 5210 exequutione

1373 5227 1407 5286 ad
1424 5225 1501 5284 hanc
1515 5221 1721 5302 apostolicam
1737 5222 1849 5286 Sedem
1864 5225 2040 5288 authentica
2054 5225 2114 5288 for-

1373 5335 1422 5381 rna
1446 5319 1640 5392 transmittat,
1663 5318 1695 5378 in
1717 5317 1854 5379 archivio
1868 5320 2115 5394 congregationis

1374 5413 1465 5474 rebus
1485 5412 1747 5476 consistorialibus
1769 5412 1955 5492 praepositae
1970 5415 2007 5474 de
2028 5429 2114 5475 more

1372 5505 1563 5567 asservanda.

1412 5598 1479 5673 §lt
1503 5599 1679 5661 Praesentes
1707 5615 1782 5664 vero
1814 5602 1928 5678 1116166,
1953 5609 1984 5664 61
2015 5603 2047 5666 16
2068 5605 2113 5664 616
2150 5607 2305 5706 6616613611-

1372 5701 1515 5755 contenta
1535 5709 1568 5756 66
1588 5702 1701 5756 6161616
1722 5711 1948 5776 quaecumque,
1961 5699 2054 5760 etiam
2076 5715 2113 5760 611
2131 5668 2181 5768 {ih
2197 5671 2283 5764 iliacis.

1371 5802 1407 5847 eo
1428 5785 1508 5864 quod
1523 5785 1653 5864 quilibet
1668 5788 1816 5850 interesse
1837 5790 1983 5852 habentes
1999 5789 2049 5852 vel
2064 5791 2113 5851 ha·

1371 5879 1444 5942 bere
1464 5883 1701 5959 praetendentes
1722 5883 1818 5946 auditi
1844 5898 1907 5947 non
1929 5883 2057 5959 fuerint,
2079 5900 2112 5946 ac
