4856 7010
400 519 697 602 acmen

617 681 710 755 atque
730 673 867 752 tributis,
881 689 978 754 quum
999 672 1085 736 iuxta
1105 685 1205 734 sacros
1226 681 1360 732 canones

617 770 697 834 bona
717 767 916 832 ecclesiastica
937 767 1061 839 babent,
1077 763 1237 844 apostolica
1258 769 1359 826 aucto-

616 864 708 927 ritate
727 861 980 940 suspenderetur.
1003 858 1062 923 Sed
1082 874 1179 938 quum
1201 856 1233 919 in
1249 859 1304 919 bac
1318 853 1360 916 al-

617 974 666 1020 ma
688 956 775 1031 urbe,
797 970 875 1035 quae
903 959 1029 1033 propter
1054 953 1133 1016 beati
1155 951 1238 1014 Petri
1259 950 1360 1014 catire-

616 1051 703 1114 dram
724 1047 864 1114 catholici
885 1047 980 1127 ipsius
995 1047 1077 1110 orbis
1091 1052 1181 1123 caput
1195 1050 1252 1121 est,
1268 1043 1361 1106 multi

617 1144 711 1206 etiam
730 1141 901 1207 Orientales
921 1139 958 1202 ab
978 1137 1201 1218 antiquissimis
1215 1135 1360 1216 tempori-

615 1238 673 1300 bus
688 1233 879 1299 ·commorari
901 1233 1130 1308 consueverint,
1148 1245 1283 1308 aequum
1305 1243 1360 1292 no-

616 1327 662 1392 bis
692 1329 795 1392 visum
825 1335 882 1402 est,
912 1332 946 1388 ul
975 1324 1127 1404 praefatae
1156 1322 1361 1401 exemptionis

616 1437 709 1484 usum
731 1437 785 1501 pro
806 1421 937 1483 istorum
966 1417 1076 1482 saltem
1107 1417 1196 1479 bonis
1217 1415 1361 1478 restitue-

615 1531 733 1579 remus.

404 1623 487 1666 aanor
501 1628 598 1666 concae
656 1608 723 1684 52.
748 1607 954 1684 Quamobrem
973 1604 1123 1684 singulari
1145 1603 1242 1681 gratia
1269 1617 1302 1665 ac
1320 1601 1360 1664 fa·

386 1673 473 1720 alonte.

591 1731 593 1738 ·
616 1715 691 1765 vore
712 1717 763 1765 eos
783 1701 930 1780 prosequi
955 1695 1107 1774 uolentes,
1134 1695 1360 1775 motu-proprio

615 1812 649 1860 ac
670 1805 751 1860 certa
780 1795 909 1858 scientia
929 1805 960 1858 et
987 1802 1106 1855 matura
1138 1790 1360 1855 deliberatione

616 1901 720 1953 nostra
750 1889 946 1952 deceruimus
972 1893 1004 1949 et
1033 1885 1251 1950 constituimus
1278 1883 1360 1944 iuter

616 1983 813 2047 ecclesiastica
834 1982 925 2057 bona,
942 1997 981 2043 ea
997 1980 1109 2059 quibus
1123 1979 1162 2042 ob
1176 1982 1360 2039 memoratas

615 2093 719 2140 causas
739 2075 772 2138 in
794 2073 956 2154 temporali
977 2073 1095 2136 ditione
1121 2079 1225 2135 nostra
1246 2066 1361 2147 percipi

615 2169 651 2229 ad
672 2181 815 2246 praesens
831 2166 944 2228 tributa
960 2172 990 2227 et
1004 2163 1165 2241 vectigalia
1178 2163 1290 2235 solent,
1303 2161 1359 2224 mi·

615 2260 701 2323 nime
729 2275 796 2322 esse
818 2259 850 2320 in
873 2267 1033 2336 posterum
1062 2256 1248 2338 accensenda
1276 2270 1358 2318 sacra

614 2354 744 2432 hospitia
764 2353 932 2432 domosque
953 2368 986 2415 ac
1007 2360 1126 2415 caetera
1146 2364 1359 2429 quaecumque

613 2447 693 2510 bona
713 2446 924 2521 ecclesiastica,
946 2461 1025 2525 quae
1045 2445 1077 2507 in
1099 2445 1155 2508 bac
1182 2443 1262 2506 alma
1284 2444 1360 2505 urbe

613 2539 783 2606 Orientales
808 2540 974 2620 possident.
1000 2538 1085 2614 Quod
1108 2539 1234 2617 quidem
1256 2539 1358 2617 ipsum

612 2641 772 2698 servatum
793 2633 886 2696 etiam
907 2633 1053 2695 uolumus
1074 2647 1129 2712 pro
1150 2632 1239 2696 bonis
1253 2647 1377 2694 mona»

613 2732 742 2794 cborum
764 2726 888 2792 Ordinis
910 2729 941 2792 S.
963 2726 1064 2789 Basilii
1086 2727 1163 2789 ritus
1185 2727 1358 2803 graeci-ru·

613 2825 713 2899 theni,
735 2825 786 2903 qui
809 2824 842 2884 in
864 2823 969 2885 eadem
990 2820 1046 2884 hac
1062 2820 1141 2882 urbe
1155 2820 1297 2883 obtinent
1311 2837 1359 2884 ec-

612 2917 735 2980 clesiam
756 2923 788 2978 et
809 2913 978 2994 nospitium
1000 2911 1054 2977 SS.
1078 2911 1179 2991 Sergii
1200 2921 1230 2976 et
1251 2913 1359 2976 Bacolti

612 3011 707 3087 uulgo
737 3009 865 3074 Sanctae
889 3007 1001 3071 blaciae
1021 3008 1059 3071 de
1079 3008 1193 3070 Pabulo
1212 3009 1248 3071 ad
1272 3025 1358 3072 mou·

614 3110 670 3167 tes.
693 3103 772 3166 Hinc
792 3117 847 3182 per
868 3102 956 3165 hasce
974 3103 1051 3179 ipsas
1065 3101 1241 3180 apostolicas
1256 3102 1358 3165 literas

614 3198 803 3262 thesaurario
824 3202 931 3258 nostro
952 3194 1089 3273 generali
1111 3196 1304 3274 mandamus,
1324 3205 1358 3259 ut

613 3293 679 3371 ipse
698 3308 734 3354 ea
755 3289 867 3353 deinde
887 3297 986 3365 curet,
1006 3303 1084 3369 quae
1103 3290 1151 3352 sui
1165 3289 1257 3353 officii
1270 3296 1356 3367 sunl,

614 3395 650 3450 ut
669 3386 812 3448 uoluntas
834 3386 908 3447 baec
928 3389 1032 3446 nostra
1054 3382 1233 3463 plenissime
1253 3385 1357 3447 nanci-

612 3488 715 3542 scatur
735 3477 892 3541 eflectum.

402 3585 596 3636 eleusiniae
652 3573 721 3648 §3-
744 3571 823 3634 Haec
852 3572 1017 3635 statuimus
1044 3578 1137 3651 atque
1163 3577 1356 3651 mandamus,

383 3640 438 3688 lata
460 3645 486 3688 ot
506 3641 595 3688 decre-

382 3699 438 3742 rom
456 3695 567 3760 pmcn„
613 3669 815 3732 decernentes
839 3669 892 3728 bas
918 3665 1021 3729 literas
1049 3667 1164 3744 firmas,
1192 3667 1305 3732 validas
1327 3677 1358 3732 et

613 3761 748 3826 efficaces
768 3760 902 3823 existere
918 3767 950 3822 et
964 3759 1040 3835 lore,
1055 3775 1190 3840 suosque
1203 3761 1357 3840 plenarios

614 3864 645 3919 et
661 3856 800 3932 integros
814 3853 941 3917 effectus
960 3853 1063 3915 sortiri
1085 3861 1116 3916 et
1130 3855 1284 3932 obtinere,
1300 3857 1359 3919 eis·

613 3950 747 4029 demque
766 3947 973 4012 Orientalibus
994 3953 1025 4008 et
1047 3948 1204 4012 monacbis
1234 3948 1358 4028 hospitii

614 4043 668 4108 SS.
693 4041 794 4119 Sergii
815 4049 846 4105 et
872 4040 991 4116 Bacchi,
1021 4056 1131 4103 eorum
1161 4058 1249 4107 causa
1280 4063 1358 4126 quae

614 4153 756 4217 expressa
781 4143 866 4211 sunt,
887 4135 945 4198 boo
969 4135 1147 4214 futurisque
1166 4140 1357 4217 temporibus

613 4231 790 4313 plenissime
809 4228 983 4307 suffragari3
1004 4229 1110 4309 sicque
1130 4231 1162 4293 in
1183 4234 1358 4310 praemissis

613 4343 668 4408 per
695 4339 905 4406 quoscumque
925 4321 1041 4386 iudices
1061 4323 1230 4388 ordinarios
1255 4334 1285 4388 et
1306 4328 1357 4390 de-

613 4421 740 4498 legatos,
756 4419 848 4481 etiam
870 4434 1029 4480 causarum
1052 4417 1152 4497 palatii
1173 4421 1271 4484 nostri
1288 4437 1357 4502 apo-

612 4514 712 4580 stolici
727 4512 891 4588 auditores,
908 4511 1032 4576 iudicari
1049 4520 1079 4573 et
1094 4512 1218 4576 definiri
1232 4513 1354 4593 debere,

613 4622 646 4671 ac
667 4609 791 4671 irritum
811 4613 844 4668 et
864 4605 968 4680 inane,
991 4605 1017 4666 si
1041 4621 1128 4668 secus
1151 4620 1245 4684 super
1273 4607 1356 4670 frisa

484 4673 488 4680 ’
588 4715 770 4784 ‚quoquam
799 4698 906 4778 quavis
935 4699 1117 4760 auctoritate
1143 4699 1279 4762 scienter
1307 4702 1357 4764 vel

612 4796 795 4872 ignoranter
814 4791 980 4869 contigerit
998 4792 1154 4855 attentari.

1139 550 1205 597 lilli-
1228 547 1319 595 PON'l'·
1342 545 1384 592 OE
1404 546 1434 598 P.
1456 545 1486 593 F·
1510 547 1593 594 PARS
1613 548 1635 593 t.

1715 669 1853 733 xxxttt.

1417 855 1591 936 Confirmat
1613 851 1850 920 conventionem
1871 857 1938 921 oS.
1961 858 1995 920 G.
2015 857 2051 918 de
2065 857 2102 918 P.
2122 857 2159 918 F.

1453 951 1649 1027 propositum
1670 965 1767 1028 snper
1788 951 1993 1014 ordinatione
2012 949 2161 1012 dioecesis

1456 1041 1683 1107 cincinnoien.
1717 1046 1753 1107 in
1781 1045 1928 1109 americo
1958 1042 2162 1121 Septentrio·

1454 1137 1524 1199 noli
1545 1145 1574 1199 ct
1588 1138 1789 1216 prouinciam
1808 1137 1938 1204 Ordinis
1953 1136 2158 1201 Dominioon.

1454 1230 1490 1292 in
1514 1229 1603 1294 Obie.

1648 1387 1817 1458 Venerabili
1839 1389 1927 1458 fratri

1503 1477 1639 1548 Eduardo
1662 1479 1812 1567 Episcopo
1835 1481 2073 1562 circinnateusi,

1666 1641 1743 1709 teo
1765 1641 1827 1709 ΡΡ.
1851 1641 1909 1710 ΧΙΙ.

1627 1790 1815 1860 Venerabilis
1838 1792 1945 1872 frater,

1448 1886 1576 1955 salutern
1597 1892 1630 1954 el
1651 1886 1849 1971 apostolicam
1875 1888 2127 1966 benedictiorem.

1454 2079 1472 2154 ἓ
1495 2077 1523 2138 f.
1545 2078 1659 2153 Quum,
1675 2079 1754 2142 sicut
1769 2079 1855 2141 uobis
1871 2078 2004 2142 relatum
2019 2087 2078 2154 est,
2095 2077 2166 2158 qui·
2198 2088 2354 2148 bimait-tora·
2388 2053 2389 2102 ³

1413 2170 1541 2234 busdam
1563 2171 1667 2247 rebus,
1684 2186 1763 2249 quae
1776 2172 1954 2250 regularem
1967 2171 2163 2250 provinciam
2181 2152 2242 2188 ⁰⁰⁰¹·

1415 2262 1518 2327 Sancti
1540 2264 1714 2343 losepbi·in
1734 2265 1875 2328 America
1907 2264 2163 2345 Septentriouati

1412 2355 1534 2419 Ordinis
1561 2357 1806 2420 praedicatorum
1833 2365 1864 2419 et
1886 2357 1975 2420 istam
1996 2357 2163 2420 dioecesim

1414 2450 1686 2513 Cincinnatensem
1714 2449 1898 2528 respiciunt,
1921 2451 2047 2530 provide
2068 2452 2164 2514 stabi·

1414 2541 1548 2623 literque
1569 2543 1818 2622 prospiciendum
1838 2545 1890 2617 sit,
1906 2560 1962 2606 nos
1983 2545 2016 2607 in
2032 2559 2066 2607 re
2082 2547 2163 2608 tanti

1413 2634 1563 2700 momenti
1585 2639 1772 2700 senteutiam
1793 2639 2051 2717 congregationis
2065 2655 2163 2702 vene·

1412 2731 1559 2793 rabilium
1589 2729 1722 2793 fratrum
1752 2740 1931 2794 nostrorum
1953 2732 2081 2797 Sanctae
2103 2733 2163 2796 Ro

1412 2840 1520 2887 manae
1542 2823 1693 2886 Ecclesiae
1714 2823 1924 2888 cardinalium
1939 2825 2074 2904 negociis
2088 2827 2163 2890 Pro

1412 2918 1568 2997 pagandae
1587 2915 1672 2979 uiuet
1687 2919 1944 2996 praepositorum,
1960 2926 1990 2980 et
2004 2917 2113 2982 dilecti
2128 2920 2163 2982 li-

1414 3010 1446 3072 lii
1467 3010 1585 3088 losepbi
1614 3008 1724 3072 Mariae
1754 3008 1840 3073 Velzi
1863 3009 1975 3074 Vinarii
2007 3013 2163 3089 generalis

1411 3103 1550 3166 eiusdem
1571 3103 1692 3167 Ordinis
1713 3105 1860 3181 praedicti
1887 3104 1973 3182 prius
1992 3107 2162 3185 exquirere

1411 3198 1598 3260 curavimus.
1617 3197 1777 3274 Perpensis
1791 3197 1921 3276 proinde
1935 3199 2100 3279 utriusque
2115 3217 2162 3262 ra-

1413 3290 1548 3353 tionibus
1569 3305 1625 3367 per
1638 3289 1785 3352 dilectum
1801 3290 1901 3352 filium
1916 3299 2060 3356 nostrum
2075 3293 2162 3356 blau-

1412 3399 1485 3447 rum
1506 3383 1633 3448 Sanctae
1653 3383 1807 3446 Romanae
1829 3383 1982 3446 Ecclesiae
2002 3387 2163 3466 presbyte-

1412 3493 1483 3540 rum
1514 3475 1708 3541 cardinalem
1739 3475 1909 3556 cappellani
1941 3487 2161 3558 nuncupatum

1413 3571 1668 3648 congregationis
1689 3569 1902 3648 Propagandae
1922 3571 2008 3634 Fidei
2029 3587 2162 3649 genera-

1411 3663 1474 3726 lem
1495 3662 1694 3743 praefeotum,
1717 3671 1748 3726 et
1768 3679 1823 3742 per
1849 3668 2051 3730 secretarium
2077 3667 2161 3731 eius-

1413 3759 1485 3820 dem
1506 3757 1773 3836 congregatiouis,
1789 3772 1848 3820 uec
1862 3773 1925 3820 uou
1941 3774 1997 3837 per
2010 3760 2160 3824 dilectum

1413 3851 1513 3914 tilium
1534 3851 1697 3930 losepbum
1719 3849 1807 3913 Velai
1829 3851 1951 3915 Ordinis
1972 3849 2161 3918 Praedicato

1414 3961 1485 4008 rum
1505 3944 1661 4009 Vioarium
1683 3945 1871 4021 generalem,
1889 3961 1924 4008 ea
1946 3946 2034 4010 uobis
2048 3964 2162 4028 propo·

1412 4040 1468 4102 sita
1498 4047 1572 4102 sunt
1603 4037 1806 4118 approbanda,
1838 4055 1917 4116 quae
1943 4039 1980 4101 ad
1999 4041 2160 4119 spirituale

1414 4132 1530 4195 bonum
1551 4139 1804 4210 constantemque
1825 4133 2001 4210 provinciae
2024 4143 2056 4196 et
2076 4135 2160 4200 dioe-

1412 4228 1489 4290 cesis
1499 4227 1723 4306 praedictarum
1737 4225 1915 4288 felicitatem
1929 4229 2101 4292 conducere
2114 4232 2159 4292 vi·

1412 4323 1537 4398 dentur,
1558 4321 1676 4383 tenoris
1697 4327 1732 4382 ut
1752 4321 1908 4399 sequitur:

1411 4511 1561 4592 Propetto
1581 4526 1639 4589 per
1659 4509 1801 4590 regolare
1822 4510 1933 4574 alanni
1955 4513 2053 4594 offeri
2074 4515 2158 4580 dello

1451 4603 1618 4682 prouincia
1638 4603 1853 4667 Domanicnnn
1874 4605 1907 4667 di
1929 4606 1961 4670 S.
1988 4605 2153 4688 Giuseppc,

1451 4699 1570 4762 adello
1591 4697 1707 4761 diocesi
1729 4699 1762 4761 di
1785 4698 1975 4764 Cincinnati
1990 4701 2159 4766 atell'Ame-

1452 4793 1522 4856 rica
1540 4792 1801 4863 Settentrienalc,
1817 4791 1871 4854 obe
1890 4795 1919 4855 ai
1934 4802 2096 4875 sottoponc
2111 4798 2157 4862 nl·

395 4901 595 4968 ιιιιιιιιιιιοιι·
652 4887 721 4964 §la
751 4885 821 4949 Non
849 4885 1041 4949 obstantibus
1070 4888 1354 4964 constitutionibus,

382 4961 528 5005 annorum.
612 4982 821 5048 sanctionibus
851 4988 882 5043 et
911 4979 1091 5044 edictalibus
1118 4981 1236 5059 legibus
1264 4983 1356 5046 buius

611 5078 801 5159 apostoticae
832 5073 917 5138 Sedis
946 5076 1270 5153 superascendite,
1292 5093 1358 5140 cae-

613 5174 749 5252 terisque
770 5172 803 5232 in
824 5167 1016 5232 contrarium
1037 5167 1220 5233 facientibus
1233 5171 1357 5249 quibus-

611 5283 755 5347 cumque.

651 5363 763 5425 Datum
784 5361 899 5425 Romae
923 5360 1003 5438 apud
1025 5359 1056 5422 S.
1079 5359 1206 5421 Petrum
1227 5360 1284 5424 sub
1304 5377 1357 5424 an·

612 5456 687 5519 nulo
702 5454 859 5534 piscatoris
873 5453 924 5516 die
938 5467 1017 5514 xxrr.
1034 5467 1099 5530 apr.
1116 5469 1354 5532 undecimum,

611 5551 808 5630 pontificatus
828 5549 928 5613 nostri
948 5564 1030 5613 anuo
1051 5565 1081 5609 ι.

1452 4887 1484 4949 lo
1505 4901 1653 5064 ιιιᾶςιιηα
1674 4888 1908 4964 opprovozionc
1930 4888 1964 4950 di
1989 4887 2056 4954 Suo
2079 4893 2157 4956 Sara

1454 4980 1518 5044 titd
1585 5027 1593 5044 .
1688 5027 1691 5034 .

1452 5169 1736 5234 L’eminentissimo
1758 5171 1822 5250 Sig.
1846 5171 2009 5236 cardinale
2031 5175 2158 5254 Gappel-
2198 5183 2344 5243 reuocante-

1412 5265 1470 5328 lari
1491 5265 1622 5344 prefetto
1644 5267 1789 5342 generale
1810 5266 1888 5330 della
1909 5267 2003 5344 Sagra
2018 5269 2155 5346 congre·
2174 5241 2344 5356 ἷὲἷξξξξῗρρῖῗζ
2388 5285 2389 5370 ι

1413 5359 1541 5437 gaaioue
1561 5358 1592 5420 di
1613 5359 1819 5437 Propaganda‚
2174 5351 2306 5406 W‘wm·
2388 5393 2389 5422 ι

1451 5454 1483 5516 L’
1496 5455 1699 5520 arrivescovo
1720 5456 1859 5520 d'lcouio
1890 5457 2058 5534 segretario
2078 5458 2156 5522 della
2388 5443 2389 5448 ’

1413 5549 1579 5614 medesima
1601 5549 1866 5628 congregazione,
1882 5551 1919 5612 ed

653 5817 682 5877 (l)
698 5816 735 5866 fix
755 5815 817 5878 aeg.
839 5805 1025 5868 Breriumvot.
1041 5816 1089 5877 ilc,
1112 5823 1199 5879 page
1216 5825 1265 5868 etc.
1285 5825 1356 5870 tran·
1449 5822 1528 5870 Ratio
1542 5819 1713 5878 componendi
1735 5821 1862 5868 nonnulla
1884 5819 1990 5878 negotia
2010 5819 2155 5878 spectantia

612 5887 753 5934 scribimus
776 5889 922 5935 versionem
943 5888 1054 5934 latinam
1077 5889 1227 5946 propositae
1248 5900 1355 5936 couuen·
1410 5887 1443 5938 ad
1458 5891 1628 5949 provinciam·
1642 5890 1747 5936 ordinis
1761 5894 1805 5936 PP.
1822 5892 2075 5938 praedicatorum.
2091 5895 2155 5940 lose·

612 5955 704 6008 tionis:
1410 5960 1466 6018 phi,
1480 5963 1507 6006 et
1522 5960 1556 6006 sd
1577 5958 1717 6005 dioecesim
1738 5959 1967 6006 Cincinnalensem
1987 5959 2016 6005 iu
2035 5959 2154 6008 Amorion
