4722 6976
341 552 395 608 An.
410 549 440 608 0.
461 548 530 608 teor
578 541 638 611 508

332 4072 459 4128 Exposltlo
476 4081 531 4127 pre·

319 4135 384 4172 cum.

558 679 1302 758 corum,llalachorum,liuthenorumetllascia-

559 793 673 839 norum
694 777 727 838 in
749 777 981 839 Transilrauiae
996 776 1153 855 provincia
1167 791 1305 837 commc-

556 871 697 933 rantium
716 871 870 950 spirituali
889 871 987 933 salute
1007 869 1178 934 decreverit
1199 885 1304 949 proce-

557 963 694 1026 dendum
715 979 781 1026 esse
801 963 838 1026 ad
859 964 1048 1027 erectionem
1068 963 1214 1026 ecclesiae
1229 963 1303 1027 San·

557 1057 598 1119 cti
612 1057 726 1120 Nicolai
741 1058 844 1137 oppidi
858 1058 1081 1135 Fugarasiensis
1099 1058 1132 1120 in
1147 1057 1303 1121 cathedra-

558 1149 620 1212 lem
645 1152 824 1214 huiusmodi
849 1152 1046 1225 Graecorum,
1071 1152 1300 1228 llutbenorum,

557 1242 773 1318 llalacborum,
796 1245 1024 1320 llasclanorum,
1040 1245 1234 1324 aliorumque
1248 1246 1302 1325 qui

556 1353 611 1416 per
637 1339 829 1417 provinciam
860 1341 1045 1419 praedictam
1073 1341 1302 1404 Transilraniae

556 1433 837 1508 commorabantur,
859 1440 889 1495 et
912 1435 1060 1496 nonnulla
1076 1450 1131 1511 pro
1146 1436 1301 1499 erectione

556 1527 733 1592 huiusmodi
762 1528 919 1591 efficienda
947 1531 1115 1594 necessaria
1136 1546 1301 1609 cougrega-

557 1623 634 1684 tloni
655 1621 793 1684 eiusdem
821 1623 950 1686 Sanctae
972 1623 1124 1687 Romanae
1150 1625 1301 1689 Ecclesiae

557 1715 769 1780 Cardlualium
789 1718 880 1779 rebus
900 1717 1161 1781 consistorialibas
1175 1735 1300 1797 praepo·

554 1817 685 1876 sitorum
716 1813 751 1875 ad
781 1827 910 1874 examen
942 1813 1145 1888 mandaverit,
1173 1831 1206 1876 ac
1234 1816 1300 1894 piae

555 1907 724 1969 memoriae
754 1905 908 1970 Clementi
934 1906 1030 1986 Papae
1051 1907 1102 1970 lll.
1126 1907 1300 1986 praedeces-

554 2004 616 2064 sori
638 2009 742 2064 nostro
763 1998 879 2078 agenda
901 2001 1105 2088 proposuerit,
1129 2002 1300 2081 deindeque

555 2097 650 2160 lellcis
671 2093 890 2158 recordationis
920 2093 1120 2156 Innocentius
1141 2095 1195 2156 PP.
1220 2097 1295 2159 lllll.

554 2191 765 2271 praedecessor
792 2187 867 2248 itern
896 2194 1001 2248 noster
1021 2187 1057 2247 ad
1079 2187 1209 2250 lor-mana
1231 2197 1298 2253 tum

554 2285 647 2347 unius
679 2291 744 2344 tum
776 2281 902 2343 alterius
930 2295 970 2340 ex
1002 2280 1298 2358 congregationibus

552 2377 713 2457 praedictis
743 2374 985 2446 resolutionum,
1017 2389 1073 2452 per
1103 2376 1297 2454 apostolicam

552 2473 610 2534 snb
630 2469 756 2548 plumbo
777 2468 933 2545 expeditas
960 2467 1066 2528 literas
1087 2468 1119 2530 in
1141 2470 1299 2546 pontifica-

553 2571 602 2627 tus
622 2564 670 2626 sni
700 2576 781 2622 auno
812 2561 912 2637 primo
944 2560 1101 2622 ecclesiam
1132 2562 1298 2640 praelatam

552 2656 583 2720 S.
599 2656 714 2720 Nicolai
736 2655 767 2716 in
787 2653 993 2717 cathedralem
1009 2655 1107 2730 graeci
1130 2655 1207 2717 ritus
1223 2656 1297 2722 San-

552 2761 617 2816 ctae
652 2750 804 2811 Romanae
840 2747 991 2809 Ecclesiae
1025 2749 1105 2810 uniti
1140 2751 1295 2826 erexerit,

551 2847 715 2925 ipsumque
736 2841 881 2920 oppidum
906 2841 1157 2918 Fogarasiensem
1182 2843 1295 2921 episco-

551 2938 651 3018 palem
667 2937 824 3000 ciuitatem
838 2933 1053 3010 declaraverit,
1070 2951 1205 3014 cumque
1220 2953 1297 2999 non-

551 3031 646 3094 nullis
667 3033 704 3093 de
725 3029 821 3093 causis
841 3027 949 3090 eodem
965 3037 1103 3105 tempore
1118 3029 1153 3090 ad
1168 3029 1297 3091 erectio·

551 3142 624 3188 nem
645 3123 770 3204 capituli
791 3121 884 3185 baius
904 3120 1085 3184 cathedralis
1100 3123 1231 3185 minime
1245 3125 1296 3187 de-

551 3219 660 3281 venire
680 3217 842 3296 potuisset,
865 3221 1045 3292 eapropter
1070 3215 1102 3276 iu
1125 3215 1222 3278 literis
1243 3235 1297 3279 an·

552 3313 670 3376 tedictis
687 3311 803 3389 optime
817 3326 872 3388 per
887 3309 1107 3371 innocentium
1121 3312 1296 3389 praedeces-

1079 555 1144 608 tua.
1169 558 1260 608 acor.
1284 551 1324 606 nd
1346 561 1374 607 a.
1399 559 1428 608 r.
1452 549 1534 609 exus
1556 550 1577 607 l.

1359 679 1426 744 zelo
1447 681 1614 762 praeditus,
1631 682 1662 744 in
1684 673 1840 759 pastoralis
1856 677 2021 745 minsterii
2036 697 2105 745 mu-

1359 791 1433 839 nere
1453 792 1508 854 prc
1529 777 1680 855 spirituali
1701 775 1801 840 salute
1821 777 1924 854 gregis
1945 776 2004 838 sibi
2021 792 2106 839 com·

1359 871 1455 945 missi,
1485 887 1556 934 cum
1587 872 1739 934 laboribus
1767 871 1909 951 plurimis
1930 888 1964 934 ac
1984 871 2106 952 dispen-

1357 965 1425 1040 diis,
1449 965 1647 1044 nominisqae
1667 966 1715 1028 sui
1738 981 1848 1042 magna
1873 965 1962 1028 laude
1982 979 2106 1042 semper

1358 1058 1519 1130 attendens
1541 1075 1574 1120 ea
1597 1059 1698 1122 omnia
1720 1067 1751 1121 et
1771 1060 1905 1137 singula,
1936 1075 2015 1138 quae
2035 1073 2106 1136 pro-

1358 1153 1431 1230 priis
1452 1153 1626 1229 sumptibus
1648 1154 1680 1214 in
1703 1153 1857 1216 erectione
1879 1153 2003 1231 capituli
2017 1167 2105 1232 prae-

1357 1244 1442 1320 dicti,
1457 1246 1650 1326 aliarumque
1665 1246 1784 1326 piarum
1799 1247 2034 1310 institutionum
2048 1262 2105 1325 pro

1357 1346 1441 1402 recto
1463 1340 1558 1402 totius
1578 1340 1725 1402 dioecesis
1746 1339 1899 1417 regimine
1913 1338 2104 1402 laudabiliter

1357 1433 1521 1512 providere
1547 1434 1678 1508 studuit,
1700 1435 1736 1496 ad
1757 1451 1813 1496 nos
1835 1449 1888 1512 per
1909 1434 2046 1513 proprias
2067 1431 2103 1493 li-

1358 1537 1435 1590 teras
1457 1545 1518 1590 una
1533 1543 1605 1591 cum
1618 1530 1681 1590 suis
1696 1528 1899 1606 patentalibus
1914 1527 1990 1590 datis
2005 1527 2103 1606 prima
2129 1519 2134 1530 '

1357 1624 1407 1686 die
1427 1621 1540 1686 mensis
1569 1621 1646 1686 lebr.
1670 1623 1826 1686 currentis
1853 1623 1926 1686 anni
1949 1621 2104 1685 transmit·

1358 1726 1423 1779 tere
1436 1717 1567 1792 curarit,
1584 1716 1762 1796 suppliciter
1777 1732 1900 1794 rogans,
1917 1725 1964 1792 ut,
1981 1733 2036 1796 pro
2051 1733 2102 1796 op-

1356 1819 1489 1889 portuna
1511 1810 1742 1874 institutionum
1757 1811 1935 1874 huiusmodi
1950 1809 2104 1872 validitate

1356 1913 1386 1968 et
1407 1915 1510 1968 exacta
1533 1907 1738 1980 observantia,
1760 1905 1940 1984 apostolicae
1959 1906 2104 1986 approba-

1357 1999 1448 2062 tionis
1469 2008 1500 2062 et
1520 2001 1761 2062 confirmationis
1793 2004 1916 2062 nostrae
1940 1999 2035 2063 robur
2055 2017 2104 2062 ac·

1355 2095 1488 2158 cederet.

1394 2191 1414 2265 ἓ
1434 2189 1463 2250 la.
1488 2188 1532 2252 lle
1546 2195 1678 2251 autema
1695 2189 1781 2251 nobis
1796 2196 1918 2251 mature
1932 2203 2100 2268 perpensa3
2121 2207 2221 2306 siagria?
2233 2217 2317 2254 concas

1354 2283 1548 2345 attendentes
1569 2281 1650 2360 quod
1666 2282 1843 2345 huiusmodi
1857 2281 2039 2344 cathedralis
2053 2299 2101 2346 ec-

1354 2376 1462 2439 clesiae
1483 2376 1607 2456 capituli
1628 2375 1744 2438 erectio
1763 2384 1793 2436 et
1808 2376 1922 2439 dotatio
1936 2377 2020 2439 iuxta
2034 2379 2102 2442 eius

1355 2469 1542 2532 laudationis
1561 2467 1743 2531 methodum
1766 2484 1821 2547 pro
1843 2469 1987 2532 ecclesiae
2004 2472 2101 2534 serri-

1356 2563 1397 2624 tio
1418 2579 1451 2624 ac
1472 2577 1684 2640 personarum,
1708 2577 1813 2624 rerum
1835 2571 1866 2624 et
1888 2561 2042 2625 bonorum
2055 2564 2101 2626 ie-

1353 2656 1403 2718 lici
1418 2656 1598 2730 directione,
1612 2655 1815 2734 universique
1828 2655 2000 2718 dioecesani
2014 2671 2100 2734 grae·

1354 2748 1549 2810 co-cnholici
1570 2749 1672 2824 gregis
1695 2747 1837 2822 utilitate,
1854 2747 1890 2808 ad
1911 2747 2039 2811 Sanctae
2053 2767 2100 2813 ca·

1355 2843 1483 2905 thelicae
1505 2842 1657 2903 Ecclesiae
1678 2841 1894 2904 exaltationem
1917 2844 2014 2917 cedat,
2029 2861 2100 2924 sup

1354 2934 1567 3014 plicationibus
1587 2949 1643 3012 pro
1670 2942 1755 3012 parte
1783 2934 1922 2997 eiusdem
1945 2935 2100 3000 lintistitis

1354 3030 1441 3092 nobis
1460 3029 1622 3092 humiliter
1636 3027 1785 3106 porrectis
1799 3029 1935 3106 benigne
1949 3030 2098 3106 inclinati,

1353 3121 1448 3202 ipsius
1462 3122 1686 3198 Fugarasiensis
1702 3121 1841 3200 Episcopi
1856 3122 1960 3185 zelum
1981 3141 2015 3185 ac
2036 3125 2098 3204 pie-

1352 3225 1447 3279 tatem
1462 3215 1632 3293 plurimum
1646 3213 1910 3292 commendantes,
1929 3217 2099 3294 praedictae

1352 3310 1534 3374 cathedralis
1555 3309 1706 3372 Ecclesiae
1724 3309 1947 3386 Fogarasiensis
1960 3311 2097 3391 capituli,

550 3421 652 3468 sorem
666 3411 815 3467 statutum
830 3403 937 3477 luerit,
951 3409 996 3477 ut,
1010 3402 1094 3466 iuxta
1106 3406 1205 3480 graeci
1218 3405 1316 3469 ritub
1352 3407 1387 3469 ad
1408 3419 1550 3484 praesens
1572 3403 1604 3464 in
1626 3403 1750 3464 ecclesia
1773 3403 1864 3465 titulo
1882 3403 2098 3470 Sanctissimae

550 3499 769 3572 ordinationes,
780 3495 924 3559 nonnulli
936 3496 1076 3558 monachi
1087 3497 1208 3561 Ordinis
1220 3499 1294 3564 San-

550 3597 588 3658 cti
612 3592 725 3667 Basilii‚
747 3605 881 3671 quorum
905 3589 1077 3668 spectabilis
1105 3601 1151 3654 est
1177 3601 1293 3668 coetus,

549 3695 642 3766 atque
663 3687 773 3748 unicus
795 3684 982 3746 monasticus
1002 3684 1077 3746 ordo
1098 3687 1178 3762 apud
1198 3686 1295 3765 ipsam

548 3782 766 3845 llutheuorum
797 3778 965 3852 nationem,
988 3777 1020 3838 iu
1042 3780 1149 3840 eadem
1170 3781 1295 3844 ecelesia

548 3878 616 3940 loco
650 3873 773 3951 capituli
808 3880 838 3933 et
873 3873 1093 3936 canonicorum
1127 3876 1295 3938 constitue-

549 3977 668 4034 rentur.

589 4064 608 4139 ἓ
629 4063 658 4125 3.
683 4061 788 4138 Nuper
809 4068 913 4123 autem
937 4059 1121 4122 venerabilis
1142 4061 1236 4123 lrater
1251 4063 1294 4126 lo·

548 4175 644 4223 annes
666 4155 748 4218 Babb
768 4153 948 4217 cathedralis
967 4154 1058 4215 huius
1072 4154 1216 4218 ecclesiae
1230 4171 1293 4218 mo-

550 4256 664 4317 dernus
694 4248 820 4311 antistes
850 4263 921 4310 eum
952 4247 1068 4325 optime
1096 4251 1292 4328 compererit,

549 4345 631 4426 quod
653 4342 794 4406 monachi
824 4340 982 4419 praedicti,
1012 4350 1072 4404 tam
1094 4345 1132 4406 ob
1159 4346 1294 4411 instituti

550 4439 712 4511 rationem,
736 4451 829 4514 quam
849 4435 888 4497 ob
909 4435 996 4498 valde
1018 4437 1052 4498 ad
1075 4453 1217 4515 praesens
1238 4441 1294 4503 im·

549 4535 708 4596 minutum
732 4546 842 4592 eorum
869 4545 1051 4606 numerum,
1076 4531 1168 4594 cilicii
1189 4535 1294 4597 huius-

548 4627 631 4690 modi
643 4632 743 4705 partes
757 4629 929 4703 opportune
942 4623 1072 4703 implere
1086 4626 1216 4689 minime
1230 4635 1295 4707 pot·

549 4728 649 4794 erant,
671 4718 706 4782 ad
728 4720 785 4780 hoc
806 4724 841 4779 ut
861 4717 928 4780 eins
959 4717 1084 4782 ecclesia
1105 4719 1140 4780 ad
1162 4719 1293 4783 sormam

549 4816 678 4878 aliarum
700 4811 920 4876 cathedralium
941 4826 978 4872 eo
999 4827 1060 4889 quo
1081 4815 1227 4876 convenit
1242 4816 1292 4878 de-

548 4925 619 4972 core
640 4906 799 4983 effulgeat:
824 4913 917 4982 atque
938 4905 969 4965 in
985 4921 1039 4966 sua
1053 4905 1183 4968 dioecesi
1199 4908 1293 4970 eccle·

547 5002 665 5064 siastica
686 4997 844 5077 disciplina
865 4997 1030 5060 salubriter
1051 5000 1082 5060 iu
1099 4999 1230 5062 llomiuo
1244 5018 1293 5063 or·

548 5098 683 5170 diuetur,
716 5094 763 5174 pia
792 5101 823 5155 et
849 5091 992 5154 laudabili
1023 5091 1232 5172 dispositione,
1255 5097 1290 5158 ad

547 5192 696 5254 maiorem
728 5185 950 5264 omnipotentis
977 5185 1119 5263 gloriam,
1150 5194 1180 5248 et
1204 5187 1291 5266 spiri-

546 5285 630 5347 tuale
650 5281 848 5346 commodum
863 5279 964 5356 gregis
978 5279 1123 5342 dominici
1137 5279 1195 5341 sibi
1210 5296 1292 5342 coru-

547 5377 644 5453 missi,
660 5377 791 5453 prepriis
804 5373 977 5450 sumptibus
992 5388 1109 5435 novum
1124 5374 1291 5450 capitulum

548 5471 668 5547 erigere
688 5477 719 5530 et
741 5469 846 5532 dotare
869 5466 1035 5541 curaverit,
1058 5465 1178 5545 aliaque
1198 5467 1291 5532 etiam

548 5579 604 5644 pro
629 5561 807 5626 cathedralis
836 5560 980 5622 ecclesiae
1008 5559 1146 5634 servitio,
1168 5567 1199 5621 et
1220 5578 1291 5623 cou-

548 5674 624 5735 grua
646 5655 865 5735 parochialium
881 5653 1088 5728 subsistentia,
1105 5660 1136 5715 et
1150 5662 1232 5716 recta
1248 5664 1290 5716 to-

547 5751 608 5814 tius
629 5751 774 5813 dioecesis
802 5748 1068 5812 administratione
1094 5747 1288 5826 disposuerit.

547 5845 590 5904 Ac
612 5842 739 5919 insuper
760 5842 840 5902 idem
854 5839 983 5902 loannes
997 5839 1164 5918 Episcopus
1179 5840 1291 5902 eximia

547 5936 660 6015 pietate
688 5944 718 5998 et
739 5933 890 6010 singulari
917 5931 1103 5996 orthodoxae
1131 5931 1290 6010 religionis

1352 3498 1510 3562 Trinitatis
1542 3495 1627 3558 urbis
1659 3494 1890 3558 Balaslalrensis
1918 3498 2097 3576 existentis,

1350 3595 1551 3664 erectionem,
1574 3607 1645 3654 cum
1666 3592 1811 3655 omnibus
1831 3599 1862 3654 et
1876 3593 2007 3670 siugulis
2026 3611 2098 3658 one-

1351 3689 1446 3763 ribus,
1470 3683 1638 3748 redditibus
1659 3690 1690 3746 et
1711 3685 1957 3749 ordinationibus
1978 3688 2010 3750 in
2032 3705 2098 3751 me·

1350 3788 1466 3845 morata
1487 3777 1670 3840 fundatione
1690 3785 1721 3840 et
1742 3779 1898 3842 erectione
1911 3798 1927 3841 a
1942 3781 2097 3858 praedicto

1351 3877 1509 3954 Episcopo,
1524 3874 1604 3934 sicut
1618 3870 1802 3949 praefertur,
1818 3871 1906 3948 lacta,
1923 3874 2044 3954 aliaque
2057 3877 2097 3937 si-

1349 3969 1466 4032 militer
1486 3967 1565 4030 circa
1586 3963 1771 4041 parochiales
1792 3965 1933 4028 ecclesias
1955 3968 1988 4030 in
2009 3967 2096 4031 dictis

1350 4059 1553 4143 parentalibus
1581 4058 1677 4121 literis
1705 4059 1859 4120 contentis
1881 4067 1911 4122 et
1932 4063 2094 4138 expressis,

1349 4155 1510 4234 apostolica
1540 4159 1645 4215 nostra
1673 4151 1853 4215 auctoritate
1882 4161 1990 4216 tenore
2011 4171 2098 4234 prae·

1348 4248 1485 4312 sentium
1507 4245 1685 4325 plenissime
1706 4246 1909 4324 approbamus
1930 4255 1961 4309 et
1982 4249 2095 4311 contir-

1350 4357 1482 4415 mamus,
1504 4339 1611 4418 illique
1632 4339 1818 4402 inviolabilis
1842 4342 2023 4420 apostolicae
2045 4346 2096 4407 lir-

1348 4436 1463 4500 mitatis
1491 4433 1586 4496 robur
1617 4431 1787 4508 adiicimus,
1810 4433 1851 4496 ita
1872 4443 1907 4496 ut
1928 4437 2096 4515 capitulum

1348 4540 1379 4592 et
1400 4528 1538 4592 canonici
1560 4525 1730 4607 praedictae
1744 4527 1924 4590 cathedralis
1939 4529 2094 4606 ecclesiae,

1348 4640 1408 4698 res,
1442 4622 1530 4694 bona,
1559 4619 1773 4698 proprietates,
1795 4635 1866 4681 cnm
1899 4622 2042 4686 omnibus
2064 4633 2095 4686 et

1347 4715 1478 4792 singulis
1496 4713 1677 4794 privilegiis,
1695 4712 1897 4788 libertatibus,
1914 4716 2095 4780 immunita·

1348 4808 1440 4882 tibus,
1457 4806 1714 4884 exemptionibus
1731 4807 1991 4886 praeeminentiis,
2008 4827 2094 4890 prae-

1347 4901 1504 4979 rogativis,
1534 4899 1791 4975 concessionibus,
1821 4900 1959 4978 indultis,
1982 4903 2093 4966 larari-

1347 4994 1403 5057 bus
1423 5002 1455 5056 et
1476 4992 1592 5070 gratiis,
1608 5001 1669 5056 tam
1677 4993 1891 5072 spiritualibus
1905 5012 1999 5074 quam
2016 5004 2093 5061 tem-

1345 5087 1511 5167 poralibus,
1534 5087 1644 5167 qulbus
1665 5086 1740 5149 aliae
1760 5087 1879 5150 similes
1906 5091 2093 5154 cathedrales

1345 5182 1488 5244 ecclesiae
1509 5182 1542 5243 in
1570 5180 1678 5244 eodem
1709 5195 1806 5257 regno
1838 5183 2019 5262 existentes,
2042 5201 2093 5248 en·

1346 5291 1479 5355 rumque
1500 5275 1629 5353 capitula
1650 5283 1681 5338 et
1703 5277 1906 5352 cananitide
1926 5271 2091 5356 iu're,uso,

1346 5368 1580 5443 consuetudine,
1603 5369 1776 5447 privilegio,
1794 5387 1856 5432 non
1873 5379 1976 5434 tamen
1992 5389 2031 5434 ex
2044 5373 2093 5435 in-

1345 5463 1432 5525 dulte
1453 5479 1508 5524 seu
1539 5462 1701 5540 privilegio
1733 5464 1924 5542 particulari,
1946 5473 1999 5528 aut
2019 5481 2094 5530 one-

1347 5571 1414 5618 roso
1429 5554 1531 5631 titulo,
1546 5563 1691 5630 utuntur,
1708 5557 1870 5635 lruuntur,
1885 5558 2047 5636 potiuntur
2061 5569 2092 5622 et
2142 5567 2148 5582 '

1346 5653 1492 5728 gaudent,
1508 5668 1541 5712 ac
1559 5651 1617 5726 uti,
1634 5651 1706 5726 lrui,
1723 5651 1816 5729 potiri
1831 5659 1861 5714 et
1876 5654 2011 5729 gaudere
2025 5669 2093 5731 pos·

1344 5753 1418 5808 sont
1439 5753 1470 5807 et
1491 5751 1637 5825 poterunt
1658 5744 1692 5806 in
1715 5743 1868 5820 futurum,
1891 5746 2034 5808 similiter
2062 5754 2092 5809 et

1345 5839 1564 5918 parilormiter,
1588 5839 1755 5902 dummodo
1776 5847 1879 5901 umen
1900 5838 1963 5900 siut
1984 5840 2017 5901 in
2033 5857 2092 5901 usu

1346 5941 1376 5994 et
1397 5949 1461 5996 non
1476 5938 1630 6007 revocato,
1647 5931 1801 6010 sacrisque
1815 5931 1983 5995 canonibus
1998 5939 2029 5994 et
2044 5948 2094 5994 or·

2135 541 2191 595 An.
2206 543 2238 597 0.
2259 543 2317 603 teot
