4856 7010
966 571 1022 630 tab
1044 579 1093 631 ab.
1117 567 1175 631 ΧΠ.

298 702 435 781 potentis
462 698 514 766 bei
547 711 581 766 ac
607 696 767 768 beatorum
794 702 876 767 Petri
898 710 928 766 et
957 700 1042 764 Pauli

298 795 519 873 Apostolorum
534 796 600 860 eius
614 814 647 861 se
663 798 786 860 noverit
798 798 1008 861 incursurum.

338 889 449 952 Datum
479 889 604 966 Romae,
630 891 709 968 apud
736 890 767 954 S.
794 891 933 964 Petrum,
962 905 1044 951 anno

297 982 520 1045 incarnationis
542 984 719 1047 Dominicae
741 999 967 1064 uneoexxyn„
983 991 1044 1045 ter-

298 1075 342 1136 tio
363 1075 431 1138 idus
453 1077 569 1154 aprilis,
593 1078 789 1155 pontificatus
804 1078 902 1141 nostri
916 1092 997 1139 anno
1012 1093 1042 1138 v.

624 1455 734 1520 XXVl.

207 1719 209 1726 y
298 1638 468 1720 Escmptt'o
483 1642 688 1706 ecclesiarum
700 1642 889 1706 Belcmcnsis
905 1641 941 1703 dc
956 1638 1045 1702 Porci

339 1743 368 1798 et
393 1737 424 1800 S.
455 1737 608 1798 Lodooici
637 1737 673 1799 dc
699 1739 899 1817 Maruqoooo
931 1736 1045 1797 diora

338 1830 574 1909 metropolitico
596 1829 811 1894 Putriurcbas
830 1827 1043 1898 listronensis,

338 1921 534 2002 illarumque
564 1921 720 1987 subiectio
750 1919 1044 2000 crebiepiscopctui

338 2017 537 2080 sanctissimi
561 2017 741 2080 Scioutoris
762 2018 798 2079 iu
819 2016 976 2079 Brasitio.

518 2201 590 2269 teo
613 2199 830 2269 anscerus
884 2185 885 2188 ‘

487 2379 597 2431 seruus
619 2379 774 2432 seruorum
796 2362 861 2442 Dei,

390 2543 392 2548 .
420 2484 456 2552 sd
480 2489 655 2570 perpetuam
679 2485 724 2552 rei
747 2483 925 2552 memoriam.

86 2685 264 2732 rrooomrum.
338 2675 357 2750 θ
381 2675 407 2736 l.
431 2675 643 2738 Romanorum
667 2673 854 2737 Pontificum
885 2671 1045 2750 vigilantia

298 2767 331 2829 in
353 2767 538 2830 universalis
564 2767 715 2831 Ecclesiae
742 2766 896 2844 regimine
927 2767 963 2828 ad
993 2764 1045 2826 illa

299 2863 391 2923 etiam
409 2878 495 2924 curas
509 2878 579 2923 suas
595 2861 746 2936 extendit,
763 2860 886 2939 quaein
902 2858 1044 2920 omnium

299 2953 559 3019 christifidelium
591 2953 760 3016 utilitatem
788 2960 819 3016 et
845 2954 1045 3015 commodum

298 3056 474 3129 opportune
495 3056 611 3127 queant
632 3048 783 3112 converti.

75 3155 206 3213 expositio
226 3167 279 3215 pre·
338 3145 357 3219 ἓ
378 3143 408 3204 2.
432 3141 591 3204 Exhibitus
612 3142 724 3204 idcirco
739 3140 827 3203 nobis
848 3158 863 3202 a
884 3140 996 3205 dilecto
1011 3140 1046 3201 ll-

64 3219 127 3256 ⁰¹¹¹¹¹'
298 3236 339 3298 lio
361 3235 510 3311 magistro
535 3235 696 3298 Francisco
719 3235 830 3298 Correo
857 3233 979 3311 Vidigol
999 3251 1044 3296 ca·

299 3329 413 3391 nissimi
436 3330 466 3391 in
496 3327 620 3390 Christo
642 3327 697 3389 filii
720 3328 819 3389 nostri
848 3327 930 3391 Petri
952 3329 1044 3405 primi

298 3422 443 3484 Brasiliae
474 3422 669 3500 imperatoris
697 3420 774 3498 apud
803 3438 859 3483 nos
879 3430 910 3483 et
933 3423 1043 3485 Sedem

299 3516 504 3594 apostolicam
521 3515 665 3577 ministro
680 3515 950 3592 plenipotentiario
967 3516 1045 3578 eius·

300 3610 370 3672 dem
389 3609 582 3688 imperatoris
597 3607 724 3669 nomine
740 3607 829 3669 bilari
844 3609 949 3670 animo
964 3609 1045 3671 exci-

299 3704 414 3781 piendo
437 3717 540 3779 preces
560 3701 763 3778 respicientes
778 3717 873 3763 unam
883 3701 1045 3764 Belemen·

301 3813 367 3859 sem
389 3797 427 3858 de
457 3797 542 3870 Pari,
564 3803 597 3857 et
624 3796 751 3859 alteram
782 3794 812 3861 S.
839 3797 987 3860 Ludovici
1008 3797 1044 3860 de

298 3892 485 3966 tlaragnano
506 3889 691 3967 episcopales
712 3889 864 3964 ecclesias,
884 3907 961 3970 quae
976 3899 1045 3953 actu

299 3987 432 4047 subsunt
454 3984 514 4045 iuri
536 3984 764 4062 metropolitico
779 3985 965 4047 venerabilis
986 3985 1045 4047 tra·

300 4078 355 4140 tris
387 4077 578 4138 Patriam-bae
604 4076 818 4153 Lisbonensis,
848 4079 1045 4156 inspectaque

300 4170 422 4247 ingenti
443 4169 583 4230 locorum
605 4170 748 4231 distantia
770 4175 801 4232 et
822 4171 914 4232 maris
935 4172 1044 4235 Oceani

301 4263 471 4327 necessaria
493 4263 719 4337 interiectione,
740 4263 827 4326 laeile
841 4266 1045 4341 cognovimus

301 4358 382 4436 quod
405 4355 530 4418 nonnisi
558 4355 710 4418 diuturno
737 4355 849 4418 inlesto
870 4366 901 4419 et
926 4359 1046 4435 pericu·

301 4453 365 4514 loso
396 4451 508 4512 itinere
538 4453 621 4527 patet
651 4449 736 4510 inter
762 4465 810 4512 eas
841 4465 989 4526 accessus,
1012 4467 1046 4513 ao

300 4546 430 4624 proinde
451 4560 529 4623 quae
543 4542 762 4619 metropolitici
783 4545 860 4606 iuris
874 4553 948 4608 sunt
969 4545 1046 4608 ditll·

301 4638 416 4702 cillime
430 4636 547 4716 peragi,
560 4643 590 4698 et
605 4636 808 4714 exequutioni
830 4638 967 4700 mandari
980 4655 1045 4718 pos-

300 4741 385 4798 sunt.

339 4829 359 4904 ἓ
380 4827 409 4890 3.
433 4825 520 4889 Votis
541 4831 702 4903 propterea
716 4825 829 4888 laudati
852 4827 1045 4904 imperatoris

301 4923 435 4985 libenter
455 4920 675 4994 obsecundare,
692 4934 725 4980 ac
739 4917 924 4996 populorum
941 4921 972 4983 in
986 4923 1045 4984 illis

302 5014 480 5092 regionibns
501 5013 684 5089 degentium
707 5012 787 5074 bono
802 5021 833 5074 et
847 5015 1044 5091 negotiorum

301 5116 461 5187 promptae
475 5123 508 5169 ac
522 5104 650 5167 feliciori
665 5104 855 5184 expeditioni
871 5114 1045 5185 opportune

300 5201 464 5266 consulere
474 5200 646 5277 cupientes,
658 5215 694 5258 ex
707 5207 788 5259 certa
799 5199 925 5261 scientia
937 5218 970 5262 ac
981 5217 1047 5264 ma-

302 5304 369 5358 tura
392 5292 615 5358 deliberatione
636 5292 761 5366 nostris,
784 5291 883 5370 deque
905 5295 1046 5373 apostoli·

301 5405 353 5452 cae
373 5387 530 5467 potestatis
551 5384 757 5464 plenitudine,
774 5384 985 5463 quorumlibet
999 5389 1047 5450 in-

301 5489 415 5544 teresse
427 5478 609 5542 trabentium
619 5477 796 5555 supplentes
808 5480 971 5541 consensui
982 5495 1045 5542 me·

300 5581 433 5635 moratas
455 5571 669 5634 Belemensem
691 5571 729 5632 de
749 5570 823 5632 Para
844 5579 875 5634 et
896 5569 927 5633 S.
946 5573 1046 5636 Ludo·

300 5667 360 5731 vici
380 5667 419 5729 de
447 5665 632 5742 tlaragnano
659 5665 844 5744 episcopales
868 5669 1008 5733 ecclesias
1030 5687 1046 5732 a

301 5755 496 5841 quacumque
516 5760 720 5840 dependentia
741 5769 772 5822 et
788 5761 980 5825 subiectione
995 5779 1045 5842 pa-

302 5855 481 5918 triarchatui
509 5853 691 5916 Lisbonensl
714 5853 853 5932 plenarie
877 5855 1045 5919 eximimus

300 5955 332 6012 et
353 5947 532 6026 liberamus,
544 5947 673 6028 illasque
694 5947 966 6028 archiepiscopatui
978 5967 1046 6013 san·

90 4840 169 4884 Tertor
182 4847 283 4884 conces·

73 4891 155 4938 sionis.

1768 559 1827 638 685
1876 572 1931 629 An.
1945 567 1976 632 0.
1997 561 2067 628 182?

1099 703 1227 767 ctissimi
1250 706 1415 772 salvatoris
1438 707 1470 774 in
1493 706 1619 774 Brasilia
1639 708 1845 786 suffraganeas

1099 798 1315 877 adsignemus,
1345 804 1501 882 huiusque
1531 803 1593 865 iuri
1621 802 1847 883 metropolitico

1103 893 1283 956 omnimode
1304 911 1337 956 ac
1358 903 1508 974 perpetuo
1529 897 1733 975 supponimus
1755 903 1847 974 atque

1101 984 1301 1065 subiicimus;
1323 987 1365 1049 ita
1388 997 1422 1050 ut
1449 989 1635 1052 venerabilis
1666 988 1761 1051 trater
1782 1005 1849 1051 mo-

1102 1076 1217 1140 dernus
1239 1080 1494 1159 drobiepiscopus
1508 1080 1691 1144 sanctissimi
1712 1079 1848 1144 Salvato-

1102 1172 1156 1248 ris,
1172 1172 1318 1251 illiusque
1333 1175 1365 1234 in
1381 1173 1674 1253 archiepiscopatum
1696 1191 1848 1238 successo·

1103 1281 1162 1341 res,
1185 1267 1333 1329 omnibus
1354 1285 1387 1330 ac
1407 1266 1541 1344 singulis
1562 1268 1700 1345 iuribus,
1722 1269 1848 1346 privile·

1103 1359 1161 1435 giis
1182 1366 1213 1421 et
1234 1359 1430 1422 facultatibus
1453 1361 1485 1425 in
1508 1361 1675 1439 praedictas
1701 1361 1848 1438 sullraga-

1102 1467 1176 1513 neas
1189 1452 1336 1532 polleant,
1349 1470 1426 1532 quae
1441 1453 1513 1532 ipsis
1529 1455 1613 1516 iuxta
1627 1470 1785 1518 sacrorum
1801 1471 1848 1516 ca·

1102 1561 1223 1609 nonum
1258 1548 1442 1627 praescripta
1477 1547 1616 1624 legitime
1647 1555 1787 1627 spectant
1816 1555 1848 1611 et

1102 1646 1294 1717 competunt.

1141 1733 1210 1810 §ln
1234 1735 1412 1797 Praesentes
1434 1743 1538 1798 autem
1560 1737 1674 1812 literas,
1699 1745 1731 1798 et
1751 1738 1784 1797 iu
1804 1737 1848 1798 eis
1886 1744 2008 1794 clausura
2022 1747 2080 1793 suo-

1101 1834 1247 1888 contenta
1275 1843 1500 1907 quaecumque,
1524 1828 1618 1890 etiam
1641 1844 1738 1892 exeo
1764 1831 1845 1908 quod
1866 1797 1923 1900 ¹12¹ss
1939 1799 2078 1900 lircil?

1101 1919 1232 1999 quilibet
1253 1921 1285 1982 in
1308 1921 1481 1999 praemissis
1508 1922 1659 1984 interesse
1686 1921 1846 1997 habentes,

1102 2013 1152 2075 vel
1173 2013 1284 2077 habere
1299 2015 1546 2092 praetendentes,
1564 2016 1623 2079 illis
1638 2033 1704 2080 non
1719 2032 1847 2079 consen-

1101 2109 1212 2184 serint,
1224 2125 1257 2170 ac
1268 2110 1365 2171 vocati
1378 2117 1409 2171 et
1420 2110 1516 2172 auditi
1534 2126 1597 2173 non
1613 2110 1744 2185 luerint,
1760 2110 1848 2174 nullo

1103 2220 1252 2282 umquam
1274 2210 1413 2282 tempore
1436 2203 1473 2266 de
1494 2205 1704 2282 subreptionis
1725 2203 1775 2267 vel
1797 2204 1848 2266 ob·

1102 2299 1253 2377 reptionis
1271 2306 1324 2360 aut
1338 2298 1492 2361 nullitatis
1503 2298 1581 2360 vitio
1597 2313 1653 2360 seu
1664 2298 1848 2360 intentionis

1102 2401 1224 2454 nostrae
1234 2392 1286 2454 vel
1301 2392 1360 2454 alio
1375 2393 1577 2471 quantumvis
1591 2391 1785 2454 substantiali
1797 2392 1848 2456 de·

1101 2485 1184 2549 lectu
1206 2487 1319 2561 notari,
1343 2485 1531 2563 impugnari,
1548 2491 1600 2547 aut
1621 2485 1653 2547 in
1669 2495 1849 2548 controver-

1102 2579 1178 2641 siam
1199 2581 1302 2642 vocari
1325 2593 1473 2656 umquam
1496 2575 1650 2657 posse,sed
1671 2593 1794 2655 semper
1815 2594 1848 2640 ac

1102 2679 1253 2752 perpetuo
1280 2670 1396 2734 validas
1427 2677 1457 2731 et
1485 2670 1621 2732 efficaces
1651 2671 1786 2732 existere
1817 2677 1848 2731 et

1102 2765 1186 2840 lore,
1215 2779 1349 2843 suosque
1379 2762 1532 2842 plenarios
1558 2772 1589 2826 et
1617 2763 1755 2839 integros
1776 2762 1847 2824 elle-

1103 2867 1169 2921 ctus
1191 2858 1297 2920 sortiri
1318 2865 1349 2918 et
1370 2856 1523 2930 obtinere,
1540 2871 1573 2918 ac
1594 2857 1631 2920 ab
1652 2856 1797 2919 omnibus
1811 2855 1848 2916 ad

1102 2968 1180 3032 quos
1195 2949 1561 3029 spectat,inviolabiliter
1582 2949 1738 3013 observari
1759 2949 1848 3012 debe·

1102 3062 1147 3110 re.
1165 3045 1242 3107 Etsi
1264 3059 1351 3106 secus
1367 3058 1460 3121 super
1475 3041 1522 3104 his
1536 3061 1552 3104 a
1567 3057 1724 3122 quoquam
1740 3043 1848 3121 quavis

1102 3139 1284 3202 auctoritate
1303 3137 1438 3199 scienter
1453 3134 1502 3197 vel
1517 3136 1697 3212 ignoranter
1711 3135 1849 3212 contige·
1917 3162 1922 3171 ·

1102 3235 1142 3296 rit
1162 3230 1320 3307 attentari,
1337 3228 1462 3293 irritum
1484 3245 1611 3308 prorsus
1633 3236 1664 3290 et
1685 3229 1778 3291 inane
1796 3228 1848 3290 de·

1101 3328 1268 3393 cernimus.

1142 3425 1161 3502 §
1182 3423 1212 3484 5.
1229 3420 1297 3484 Non
1314 3419 1504 3483 obstantibus
1518 3419 1688 3498 quibusvis,
1704 3419 1799 3481 etiam
1814 3418 1846 3482 in
1878 3431 2080 3490 uorogarroeon-

1101 3516 1311 3598 synodalibus,
1331 3513 1572 3592 provincialibus
1589 3514 1847 3592 generalibusque
1865 3486 2012 3534 scortorum.

1101 3611 1240 3676 conciliis
1261 3611 1351 3672 editis
1372 3607 1645 3672 constitutionibus
1669 3617 1700 3673 et
1725 3609 1848 3672 ordina·

1103 3707 1238 3770 tionibus
1269 3702 1452 3782 apostolicis,
1481 3703 1769 3781 antedictarumque
1797 3720 1848 3783 pa-

1103 3799 1286 3875 triarchalis,
1302 3796 1564 3874 archiepiscopalis
1585 3804 1616 3858 et
1631 3796 1848 3876 episcopalium

1101 3893 1301 3956 ecclesiarum
1322 3891 1454 3965 statutis,
1478 3890 1609 3965 iuribus,
1626 3890 1796 3969 privilegiis
1816 3897 1847 3952 et

1102 3983 1393 4060 consuetudinibus;
1425 3982 1539 4062 quibus
1559 3982 1704 4045 omnibus
1732 3990 1763 4044 et
1783 3984 1847 4044 sin-

1103 4079 1183 4158 gulis
1204 4078 1331 4139 illorum
1355 4085 1478 4138 tenores
1506 4091 1561 4155 pro
1585 4076 1678 4154 plene
1705 4085 1736 4137 et
1762 4075 1848 4138 suld-

1102 4175 1220 4236 cienter
1235 4170 1386 4249 expressis
1402 4169 1560 4244 babentes,
1577 4168 1636 4230 illis
1650 4169 1723 4231 alias
1744 4169 1777 4230 in
1792 4186 1848 4231 suo

1103 4268 1214 4330 robore
1236 4263 1457 4346 permansuris,
1481 4262 1516 4324 ad
1542 4263 1784 4341 praemissorum
1805 4263 1848 4325 el·

1101 4361 1217 4424 lectum
1240 4359 1423 4434 derogamus
1443 4365 1475 4418 et
1496 4357 1679 4433 derogatum
1706 4371 1772 4419 essa
1794 4372 1847 4419 ro-

1102 4456 1218 4529 lumus,
1241 4451 1432 4528 caeterisque
1450 4449 1483 4511 in
1496 4451 1690 4512 contrarium
1711 4449 1848 4512 laciend-

1102 4549 1159 4611 bus
1180 4546 1438 4625 quibuscumque.
1502 4549 1504 4552 ’

1142 4642 1211 4719 §b
1240 4639 1325 4704 Nulli
1358 4655 1433 4716 crgo
1464 4641 1595 4703 omuino
1621 4641 1786 4705 bominum
1812 4641 1847 4703 li·
1900 4653 2003 4703 sancus
2023 4665 2078 4713 pos·

1101 4744 1168 4800 ceat
1196 4738 1274 4798 banc
1299 4733 1444 4813 paginam
1477 4743 1602 4796 nostrae
1629 4735 1846 4814 exemptionis,
1866 4707 1940 4755 ⁰³¹¹&

1102 4829 1309 4903 liberationis,
1341 4827 1573 4904 assignationis,
1608 4828 1846 4907 suppositionis,

1101 4923 1323 4996 subiectionis,
1348 4921 1480 4996 decreti,
1509 4922 1718 4999 derogationis
1739 4938 1774 4983 ac
1794 4938 1849 4984 ro-

1102 5017 1229 5080 luntatis
1255 5013 1439 5090 intringere,
1468 5013 1519 5075 rel
1540 5015 1568 5075 ei
1590 5030 1667 5077 ausu
1682 5016 1848 5077 temerario

1103 5109 1276 5185 contraire;
1292 5109 1317 5169 si
1330 5107 1399 5186 quis
1408 5116 1513 5169 autem
1524 5107 1582 5170 hoc
1596 5115 1748 5170 attentare
1762 5123 1848 5186 prae·

1100 5202 1278 5280 sumpserit,
1292 5200 1536 5278 indignationem
1557 5201 1779 5278 omnipotentis
1794 5201 1847 5262 liei

1102 5315 1136 5360 ac
1147 5298 1306 5359 beatorum
1322 5293 1405 5356 Petri
1415 5301 1445 5354 et
1455 5291 1538 5355 Pauli
1551 5293 1769 5372 Apostolorum
1781 5297 1847 5357 eius

1101 5407 1133 5453 se
1154 5389 1278 5452 noverit
1299 5388 1509 5450 incursurum.

1142 5484 1254 5545 Datum
1285 5482 1400 5544 Romae
1431 5480 1510 5557 apud
1541 5479 1573 5543 S.
1606 5481 1734 5544 Petrum
1764 5497 1848 5546 anno

1102 5573 1324 5638 incarnationis
1350 5572 1527 5635 Dominicae
1555 5573 1724 5636 millesimo
1751 5577 1848 5639 octin-

1103 5669 1278 5748 gentesimo
1299 5680 1399 5728 xxvii.
1422 5666 1515 5728 nonis
1536 5665 1627 5744 iunii,
1650 5669 1848 5746 pontificatus

1104 5762 1202 5828 nostri
1224 5777 1305 5824 anno
1326 5776 1356 5821 v.

1355 5918 1593 5930 κιο-ψ...-
