4856 7010
364 479 418 534 An.
434 483 463 536 0.
485 482 553 534 1829
604 481 662 546 722

362 1841 562 1896 Derogatiocon·

349 1895 493 1940 traciarum.

375 3633 543 3679 Prooemium.

363 4483 492 4540 expositio
508 4494 559 4540 pre-

347 4547 411 4583 cum.

583 618 659 678 cesis
687 617 722 679 ad
753 623 916 696 utramque
946 617 1044 679 libeni
1070 618 1187 696 ripam,
1216 619 1327 698 quibus

583 711 756 774 acatholicis
772 712 862 773 mixti
878 712 986 774 diurna
1003 711 1145 773 mercede
1167 712 1262 772 vitam
1278 729 1327 772 su-

581 813 732 882 stentant,
755 804 838 867 lestis
860 806 978 880 diebus,
1009 806 1143 882 exceptis
1165 805 1328 867 dominicis

583 897 862 976 festivitatibuspue
883 897 1058 960 Natiuitatis
1080 907 1111 960 et
1133 899 1327 960 ascensionis

583 990 706 1053 Domini
718 992 815 1053 nostri
831 991 897 1052 lesu
915 991 1027 1054 Christi
1043 999 1074 1052 et
1088 991 1236 1053 Omnium
1252 991 1327 1054 San-

583 1091 716 1162 ctorum,
740 1101 796 1146 neo
818 1101 881 1146 non
906 1085 1133 1164 assumptionis
1158 1084 1191 1145 B.
1218 1083 1327 1146 llariae

584 1178 722 1255 Virginis
744 1179 958 1241 immaculatae
982 1177 1075 1257 (quod
1094 1189 1196 1238 tamen
1211 1177 1324 1240 festum

583 1273 614 1335 iu
638 1273 810 1351 proximam
832 1271 1028 1345 dominicam,
1052 1280 1144 1350 prout
1169 1271 1325 1344 asseritur,

584 1367 763 1428 translatum
779 1368 848 1444 est),
866 1383 950 1430 sacro
971 1367 1075 1430 aridito
1098 1367 1242 1444 operibus
1263 1382 1326 1426 ser-

581 1459 697 1520 vilibus
719 1459 835 1538 possint
866 1474 983 1534 vacare,
1007 1465 1098 1537 atquc
1120 1461 1161 1520 ita
1189 1458 1222 1519 in
1245 1459 1326 1519 dioe-

581 1551 642 1614 cesi
669 1552 756 1614 acin
783 1549 849 1613 aliis
876 1551 1101 1630 metropolitico
1132 1553 1200 1613 iure
1225 1550 1323 1612 eidem

581 1646 725 1708 subiectis
747 1647 825 1708 lrautc
847 1645 1038 1724 disciplinam
1068 1643 1257 1706 uuilormem
1280 1643 1326 1705 lu-

583 1748 684 1800 turam
705 1738 907 1801 declaramus.

622 1833 640 1906 5
661 1832 689 1893 3.
709 1830 1248 1911 llaecvolumusatquemandamus,
1262 1846 1325 1890 non

582 1925 771 1988 obstantibus
793 1926 937 1987 erunibus
965 1925 1012 2000 iis,
1036 1942 1113 2001 qliae
1135 1923 1166 1984 in
1191 1939 1324 1985 comme-

581 2019 707 2080 moratis
730 2018 825 2080 literis
854 2017 965 2080 Leonis
990 2018 1053 2080 llll.
1084 2016 1324 2094 praedecessoris

582 2113 679 2173 nostri
700 2119 823 2188 possent
845 2112 975 2172 obstare.

620 2206 730 2267 Datum
762 2204 887 2278 Romae,
911 2205 988 2282 apud
1018 2204 1049 2267 S.
1080 2204 1206 2266 lllariam
1235 2203 1324 2266 llaio-

580 2314 647 2360 rem
662 2299 720 2359 sab
734 2297 850 2358 annulo
872 2297 1042 2373 Piscatoris,
1059 2299 1107 2358 die
1128 2314 1184 2372 vu,
1201 2298 1322 2373 augusti

581 2408 794 2466 upccoxrrx,
815 2391 1011 2470 pontificatus
1028 2391 1126 2452 nostri
1143 2406 1224 2452 anne
1242 2407 1262 2452 ι.

834 2597 1072 2605 Μ

914 2772 988 2836 litt.

581 2963 692 3044 Eripit
713 2977 826 3025 accam
855 2961 1020 3023 dioecesim
1042 2959 1078 3020 ia
1105 2955 1214 3018 insula
1236 2955 1324 3033 priu-

619 3059 700 3135 cipis
727 3054 887 3125 Eduardi,
915 3055 950 3114 iu
977 3055 1065 3116 Noua
1091 3049 1268 3128 Brunopoli
1289 3049 1324 3110 io

618 3149 697 3214 erbe
721 3147 1030 3225 Coroliuopolitauo.

819 3317 905 3386 atus
928 3317 988 3384 ΡΡ.
1013 3316 1083 3386 lllll.

697 3444 734 3511 ad
756 3448 929 3530 perpetuam
953 3443 997 3509 rei
1024 3441 1202 3507 memoriam.

618 3623 637 3696 5
660 3621 685 3681 l.
710 3620 796 3683 luter
817 3619 1005 3696 multiplices
1025 3618 1279 3696 gravissimasque
1295 3633 1324 3678 a·

577 3713 745 3794 postulatus
767 3713 865 3775 nostri
880 3729 967 3776 curas
990 3726 1053 3773 non
1071 3710 1213 3788 exiguam
1231 3727 1263 3771 ea
1281 3718 1324 3772 te·

579 3813 632 3870 net
653 3815 784 3886 partem,
806 3823 884 3886 quae
907 3806 1093 3868 dioecesium
1123 3820 1177 3883 per
1198 3804 1325 3866 univer·

577 3917 648 3963 sum
670 3900 778 3962 orbem
799 3901 923 3978 respicit
945 3907 1077 3975 statum;
1100 3899 1253 3978 siquidem
1274 3915 1324 3960 su-

578 4007 703 4074 premae
724 3994 880 4072 potestatis
902 3993 1070 4071 iudiciique
1095 3992 1190 4053 nostri
1217 3997 1262 4053 est
1288 3992 1323 4053 il-

579 4086 621 4148 las
637 4087 801 4162 moderari,
815 4101 983 4165 earumque
998 4085 1114 4147 limites
1136 4087 1324 4148 constituere

578 4181 628 4242 vel
650 4182 828 4264 immutare,
850 4187 954 4259 prout,
979 4179 1079 4240 lrabita
1101 4186 1276 4256 temporum
1291 4197 1324 4242 ac

578 4273 883 4336 circumstantiarum
899 4272 1030 4347 ratione,
1043 4272 1183 4335 fidelium
1198 4272 1322 4336 utilitati

578 4367 749 4430 convenire
770 4365 990 4443 dignoscimus.

618 4461 686 4536 ἐξ.
716 4461 820 4536 Quum
844 4459 997 4537 siquidem
1030 4459 1119 4522 nobis
1148 4459 1321 4537 expositum

577 4555 628 4632 sit,
650 4555 686 4618 ad
707 4553 868 4631 religionis
890 4553 1007 4614 bonum
1029 4554 1060 4614 in
1084 4554 1186 4615 insula
1210 4553 1323 4631 priuci-

577 4650 622 4727 pis
645 4648 778 4712 Eduardi
800 4647 832 4710 iu
855 4645 939 4708 Nova
968 4647 1138 4726 Brunopoli
1160 4653 1191 4708 et
1213 4647 1323 4709 insulis

578 4743 772 4819 llagdalenae
805 4741 913 4804 utilius
942 4749 1033 4819 atque
1064 4739 1246 4818 expeditiori
1278 4758 1324 4803 ca·

579 4836 662 4898 tione
683 4838 926 4916 procurandum,
951 4843 1163 4913 opportunum
1185 4850 1250 4897 esse
1275 4851 1325 4898 eas

577 4930 719 5006 regiones
744 4945 761 4990 e
790 4929 920 4991 dioecesi
950 4929 1138 5002 Quebecensi
1169 4944 1321 5007 separare,

577 5033 670 5102 atque
692 5024 724 5084 iu
746 5022 932 5100 peculiarem
958 5021 1166 5100 episcopatum
1189 5022 1321 5098 erigere,

576 5133 632 5179 nos
654 5133 720 5178 rem
744 5117 820 5177 tanti
843 5116 992 5177 momenti
1015 5115 1254 5192 congregationi
1270 5130 1321 5176 ve-

577 5210 763 5272 necabilium
774 5209 904 5270 iratrum
916 5219 1095 5271 nostrorum
1105 5210 1241 5285 negociis
1250 5210 1322 5271 Pre-

576 5304 731 5381 pagandae
755 5303 840 5364 Fidei
866 5303 1110 5381 praepositorum
1142 5304 1321 5364 examinan-

577 5397 644 5458 dam
666 5396 893 5472 commisimus3
916 5397 1008 5458 rebus
1024 5395 1154 5474 proinde
1175 5398 1321 5460 omnibus

577 5497 699 5552 mature
720 5490 877 5568 perpensis
899 5497 928 5551 et
949 5490 1111 5569 praecipue
1130 5491 1248 5552 ratione
1271 5493 1321 5551 ba·

578 5583 637 5644 bita
648 5583 820 5658 literarum,
830 5584 942 5662 quibus
952 5600 1025 5646 ren.
1040 5583 1134 5646 irater
1145 5585 1319 5646 Bernardus

578 5676 721 5739 Claudius
741 5677 835 5738 Panet
849 5678 1100 5756 archiepiscopus
1115 5678 1320 5751 Quebecensis

577 5769 673 5832 libere
684 5789 717 5832 ac
727 5769 901 5833 loculenter
913 5772 1120 5834 manifestavit
1135 5787 1320 5834 consensum

576 5879 669 5926 suum
691 5865 728 5927 de
753 5872 995 5928 memoratarum
1023 5867 1189 5942 regionum
1210 5883 1226 5926 a
1247 5869 1319 5931 sede

1101 499 1164 544 tua.
1190 497 1280 543 PONT·
1306 498 1344 541 Dii
1367 499 1394 541 P.
1421 495 1448 542 F·
1474 497 1555 544 PARS
1579 497 1598 540 l.

2159 483 2244 535 Aac.
2262 491 2309 543 reat
2375 479 2376 482 ’

1385 633 1438 678 sua
1450 617 1652 696 separatione,
1664 616 1702 680 de
1717 616 1899 680 eorumdem
1912 615 2043 680 iratrum
2058 635 2128 681 cen-

1383 711 1464 785 silio,
1487 711 1624 774 eiusdem
1647 714 1836 792 episcopatus
1858 713 2048 775 erectionem
2063 731 2129 793 per-

1385 804 1493 866 utilem
1516 807 1729 881 cognovimus.

1423 899 1493 974 §b
1523 899 1606 962 lllotu
1634 900 1730 977 igitur
1757 901 1892 980 proprio,
1922 909 1953 963 et
1980 918 2018 964 ex
2047 911 2128 964 certa
2167 920 2322 982 reparate,

1383 994 1523 1068 scientia,
1547 994 1647 1073 deque
1662 995 1843 1074 apostolicae
1858 996 2016 1072 potestatis
2031 997 2131 1074 pleni·
2148 981 2225 1016 ”⁰⁰¹⁵

1385 1088 1503 1162 turline,
1528 1088 1658 1150 insulam
1682 1088 1825 1165 principis
1848 1087 1992 1162 Etluardi,
2009 1087 2128 1150 Novam

1385 1181 1583 1257 Brunopolim
1608 1189 1638 1244 et
1659 1181 1775 1242 insulas
1796 1180 1991 1258 Magdalenae
2012 1199 2026 1240 a
2048 1182 2131 1242 dioe-

1384 1273 1444 1333 cesi
1465 1273 1656 1348 Quebecensi
1685 1280 1834 1352 perpetuo
1862 1283 2056 1352 separantes,
2080 1291 2131 1334 eas

1385 1366 1526 1440 regiones
1554 1367 1585 1428 in
1617 1368 1802 1444 peculiarem
1828 1369 2048 1446 episcopatum,
2076 1369 2130 1445 qui

1384 1461 1564 1536 ceteroquin
1588 1460 1659 1520 boic
1676 1459 1705 1522 S.
1725 1459 1795 1523 Scdi
1811 1461 1918 1522 debeat
1933 1477 1998 1521 esse
2020 1461 2132 1521 imme·

1384 1551 1464 1613 diate
1484 1553 1651 1627 subiectus,
1668 1555 1766 1614 tlonec·
1787 1555 1876 1615 aliter
1890 1555 1927 1613 ab
1944 1555 2004 1631 ipsa
2020 1553 2130 1616 Sancta

1383 1642 1460 1705 Sede
1482 1653 1648 1718 statuatur,
1672 1645 1821 1722 cuiusque
1842 1645 2020 1724 episcopalis
2042 1647 2130 1708 sedes

1382 1737 1420 1798 sit
1442 1738 1471 1798 in
1494 1737 1592 1799 insula
1616 1738 1760 1816 principis
1787 1740 1919 1816 Epuardi
1941 1739 2016 1800 urbs
2038 1741 2130 1801 Caro-

1383 1830 1592 1908 linopolitana,
1616 1848 1653 1892 er
1675 1849 1735 1909 qua
1756 1833 1916 1892 derivetur
1939 1834 2129 1910 episcopatus

1382 1921 1520 1984 ciusdem
1543 1923 1663 1998 titulus,
1691 1933 1722 1984 et
1750 1924 1803 2002 qui
1826 1923 1961 2002 denique
1989 1940 2130 2002 compre-

1383 2015 1495 2076 bendat
1507 2015 1537 2076 in
1551 2017 1678 2078 dioecesi
1691 2015 1756 2093 sira,
1767 2025 1888 2092 praeter
1899 2015 2032 2077 insulam
2043 2017 2129 2096 prin·

1382 2107 1455 2185 cipis
1478 2109 1622 2184 litluardi,
1641 2109 1760 2171 Novam
1777 2109 1980 2188 Brunopolim
1995 2120 2026 2172 et
2042 2111 2131 2172 iusu-

1383 2201 1424 2262 las
1445 2201 1652 2278 Magdalenae,
1676 2203 1705 2262 vi
1730 2203 1939 2280 praesentium
1966 2203 2127 2266 literarum

1381 2294 1530 2372 erigimus
1551 2303 1642 2374 atque
1663 2297 1837 2358 statuimus.
2375 2351 2376 2368 ,

1421 2389 1489 2462 §la
1512 2389 1719 2451 lsslecernentes
1741 2390 1792 2450 bas
1815 2390 1916 2452 literas
1938 2406 2061 2468 semper
2077 2392 2128 2452 tir-
2164 2409 2326 2457 clauserant
2375 2369 2376 2406 ¹

1383 2497 1457 2556 mas,
1483 2483 1598 2543 validas
1620 2491 1650 2543 et
1675 2483 1809 2544 efficaces
1837 2485 1972 2546 existere
1993 2501 2026 2545 ac
2048 2484 2127 2559 lore,
2147 2462 2199 2561 {iffi
2214 2465 2325 2563 ,⁰5‘,1,“,},⁰,f''·
2375 2525 2376 2542 t

1381 2590 1514 2652 suosque
1530 2575 1682 2653 plenarios
1702 2583 1733 2638 et
1755 2577 1893 2654 integros
1915 2577 2043 2640 effectus
2064 2595 2128 2638 sor-

1383 2668 1432 2728 tiri
1455 2675 1486 2730 et
1501 2669 1654 2744 obtinere,
1676 2679 1707 2732 et
1729 2672 1833 2732 emnia
1855 2671 1939 2732 iuxta
1961 2670 2126 2749 praemissa

1381 2763 1703 2840 accurateadimpleri;
1719 2765 1822 2842 sieque
1838 2765 1868 2824 in
1885 2765 2058 2842 praemissis
2074 2780 2128 2843 per

1381 2872 1593 2934 quoscumque
1608 2858 1723 2920 iudices
1738 2859 1906 2920 ordinarios
1917 2866 1948 2921 et
1959 2860 2127 2936 delegatos,

1381 2952 1473 3011 etiam
1494 2968 1655 3014 causarum
1670 2952 1773 3031 palatii
1789 2953 1943 3031 apostolici
1960 2956 2127 3031 auditores,

1382 3045 1507 3132 iudicari
1530 3053 1561 3106 et
1583 3046 1705 3106 deliniri
1738 3046 1860 3116 debere,
1884 3064 1917 3108 ac
1948 3048 2074 3109 irritum
2096 3058 2128 3109 et

1381 3137 1491 3212 inane,
1517 3139 1541 3197 si
1565 3154 1653 3200 secus
1674 3153 1766 3216 super
1789 3139 1836 3200 bis
1852 3157 1866 3199 a
1881 3155 2039 3218 quoquam
2053 3159 2130 3220 pua-

1381 3231 1427 3290 vis
1448 3233 1629 3294 auctoritate
1647 3234 1782 3295 scienter
1795 3234 1844 3295 vel
1860 3235 2040 3309 ignoranter
2055 3251 2128 3298 con·

1382 3325 1487 3402 tigerit
1509 3328 1664 3388 attentari.

1420 3421 1439 3496 5
1460 3421 1489 3482 ὅ.
1514 3420 1582 3482 Non
1603 3421 1793 3484 obstantibus
1808 3421 2082 3486 constitutionibus
2097 3431 2128 3486 et
2156 3453 2324 3506 „erogatam

1379 3514 1623 3577 ordinationibus
1643 3513 1827 3591 apostolicis,
1843 3531 1900 3578 neo
1921 3532 1985 3579 non
2008 3520 2130 3595 praedi·
2147 3505 2276 3551 “mlii

1379 3616 1443 3669 ctae
1456 3608 1660 3682 Quebecensis
1671 3607 1815 3672 ecelesiae
1830 3612 1921 3671 etiam
1936 3612 2125 3688 iuramento,

1338 3713 1341 3720 '
1379 3701 1614 3764 confirmatione
1635 3703 1875 3780 apostolicare
1898 3705 2006 3782 quavis
2029 3706 2127 3766 sumi·

1380 3801 1439 3856 tate
1461 3795 1518 3856 alia
1540 3797 1820 3858 roboratisstatutis
1842 3804 1873 3858 et
1894 3799 2127 3860 consuctudini-

1380 3889 1446 3962 bus,
1470 3889 1658 3968 caeterisque
1673 3891 1835 3951 contrariis
1854 3891 2117 3970 quibuscumque.

1419 3983 1529 4044 Datum
1557 3983 1671 4044 Romae
1702 3983 1780 4062 apud
1813 3983 1844 4046 S.
1876 3985 2001 4046 blaciam
2033 3986 2128 4047 llaio-

1379 4093 1446 4138 rem
1467 4077 1524 4138 sub
1541 4076 1657 4139 annulo
1678 4077 1847 4152 Piscatoris,
1870 4079 1919 4140 die
1937 4093 1981 4140 m.
2003 4081 2126 4156 augusti

1379 4185 1593 4246 auoooxmx,
1620 4170 1814 4249 pontificatus
1837 4171 1935 4234 nostri
1956 4189 2037 4235 anno
2059 4191 2082 4235 r.

1636 4373 1873 4382 -...--·-·-—----

1724 4552 1776 4615 tx.

1381 4743 1489 4822 Eripit
1510 4757 1623 4805 acuam
1653 4741 1818 4803 dioecesim
1841 4739 1877 4802 iu
1904 4743 2125 4818 promuntorio

1419 4837 1579 4899 Britanno
1595 4837 1629 4898 ia
1645 4836 1793 4900 America
1811 4835 2083 4914 septemtrionali.

1616 5004 1703 5073 attts
1726 5005 1787 5072 ΡΡ.
1811 4997 1897 5074 lllll.'

1496 5127 1532 5195 ad
1555 5133 1726 5211 perpetuam
1752 5130 1795 5196 cei
1818 5131 1999 5197 memoriam.

1415 5307 1434 5382 5
1452 5306 1477 5366 l.
1491 5305 1575 5368 luter
1587 5307 1772 5386 multiplices
1784 5306 2040 5384 gravissimasque
2054 5321 2123 5384 apo
2167 5319 2305 5370 prooemium.

1376 5401 1505 5462 stolatus
1527 5401 1624 5462 nostri
1647 5418 1734 5463 curas
1750 5416 1812 5462 nen
1829 5400 1972 5478 exiguam
1987 5416 2021 5460 ea
2037 5409 2122 5462 tenet

1377 5499 1507 5572 partem,
1538 5510 1617 5572 quae
1645 5493 1831 5557 dioecesium
1858 5511 1912 5572 per
1938 5493 2121 5556 universum

1376 5587 1485 5648 orbem
1497 5587 1732 5650 distributarom
1745 5587 2004 5665 respicitstatum3
2016 5602 2122 5664 supre-

1376 5696 1443 5742 mae
1471 5680 1625 5759 siquidem
1654 5682 1812 5760 potestatis
1836 5679 2003 5759 iudiciique
2023 5679 2122 5742 nostri

1376 5780 1421 5835 est
1443 5773 1509 5835 illas
1531 5775 1695 5848 moderari,
1719 5789 1887 5852 earumque
1907 5773 2028 5857 limites
2049 5789 2121 5836 con-

1375 5869 1503 5930 stituere
1524 5867 1574 5930 vel
1596 5868 1773 5944 immutare,
1796 5874 1899 5946 prout,
1919 5867 2021 5930 habita
2045 5873 2120 5929 tem-
