4808 6988
97 559 149 614 An.
164 560 196 612 (l.
220 561 290 612 tana

116 1922 216 1968 tatoris
240 1933 299 1969 eon·

85 1977 298 2024 cassionistanor.

104 4146 228 4263 naposltbo
246 4175 298 4223 pro·

91 5350 169 5396 atonis.

985 576 1056 621 PlUS
1077 578 1126 622 ΡΡ.
1151 576 1206 622 titt.

323 685 551 758 venerabilibus
566 692 712 760 iratribus
725 691 918 760 tnttstittbas
931 692 1065 761 locorum

361 781 520 865 Braslliaa,
542 787 642 854 sancti
666 783 798 853 ihomae
822 787 850 852 in
873 784 1066 866 insulanam-

361 878 402 943 cti
425 877 524 946 iacobi
543 880 657 964 capitis
673 877 780 947 Viridis
803 885 835 946 at
857 879 1021 964 dngolenai
1037 882 1064 949 in

362 971 467 1040 dirica
488 973 545 1040 snb
577 973 687 1041 ditione
709 973 859 1042 carissimi
883 974 910 1041 in
942 973 1065 1042 christo

361 1064 413 1132 lilii
437 1067 531 1134 nostri
550 1067 668 1134 loannis
683 1064 842 1144 Brasiliae‚
860 1066 1065 1152 Portupallias

361 1163 393 1224 et
413 1158 618 1243 tigarnicrum
641 1161 723 1244 regia
746 1159 914 1230 tidelissimi
932 1163 1065 1230 existen·

360 1254 439 1332 tium,

566 1439 653 1507 etus
676 1440 736 1507 ΡΡ.
761 1439 818 1507 llll.

518 1627 716 1696 venerabiies
739 1629 865 1708 iratres,

352 1721 480 1790 salutem
502 1727 534 1788 et
555 1720 753 1806 apostolicam
777 1723 1028 1791 benedictionem.

357 1914 376 1988 5
400 1913 427 1974 l.
450 1912 641 1990 Apostolicae
668 1913 754 1977 Sedis
781 1915 956 1991 benignitas
976 1915 1063 1994 spiri-

318 2006 394 2068 tuali
416 2005 556 2084 fidelium
578 2007 703 2069 utilitati
721 2024 844 2086 semper
868 2007 997 2082 intenta,
1014 2025 1063 2072 eo-

317 2115 451 2178 rumque
473 2099 620 2179 peculiari
635 2101 807 2164 necessitati
823 2101 997 2180 prospicere
1011 2120 1065 2164 cu-

316 2191 416 2270 piens,
439 2193 533 2268 leges,
557 2209 630 2271 quas
649 2193 764 2256 Christi
786 2182 919 2258 Ecclesia
936 2195 1063 2274 provide

316 2285 602 2364 sapientissimeque
616 2285 757 2362 sancivit,
773 2286 948 2366 aliquando,
962 2289 1063 2367 inspe-

317 2381 373 2442 ctis
387 2385 577 2457 temporum,
591 2379 729 2442 locorum
747 2397 917 2460 rerumque
933 2384 1063 2444 circum-

316 2471 447 2546 stantiis,
459 2480 634 2550 temperare
649 2473 822 2535 consuevit.
846 2474 1062 2536 Extraocdina·

318 2565 371 2627 riis
393 2564 504 2627 idcirco
525 2565 774 2643 gravissimisque
790 2567 888 2628 causis
903 2577 1062 2646 permotus

315 2666 436 2721 sauctae
467 2659 634 2719 memoriae
665 2657 736 2720 Pius
764 2659 818 2722 ΡΡ.
844 2657 894 2720 Vl.
923 2661 1062 2722 decessor

318 2760 442 2826 noster,
476 2752 611 2813 instante
641 2751 740 2813 clarae
771 2753 939 2815 memoriae
970 2752 1062 2814 llaria

316 2845 474 2906 Francisca
489 2842 607 2920 Regina
623 2844 811 2920 fidelissima,
829 2845 994 2908 nonnullas
1011 2861 1062 2923 pe·

316 2936 444 2999 culiares
465 2945 496 2998 et
516 2937 630 3016 amplas
652 2936 688 2998 ad
711 2937 877 2999 utilitatem
898 2938 1061 3002 catholico·

317 3045 389 3092 rum
405 3030 436 3092 in
452 3030 576 3092 Brasilia
598 3032 858 3093 commorantium
873 3031 930 3093 sub
945 3030 1062 3093 ditione

317 3122 455 3185 laudatae
475 3122 612 3198 reginae,
629 3139 683 3200 per
703 3139 772 3185 suas
793 3123 971 3202 apostolicas
994 3121 1061 3185 lite·

317 3233 364 3278 ras
386 3217 417 3278 in
439 3214 533 3277 simili
556 3215 653 3277 dorma
674 3215 777 3278 brevis
799 3217 882 3280 alatas
905 3218 954 3280 die
976 3217 1061 3293 vige·

316 3309 391 3372 sima
412 3316 498 3372 sexta
520 3309 648 3372 ianuarii
665 3309 829 3370 millesimo
850 3311 1061 3388 septingente-

315 3403 394 3466 simo
424 3403 623 3478 nonagesimo
653 3409 740 3465 sexto
764 3403 873 3466 tribuit
900 3404 1061 3467 facultates

316 3512 371 3575 per
391 3512 489 3559 annos
510 3497 764 3575 vigintiquinque
789 3505 910 3559 tantum
934 3496 1060 3559 duratu-

316 3607 375 3666 ras,
397 3607 471 3670 quus
493 3590 563 3653 dein
585 3589 619 3650 ad
643 3589 805 3653 catholicos
826 3591 858 3652 r'n
881 3589 1060 3666 regionibus

317 3684 420 3748 Sancti
442 3685 577 3746 rhomae
591 3685 624 3747 in
639 3684 752 3760 lusula,
776 3686 878 3750 Sancti
894 3687 990 3750 laocbi
1007 3689 1059 3750 Ca·

315 3779 388 3856 pitis
409 3777 567 3848 viridiset
583 3779 752 3856 hugolensl
774 3781 805 3842 in
821 3780 920 3842 hirica
942 3782 999 3844 sub
1013 3797 1059 3844 ea-

315 3873 387 3936 dem
408 3873 525 3937 ditione
545 3873 706 3950 cingentes,
729 3887 785 3950 per
805 3873 922 3936 similes
943 3883 1060 3954 aposto·

316 3969 388 4030 linas
408 3967 514 4030 literas
535 3967 616 4030 datas
636 3966 686 4029 die
712 3968 860 4043 vigesima
889 3968 1059 4031 decembris

317 4061 456 4125 eiusdem
478 4061 550 4122 anni
572 4061 686 4138 pariter
708 4061 857 4124 extendit.

356 4157 375 4230 ἓ
395 4155 424 4216 2.
447 4155 550 4229 Quum
565 4162 681 4229 antem,
697 4155 950 4234 vigintiquinque
964 4173 1060 4219 anno-

316 4263 388 4312 rum
408 4248 505 4327 spatio
526 4248 585 4308 iam
607 4247 719 4326 elapso,
735 4249 910 4311 carissimus
924 4251 956 4312 in
973 4251 1059 4313 Chri-

314 4349 363 4404 sto
383 4342 465 4404 hlius
493 4350 598 4404 noster
623 4342 749 4404 loannes
774 4343 927 4418 Brasiliae,
951 4344 1059 4408 Portu-

316 4438 424 4516 galliae
439 4445 469 4501 et
484 4438 700 4515 nigarhiornm
726 4455 781 4500 rex
797 4439 992 4504 fidelissimus
1007 4457 1060 4503 ex-

314 4548 433 4613 ponens
448 4533 547 4606 nobis,
573 4539 756 4594 memoratas
774 4535 968 4610 gravissimas
990 4551 1058 4597 cau·

313 4643 360 4688 sas
381 4642 445 4690 non
466 4625 568 4689 solnm
584 4626 702 4702 vigere,
719 4628 939 4691 verumetiam
956 4645 1058 4692 ncces-

314 4721 417 4784 sitates
444 4720 664 4784 catholicorum
686 4722 719 4808 in
743 4721 886 4798 praelatis
913 4722 1057 4786 omnibus

315 4814 495 4892 regionibus
516 4815 776 4876 commorantium
798 4816 829 4876 in
852 4814 916 4878 dies
938 4818 1056 4895 augeri,

314 4909 413 4971 enixis
428 4907 569 4988 precibus
584 4925 600 4969 a
614 4909 702 4971 nchis
717 4909 841 4987 petierit
855 4917 890 4971 ut
903 4909 1057 4986 spirituali

315 5001 429 5066 Christi
450 5001 590 5065 fidelium
610 5003 757 5078 regimini
778 5009 809 5064 et
830 5002 955 5065 utilitati
978 5019 1056 5066 nova

314 5112 436 5174 qunque
447 5095 635 5174 apostolicae
646 5095 733 5159 Sedis
745 5097 937 5174 benignitate
949 5114 1056 5177 oppor-

316 5195 392 5252 tune
412 5188 574 5253 consulere
595 5189 810 5264 dignaremur:

103 5296 183 5354 ‚aanor
196 5307 296 5345 concae
354 5287 373 5362 9
394 5286 423 5348 3.
446 5284 509 5347 Nos
528 5284 625 5361 igitur
639 5285 890 5347 extraordinariis
912 5287 1057 5365 inspectis

241 5451 248 5474 Ι
314 5394 433 5455 rerum,
451 5386 638 5458 temporum,
654 5377 793 5442 lucorum
808 5387 839 5440 ct
854 5396 1057 5458 personarum

313 5473 565 5548 circumstantiis,
577 5472 784 5551 omnibusque
795 5480 916 5535 mature
927 5489 1056 5552 perpen-

312 5569 365 5643 sis,
381 5568 438 5646 piis
453 5567 548 5647 ipsius
563 5565 685 5628 loannis
700 5566 781 5641 regis
796 5566 887 5642 votis,
902 5574 1056 5646 quantum

313 5663 347 5726 in
358 5663 490 5726 Domino
504 5676 678 5740 possumus,
690 5659 827 5738 benigne
842 5661 989 5723 duximus
1004 5679 1056 5724 an-

313 5757 487 5834 nuendum,
509 5763 688 5834 vestraque,
711 5755 905 5817 venerabiles
934 5755 1055 5833 iratres,

312 5851 384 5914 freti
405 5851 528 5930 pietate,
557 5849 720 5927 prudentia
741 5857 772 5911 et
796 5848 933 5911 doctrina
962 5849 1058 5910 inira·

312 5945 438 6024 scriptas
460 5945 496 6007 ad
517 5942 591 6005 alios
621 5941 874 6021 vigintiquinque
895 5943 1053 6004 dumtaxat

1122 712 1217 758 annos
1233 697 1405 773 duraturas,
1421 704 1452 760 ct
1468 696 1505 758 ab
1521 712 1709 776 unoquoque
1724 701 1864 758 vestrum

1122 789 1154 851 in
1177 790 1297 868 propria
1317 806 1372 852 sua
1393 789 1522 854 dioecesi
1544 807 1615 853 cnm
1638 789 1778 869 fidelibus
1793 804 1865 852 suae

1122 899 1214 944 curae
1234 885 1416 958 commissis,
1439 883 1652 946 intercedente
1673 898 1795 961 semper
1812 881 1865 944 ali·

1122 991 1180 1054 qua
1203 977 1281 1038 iusta
1302 987 1334 1040 et
1355 976 1529 1040 rationabili
1551 993 1651 1051 causa,
1669 977 1762 1054 gratis
1776 992 1866 1038 exer-

1121 1072 1254 1146 centias,
1284 1073 1482 1136 concedimus
1512 1071 1688 1149 facultates,
1722 1071 1864 1136 videlicet

1122 1164 1354 1242 ‹Dispensandi
1376 1167 1410 1227 in
1432 1165 1638 1229 matrimoniis
1660 1173 1722 1226 tam
1743 1172 1866 1228 contra-

1121 1256 1289 1334 ctis,quam
1299 1258 1527 1335 contrahendis,
1536 1274 1630 1338 super
1641 1259 1865 1336 impedimento

1121 1349 1187 1412 sive
1208 1349 1338 1426 occulto,
1360 1350 1426 1414 sive
1447 1350 1569 1430 publico
1594 1351 1699 1432 primi,
1722 1367 1864 1418 necnon

1122 1441 1215 1520 primi
1236 1451 1268 1504 et
1287 1445 1426 1519 secundi,
1450 1461 1483 1506 ac
1503 1444 1630 1510 secundi
1657 1452 1780 1509 tantum
1801 1443 1865 1506 alli-

1121 1534 1226 1597 nitatis
1241 1536 1353 1613 gradus
1363 1554 1402 1601 ex
1413 1537 1518 1601 illicita
1529 1538 1637 1619 copula
1649 1540 1862 1618 proveniente,

1121 1645 1154 1692 ac
1163 1628 1282 1707 prolem
1294 1628 1465 1708 legitimam
1477 1632 1647 1696 declarandi
1659 1640 1700 1709 et,
1711 1639 1863 1712 quatenns

1105 1730 1229 1798 agatur
1246 1722 1285 1786 de
1299 1724 1406 1802 copula
1419 1725 1520 1789 habita
1535 1743 1606 1788 cnm
1621 1727 1744 1804 putatae
1758 1726 1864 1789 uxoris

1122 1824 1238 1893 matre,
1270 1818 1438 1881 dnmmodo
1466 1819 1516 1882 illa
1545 1827 1649 1882 secuta
1680 1817 1775 1882 luerit
1797 1827 1863 1898 post

1121 1909 1258 1971 ciusdem
1280 1919 1401 1988 putatae
1418 1913 1523 1974 uxoris
1538 1912 1734 1975 nativitatem
1756 1920 1787 1974 et
1799 1928 1863 1976 non

1120 2001 1218 2064 aliter.
1239 2003 1439 2082 Dispensandi
1460 2021 1553 2083 super
1569 2006 1790 2094 impedimento
1805 2006 1864 2069 cri·

1121 2095 1213 2158 minis
1236 2097 1300 2157 sive
1326 2097 1446 2160 occulto
1466 2098 1532 2160 sive
1560 2098 1682 2178 publico
1704 2098 1735 2160 in
1759 2101 1863 2161 matri·

1120 2189 1231 2251 moniis
1253 2190 1487 2266 contrahendis,
1516 2199 1630 2253 neutro
1659 2199 1763 2254 tamen
1791 2207 1863 2254 onn-

1120 2283 1231 2358 ingum
1253 2285 1459 2360 machinante,
1475 2291 1506 2348 et
1526 2285 1559 2347 in
1581 2285 1788 2348 matrimoniis
1803 2285 1864 2347 iam

1119 2378 1282 2440 contractis
1309 2378 1402 2438 etiam
1424 2380 1546 2457 qnando
1574 2378 1779 2441 intervenerit
1800 2394 1863 2441 ma-

1119 2467 1265 2544 chinatio,
1282 2472 1449 2533 dummodo
1464 2472 1641 2534 huiusmodi
1663 2472 1865 2552 impedimen·

1121 2569 1187 2623 tum
1208 2560 1303 2625 luxerit
1324 2564 1491 2640 occultum,
1505 2565 1657 2630 insinuata
1672 2583 1726 2645 per
1747 2568 1880 2631 condes-¹

1118 2656 1234 2717 sarium
1256 2658 1424 2720 necessaria
1451 2660 1655 2723 renovatione
1680 2676 1861 2739 consensus,

1119 2754 1149 2810 et
1172 2751 1202 2810 in
1225 2767 1298 2812 casn
1322 2751 1518 2827 difficultatis,
1542 2755 1733 2818 convalidato
1755 2755 1863 2820 matri-

1120 2845 1225 2905 monio
1246 2845 1278 2906 iu
1301 2845 1413 2920 radice,
1435 2854 1466 2907 et
1487 2847 1629 2920 iniuncta
1649 2850 1735 2925 gravi
1757 2851 1863 2928 poeni-

1120 2937 1364 3000 tentiasalutari.
1388 2938 1589 3016 Dispensandi
1615 2957 1707 3020 super
1732 2943 1863 3023 impedi·
1951 3001 1957 3012 ,

1118 3040 1225 3093 mento
1252 3032 1445 3108 cognationis
1469 3033 1637 3112 spiritualis
1663 3037 1756 3098 ctiam
1777 3038 1861 3102 inter

1118 3125 1275 3188 levantem
1306 3135 1338 3188 et
1365 3127 1511 3190 levatum.
1546 3127 1748 3207 [dispensandi
1768 3149 1862 3212 super

1117 3219 1341 3297 impedimento
1362 3222 1638 3299 consanguinitatis
1660 3232 1690 3286 et
1705 3225 1862 3292 affinitatis

1118 3314 1149 3373 in
1170 3312 1305 3376 secundo
1326 3313 1458 3393 simplici
1480 3316 1514 3377 in
1535 3316 1616 3380 linea
1637 3318 1766 3396 aequali,
1783 3329 1814 3382 et
1829 3321 1861 3384 in

1116 3411 1251 3472 secundo
1266 3410 1358 3473 etiam
1373 3409 1472 3471 mixto
1487 3426 1559 3472 cum
1574 3412 1673 3490 primo
1688 3411 1783 3489 gradu
1800 3421 1862 3478 tam

1118 3503 1150 3563 in
1176 3504 1339 3565 contractis
1368 3519 1461 3581 quam
1483 3503 1515 3566 in
1537 3504 1765 3572 contrahendis.
1795 3509 1862 3571 Dis·

1116 3598 1264 3674 pensandi
1280 3598 1312 3659 in
1327 3597 1552 3676 quinquaginta
1571 3599 1729 3662 dumtaxat
1744 3601 1862 3664 casibus

1116 3691 1247 3753 durante
1268 3692 1365 3769 spatio
1386 3692 1633 3769 supradictorum
1655 3694 1862 3775 vigintiquin-

1116 3801 1177 3864 que
1197 3802 1352 3850 annorum
1373 3789 1406 3850 in
1430 3789 1633 3851 matrimoniis
1657 3799 1718 3852 tam
1740 3801 1860 3854 contra·

1115 3880 1171 3942 ctis
1188 3896 1281 3958 quam
1296 3882 1514 3944 contrahendis
1528 3899 1621 3961 super
1638 3884 1860 3962 impedimento

1117 3974 1208 4052 primi
1234 3974 1390 4036 affinitatis
1412 3975 1523 4048 gradus
1539 3975 1638 4038 lineae
1655 3985 1857 4042 transversae.

1118 4067 1316 4146 Dispensandi
1337 4068 1369 4130 in
1393 4069 1598 4131 matrimoniis
1620 4078 1681 4132 tam
1697 4075 1860 4137 contractis

1116 4177 1206 4239 qnam
1223 4160 1439 4222 contrahendis
1452 4177 1546 4240 snper
1560 4162 1784 4242 impedimento
1799 4173 1859 4229 ter-

1117 4254 1152 4316 tii
1174 4263 1205 4314 et
1226 4254 1327 4332 quarti
1354 4255 1630 4330 consanguinitatis
1651 4265 1683 4318 et
1704 4258 1860 4322 affinitatis

1117 4349 1227 4426 gradus
1252 4349 1398 4426 simplicis
1418 4355 1450 4411 et
1472 4349 1574 4424 mixti,
1597 4367 1654 4414 nec
1681 4367 1745 4414 non
1766 4369 1859 4433 super

1118 4442 1337 4524 impedimento
1359 4445 1498 4521 publicae
1519 4445 1688 4508 honestatis
1711 4447 1800 4510 inustis
1821 4465 1859 4511 ex

1115 4538 1306 4615 sponsalibus
1337 4537 1551 4617 proveniente.
1584 4537 1770 4602 absolvendi
1800 4541 1858 4602 dis·

1115 4632 1285 4712 pensandus
1306 4631 1344 4693 ab
1358 4631 1493 4696 incestus
1515 4639 1613 4709 reatu,
1629 4635 1813 4696 ascensuris
1828 4641 1859 4696 et

1115 4728 1222 4806 poenis
1243 4726 1448 4789 ecclesiasticis
1464 4726 1503 4788 ob
1517 4725 1696 4789 huiusmodi
1717 4742 1859 4790 excessus

1114 4820 1345 4900 quomodolibet
1360 4821 1501 4896 incursis,
1517 4826 1548 4883 et
1562 4820 1729 4885 dummodo
1745 4823 1859 4886 mulier

1114 4922 1199 4993 rapta
1222 4915 1357 4989 nonsit,
1380 4922 1411 4976 et
1432 4915 1458 4976 si
1479 4925 1563 4994 rapta
1585 4917 1617 4978 in
1643 4924 1791 4995 potestate
1811 4937 1858 4982 ra-

1114 5009 1211 5086 ptoris
1233 5024 1298 5070 non
1318 5008 1438 5070 existat.
1463 5009 1662 5088 Dispensandi
1692 5027 1786 5090 snper
1807 5015 1858 5076 de·

1114 5103 1197 5164 iectu
1208 5103 1302 5165 unius
1313 5103 1386 5163 anni
1401 5104 1506 5165 aetatis
1520 5117 1575 5180 pro
1589 5105 1754 5182 pubertate
1764 5114 1857 5171 statu·

1115 5203 1162 5258 tae
1173 5197 1207 5257 ad
1220 5196 1466 5259 contrahendum
1479 5199 1726 5273 matrimonium,
1735 5203 1857 5277 qnando

1114 5289 1228 5353 malitia
1250 5289 1389 5368 suppleat
1413 5296 1554 5351 aetatem.
1578 5291 1655 5352 item
1678 5290 1858 5369 dispensan-

1113 5384 1144 5446 di
1164 5400 1257 5462 super
1286 5383 1510 5460 impedimento
1540 5383 1724 5461 disparitatis
1753 5385 1857 5448 cultus

1112 5494 1168 5540 seu
1189 5477 1417 5540 communionis
1444 5483 1622 5555 nuncupato
1643 5477 1675 5538 in
1698 5479 1857 5541 matrimu-

1114 5571 1173 5633 niis
1193 5579 1256 5632 tarn
1278 5569 1442 5632 contractis
1461 5585 1554 5647 quam
1576 5571 1792 5633 contrahendis
1820 5572 1857 5634 ab

1113 5679 1173 5726 una
1195 5670 1281 5740 parte
1302 5662 1449 5725 catholica
1470 5678 1542 5724 cum
1557 5661 1653 5724 altera
1667 5673 1754 5742 parte
1769 5665 1857 5728 Chri-

1112 5757 1209 5818 stiana
1230 5756 1404 5830 acatholica,
1427 5756 1617 5821 celebrandis
1643 5764 1746 5821 tamen
1769 5768 1856 5824 extra

1111 5849 1269 5912 ecclesiam
1290 5857 1321 5912 et
1342 5849 1456 5930 absque
1477 5852 1600 5929 parochi
1627 5852 1854 5930 benedictione,

1111 5943 1256 6021 privatim
1279 5959 1380 6006 noram
1402 5945 1525 6022 proprio
1548 5946 1678 6024 parocho
1695 5947 1787 6025 partis
1809 5963 1855 6010 ca·

1786 557 1844 620 623
1895 557 1949 613 An.
1964 563 1993 614 0.
2015 563 2083 618 taen
