4740 6962
30 553 218 640 fffigssffl

914 577 985 630 PIUS
1005 575 1055 629 rh.
1081 576 1124 628 rt.

57 727 229 788 1001001001
248 703 395 786 praelatus
415 719 472 784 per
493 721 561 768 snas
583 701 688 768 literas
708 701 741 765 in
760 693 989 782 lorma'pariter
1046 699 1316 780 perseverantium
1337 695 1504 774 alimentis,
1521 696 1651 777 aliisque
1672 693 1795 775 pietatis

57 784 195 836 ΝΜ
247 797 348 860 Brevis
370 799 420 861 die
449 815 528 861 xxn.
556 799 688 861 ianuarii
716 812 798 860 anno
827 814 986 861 1111011111.
1045 807 1077 858 01
1097 795 1325 856 misericordiae
1348 795 1492 871 operibus
1514 791 1652 855 tribuere
1668 806 1732 852 non
1747 807 1796 853 re-

72 3719 165 3774 ¹troitum
184 3727 218 3762 sa·

72 3777 118 3816 1011.

246 891 438 970 pontificatus
459 893 506 954 sui
529 907 610 954 anno
628 891 853 967 decimotertio,
869 905 990 969 011110-

246 983 375 1046 rioribus
396 993 427 1047 et
449 986 589 1063 personis
603 985 741 1049 eiusdem
757 984 878 1050 Ordinis
893 983 988 1046 Mino·

244 1093 311 1140 rum
334 1077 439 1141 Sancti
459 1078 613 1141 Francisci
634 1080 671 1141 de
692 1077 891 1142 Observantia
907 1093 989 1139 nvm-

242 1173 369 1252 cupatis,
386 1171 445 1234 sub
467 1172 612 1248 gravibus
626 1172 734 1249 poenis
750 1171 809 1234 iam
826 1171 989 1234 eliminare

242 1282 304 1328 non
331 1266 452 1345 omisit3
479 1267 691 1348 praesentium
722 1275 899 1329 nostrarum
922 1266 989 1328 lite-

241 1376 346 1424 rarum
369 1359 400 1422 vi
430 1362 631 1437 declaramus,
660 1359 882 1439 eleemosynas,
911 1376 989 1438 quae

241 1471 296 1532 pro
318 1465 400 1516 terra
414 1462 517 1518 sancta
532 1455 678 1518 tratribus
692 1453 816 1517 Ordinis
832 1454 989 1518 Minorum

243 1548 346 1611 Sancti
366 1549 522 1612 Francisci
536 1551 573 1611 de
587 1547 787 1611 Observantia
804 1549 989 1626 nuncupatis

241 1643 329 1706 tuere
360 1643 540 1718 destinatae,
574 1643 704 1706 minime
735 1641 827 1706 licere
855 1642 887 1705 in
916 1642 990 1706 alios

242 1753 316 1800 usus
336 1747 533 1812 convertere,
556 1737 698 1816 quamvis
720 1755 794 1800 usus
810 1738 989 1800 huiusmodi

240 1833 439 1908 urgentiores
459 1840 490 1893 et
520 1832 615 1909 magis
637 1831 679 1909 pii
704 1832 988 1910 deprehendantur,

239 1933 358 1988 certam
380 1926 523 1988 fiduciam
546 1926 702 1999 habentes,
719 1927 897 1990 Romanum
912 1928 991 1990 Pon-

241 2019 358 2080 tificem
387 2034 443 2096 pro
474 2026 614 2098 tempore
641 2019 839 2101 existentem,
862 2022 911 2084 cui
932 2021 989 2084 soli

240 2115 309 2175 data
324 2120 369 2175 est
384 2111 653 2192 eleemosynarum
669 2129 761 2176 usum
776 2116 989 2178 commutandi

239 2212 384 2285 potestas,
402 2209 480 2269 hanc
501 2207 533 2268 in
556 2216 656 2269 terrae
676 2215 798 2270 sanctae
820 2210 989 2272 detrimen-

239 2309 309 2362 tum
341 2300 471 2364 minime
497 2300 721 2364 adhibiturum.
752 2301 842 2378 Hinc,
872 2305 989 2367 nedum

238 2395 335 2472 ipsius
363 2394 480 2458 ordinis
506 2395 728 2473 superioribus,
756 2413 790 2458 ac
817 2397 910 2459 etiam
932 2414 988 2476 pro

239 2495 381 2565 tempore
396 2488 543 2550 existenti
557 2489 703 2550 ministro
714 2489 852 2564 generali
864 2497 894 2551 et
906 2506 990 2552 com-

238 2579 391 2656 missario,
406 2581 459 2644 sed
481 2583 572 2643 etiam
593 2581 752 2660 quibusvis
768 2585 908 2662 personis
921 2585 989 2646 sive

237 2675 449 2738 ecclesiasticis
465 2675 531 2737 sive
549 2675 630 2737 laicis
643 2677 784 2755 specifice
798 2687 829 2741 et
844 2694 988 2757 expresse

238 2769 456 2833 interdicimus
476 2777 508 2832 et
524 2770 737 2848 prohibemns,
753 2787 793 2835 ne
808 2773 865 2836 sub
880 2775 988 2854 poenis

236 2881 251 2923 a
274 2865 356 2926 (licto
372 2863 464 2926 Paulo
478 2867 710 2943 praedecessore
724 2875 829 2930 contra
845 2869 984 2932 detinen-

237 2965 285 3019 tes
306 2958 386 3021 bona
406 2959 443 3019 ad
465 2965 581 3020 terram
601 2968 736 3022 sanctam
755 2961 936 3038 spectantia,
953 2972 987 3027 ut

236 3051 424 3130 praefertur,
448 3051 516 3112 latis
537 3059 569 3114 et
590 3051 728 3128 inllictis,
744 3069 845 3133 eoque
859 3055 925 3133 ipso
941 3057 988 3119 in-

235 3146 411 3224 currendis,
432 3162 466 3208 ac
487 3145 581 3208 etiam
595 3146 868 3225 redintegrationis
881 3150 986 3213 statim

236 3237 395 3301 laciendae
409 3238 543 3300 audeant
563 3257 618 3302 seu
640 3249 838 3318 praesumant
852 3243 986 3306 eleemo-

235 3349 328 3410 synas
349 3348 405 3411 pro
427 3333 534 3395 eadem
555 3339 636 3395 terra
663 3343 765 3397 sancta
788 3353 804 3398 a
825 3338 986 3416 quibusvis

236 3427 379 3503 personis
409 3426 574 3488 destinatas
596 3427 645 3488 vel
677 3427 809 3505 relictas,
837 3431 869 3493 in
899 3433 985 3510 alios,

234 3522 439 3598 quantumvis
460 3519 526 3598 pios
540 3529 572 3584 et
590 3531 750 3600 urgentes,
767 3542 985 3590 1111001101-

235 3621 304 3676 tere
324 3621 356 3674 et
377 3615 555 3677 immutare.

278 3709 297 3783 ἓ
316 3709 345 3770 9.
369 3710 448 3771 Fore
470 3717 575 3772 autem
594 3711 626 3771 in
644 3711 774 3775 Domino
790 3715 984 3791 confidimus,

235 3803 319 3880 quod
341 3803 555 3881 unusquisque
569 3819 690 3866 memor
703 3805 917 3870 declarationis
931 3825 987 3870 no·

234 3902 318 3957 strae
345 3903 377 3956 et
404 3897 557 3974 praecepti
586 3898 709 3976 posthac
741 3900 821 3963 bene
845 3903 985 3966 consulet

234 3990 444 4052 conscientiae
465 4005 537 4052 suae
558 3991 766 4069 indemnitati,
789 4011 892 4074 neque
905 3997 984 4060 salu·

238 4089 337 4145 tarem
358 4084 461 4160 legem
489 4085 615 4147 anobis
640 4085 732 4148 iatam
759 4088 985 4152 ecclesiasticas-

235 4193 297 4256 que
318 4194 465 4242 censuras
487 4179 698 4257 parvipendet.
727 4181 859 4244 Demum
880 4184 916 4246 ad
939 4202 985 4245 10-

236 4272 424 4346 novandam,
446 4279 477 4334 et
498 4273 597 4350 magis
618 4273 777 4352 magisque
792 4276 984 4339 excitandam

235 4381 303 4427 eam
326 4365 467 4428 fidelium
487 4367 630 4429 omnium
661 4367 847 4445 religionem
869 4379 899 4431 et
920 4371 983 4449 pie·

237 4467 344 4534 tatem,
365 4476 446 4539 quae
466 4460 537 4536 alias
559 4459 699 4538 plurium
720 4479 874 4526 annorum
889 4481 983 4526 cursu

235 4555 311 4614 adeo
340 4555 455 4630 viguit,
478 4562 513 4616 ut
541 4554 598 4632 ipsi
631 4554 713 4616 11110
740 4565 843 4618 sancta
869 4557 982 4635 signati

235 4665 326 4710 eruce
343 4655 389 4710 tot
411 4648 540 4723 10110101,
552 4649 720 4724 angustias,
733 4666 767 4711 ac
783 4657 922 4730 propriae
938 4651 982 4712 vi-

236 4749 282 4803 tae
303 4741 469 4804 discrimen
491 4757 546 4820 pro
568 4749 667 4804 terrae
684 4750 806 4805 sanctae
821 4761 984 4824 recupera-

237 4837 321 4899 tione
341 4837 419 4915 passi
440 4836 570 4911 tuerint,
593 4836 660 4898 illos
681 4837 713 4899 in
734 4837 860 4900 domino
876 4847 983 4901 nostro

235 4931 305 4993 lesu
319 4930 443 4994 Christo
457 4931 631 5006 hortamur,
648 4940 683 4991 ut
696 4933 923 5010 perpendentes
939 4935 981 5008 id,

236 5025 315 5103 quod
336 5041 352 5085 a
373 5024 538 5102 praecitato
554 5024 667 5088 Sancto
682 5024 839 5086 Bernardo
853 5025 890 5086 atl
905 5028 983 5088 hanc

236 5135 303 5180 rem
331 5117 483 5196 scriptum
511 5118 581 5193 luit,
605 5118 757 5181 nimirum
780 5151 801 5166 -
827 5119 926 5192 Videt,
949 5123 980 5180 et

236 5211 424 5274 dissimulat
446 5209 500 5272 tttc
520 5227 657 5292 magnos
672 5211 803 5274 divinoe
816 5214 981 5291 provideo·

238 5305 504 5376 1100000100,οε
528 5305 692 5377 0111001,οί
713 5311 759 5366 est
782 5308 836 5384 qui
860 5307 980 5370 intelli·

237 5407 303 5479 qut,
325 5407 386 5463 001
406 5399 553 5478 requirat
568 5399 680 5471 Deum,
696 5400 725 5460 si
744 5409 790 5461 est
806 5399 861 5478 qui
877 5401 981 5464 dolcat

237 5494 332 5554 vicem
362 5494 445 5566 cios,
477 5492 533 5570 qui
564 5492 721 5555 restituet
750 5493 981 5556 hoereditatem

237 5605 326 5652 suam
357 5587 420 5652 sibi
440 5621 460 5632 -
481 5605 523 5650 ex
541 5588 630 5649 bonis
656 5588 713 5654 sibi
735 5602 750 5651 a
775 5589 834 5649 1100
862 5589 980 5651 00111111

237 5690 354 5761 partem
381 5682 518 5762 aliquam
540 5682 590 5744 vol
618 5681 775 5758 exiguam,
798 5698 855 5761 pro
875 5681 982 5744 divino

238 5777 268 5837 in
287 5777 405 5838 eisdem
426 5776 498 5838 locis
517 5775 669 5838 servando
683 5783 714 5838 et
728 5776 903 5855 ampliando
917 5777 983 5840 cul·

239 5878 282 5946 tu,
302 5885 462 5932 sacrorum
492 5870 709 5933 ministrorum
739 5877 770 5932 ct
791 5869 980 5933 miserrimo-

237 5979 303 6026 rum
324 5964 566 6027 christianorum
592 5964 654 6025 illic
676 5965 708 6024 in
731 5964 899 6027 orthodoxa
921 5964 980 6026 nde

1046 895 1166 950 cusent.
1191 887 1385 950 Tabelliones
1409 903 1533 967 quoque
1555 887 1670 967 pariter
1691 888 1794 950 horta-

1046 999 1129 1058 mur,
1153 990 1189 1045 ut
1208 982 1265 1061 ipsi
1286 983 1318 1044 in
1334 981 1537 1044 concedendis
1553 980 1737 1043 ultimarum
1752 987 1795 1042 ta-

1046 1077 1128 1139 bulis
1148 1076 1347 1138 voluntatum
1378 1073 1575 1137 testatoribus
1598 1072 1631 1135 in
1655 1081 1794 1140 mentem

1047 1169 1198 1246 redigant,
1222 1178 1333 1248 11010
1357 1177 1437 1230 terra
1467 1175 1570 1230 sancta
1603 1183 1641 1228 ex
1668 1165 1794 1228 illorum

1047 1263 1151 1326 liberis
1182 1263 1270 1325 bonis
1301 1262 1437 1342 aliquam
1459 1261 1639 1340 relinquant
1660 1260 1795 1322 eleemo-

1046 1372 1165 1434 synam.
1189 1356 1249 1418 Nos
1271 1358 1357 1419 enim
1379 1355 1555 1418 inexhausti
1569 1354 1712 1418 ecclesiae
1730 1352 1794 1416 the·

1046 1453 1128 1514 sauri
1160 1450 1384 1528 dispensatores
1405 1467 1420 1510 a
1441 1451 1504 1514 1)οο
1534 1448 1695 1512 0011111011
1716 1463 1792 1511 cun·

1046 1553 1111 1608 ctos
1132 1545 1249 1620 tidelm,
1279 1546 1330 1624 qui
1353 1543 1572 1623 temporalium
1600 1550 1720 1622 partem
1742 1543 1794 1604 bo·

1047 1655 1160 1702 norum
1181 1656 1313 1719 superna
1335 1639 1529 1717 providentia
1550 1640 1593 1702 eis
1610 1639 1794 1702 traditorum

1047 1733 1079 1794 in
1102 1733 1186 1812 pium
1207 1733 1283 1796 illud
1308 1742 1513 1814 sanctumque
1534 1731 1719 1796 christianae
1748 1747 1795 1792 ca·

1047 1827 1145 1889 ritatis
1166 1842 1242 1905 opus
1270 1826 1411 1888 relicturi
1441 1835 1546 1902 erunt,
1569 1825 1713 1888 omnium
1735 1824 1795 1901 spi-

1047 1921 1207 1984 ritualium
1235 1920 1395 1984 tractuum
1423 1930 1455 1983 et
1483 1920 1668 1982 meritorum
1690 1935 1729 1982 ex
1750 1935 1794 1979 sa-

1046 2016 1211 2079 crosanctis
1241 2015 1407 2090 sacrificiis,
1431 2013 1633 2088 orationibus,
1656 2011 1791 2088 ieiuniis,

1047 2109 1260 2188 poenitentiis,
1287 2108 1453 2182 laboribus,
1476 2106 1791 2186 peregrinationibus,

1046 2204 1173 2283 aliisque
1189 2203 1341 2279 religiosis
1355 2201 1510 2280 operibus,
1527 2218 1606 2279 quae
1620 2216 1684 2262 non
1701 2201 1793 2262 modo

1047 2299 1184 2360 eiusdem
1215 2296 1338 2361 Ordinis
1373 2294 1580 2374 professores,
1612 2295 1665 2356 sed
1698 2295 1793 2356 etiam

1046 2391 1268 2455 christifideles
1283 2391 1345 2469 ipsa
1359 2405 1443 2452 sacra
1459 2388 1521 2450 loca
1535 2387 1716 2463 incolentes,
1728 2387 1794 2449 alii-

1046 2502 1105 2563 que
1131 2486 1223 2547 adea
1252 2486 1431 2548 accedentes
1457 2490 1488 2545 01
1509 2481 1560 2545 1110
1592 2488 1792 2559 1010101101,

1046 2578 1248 2642 benedicente
1278 2579 1421 2652 Domino,
1444 2583 1593 2657 peragent
1615 2586 1646 2639 et
1667 2575 1792 2652 lanient,

1045 2673 1310 2750 provenientium,
1333 2673 1497 2735 incorum
1526 2680 1670 2734 reatuum
1692 2671 1794 2749 expia-

1046 2769 1164 2830 tionem
1178 2779 1209 2831 et
1223 2779 1367 2832 aeternae
1382 2767 1499 2845 gloriae
1514 2767 1711 2845 prooemium
1725 2781 1793 2844 spe-

1044 2861 1124 2938 ciali,
1141 2879 1202 2942 qun
1219 2879 1391 2942 possumus,
1411 2861 1514 2937 modo,
1529 2861 1720 2925 auctoritatis
1735 2878 1792 2923 no-

1044 2964 1125 3019 strae
1140 2957 1348 3034 plenitudine,
1365 2957 1527 3037 participes
1541 2964 1572 3019 et
1586 2965 1744 3021 consortes
1761 2957 1793 3016 in

1045 3055 1175 3116 Domino
1198 3052 1338 3128 tacimus,
1361 3061 1453 3132 atque
1474 3053 1511 3114 ad
1530 3051 1713 3114 eorumdem
1729 3052 1792 3114 tru-

1044 3157 1150 3211 ctuurn
1177 3154 1208 3209 et
1229 3147 1415 3209 meritorum
1442 3147 1635 3210 consortium
1656 3154 1687 3208 et
1709 3161 1793 3207 corn-

1045 3241 1228 3302 munioncm
1261 3254 1478 3316 aggregamus:
1503 3238 1664 3301 indubiam
1686 3238 1794 3301 loven·

1045 3343 1089 3398 tes
1110 3351 1209 3414 spem,
1231 3337 1314 3413 quod
1336 3332 1429 3396 iidem
1451 3333 1557 3396 fideles
1579 3336 1616 3398 ad
1637 3335 1790 3396 10111110-

1043 3445 1111 3491 rem
1138 3437 1338 3507 sanctamque
1369 3428 1625 3490 communionem
1654 3428 1790 3505 admissi,

1042 3523 1291 3586 constantissime
1318 3523 1350 3584 in
1373 3521 1424 3584 illa
1453 3523 1697 3601 perseverabunt
1718 3540 1791 3587 cum

1043 3615 1163 3692 gaudio,
1187 3615 1299 3693 gratias
1320 3623 1447 3692 agentes
1469 3616 1530 3678 Deo
1552 3616 1646 3691 Petri,
1669 3618 1720 3696 qui
1745 3618 1790 3679 di·

1042 3726 1192 3788 gnoseos
1214 3709 1285 3772 lecit
1307 3709 1339 3771 in
1361 3717 1481 3787 partem
1502 3711 1593 3772 sortis
1609 3719 1790 3774 sanctorum

1042 3804 1182 3866 adscribi.

1081 3902 1100 3975 5
1123 3898 1169 3962 10.
1193 3899 1372 3962 Praesentes
1393 3907 1499 3962 autem
1518 3898 1633 3976 literas,
1650 3902 1728 3964 etin
1746 3902 1790 3965 eis
1830 3907 1952 3956 ctausuta
1965 3909 2023 3955 sub-

1041 4000 1186 4055 cuntenta
1208 4008 1421 4071 quaecumque
1443 4009 1481 4054 cx
1509 3993 1672 4071 quibusvis
1692 3995 1790 4057 causis
1809 3963 1870 4063 {latr}
1883 3963 2021 4063 111ιῖ180Ἶῶ

1041 4087 1079 4148 de
1099 4085 1308 4164 subreptionis
1330 4086 1379 4147 101
1409 4087 1600 4165 obreptionis
1622 4095 1674 4149 aut
1697 4089 1788 4152 nuili-

1042 4179 1111 4241 tatis
1132 4179 1220 4254 vitio,
1244 4195 1298 4240 seu
1321 4179 1508 4241 intentionis
1528 4188 1651 4242 nostrae
1667 4183 1788 4245 vetolio

1041 4273 1150 4352 quovis
1177 4271 1299 4334 delectu
1330 4274 1430 4334 notari
1459 4273 1509 4334 101
1538 4275 1714 4352 impugnari
1736 4287 1789 4339 aut

1039 4367 1112 4428 alias
1134 4365 1264 4442 iniringi
1285 4365 1335 4428 101
1350 4367 1507 4445 suspendi,
1524 4367 1662 4444 limitari,
1679 4369 1729 4431 vel
1744 4371 1789 4432 eis

1042 4463 1073 4523 in
1088 4461 1191 4541 aliquo
1205 4461 1347 4537 derogari
1362 4461 1543 4523 nullatenus
1558 4478 1708 4541 umquam
1719 4481 1787 4543 pos-

1039 4571 1082 4632 se,
1099 4572 1210 4635 easque
1232 4557 1360 4618 omnino
1375 4556 1434 4617 sub
1449 4555 1610 4634 quibusvis
1624 4559 1787 4619 contrariis

1039 4650 1326 4725 constitutionibus,
1340 4651 1599 4727 revocationibus,
1613 4652 1787 4730 suspensio-

1040 4745 1141 4821 nibus,
1164 4744 1413 4819 limitationibus,
1437 4745 1702 4822 derogationibus,
1723 4762 1787 4808 mo-

1039 4837 1275 4913 dificationibus,
1297 4838 1439 4912 decretis,
1464 4839 1513 4900 vel
1528 4839 1786 4902 declarationibus

1039 4931 1236 5008 generalibus
1252 4939 1284 4992 et
1301 4932 1481 5009 specialibus
1496 4933 1730 5011 quomodolibet
1744 4933 1786 4995 ta-

1038 5026 1094 5088 ctis
1117 5025 1246 5087 minime
1261 5025 1494 5103 comprehendi,
1511 5025 1563 5088 sed
1577 5026 1615 5088 ab
1629 5026 1689 5087 illis
1706 5042 1786 5089 scm·

1039 5133 1093 5197 per
1114 5127 1254 5199 exceptas
1270 5127 1420 5198 perpetuo
1435 5120 1560 5195 validas,
1579 5121 1682 5181 firmas
1696 5130 1728 5183 et
1744 5122 1788 5184 01-

1039 5217 1142 5279 iicaces
1171 5231 1237 5277 esse
1258 5222 1288 5276 et
1311 5214 1388 5290 1010,
1413 5230 1553 5292 suosque
1580 5214 1735 5293 plenarios
1756 5225 1787 5277 et

1038 5310 1176 5385 integros
1197 5309 1325 5371 01100111
1346 5309 1449 5370 1011111
1472 5317 1502 5370 01
1524 5308 1678 5384 obtinere,
1694 5325 1727 5370 ac
1749 5309 1787 5369 ab

1037 5403 1193 5477 omnibus
1217 5401 1252 5462 ad
1274 5418 1351 5480 qnos
1371 5409 1486 5482 spectat
1501 5409 1532 5462 et
1546 5402 1694 5481 spectabit
1709 5419 1786 5481 quo-

1038 5496 1205 5560 modolibet
1227 5497 1259 5558 in
1283 5496 1436 5570 futurum,
1457 5506 1606 5574 perpetuo
1621 5503 1652 5558 et
1667 5497 1786 5558 irrevo-

1037 5591 1175 5652 cabiliter
1196 5590 1371 5652 observari:
1397 5589 1530 5668 illisque,
1547 5606 1682 5668 quorum
1702 5591 1784 5653 lavo-

1038 5699 1105 5746 rem
1125 5691 1329 5760 concernunt,
1353 5684 1509 5761 perpetuis
1531 5684 1644 5746 tuturis
1668 5691 1784 5764 tempo·

1037 5778 1121 5840 ribus
1152 5777 1332 5855 plenissime
1365 5777 1527 5854 suffragari
1559 5779 1686 5852 debere,
1720 5795 1785 5840 cos-

1037 5872 1170 5949 demque
1191 5871 1426 5946 commissarios,
1448 5887 1619 5950 eorumque
1642 5870 1782 5948 legitime

1037 5963 1198 6042 deputatos
1227 5980 1319 6042 super
1352 5964 1527 6042 praemissis
1559 5963 1720 6042 omnibus,
1753 5973 1783 6028 et

1718 548 1776 620 237
1826 553 1880 614 An.
1895 551 1926 614 O.
1947 557 2017 617 1778
