4750 6980
376 541 428 610 An.
443 551 473 609 d.
495 552 562 610 tata
612 543 670 621 382

356 1517 358 1522 ⁸
377 1543 458 1586 13331
472 1552 570 1590 concas·

359 1593 446 1640 sionis.

328 3543 330 3548 .
361 3512 496 3574 berngatlo
507 3522 563 3557 con·

352 3570 496 3612 martorum.

591 695 770 760 cathedralis
796 698 942 765 ecclesiae
973 705 1060 768 nobis
1092 721 1191 785 nuper
1218 705 1330 786 exponi

590 790 742 866 lecerunt,
764 793 820 872 ipsi
843 811 897 872 pro
918 814 965 874 eo,
981 815 1074 877 quem
1096 817 1168 878 erga
1183 801 1331 866 Sanctum

590 883 737 949 loannem
749 888 1003 969 Nepomucenum
1017 891 1131 970 gernht
1146 892 1330 968 devotionis,

590 977 717 1056 attactu,
746 982 843 1044 ritum
873 984 963 1045 officii
985 985 1123 1048 eiusdem
1150 983 1255 1048 Sancti
1276 1002 1330 1064 per

589 1086 645 1132 nos
655 1072 769 1135 elevari
781 1091 979 1155 summopere
994 1078 1129 1156 cupiant,
1143 1079 1329 1158 nobisprop·

589 1170 672 1227 terea
693 1167 853 1230 humiliter
872 1171 1034 1250 supplicari
1055 1171 1207 1249 lecerunt,
1223 1180 1258 1235 ut
1271 1172 1330 1234 sibi

590 1260 622 1322 in
644 1261 818 1337 praemissis
843 1273 1015 1342 opportune
1043 1267 1215 1345 providere,
1239 1273 1269 1328 et
1294 1271 1328 1327 ut

1109 577 1173 632 tttn.
1197 581 1287 632 PONT·
1311 579 1352 634 DE
1373 587 1402 636 P·
1427 585 1455 637 l'·
1480 585 1561 642 PARS
1583 591 1605 642 l.

1389 707 1540 790 hibeatur,
1563 731 1641 796 quae
1661 717 1858 784 adhiberetur
1877 722 1948 802 ipsis
1964 728 2129 804 praesenti·

1388 803 1454 880 bus,
1478 807 1502 868 si
1524 807 1627 873 lorent
1648 811 1801 876 exhibitae
1824 817 1873 878 vel
1896 823 2046 882 ostensae.

1427 899 1537 962 Datum
1562 902 1688 982 Romae,
1718 908 1795 986 apud
1813 908 1843 973 S.
1857 909 1984 975 Petrum
2005 914 2062 977 sub
2075 933 2128 980 an·

1387 990 1462 1052 3313
1483 991 1654 1072 Piscatoris,
1678 1000 1727 1062 die
1742 1018 1784 1062 xv.
1802 1003 1931 1066 ianuarii
1943 1022 2123 1072 1133313111.

1387 1085 1581 1162 pontificatus
1603 1093 1700 1154 nostri
1722 1110 1803 1157 anno
1825 1111 1917 1161 xvru.

1639 1295 1878 1312 —————

588 1353 669 1414 inira
697 1357 861 1434 indulgere
886 1357 924 1420 de
952 1361 1143 1437 benignitate
1167 1358 1327 1439 apostolica
1394 1406 1396 1410 .

588 1445 799 1522 dignaremur.

627 1543 647 1617 ἓ
667 1544 695 1604 2.
720 1542 779 1606 Nos
794 1545 890 1620 igitur
904 1545 999 1608 dictos
1013 1555 1204 1626 exponentes
1218 1547 1329 1626 specia-

588 1635 666 1698 libus
688 1639 795 1713 gratiis
816 1646 846 1700 et
867 1639 1022 1703 favoribus
1050 1643 1193 1720 prosequi
1222 1642 1327 1705 volen-

588 1736 643 1804 tes,
666 1736 827 1793 eteorum
857 1733 1030 1809 singulares
1058 1751 1203 1813 personas
1224 1753 1239 1797 3
1261 1737 1328 1815 qni-

585 1824 689 1886 busvis
711 1827 1038 1890 excommunicationis
1059 1838 1090 1890 et
1110 1829 1279 1904 interdicti,
1299 1847 1328 1890 a·

584 1916 696 1995 liisque
716 1917 923 1982 ecclesiasticis
944 1921 1094 1997 censoris,
1114 1922 1276 1986 sententiis
1297 1930 1327 1984 et

584 2010 691 2088 poenis
706 2011 814 2088 quovis
829 2012 919 2073 modo
934 2023 964 2076 et
979 2031 1174 2094 quacumque
1188 2018 1224 2078 de
1240 2031 1327 2078 causa

585 2103 663 2178 latis,
685 2103 711 2164 si
732 2120 806 2182 quas
827 2103 906 2168 lorte
927 2107 1128 2184 incurrerint,
1147 2109 1239 2171 huius
1261 2117 1326 2170 tan·

584 2203 653 2259 turn
674 2198 718 2259 rei
734 2199 829 2274 gratia
846 2199 1038 2263 absolventes
1053 2209 1084 2263 et
1097 2203 1247 2264 absolutas
1263 2201 1327 2264 iore

583 2300 755 2366 censentes,
782 2291 1054 2370 supplicationibus
1082 2296 1258 2366 huiusmufl
1280 2296 1326 2358 in·

583 2383 700 2458 atinati,
722 2383 825 2447 andito
847 2388 939 2448 etiam
961 2385 1072 2450 dilecto
1094 2389 1157 2450 filio
1179 2389 1325 2465 magistro

584 2475 693 2540 Carolo
715 2477 849 2540 Erslrine
863 2480 933 2542 tidei
955 2488 1148 2558 promotore:
1173 2489 1207 2543 ut
1225 2497 1326 2642 'o-

582 2577 703 2632 sterum
724 2569 761 2630 ab
782 2568 929 2631 universo
948 2571 1030 2632 clero
1056 2572 1201 2634 saeculari

584 2664 682 2738 gulari
711 2662 810 2725 dictae
835 2664 1109 2740 hugelopolitanae
1134 2666 1266 2728 civitatis
1294 2676 1325 2728 et

583 2757 728 2828 dioecesis
749 2755 886 2819 olli'cium
908 2757 1010 2820 Sancti
1029 2758 1150 2821 loannis
1170 2757 1325 2837 Nepomu·

582 2852 652 2914 ceni
683 2850 826 2930 praedicti
854 2850 910 2913 sub
938 2851 1000 2911 ritu
1027 2851 1141 2930 duplici
1171 2853 1324 2916 secundae

582 2944 682 3006 classis
713 2944 835 3006 recitari
861 2943 955 3021 possit
975 2961 1008 3006 ae
1027 2944 1138 3018 valeat,
1163 2948 1198 3009 ad
1230 2963 1324 3025 quem

581 3037 727 3100 ellectum
748 3037 845 3098 ritum
867 3037 958 3099 officii
980 3038 1160 3101 huiusmodi
1181 3039 1324 3118 aduplici

582 3129 697 3191 minori
718 3131 754 3192 ad
781 3129 936 3208 duplicem
963 3132 1114 3194 secundae
1139 3132 1241 3194 classis
1269 3149 1325 3211 pro

583 3231 716 3303 utroque
736 3222 818 3286 clero
839 3223 993 3300 praedicto
1014 3223 1183 3299 elevamus
1207 3234 1325 3303 aposto-

582 3314 639 3378 lica
658 3316 839 3379 auctoritate
860 3325 970 3378 tenore
991 3317 1201 3394 praesentium
1216 3334 1323 3380 conce-

582 3411 684 3472 dimus
705 3417 737 3472 et
758 3409 967 3486 indulgemus.

622 3505 641 3576 §
662 3503 690 3564 3.
716 3502 783 3564 Non
800 3503 990 3566 obstantibus
1005 3505 1279 3573 constitutionibus
1293 3513 1323 3568 et

581 3597 826 3661 ordinationibus
841 3597 1023 3674 apostolicis,
1040 3613 1174 3661 necnon
1191 3599 1323 3661 civitatis

582 3699 612 3754 et
633 3691 780 3755 dioecesis
801 3691 972 3767 praedictae
992 3693 1121 3770 eiusque
1141 3693 1215 3756 cleri
1230 3695 1323 3757 etiam

581 3789 776 3861 iuramento,
806 3785 1042 3848 confirmatione
1070 3787 1249 3865 apostolica,
1275 3789 1322 3854 vel

580 3881 689 3960 quavis
719 3879 865 3942 firmitate
885 3880 940 3941 alia
972 3881 1122 3942 roboratis
1149 3885 1270 3946 statutis
1291 3893 1323 3946 et

581 3973 868 4047 consuetudinibus,
884 3973 1054 4052 privilegiis
1069 3991 1202 4054 quoque,
1220 3979 1322 4043 indul-

581 4066 618 4127 tis
650 4075 680 4129 et
712 4065 810 4127 literis
843 4067 1015 4144 apostolicis
1049 4072 1260 4149 superioribus
1291 4086 1322 4138 et

578 4161 719 4239 personis
743 4159 800 4222 sub
826 4161 1072 4241 quibuscumque
1101 4167 1259 4240 tenoribus
1290 4177 1320 4232 et

579 4253 685 4316 lornris
707 4271 740 4315 ac
764 4269 835 4315 curn
864 4255 1022 4332 quibusvis
1043 4259 1136 4319 etiam
1163 4261 1321 4339 derogato-

579 4351 695 4410 riarum
719 4347 930 4424 derogatoriis,
947 4349 1074 4430 aliisque
1088 4353 1319 4435 efficacioribus,

579 4441 795 4504 efficacissimis
816 4459 849 4502 ac
870 4441 1001 4504 insolitis
1023 4445 1176 4522 clausulis,
1197 4450 1319 4516 irritan-

579 4537 722 4614 tibusqua
736 4541 767 4596 et
782 4535 848 4598 aliis
868 4537 997 4600 decretis
1019 4540 1050 4600 in
1072 4555 1188 4616 genere
1217 4546 1265 4608 vel
1287 4547 1319 4610 in

577 4630 690 4707 specie,
707 4645 740 4690 ac
754 4629 820 4690 aliis
838 4631 868 4692 in
882 4632 1072 4694 contrarium
1088 4639 1320 4712 quomodolibet

578 4723 738 4799 concessis,
761 4725 932 4802 approbatis
956 4735 987 4788 et
1015 4728 1179 4791 innovatis.
1202 4734 1319 4807 Otribus

578 4818 723 4880 omnibus
744 4824 774 4879 et
795 4818 926 4894 singulis
942 4819 1069 4882 illorum
1096 4829 1218 4888 tenores
1234 4845 1320 4906 prae-

577 4913 715 4974 sentibus
732 4927 787 4990 pro
800 4910 890 4988 plene
908 4921 938 4976 et
952 4913 1141 4979 sufficienter
1155 4923 1317 5000 expressis,

577 5025 610 5070 33
625 5009 662 5070 de
683 5007 778 5068 verbo
802 5006 838 5066 ad
861 5007 991 5070 verbnm
1012 5009 1137 5074 insertis
1159 5014 1317 5095 habentes,

535 5108 538 5113 ’
576 5102 639 5164 illis
668 5101 741 5164 alias
766 5101 798 5162 in
819 5116 875 5162 suo
897 5102 1007 5164 robore
1033 5110 1254 5185 permansuris,
1283 5115 1319 5177 ad

577 5196 816 5274 praemissorum
838 5194 996 5272 ellectum,
1020 5198 1074 5260 hac
1103 5203 1170 5264 vice
1199 5205 1318 5270 dumta-

578 5299 640 5366 xat,
652 5289 826 5368 specialiter
841 5295 871 5350 et
885 5305 1028 5370 expresse
1042 5292 1238 5374 derogamus,
1254 5317 1320 5362 cae-

577 5385 711 5461 terisque
727 5383 888 5446 cantrariis
899 5385 1155 5466 quibuscumque.

347 5479 559 5592 afbbbfflfflda
618 5479 636 5553 ς
657 5479 685 5539 b.
704 5478 855 5540 Volumus
869 5488 985 5553 autem,
1006 5488 1040 5542 ut
1058 5486 1268 5558 praesentium
1285 5487 1319 5549 li-

578 5577 714 5631 terarnm
738 5570 950 5647 transumptis,
965 5587 1020 5632 seu
1043 5575 1204 5652 exemplis,
1225 5579 1318 5640 etiam

577 5663 733 5741 impressis
753 5671 784 5724 et
804 5679 899 5725 manu
921 5664 1049 5727 alicuius
1070 5668 1182 5730 notarii
1204 5671 1317 5748 publici

574 5757 763 5836 subscriptis,
786 5773 819 5817 33
839 5758 940 5834 sigillo
961 5774 1110 5835 personae
1131 5761 1163 5822 in
1179 5763 1318 5826 ecclesia·

574 5854 648 5915 stica
668 5855 818 5931 dignitate
842 5856 1028 5919 constitutae
1048 5857 1189 5934 munitis,
1211 5861 1319 5922 eadem

577 5964 699 6033 prorsus
722 5949 795 6011 tides
817 5949 849 6010 in
872 5950 983 6013 iudicio
1003 5959 1034 6012 et
1056 5960 1142 6014 extra
1163 5953 1239 6017 illud
1269 5955 1319 6016 ad·

1295 2587 1342 2647 e·

1718 1479 1793 1542 clv.

1385 1646 1447 1708 Pro
1468 1652 1729 1724 ordinationibus
1752 1666 1946 1732 Graecorum
1961 1673 1995 1734 iu
2012 1676 2126 1742 Sicilia

1425 1742 1606 1822 1333311313
1640 1755 1829 1836 Episcopum
1863 1764 2002 1828 eiusdem
2037 1773 2125 1834 ritus

1425 1840 1615 1917 constituat,-
1643 1849 1732 1926 cique
1753 1853 1788 1912 iu
1815 1864 2126 1934 perpetuansque

1422 1946 1480 2007 pro
1510 1941 1599 2008 tuac,
1628 1941 1752 2004 addicit
1783 1945 1947 2012 abbatiam
1975 1954 2067 2018 llaria
2088 1961 2126 2022 de

1423 2025 1493 2086 Gala
1522 2028 1668 2094 dioecesis
1690 2036 1916 2115 messanenses,
1948 2047 2125 2129 assignatis

1423 2118 1556 2182 iuterim
1573 2125 1731 2190 reditibus
1747 2129 1887 2212 beneficii
1903 2137 1935 2199 S.
1953 2139 2124 2207 Pancratii

1424 2210 1521 2274 latini
1544 2216 1643 2278 ritus.

1636 2389 1722 2458 etus
1745 2393 1804 2462 ΡΡ.
1829 2397 1875 2463 ill.

1502 2506 1538 2572 ad
1559 2517 1730 2594 perpetuam
1756 2519 1799 2584 rei
1821 2526 2000 2594 memoriam.

1422 2679 1590 2746 Commissa
1617 2690 1704 2752 nobis
1736 2683 1887 2760 divinitus
1919 2701 2123 2770 Ecclesiarum

1381 2773 1524 2838 omnium
1535 2777 1697 2846 solicitudo
1712 2788 1856 2866 postulat,
1870 2803 1904 2856 ut
1920 2812 2022 2873 quaea
2037 2817 2124 2878 prae-

1381 2866 1589 2934 decessoribus
1617 2879 1730 2940 nostris
1757 2882 1807 2943 vel
1834 2884 1975 2951 instituta
2005 2892 2055 2954 vel
2076 2894 2124 2956 in-

1381 2968 1466 3037 cepta
1488 2971 1561 3026 sunt
1581 2965 1616 3028 ad
1645 2971 1832 3038 orthodoxae
1859 2978 2029 3058 Religionis
2050 2987 2122 3050 ube-

1381 3053 1496 3116 riorem
1518 3073 1735 3139 progressum,
1757 3071 1944 3146 praesidium
1966 3083 1996 3138 et
2018 3077 2121 3157 decus,

1381 3144 1514 3210 libenter
1534 3155 1722 3220 confirmare
1748 3177 1935 3244 servareque
1959 3186 2121 3250 conemur,

1379 3247 1411 3302 et
1432 3251 1584 3320 quantum
1605 3249 1637 3310 in
1664 3251 1795 3316 11331133
1823 3275 1985 3336 possumus
2011 3267 2046 3330 ad
2069 3283 2121 3348 op-

1382 3340 1478 3398 tatum
1493 3339 1612 3404 exitum
1625 3344 1910 3431 perlectionemque
1924 3357 2118 3425 deducamus.

1420 3431 1439 3504 ἓ
1463 3430 1488 3491 1.
1515 3434 1594 3496 Com
1616 3437 1731 3516 itaque,
1747 3443 1825 3505 sicut
1841 3461 1879 3507 ex
1900 3448 2035 3516 indubiis
2056 3471 2122 3519 mo·

1380 3526 1540 3587 humentis
1567 3529 1750 3608 accepimus,
1773 3551 1867 3600 venn.
1894 3541 2002 3607 iratres
2023 3552 2120 3612 nostri

1380 3614 1689 3687 3113133333
1705 3630 1839 3704 negotiis
1849 3631 2120 3714 Propagandaaui-

1380 3710 1428 3772 dei
1449 3714 1612 3790 praepositi
1641 3733 1738 3796 usqne
1759 3721 1796 3784 ab
1817 3740 1898 3788 anno
1921 3745 2119 3812 unsarana,

1380 3803 1565 3870 instantibus
1581 3809 1715 3874 alumnis
1730 3815 1859 3895 collegii
1880 3821 2067 3890 Graecorum
2082 3832 2121 3893 de

1380 3897 1463 3960 Urbe
1488 3900 1617 3979 aliisque
1645 3903 1719 3966 viris
1747 3909 1805 3986 piis
1833 3926 1867 3974 ac
1894 3914 2057 3996 religiosis,
2087 3923 2118 3985 in

1378 3993 1483 4054 animo
1513 3994 1679 4060 habuerint
1710 4003 1873 4068 consulere
1908 4010 2120 4088 spiritualibus

1379 4085 1559 4163 indigentiis
1585 4090 1866 4160 italo-Graecorum
1887 4117 1941 4164 seu
1964 4105 2119 4171 31113333-

1378 4181 1471 4256 sium,
1494 4199 1628 4260 quorum
1649 4187 1780 4250 maxima
1803 4193 1887 4270 copia
1902 4202 1947 4257 est
1967 4198 1999 4260 13
2013 4202 2118 4277 regnis

1378 4277 1542 4356 utriusque
1569 4278 1689 4342 Siciliae
1710 4287 1741 4344 et
1761 4283 1795 4346 in
1817 4285 1953 4350 Calabria
1980 4307 2118 4370 praeser-

1379 4372 1445 4446 tim,
1461 4373 1618 4436 titularem
1639 4373 1680 4436 ibi
1695 4376 1965 4458 Archiepiscopum
1979 4399 2034 4448 seu
2048 4387 2119 4467 Epi·

1376 4480 1502 4542 scopum
1524 4467 1560 4528 iis
1582 4467 1613 4530 in
1636 4467 1709 4531 locis
1736 4473 1943 4551 constituere,
1966 4479 2019 4555 qui
2041 4497 2117 4543 non·

1377 4555 1472 4619 nuliis
1492 4559 1637 4622 abusibus
1651 4561 1685 4622 13
1700 4577 1845 4638 graecum
1867 4567 1964 4630 ritum
1986 4570 2117 4636 invectis

1377 4651 1518 4713 salutaria
1534 4662 1722 4731 compararet
1737 4657 1884 4733 remedia,
1900 4662 2065 4742 omniaque
2080 4667 2116 4728 ad

1376 4741 1543 4819 pristinum
1564 4743 1701 4806 nitorem
1722 4747 1911 4826 restitueret,
1933 4756 2117 4835 eosdemque

1376 4835 1656 4899 italo-Graecossen
1678 4838 1866 4903 albanenses
1888 4859 2066 4921 graecarum
2081 4849 2116 4911 li·

1376 4937 1512 4992 terarum
1529 4946 1747 5010 sacrarumque
1765 4938 2033 5003 caeremoniarum
2047 4957 2115 5020 pro-

1376 5023 1437 5104 prii
1459 5023 1536 5085 ritus
1557 5025 1685 5087 omnino
1713 5036 1854 5104 expertes
1879 5030 2061 5112 instrueret,
2084 5044 2115 5099 31

1375 5120 1410 5180 31
1437 5135 1539 5198 1333133
1574 5121 1698 5184 ordines
1733 5135 1943 5198 promoveret:
1982 5144 2115 5208 cumque

1375 5214 1504 5291 proinde
1519 5212 1569 5274 131.
1584 5215 1701 5276 record.
1721 5215 1864 5279 Clemens
1877 5217 1933 5280 ΡΡ.
1951 5220 2015 5283 1111.
2033 5239 2117 5300 prae

1375 5307 1513 5376 decessor
1534 5312 1639 5368 noster
1653 5307 1685 5368 in
1700 5307 1904 5373 bisinianensi
1919 5313 2048 5377 dioecesi
2063 5317 2116 5382 Se-

1376 5400 1544 5462 minarium
1574 5416 1629 5462 seu
1661 5401 1834 5479 Collegium
1870 5405 2114 5486 ecclesiaticum,

1377 5493 1540 5557 Corsinum
1568 5503 1790 5575 nuncupatum,
1816 5513 1871 5575 pro
1897 5508 1983 5564 certo
2004 5519 2116 5581 puero-

1376 5601 1446 5647 rum
1457 5585 1733 5650 ltalodraecornm
1748 5587 1778 5649 in
1790 5588 1844 5650 illo
1859 5590 2117 5660 instruendorum

1375 5687 1405 5740 et
1429 5679 1611 5742 alendorum
1639 5695 1771 5742 numero
1798 5691 1948 5761 perpetuo
1980 5691 2115 5753 erexerit

1375 5771 1597 5852 dotaveritque,
1623 5773 1733 5836 deinde
1754 5792 1828 5837 vern
1852 5779 1991 5842 eiusdem
2017 5782 2114 5846 dotte-

1376 5866 1417 5941 gii
1439 5867 1580 5942 regimen
1595 5872 1627 5927 et
1647 5865 1947 5935 administrationem
1967 5881 2114 5953 perpetuo

1375 5958 1571 6020 commiserit·
1584 5957 1724 6022 hntistiti
1745 5963 1846 6038 graeei
1867 5965 1946 6027 ritus
1967 5966 2000 6028 in
2022 5967 2114 6046 parti·

2162 587 2219 645 An.
2233 591 2263 646 d.
2283 595 2342 650 ttae
