4856 7010
348 545 403 600 An.
416 547 447 600 C.
468 547 537 598 1830
587 549 646 636 73ss¹

567 686 624 746 alia
654 685 740 764 plura
772 686 949 763 intelligens
979 687 1173 750 Beatissimus
1200 687 1307 760 Pater,

568 789 687 857 nosque
717 796 840 856 omnes,
865 787 924 843 tarn
955 781 1062 844 acerbo
1088 782 1192 844 dolore
1214 781 1309 859 pressi

567 871 696 948 fuimns,
718 881 753 935 ut
774 875 885 937 vestris
907 874 1049 954 lacrymis
1073 883 1195 938 nostrae
1216 875 1309 936 etiam

568 965 793 1043 quodammodo
814 969 1030 1032 miscerentur.

608 1058 683 1132 Quid
712 1063 805 1121 verol
832 1061 912 1123 Dum
941 1063 1096 1126 catholicis
1132 1073 1310 1128 extremum

569 1152 666 1215 veluti
689 1154 818 1216 exitium
849 1155 1029 1232 impendere
1051 1157 1230 1232 videbatur,
1254 1157 1309 1218 mi-

568 1252 667 1309 sertus
688 1248 837 1308 Dominus
858 1249 963 1327 populi
983 1249 1043 1324 sui,
1058 1267 1111 1312 cor
1125 1257 1156 1310 et
1171 1257 1309 1312 mentem

568 1339 759 1416 magnanimi
781 1357 813 1402 ac
835 1341 1040 1419 potentissimi
1062 1343 1155 1405 vestri
1178 1343 1310 1422 lmpera-

570 1434 655 1508 toris,
669 1431 832 1495 accedente
846 1434 975 1496 consilio
987 1443 1079 1512 atque
1092 1435 1310 1498 intercessione

569 1525 839 1590 meritissimorom
865 1527 1023 1603 virorum,
1053 1530 1105 1608 qui
1132 1529 1309 1592 christiano·

569 1637 640 1682 rum
655 1619 833 1700 Principum
848 1618 1235 1700 legatiouelungebantur,
1246 1640 1310 1686 mo-

569 1714 727 1793 vitatque
755 1715 918 1792 excitavit,
942 1723 977 1778 ut
997 1733 1051 1778 vos
1072 1733 1135 1779 uon
1165 1719 1254 1780 modo
1276 1717 1312 1779 ab

569 1806 663 1868 exilio
685 1816 854 1883 revocaret,
877 1810 928 1871 sed
952 1809 1044 1872 etiam
1065 1809 1102 1870 ab
1123 1809 1312 1872 intolerabili

570 1899 808 1972 dissidentium,
823 1916 935 1979 nempe
948 1903 1224 1980 schismaticorum,
1239 1903 1312 1980 iugo

568 1992 774 2068 subtraheret,
800 1993 948 2072 vobisque
969 1994 1092 2074 plenam
1112 2004 1204 2075 atque
1224 1995 1310 2058 iude·

569 2088 757 2164 pendentem
770 2089 934 2150 exercendi
949 2089 1088 2151 catholici
1104 2090 1206 2152 cultus
1221 2089 1312 2152 liher-

569 2187 662 2240 tatem
684 2179 742 2241 sub
772 2181 897 2257 proprio
921 2183 1138 2244 constituendo
1166 2181 1312 2244 Antistite

571 2272 755 2349 impertiret.
780 2271 814 2333 ln
836 2288 897 2351 quo
918 2274 1043 2351 quidem
1066 2291 1128 2338 non
1150 2275 1218 2337 leve
1239 2291 1313 2352 pon-

570 2366 626 2428 dus
654 2382 687 2427 ac
718 2367 783 2426 vim
810 2365 898 2428 facile
928 2365 1036 2429 hahuit
1065 2381 1131 2430 tum
1156 2374 1312 2446 perspecta

570 2467 660 2536 atque
682 2458 805 2537 probata
821 2459 1029 2521 armenorum
1045 2460 1262 2523 catholicorum
1279 2461 1313 2521 sr-

570 2549 677 2612 delita's
698 2565 769 2628 erga
792 2551 892 2628 ipsum
916 2551 1147 2630 Imperatorem,
1175 2561 1242 2615 tum
1264 2569 1312 2616 ae·

570 2645 669 2724 quitas
691 2652 721 2706 ct
743 2643 907 2708 clementia
927 2646 1064 2734 eiusdem
1083 2646 1312 2724 generosissimi

570 2737 730 2814 Principis
746 2737 796 2798 cui
817 2737 946 2814 proinde
968 2740 1117 2801 maximae
1139 2757 1154 2800 a
1175 2739 1262 2801 vobis
1283 2755 1312 2800 a·

571 2832 687 2907 gendae
709 2838 780 2904 supi
796 2831 923 2908 gratiae,
947 2840 1014 2895 tum
1036 2832 1169 2912 denique
1184 2834 1312 2910 Legato-

571 2939 642 2985 rum
663 2931 749 2987 vota:
773 2931 803 2985 at
824 2925 904 3003 quod
934 2925 1107 2987 maximum
1131 2935 1189 3002 est,
1211 2927 1312 2988 omnis

571 3017 660 3096 piane
682 3025 813 3079 euentus
829 3035 844 3078 a
859 3017 964 3079 divina
979 3019 1151 3094 voluntate,
1168 3037 1246 3099 quae
1260 3020 1314 3082 ho-

572 3111 693 3173 minum
719 3110 808 3172 corda
833 3119 953 3187 movet,
976 3119 1021 3173 est
1049 3115 1250 3193 repetendus,
1280 3115 1311 3177 in

570 3204 744 3282 praemium
760 3203 887 3266 iactasse
902 3201 1100 3282 constantiae,
1116 3224 1186 3286 quaa,
1203 3209 1312 3287 spretis

571 3297 816 3376 quibuscumque
837 3297 982 3375 periculis
1003 3307 1095 3376 atque
1116 3301 1311 3378 cruciatibus,

571 3392 759 3453 orthodoxae
780 3390 850 3451 fidei
871 3398 1002 3453 strenue
1023 3391 1208 3456 adhaesistis.

609 3485 714 3563 ltaque
730 3498 803 3546 cum
818 3490 862 3545 tot
878 3485 1055 3560 gravissima
1071 3486 1192 3563 damna,
1209 3487 1313 3551 divina

572 3578 743 3656 opitulante
764 3577 871 3652 gratia,
890 3579 921 3639 in
937 3578 1054 3640 bonurn
1076 3596 1223 3642 conversa
1238 3582 1312 3659 sint,

572 3687 705 3750 aequum
726 3685 798 3732 sane
820 3678 876 3746 est,
900 3677 934 3733 ut
955 3672 1009 3750 qui
1032 3673 1172 3736 tristitiae
1194 3677 1313 3753 partici-

572 3779 625 3842 pes
645 3763 771 3838 luimus,
793 3772 913 3842 partem
940 3780 1065 3844 quoque
1094 3759 1260 3830 habeamus
1281 3769 1313 3831 iu

573 3857 682 3936 gaudio
703 3856 789 3920 iuxta
810 3855 885 3920 illud
913 3856 1025 3920 Psalmi
1046 3859 1115 3922 Ph:
1138 3861 1312 3924 secuudum

572 3950 816 4014 multitudinem
838 3949 984 4012 dolorum
1005 3967 1148 4016 meorum
1169 3955 1205 4016 io
1223 3955 1314 4017 corde

572 4061 647 4117 coeo,
672 4042 901 4105 consolationes
918 4049 993 4106 tuoe
1008 4044 1267 4126 laetificaverunt
1281 4065 1315 4110 o·

573 4139 693 4201 nimum
708 4153 818 4199 meum.
840 4138 1034 4217 deprimam
1052 4140 1248 4203 Beatissimus
1264 4142 1315 4203 Pa·

573 4243 621 4294 ter
640 4231 712 4294 Pius
736 4229 829 4304 vill,
852 4233 917 4310 qui,
948 4239 982 4294 ut
1010 4233 1132 4296 visibile
1163 4235 1315 4298 Ecclesiae

573 4323 671 4402 Caput
699 4331 878 4403 perpessae
899 4324 985 4386 vobis
1010 4327 1120 4388 damna
1147 4327 1315 4390 vehemen-

573 4418 634 4480 tius
655 4423 802 4491 senserat,
825 4417 935 4479 maiori
953 4420 1047 4481 etiam
1063 4419 1177 4483 laetitia
1192 4420 1317 4484 allectus

574 4517 630 4586 est,
655 4511 795 4589 mihique
824 4526 967 4588 expresse
997 4512 1172 4593 mandavit,
1202 4521 1237 4576 ut
1260 4531 1316 4579 suo

574 4604 703 4667 nomine
723 4603 810 4666 vobis
836 4605 1060 4684 significarem,
1083 4614 1197 4686 quanta
1221 4609 1317 4672 animi

574 4697 765 4762 iucunditate
795 4704 827 4760 et
858 4697 1064 4774 gratulatione
1094 4700 1316 4766 faustissimum

574 4792 632 4854 hoc
653 4797 803 4854 euentum
824 4792 992 4871 acceperit,
1014 4801 1194 4875 quantoque
1216 4798 1316 4860 studio

574 4899 701 4963 operam
721 4885 792 4946 dare
812 4894 934 4965 paratus
954 4885 1006 4961 sit,
1022 4895 1056 4948 ut
1072 4902 1147 4966 opus
1162 4905 1177 4949 a
1194 4889 1256 4952 Deo
1270 4891 1317 4950 in-

575 4985 701 5056 ceptum
721 4977 841 5040 felicem
867 4978 1032 5055 sortiatur,
1055 4990 1206 5059 quantum
1229 4985 1263 5044 ad
1286 4999 1318 5044 se

575 5072 697 5148 attinet,
713 5073 834 5134 exitum
855 5077 886 5134 et
908 5072 1183 5152 complementum.
1208 5075 1318 5138 labile·

575 5181 645 5228 mus
666 5165 763 5243 igitur
776 5168 835 5228 [leo
856 5166 889 5228 in
905 5183 981 5230 voce
1002 5169 1211 5245 exultationis,
1228 5171 1320 5248 eique

575 5261 663 5338 iuges
684 5275 810 5337 agamus
830 5275 887 5339 pro
910 5269 995 5323 tanto
1017 5262 1167 5325 beneficio
1188 5264 1317 5341 gratias,

576 5353 721 5433 quoniam
732 5354 812 5416 sicut
822 5355 1058 5417 abundaverunt
1069 5355 1222 5432 passiones
1231 5355 1319 5420 Chri·

575 5447 614 5508 sti
637 5448 668 5506 in
690 5445 787 5520 vobis,
811 5446 851 5506 ita
874 5455 905 5508 et
927 5455 982 5524 per
1005 5447 1162 5510 Christum
1185 5448 1319 5512 abundat

576 5538 743 5600 consolatio
768 5547 880 5600 vestra.

615 5630 703 5693 Prior
715 5641 819 5694 autem
834 5631 955 5696 Summi
967 5633 1097 5696 Pastoris
1112 5649 1184 5696 cura
1199 5649 1234 5696 ea
1247 5633 1318 5711 luit,

578 5734 612 5788 ut
638 5725 1017 5805 Constantinopolitanum
1047 5727 1319 5806 archiepiscopum

618 5939 647 5998 (l)
662 5939 725 5985 vide
738 5951 825 5999 supra.

1087 567 1150 612 ltili.
1174 565 1265 612 Portu.
1288 565 1329 608 bu
1350 563 1379 608 Ρ.
1403 563 1432 608 F.
1456 565 1538 610 PARS
1560 565 1580 608 l.

1363 687 1395 743 et
1416 681 1581 744 Primatem
1601 681 1730 758 eligeret
1746 687 1837 760 atque
1853 681 2040 744 institueret.
2059 680 2112 743 ln-

1363 781 1412 836 ter
1437 775 1541 855 plures
1566 791 1604 836 en
1629 776 1720 839 Clero
1741 777 1887 850 Armeno,
1914 775 1967 854 qni
1990 776 2111 853 episco-

1364 874 1436 945 patu
1457 869 1541 944 digni
1565 869 1662 931 videri
1684 874 1835 946 poterant,
1858 869 1943 930 visus
1963 868 2110 931 celsan-

1363 961 1461 1023 etitati
1483 960 1561 1026 Suae
1583 964 1756 1040 aptissimus
1780 962 1929 1025 Dominus
1951 962 2112 1022 Antonius

1365 1057 1515 1134 Nurigian
1537 1057 1652 1118 Urbani
1674 1056 1770 1119 nostri
1792 1054 1921 1130 Colleg'ii
1941 1054 2110 1128 hlumnus,

1364 1151 1412 1213 vir
1433 1151 1562 1230 pietate,
1594 1149 1773 1227 prudentia,
1803 1149 1941 1212 doctrina
1966 1146 2112 1210 caeteris·

1364 1261 1425 1324 que
1447 1244 1567 1307 dotibus
1581 1244 1748 1321 praeditus,
1761 1259 1838 1322 quae
1852 1244 1887 1304 ad
1904 1240 2038 1318 gerenda
2053 1241 2112 1302 Ec-

1364 1338 1472 1400 clesiae
1488 1337 1693 1414 gubernacula
1708 1342 1783 1398 sunt
1795 1336 1993 1413 necessariae,
2010 1349 2114 1412 eoque

1364 1431 1461 1508 magis
1484 1431 1515 1494 in
1531 1432 1609 1494 hanc
1631 1430 1704 1492 abiit
1724 1431 1924 1504 sententiam,
1941 1429 2011 1508 quia
2026 1443 2113 1489 com-

1366 1530 1488 1603 perium
1510 1524 1568 1586 sibi
1590 1532 1666 1599 erat,
1688 1523 1779 1586 illum
1800 1523 1886 1584 vobis
1910 1529 2033 1600 gratnm
2064 1537 2113 1581 ac-

1366 1625 1551 1696 ceptumque
1572 1617 1727 1680 laturum.

1403 1710 1503 1786 Quare
1523 1710 1740 1774 sanctissimus
1756 1717 1913 1789 tamquam
1930 1707 2046 1772 Christi
2058 1707 2114 1770 Vi-

1366 1804 1464 1866 carius
1479 1809 1510 1866 et
1524 1804 1605 1866 beati
1624 1804 1707 1866 Petri
1727 1803 1877 1882 Principis
1892 1801 2115 1880 Apostolorum

1366 1913 1522 1960 successor
1553 1898 1698 1959 eumdem
1727 1896 1841 1959 lichum
1871 1897 1904 1959 b.
1935 1894 2114 1957 Antonium

1367 1988 1516 2066 Nurigian
1537 1990 1570 2050 in
1583 1988 1961 2069 constantinopolitanum
1982 1986 2115 2050 catholi-

1366 2098 1473 2144 corum
1503 2085 1714 2145 Armenorum
1744 2083 2016 2162 Archiepiscopnm
2045 2079 2112 2160 (),

1367 2191 1507 2239 necnon
1530 2176 1696 2238 Primatem
1719 2177 1861 2240 omnium
1889 2175 2112 2248 Ecclesiarum,

1366 2285 1439 2347 quas
1461 2271 1493 2331 in
1512 2268 1681 2333 Othomana
1697 2271 1813 2332 ditione
1829 2269 2030 2345 designandas
2045 2281 2114 2327 esse

1366 2363 1543 2438 contigerit,
1571 2361 1928 2440 Constantinopolitanae
1953 2360 2113 2421 Primatia-

1366 2454 1403 2516 lis
1420 2455 1571 2521 Ecclesiae
1587 2455 1810 2532 suffraganeas,
1830 2455 1895 2517 sive
1911 2455 2053 2516 omnium
2070 2451 2113 2513 lo-

1366 2563 1486 2622 corum,
1516 2548 1568 2610 ubi
1595 2547 1736 2609 catholici
1762 2547 1891 2610 Armeni
1917 2559 2115 2608 commoran-

1368 2646 1431 2718 tur,
1463 2641 1517 2719 qui
1547 2649 1635 2703 antea
1665 2639 1772 2704 Latino
1801 2639 1995 2703 Patr-iacchali
2024 2637 2113 2700 Vica-

1367 2733 1413 2795 rio
1441 2733 1570 2797 subiecti
1599 2744 1698 2810 erant,
1727 2734 1831 2812 elegit,
1861 2731 1996 2794 instituit
2019 2739 2113 2809 atque

1368 2825 1527 2904 praeierit3
1545 2844 1679 2906 eumque
1694 2827 1807 2889 Romae
1822 2828 1883 2888 iam
1897 2831 2113 2888 consecratum

1368 2928 1398 2982 et
1419 2935 1503 2982 sacro
1524 2921 1618 2983 Pallio
1639 2924 1676 2984 de
1698 2922 1832 2999 Corpore
1852 2920 1933 2982 beati
1954 2919 2039 2982 Petri
2061 2919 2113 2981 de-

1367 3023 1502 3092 sumpto,
1524 3031 1585 3092 quo
1607 3015 1764 3093 pastoralis
1785 3014 1874 3078 officii
1896 3014 2058 3092 plenitudo
2073 3013 2113 3074 si-

1368 3108 1551 3185 gnificatur,
1584 3117 1770 3172 exornatum
1801 3110 1838 3172 ad
1869 3124 1923 3171 vos
1955 3108 2113 3170 mittimus

1367 3210 1448 3264 certa
1470 3217 1523 3280 spe
1545 3201 1628 3275 freti,
1651 3203 1807 3278 laturum,
1825 3209 1858 3266 ut
1873 3203 1939 3282 ipse
1960 3218 2014 3264 vos
2036 3200 2113 3262 dile-

1368 3297 1540 3360 ctissimum
1560 3315 1654 3360 suum
1676 3313 1803 3375 gregem
1825 3299 1910 3359 omni
1932 3297 2058 3359 caritate
2083 3305 2114 3358 et

1367 3392 1468 3453 studio
1489 3391 1700 3470 amplectatur,
1716 3399 1746 3454 et
1764 3393 1854 3454 ducat
1868 3392 1900 3454 in
1916 3391 1997 3452 viam
2013 3398 2114 3452 aeter-

1369 3485 1555 3561 uaesalutis,
1568 3499 1754 3564 omnemque
1766 3485 2114 3565 detoperam,ut,quod

1368 3577 1559 3641 destructum
1581 3584 1657 3654 erat,
1673 3579 1902 3654 reaedificetur3
1924 3579 2006 3657 quod
2028 3578 2115 3640 inor·

1369 3671 1521 3747 dinatum,
1543 3672 1658 3733 iterum
1680 3680 1883 3750 componatur
1892 3694 1907 3748 ;Ι
1922 3671 2004 3750 quod
2025 3671 2113 3733 deni·

1368 3781 1429 3844 que
1459 3773 1652 3843 corruptum,
1676 3766 1713 3828 ab
1739 3765 1825 3828 oanni
1852 3764 1918 3826 labe
1946 3772 2111 3842 purgetur,

1369 3858 1522 3937 noxiaque
1544 3859 1673 3935 zizania,
1689 3875 1767 3938 quae
1788 3860 1934 3922 inimicus
1954 3859 2047 3920 homo
2062 3875 2112 3920 su·

1368 3952 1590 4030 perseminavit
1605 3953 1636 4014 in
1652 3952 1753 4014 medio
1769 3952 1875 4028 tritici,
1890 3953 2014 4030 penitus
2028 3949 2110 4013 evel-

1369 4047 1484 4109 lantur.

1409 4139 1559 4215 Quoniam
1580 4141 1677 4219 igitur
1692 4141 1913 4220 omnipotentis
1927 4139 1981 4202 Dei
1996 4137 2112 4201 auxilio

1370 4229 1486 4298 iactum
1510 4241 1568 4312 est,
1590 4241 1637 4312 ut,
1665 4235 1718 4316 qui
1739 4242 1827 4297 antea
1848 4232 1946 4296 veluti
1973 4233 2112 4295 membra

1370 4329 1438 4391 sine
1460 4329 1575 4407 Capite,
1592 4343 1668 4406 grex
1683 4331 1750 4392 sine
1764 4330 1887 4390 Pastore
1908 4327 2011 4403 eratis,
2028 4341 2113 4388 nunc

1371 4423 1496 4503 proprio
1523 4424 1620 4501 capite
1642 4431 1673 4485 et
1693 4429 1813 4501 pastore
1838 4423 1941 4484 donati
1968 4421 2046 4495 sitis,
2069 4428 2112 4481 at·

1372 4532 1431 4596 que
1460 4533 1478 4578 e
1507 4515 1734 4578 dissidentium
1763 4517 1837 4592 iugo
1868 4514 2013 4589 exsoluti,
2041 4529 2114 4576 con·

1373 4624 1487 4686 gruum
1508 4625 1581 4671 sane
1602 4617 1648 4670 est
1669 4618 1699 4671 et
1719 4614 1973 4683 consentaneum,
1997 4614 2031 4669 ut
2050 4615 2112 4669 tam

1372 4703 1492 4779 insigne
1513 4701 1699 4764 beneficium
1719 4717 1843 4764 servare
1854 4717 1890 4763 ac
1905 4703 1997 4777 tueri,
2014 4715 2113 4780 eoque

1373 4811 1427 4857 vos
1453 4795 1609 4872 digniores
1630 4795 1663 4856 in
1690 4794 1754 4857 dies
1781 4794 1925 4873 praebere
1953 4793 2111 4856 studeatis.

1371 4889 1459 4965 Quod
1473 4887 1608 4968 prolecto
1623 4887 1709 4951 vobis
1724 4889 1894 4965 continget,
1910 4889 1936 4950 si
1951 4889 2036 4951 omni
2050 4896 2113 4950 stu-

1374 4983 1423 5064 dio
1444 4982 1597 5059 caveritis,
1620 4997 1660 5042 ne
1683 4987 1804 5044 ueteres
1827 4983 2052 5058 contentiones,
2074 4983 2112 5044 si·

1374 5075 1517 5137 multates
1549 5091 1582 5136 ac
1609 5074 1865 5154 perniciosissima
1893 5074 2113 5138 discordiarum

1373 5169 1503 5247 semina,
1527 5183 1605 5245 quae
1626 5167 1730 5230 lurore
1750 5169 1971 5247 persecutionis
1993 5167 2054 5230 iam
2067 5185 2115 5230 so-

1374 5261 1447 5339 pita,
1464 5258 1610 5322 eradicata
1632 5268 1662 5322 et
1683 5260 1824 5322 absumta
1843 5261 2041 5338 arbitramur,
2058 5263 2114 5325 ite·

1375 5369 1446 5416 rum
1466 5353 1549 5414 inter
1571 5370 1624 5416 uos
1644 5362 1826 5432 appareant,
1848 5360 1939 5433 atque
1964 5357 1995 5416 in
2018 5356 2113 5417 chaci-

1376 5453 1437 5508 tate
1457 5447 1591 5510 invicem
1618 5455 1777 5509 manentes
1808 5453 1964 5527 tamquam
1984 5449 2018 5510 in
2040 5449 2112 5524 Deo,

1374 5539 1532 5617 quoniam,
1561 5546 1595 5602 ut
1622 5540 1663 5601 ait
1690 5537 1864 5618 Apostolus,
1894 5539 1979 5603 Deus
2007 5540 2112 5603 chori·
2165 5577 2167 5580 .

1375 5639 1425 5695 tac
1456 5639 1512 5707 est,
1544 5637 1574 5694 et
1603 5634 1658 5712 qui
1689 5639 1796 5698 munet
1822 5635 1857 5696 io
1886 5633 2056 5707 charitate,
2079 5634 2114 5696 t'n

1376 5727 1437 5788 lieo
1463 5733 1582 5796 moaci,
1608 5727 1732 5790 solliciti
1754 5727 1839 5790 eritis
1870 5743 1993 5791 servare
2013 5728 2115 5791 unita-
