4750 6980
931 601 1002 646 erus
1025 600 1073 644 ne.
1098 602 1140 648 vx.
1731 578 1788 642 tlt
1838 575 1891 630 An.
1906 579 1936 632 e.
1957 577 2026 632 1799

260 722 396 785 Rutheni
419 723 500 785 uniti
521 725 601 785 ritus
622 722 665 784 eis
686 720 830 784 canonice
845 718 1004 782 conieren-
1062 719 1145 782 rium
1161 719 1372 800 Suprasliense
1387 719 1576 798 praedictum
1592 717 1654 781 sint
1669 717 1747 780 duae
1762 731 1808 776 re-

259 816 310 880 das
332 832 393 878 una
415 833 486 878 cum
507 816 571 878 suis
598 813 811 892 dignitatibus,
839 829 894 876 seu
916 829 1004 876 cano·
1032 717 1036 892 ,
1062 813 1183 889 gulares
1206 814 1326 887 doinus,
1343 828 1421 890 quae
1436 812 1620 876 residentiae
1635 811 1743 872 itidem
1758 825 1808 886 ap-

260 909 408 972 nicatibus
428 917 460 970 et
482 907 675 987 praebendis,
691 916 727 969 ιιι
741 906 833 978 inira,
850 905 1004 982 erigendis
1032 900 1034 951 t
1060 905 1228 982 pellantur,
1246 905 1346 969 eidem
1366 905 1553 969 monasterio
1568 921 1621 984 per
1637 902 1807 984 primaevas

259 1003 372 1082 absque
407 1003 634 1082 dispensatione
665 999 827 1080 apostolica
859 1000 1005 1078 consequi
1031 955 1034 1065 l
1060 1015 1129 1059 suas
1150 997 1349 1084 fundationes
1369 1014 1518 1072 annexae,
1537 997 1573 1060 ad
1594 1013 1670 1076 quas
1686 1012 1741 1076 pro
1756 994 1807 1056 ha-

259 1102 290 1158 et
311 1095 448 1159 retinere
469 1101 596 1174 queant,
619 1094 654 1154 ad
676 1109 771 1173 quem
792 1093 937 1156 eflectum
952 1107 1003 1170 op·
1031 1068 1033 1114 ¹
1060 1091 1210 1154 bitatione
1231 1092 1372 1155 monachi
1395 1093 1532 1154 eiusdem
1554 1091 1677 1154 Ordinis
1691 1086 1807 1166 abipso

260 1195 426 1265 portunam
446 1188 490 1248 eis
511 1203 551 1249 ex
574 1202 658 1249 nunc
679 1201 735 1264 pro
759 1193 831 1248 tunc
847 1183 1003 1246 licentiam
1060 1187 1247 1247 monasterio
1261 1185 1528 1258 transmittuntur,
1540 1182 1657 1248 scilicet
1667 1181 1806 1245 residen-

260 1281 424 1344 tribuimus
446 1288 477 1342 et
503 1279 691 1353 laenitatem,
714 1279 750 1341 ad
777 1277 1004 1355 omnipotentis
1030 1267 1033 1330 ἶ
1060 1279 1102 1340 ιιι
1122 1279 1324 1342 lluanicensis
1346 1279 1378 1340 in
1401 1278 1542 1342 Borussia
1563 1294 1642 1340 nova
1664 1275 1805 1338 orientali

258 1375 324 1448 llei,
346 1373 540 1436 beatissimae
568 1372 705 1450 Virginis
735 1370 857 1434 laudem
887 1377 918 1432 et
940 1370 1003 1446 glo·
1030 1335 1033 1444 f
1059 1380 1176 1449 septem
1199 1370 1392 1448 milliaribus,
1415 1381 1446 1434 et
1468 1370 1678 1434 Varsaviensis
1699 1371 1731 1430 in
1749 1370 1806 1431 Bo·

258 1471 347 1543 riam,
369 1468 579 1547 praedictique
600 1466 703 1533 Sancti
727 1467 849 1528 loannis
864 1465 1003 1541 Evange-
1030 1466 1032 1535 l
1059 1465 1155 1528 russia
1177 1465 1371 1528 meridionali
1393 1465 1519 1542 triginta
1533 1465 1652 1528 duobus
1667 1461 1805 1526 milliari·

257 1561 344 1623 listae
364 1562 526 1636 honorem,
551 1562 685 1640 fideique
706 1558 870 1622 catholicae
891 1557 1004 1619 exeita·
1029 1538 1032 1569 ⁶
1059 1556 1116 1620 bus
1136 1577 1152 1620 a
1174 1559 1360 1620 monasterio
1388 1557 1541 1636 praedicto
1569 1558 1717 1621 distantes
1737 1561 1805 1634 post

257 1657 375 1719 tionem
397 1655 477 1718 dicta
503 1653 666 1732 apostolica
693 1652 876 1716 anctoritate
895 1667 1004 1732 perpe-
1029 1626 1032 1704 l
1058 1657 1193 1714 secutam
1214 1652 1397 1716 divisionem
1419 1652 1510 1730 regni
1530 1652 1695 1728 Poloniae;
1718 1667 1806 1729 repe-

257 1757 310 1813 tuo
330 1749 480 1826 erigimus
501 1756 532 1810 et
553 1747 756 1812 instituimus.
1029 1708 1031 1810 Ι
1059 1745 1156 1807 riatur
1177 1745 1304 1825 insuper
1325 1747 1357 1808 in
1379 1746 1521 1808 Borussia
1553 1761 1632 1808 nove
1661 1743 1804 1807 orientali

59 1840 239 1944 diilaffiglgg
296 1843 567 1920 §iniciamque
597 1840 802 1905 cathedralem
834 1839 1001 1902 Ecclesiam
1057 1840 1222 1902 residentia
1238 1838 1345 1902 itidem
1362 1839 1583 1903 monachorum
1594 1836 1738 1919 praedicti
1750 1838 1803 1902 Or·

26 2015 27 2030 χ
59 1908 155 2024 gir'dfbu
175 1951 239 2012 xpp
256 1953 311 2016 per
338 1953 394 2000 nos
423 1937 477 2012 sic,
500 1943 535 1998 ut
555 1933 740 2014 praefertur,
770 1939 904 1996 erectam
931 1930 1001 1994 Sedi
1058 1933 1138 1996 dinis
1168 1934 1272 1998 Sancti
1303 1933 1405 1996 Basilii
1427 1934 1460 1996 in
1482 1933 1605 1996 civitate
1633 1932 1803 2012 Orogiezya

26 2031 28 2100 i
59 2004 136 2104 ξῖῗιῗθ
156 2003 238 2048 '⁰¹³⁸'
255 2030 447 2109 Apostolicae
461 2028 639 2091 immediate
653 2028 820 2093 subiectam
835 2033 1000 2104 semperet
1057 2029 1288 2106 quatuordocim
1310 2027 1492 2091 milliaribus
1511 2027 1549 2089 ab
1569 2028 1678 2090 eodem
1698 2042 1804 2089 mona-

255 2133 405 2203 perpetno
427 2123 493 2184 lore
515 2129 545 2184 et
566 2137 631 2184 esse
646 2122 752 2184 eadem
773 2120 934 2199 apostolica
949 2137 999 2182 an·
1027 2130 1030 2203 l
1057 2122 1151 2184 sterio
1172 2122 1273 2184 dissita
1296 2129 1384 2184 antea
1408 2121 1444 2184 ad
1465 2123 1657 2200 provinciam
1678 2122 1803 2186 Lithua·

254 2217 396 2280 ctoritate
417 2215 616 2279 declaramus.
640 2216 720 2277 ilum
736 2221 841 2276 autem
855 2213 1000 2276 dioecesis
1026 2206 1029 2287 ξ
1058 2229 1129 2276 nam
1151 2217 1324 2292 pertinens,
1347 2231 1424 2293 quae
1445 2214 1587 2278 adilecto
1603 2214 1666 2276 silio
1682 2215 1803 2277 moder·

256 2310 487 2389 Suprasliensis,
505 2309 649 2387 illiusque
663 2307 809 2370 ecclesiae
822 2306 999 2386 episcopalis
1057 2323 1098 2367 no
1119 2309 1256 2385 generali
1277 2309 1422 2386 praedicti
1437 2308 1560 2372 Ordinis
1576 2308 1678 2372 Sancti
1700 2309 1803 2371 Basilii

252 2409 425 2484 respective
447 2403 636 2465 territorium
665 2401 811 2464 constitui
833 2400 940 2463 debeat
961 2417 999 2461 ex
1056 2401 1157 2478 Magni
1179 2419 1272 2466 exre
1293 2406 1403 2467 mutati
1424 2405 1555 2468 dominii
1577 2405 1675 2468 abbati
1697 2420 1803 2468 mona-

252 2500 315 2561 illis
335 2499 508 2561 dioecesum
530 2495 723 2574 portionibus
749 2495 887 2556 eiusdem
907 2495 998 2557 Grae·
1054 2496 1143 2557 sterii
1157 2497 1334 2560 huiusmodi
1350 2499 1452 2561 extitit
1465 2499 1617 2575 subiecta;
1631 2499 1801 2562 lluanicen-

252 2592 446 2656 co-llutheni
468 2589 549 2653 uniti
568 2590 647 2652 ritus
661 2589 718 2651 sub
732 2587 879 2668 praedicti
894 2589 998 2651 l'ride-
1055 2590 1096 2653 sis
1124 2597 1154 2653 et
1175 2591 1384 2654 Varsaviensis
1412 2591 1595 2656 residentiae
1623 2593 1801 2657 huiusmodi

252 2687 307 2749 rici
318 2684 477 2748 Guillelmi
494 2683 574 2760 regis
586 2681 747 2761 temporali
762 2679 897 2743 dominio
913 2697 999 2758 prae·
1024 2676 1027 2778 l
1054 2701 1123 2747 suas
1143 2686 1274 2747 habeant
1295 2685 1480 2764 parochiales
1502 2687 1654 2764 ecclesias,
1680 2702 1801 2750 earum-

253 2781 333 2843 dicto
359 2776 564 2839 existentibus
585 2776 621 2838 ad
644 2775 712 2849 hoc,
737 2781 769 2836 ut
791 2790 864 2836 oves
892 2775 998 2836 distra·
1024 2793 1027 2819 ·
1054 2791 1114 2855 que
1135 2785 1270 2854 pastores
1290 2793 1396 2841 curam
1410 2779 1586 2841 animarum
1601 2779 1802 2858 parochiano-

252 2879 319 2936 ctae
346 2874 382 2934 ad
411 2870 572 2951 proprium
603 2869 812 2947 perducantur
842 2868 935 2941 ovile,
958 2869 998 2928 si·
1055 2886 1127 2932 rum
1146 2871 1194 2933 sui
1216 2872 1294 2934 ritus
1320 2879 1497 2935 exerceant:
1522 2889 1555 2935 ac
1576 2873 1703 2937 demum
1725 2874 1802 2936 bro-

253 2967 382 3045 mulque
403 2963 549 3044 providus
570 2969 672 3041 pastor
692 2961 869 3039 praefinitos
888 2961 998 3024 habeat
1053 2963 1187 3027 chiensis
1208 2980 1329 3044 quoque
1350 2966 1515 3028 residentia
1543 2983 1598 3044 pro
1619 2967 1711 3029 sacris
1732 2984 1800 3045 per-

252 3074 399 3136 agrorum
414 3056 540 3131 limites,
557 3055 609 3117 nbi
624 3054 691 3118 illas
706 3055 825 3132 pascuis
839 3054 997 3116 doctrinae
1052 3057 1176 3134 agendis
1199 3059 1398 3122 missionibus
1413 3060 1462 3137 pie
1476 3061 1647 3137 reperiatur
1662 3061 1799 3138 lundata,

252 3151 424 3215 salubribus
445 3148 543 3210 valeat
562 3147 720 3224 saginare3
1053 3151 1084 3212 in
1101 3152 1212 3230 quibus
1226 3153 1353 3231 quidem
1368 3153 1560 3230 regularibus
1575 3156 1728 3230 domibus,
1745 3173 1800 3218 seu

64 3245 237 3346 „ffiffi
292 3245 361 3320 58·
386 3245 539 3320 (1111111119,
562 3242 641 3303 sicui
666 3239 851 3318 accepimus,
874 3257 928 3320 pro
950 3241 997 3303 in·
1053 3247 1188 3324 qualibet
1209 3247 1373 3310 residentia
1391 3248 1567 3311 huiusmodi
1583 3255 1645 3311 tres
1659 3249 1800 3314 eiusdem

63 3355 170 3414 ιιιιιιιιι
192 3364 236 3410 pro
252 3341 428 3417 trascriptae
438 3334 720 3399 dismembrationis
735 3335 918 3396 executione
928 3351 997 3413 pro·
1052 3341 1175 3404 Ordinis
1197 3341 1340 3404 monachi
1363 3341 1511 3404 continuo
1532 3352 1777 3421 commorantem

63 3418 108 3453 ⁰⁰⁹³
119 3407 234 3464 ΒΜ
252 3435 424 3500 cedendum
445 3431 478 3491 in
500 3427 608 3507 primis
621 3427 661 3489 sit
675 3444 691 3488 a
705 3426 838 3488 dioecesi
853 3427 996 3491 Kiovien·
1091 3437 1110 3511 ἓ
1135 3435 1164 3498 9.
1195 3439 1238 3500 ιιι
1268 3443 1390 3513 praeter
1420 3435 1587 3513 praedictas
1619 3437 1799 3500 residentias
1836 3449 1934 3514 praecia
1948 3460 2015 3500 nora

251 3530 276 3591 si
298 3534 327 3590 et
350 3522 513 3586 adioecesi
535 3521 676 3582 Bretensi
698 3520 867 3581 Lithnanae
882 3521 914 3583 in
930 3520 997 3583 lon·
1053 3529 1139 3592 nulla
1169 3530 1300 3607 amplius
1336 3545 1393 3592 nec
1423 3529 1564 3593 virorum
1594 3548 1651 3594 neo
1680 3533 1797 3594 monia.
1817 3501 1946 3552 ⁶¹⁰⁰⁹⁶⁵¹⁸·

252 3636 325 3700 gun
345 3622 467 3698 praeter
499 3614 656 3677 civitatem
687 3612 921 3676 vesanensem
943 3630 997 3692 per
1053 3623 1131 3685 tium
1158 3623 1297 3686 eiusdem
1317 3622 1590 3686 Graeco-liutheri
1618 3625 1697 3687 uniti
1718 3625 1798 3689 ritus

252 3733 309 3779 nos
328 3729 430 3792 nuper
450 3707 612 3789 apostolica
639 3707 822 3770 auctoritate
845 3708 995 3784 praedicta
1052 3727 1280 3780 enumerentur
1311 3716 1511 3781 monasteria:
1545 3718 1605 3782 Nos
1634 3727 1798 3798 propterea

253 3815 397 3882 erectam,
420 3804 453 3866 in
474 3819 534 3882 qua
556 3801 646 3864 unica
668 3801 827 3863 dumtaxat
841 3802 996 3879 reperitur
1051 3809 1243 3886 praedictum
1274 3807 1447 3886 Suprasliae
1477 3809 1590 3886 locum,
1614 3819 1738 3874 etcum
1760 3831 1798 3877 eo

251 3902 473 3966 nonachorum
496 3893 641 3974 praedicti
668 3891 791 3956 Ordinis
817 3892 921 3956 Sancti
943 3895 995 3956 lla·
1022 3920 1024 3934 =
1052 3902 1274 3966 monasterium
1300 3903 1502 3980 praedictum,
1525 3921 1558 3966 ac
1583 3905 1725 3982 superius
1746 3907 1797 3970 de-

251 3997 309 4062 silii
339 3991 491 4070 regularis
519 3988 641 4062 domus,
663 4002 755 4066 quam
786 3995 894 4050 vocant
922 3989 993 4049 resi·
1050 3997 1176 4073 scriptas
1198 3995 1322 4060 illarum
1350 3997 1525 4060 dioecesum
1554 3998 1720 4076 portiones,
1745 4002 1798 4065 uhi

252 4091 397 4162 dentiam,
412 4103 427 4146 ι
442 4081 539 4147 iluvlo
559 4079 696 4144 Niemeri
718 4078 752 4140 ad
775 4080 906 4142 iluvium
928 4081 994 4159 Bng
1050 4089 1169 4168 oppida,
1193 4089 1266 4164 loca,
1290 4089 1393 4166 villae,
1414 4090 1569 4166 eeclesiae,
1586 4101 1617 4154 et
1639 4093 1797 4170 regulares

252 4181 443 4250 numerando
465 4175 592 4252 triginta
614 4173 767 4248 millimia,
785 4173 917 4238 lucilius
930 4191 993 4237 111e·
1050 4185 1160 4246 domus
1180 4198 1234 4244 seu
1257 4182 1442 4246 residentiae
1459 4184 1636 4248 huiusmodi
1651 4187 1797 4262 praedicti

252 4277 372 4344 ditullio
394 4270 585 4352 praedictum
607 4265 829 4346 Supraslienso,
854 4275 992 4347 11ῑι111θ·
1020 4255 1022 4367 ξ
1050 4277 1322 4341 Graeco—liutbeni
1344 4279 1422 4340 uniti
1444 4277 1533 4353 ritus,
1556 4287 1589 4340 ιιι
1611 4280 1795 4357 praefertur,

251 4373 359 4446 lertur,
376 4371 590 4442 nuncupatum
605 4368 689 4423 extat
704 4362 943 4440 monasterium;
962 4364 993 4427 in
1019 4374 1022 4411 ¹
1049 4371 1233 4444 consistunt,
1247 4386 1386 4450 quaeque
1401 4371 1561 4448 temporali
1574 4372 1720 4449 praedicti
1731 4374 1797 4436 Fri·

252 4468 346 4529 latum
367 4477 443 4524 vero
473 4456 621 4538 quonlam
650 4454 769 4518 declive
799 4456 935 4532 procedit
956 4459 992 4519 ad
1050 4464 1143 4527 dorici
1166 4462 1324 4525 Guillelmi
1347 4464 1428 4539 regis
1449 4463 1588 4526 dominio
1601 4466 1743 4541 subsunt,
1759 4467 1797 4528 ab

250 4570 407 4624 summum
429 4551 465 4613 ad
493 4549 665 4623 duodecim.
687 4547 724 4609 ad
750 4549 920 4612 minimum
941 4568 993 4613 ιιι-
1049 4557 1165 4619 eisdem
1195 4556 1395 4633 dioecesibus,
1418 4557 1472 4619 ubi
1498 4558 1617 4635 oppida,
1640 4559 1715 4635 loca,
1739 4560 1795 4622 vil-

250 4663 312 4716 tem
331 4649 368 4712 ed
389 4655 522 4726 quatuor
543 4641 685 4705 milliaria
706 4642 919 4721 protenditnr;
943 4647 994 4708 ad·
1048 4653 1107 4726 lae,
1129 4649 1274 4712 ecclesiae
1301 4656 1332 4710 et
1360 4651 1515 4727 regulares
1542 4653 1651 4716 domus
1671 4670 1726 4716 seu
1747 4669 1795 4716 re-

252 4751 312 4810 sint
332 4751 489 4824 praeterea
511 4737 633 4799 loturae
663 4735 794 4798 dioecesi
815 4737 991 4803 huiusmodi
1046 4745 1197 4810 sidentiae
1219 4744 1396 4806 huiusmodi
1415 4746 1734 4822 comprehenduntur,
1750 4747 1794 4808 di-

252 4839 417 4906 adiicienda
438 4831 552 4910 viginti
580 4838 698 4909 septem
723 4829 843 4909 oppido,
866 4838 898 4892 θι
919 4849 992 4910 11111-
1048 4851 1095 4904 ιιι
1113 4837 1274 4916 apostolica
1289 4837 1470 4928 auctoritate
1484 4845 1634 4916 perpetuo
1648 4840 1793 4902 dismem-

252 4936 430 5010 dringentae
457 4924 650 5006 septuaginta
679 4930 810 5002 quatuor
832 4923 934 5003 villae,
958 4929 990 4991 in
1049 4935 1182 5006 biamus,
1193 4931 1360 4994 dividimus
1374 4939 1604 5009 etseparamus,
1616 4933 1795 5014 dictumque

252 5029 361 5110 qulbus
390 5020 532 5086 eeclesiae
553 5017 713 5081 Kioviensi
741 5017 916 5084 evellendae
938 5023 992 5083 tri·
1048 5025 1221 5104 Suprasliae
1243 5024 1358 5100 locum,
1381 5039 1505 5102 unaque
1525 5025 1620 5089 simul
1641 5037 1794 5090 monaste.

251 5125 334 5202 ginta
355 5136 428 5194 una,
451 5125 481 5179 et
502 5131 541 5177 ex
554 5113 697 5177 Bretensi
713 5113 882 5192 respective
897 5117 990 5179 ercle·
1047 5121 1129 5182 riom
1150 5119 1351 5196 praedictum,
1374 5133 1407 5179 ac
1427 5117 1603 5180 huiusmodi
1619 5118 1794 5184 dioecesum

250 5218 299 5281 siis
314 5215 443 5292 triginta
456 5217 575 5288 septem
589 5207 845 5284 adnumerantur,
858 5225 990 5288 quarum
1046 5213 1216 5291 portiones,
1239 5211 1272 5273 in
1295 5211 1406 5290 quibus
1438 5211 1558 5289 oppida,
1591 5213 1667 5289 loca,
1689 5216 1793 5292 villae,

250 5311 374 5392 quidem
395 5305 593 5369 ecclesiarum
622 5302 793 5380 respective
815 5304 990 5379 parochiani
1047 5306 1202 5380 ecclesiae,
1225 5313 1255 5366 et
1276 5304 1433 5381 regulares
1454 5306 1563 5368 domus
1584 5323 1639 5369 seu
1657 5309 1794 5373 residen-

245 5410 510 5470 saoramentorum
544 5397 753 5476 poenitentiae
787 5403 817 5459 et
852 5397 989 5460 euchari·
1049 5403 1107 5465 tiae
1128 5399 1317 5472 huiusmodi,
1341 5406 1375 5460 ut
1396 5396 1583 5476 praefertur,
1605 5393 1791 5480 consistunt,

249 5499 321 5561 stiae
341 5511 462 5574 capaces
483 5491 839 5572 quadragintaquinque
855 5491 990 5556 millium
1047 5503 1077 5557 et
1099 5495 1130 5555 in
1153 5494 1196 5556 eis
1213 5509 1337 5571 quoque
1351 5498 1510 5555 contentas
1524 5493 1689 5574 utriusque
1701 5513 1793 5560 sexus

250 5601 277 5655 et
306 5591 388 5653 ultra
418 5603 588 5650 numerum
618 5584 826 5659 constituunt,
858 5585 989 5652 minime
1046 5603 1202 5666 personas,
1226 5585 1409 5648 habitatores
1431 5593 1462 5646 et
1481 5585 1595 5648 incolas
1609 5593 1672 5650 tam
1687 5589 1791 5665 laicos,

249 5693 352 5748 tamen
372 5678 661 5759 comprehendendo
683 5679 883 5757 parochianos
903 5678 989 5742 latini
1016 5668 1019 5687 '
1046 5697 1139 5760 quam
1160 5680 1286 5743 clericos
1308 5687 1339 5742 et
1359 5677 1556 5760 presbyteros
1580 5695 1793 5762 quoscumque

249 5780 336 5852 ritus,
359 5775 413 5854 qui
434 5776 506 5836 duas
527 5773 642 5851 ubique
665 5771 803 5834 locorum
821 5772 906 5834 iniis
922 5790 988 5852 par·
1045 5774 1181 5840 cuiusvis
1210 5780 1318 5848 status,
1342 5772 1464 5850 gradus,
1496 5771 1614 5835 ordinis
1635 5780 1666 5836 et
1687 5777 1791 5838 eondi-

250 5871 328 5934 tibus
357 5868 515 5932 distinctas
544 5867 659 5928 habent
689 5865 874 5944 parochiales
895 5868 989 5930 eccle·
1047 5869 1149 5942 tionis,
1175 5865 1341 5928 dummodo
1367 5875 1470 5927 tamen
1496 5864 1635 5928 eiusdem
1657 5868 1792 5931 Graeco-

249 5964 320 6025 sias:
344 5961 427 6026 inter
447 5963 499 6023 has
529 5960 669 6024 ecclesias
696 5968 817 6037 praeter
837 5967 990 6048 monaste·
1046 5963 1183 6026 liutheni
1204 5962 1284 6026 uniti
1306 5961 1385 6024 ritus
1415 5961 1559 6036 existant,
1580 5959 1617 6022 ab
1638 5960 1789 6025 ordinaria
