4808 6988
379 509 434 564 An.
447 511 478 566 0.
499 512 568 566 1819
618 511 677 576 582

598 628 818 739 1133331133333
839 661 1036 738 approbatam
1057 659 1182 720 missam
1203 657 1239 718 ad
1261 672 1343 718 aram

599 753 758 816 dumtaxat
779 754 888 816 Beatae
908 754 1019 816 Mariae
1042 751 1182 828 Virginis
1203 747 1273 832 (sab
1294 766 1344 828 ap-

598 846 765 923 pellatione
785 848 822 909 de
844 847 998 926 subsidio)
1020 846 1051 909 in
1074 845 1150 906 dicta
1168 843 1353 921 metropoli·'

597 946 667 1000 tana
684 947 805 1001 tantum
817 940 950 1016 singulis
964 940 1039 1001 anni
1053 939 1194 1012 sabbatis,
1209 938 1344 1015 exceptis

598 1033 716 1110 primae
730 1041 761 1093 et
775 1035 927 1096 secundae
947 1031 1048 1094 classis
1070 1031 1254 1109 duplicibus,
1271 1047 1343 1108 qua-

598 1127 785 1204 dragesima,
815 1127 941 1197 octavis,
965 1133 1056 1204 atque
1083 1123 1197 1201 vigiliis
1218 1123 1343 1202 privile-

599 1219 698 1296 giatis.
723 1225 825 1299 Atque
849 1220 890 1282 ita
911 1219 941 1282 in
965 1225 1124 1297 posteram
1147 1219 1178 1296 in
1206 1219 1342 1291 civitate,

598 1331 632 1376 ac
652 1314 781 1378 dioecesi
797 1315 834 1375 de
849 1312 1020 1375 Gnatimala
1040 1309 1157 1374 servari
1173 1310 1340 1372 mandavit.

598 1407 653 1469 1113
673 1425 726 1468 xv.
749 1406 819 1469 maii
842 1422 1055 1470 33333313.»

366 1566 381 1602 a
414 1503 578 1603 ogqurmatto
637 1503 705 1577 ἐξ.
730 1501 809 1564 Cum
831 1500 1048 1581 3313331331
1070 1501 1102 1562 in
1124 1497 1230 1560 eaalem
1252 1514 1343 1577 expo-

383 1568 428 1614 ⁹⁰⁵
441 1569 455 1603 ⁰
468 1568 512 1603 '⁰³'
597 1596 710 1658 sitione
731 1593 868 1657 additum
884 1603 961 1668 erat,
972 1592 1045 1655 dicti
1060 1601 1265 1670 exponentes,
1281 1608 1342 1668 quo

598 1689 825 1769 praeinsertum
841 1687 1001 1749 decretum
1017 1687 1138 1749 firmius
1154 1687 1297 1748 subsistat
1312 1693 1343 1746 et

597 1790 741 1846 servetur
752 1781 899 1855 exactius,
910 1779 1223 1858 apostolicaenostrae
1234 1780 1344 1840 confir-

598 1876 742 1940 mationis
760 1874 895 1938 subsidio
914 1874 1013 1952 ipsum
1037 1872 1154 1935 muniri
1176 1875 1342 1934 veliemen-

597 1982 645 2035 ter
674 1969 865 2042 desiderent3
897 1984 952 2030 nos
982 1976 1189 2028 memoratum
1220 1982 1343 2044 qaoque

596 2065 733 2130 officium
754 2078 825 2125 curn
847 2061 936 2122 missa
959 2059 1079 2139 propria
1110 2060 1249 2122 eiusdem
1271 2059 1342 2120 Bea-

597 2173 644 2226 tae
656 2159 794 2236 Virginis
805 2155 1018 2236 praesentibus
1029 2168 1084 2231 pro
1095 2153 1342 2216 insertislaaben-

597 2265 654 2330 tes,
665 2271 698 2316 ac
708 2255 788 2331 ipsos
804 2257 993 2327 exponentes
1007 2247 1188 2324 specialibus
1198 2245 1301 2324 gratiis
1312 2255 1342 2308 et

595 2347 752 2420 lavoribus
773 2341 919 2422 prosequi
941 2341 1092 2415 volentes,
1109 2349 1140 2402 et
1155 2357 1265 2402 eorum
1280 2340 1341 2401 sin-

596 2442 719 2519 gulares
740 2452 885 2517 personas
910 2451 925 2494 a
947 2434 1106 2512 quibusvis
1131 2434 1342 2496 excommuni-

596 2534 722 2598 cationis
744 2537 775 2593 et
790 2528 958 2601 interdicti,
983 2526 1112 2604 aliisque
1130 2525 1340 2588 ecclesiasticis

595 2627 745 2699 censuris,
767 2622 930 2686 sententiis
945 2627 976 2681 et
997 2621 1103 2698 poenis
1125 2619 1234 2697 quovis
1250 2619 1340 2681 modo

595 2731 626 2784 et
643 2732 837 2798 quacumque
853 2716 890 2777 de
905 2730 993 2776 caasa
1015 2713 1094 2786 latis,
1116 2714 1142 2774 si
1163 2729 1238 2791 quas
1262 2711 1339 2773 lorte

595 2813 798 2886 incurrerint,
817 2810 908 2872 natus
928 2813 1051 2869 tantum
1066 2806 1111 2868 rei
1134 2806 1229 2883 gratia
1244 2806 1340 2868 absol-

595 2914 705 2971 ventes
726 2914 758 2967 et
772 2903 925 2964 absolutas
948 2900 1014 2962 iore
1029 2906 1202 2974 censentes,
1226 2899 1339 2978 suppli-

594 3000 765 3066 cationibus
778 2994 955 3058 huiusmodi
973 2992 1122 3068 inclinati,
1139 2993 1221 3054 idem
1236 2991 1341 3054 decre-

595 3105 664 3158 tum
685 3102 716 3155 et
736 3089 857 3167 singula
885 3089 918 3150 in
940 3103 976 3149 eo
1007 3094 1152 3149 contenta
1178 3095 1268 3167 atque
1289 3103 1340 3149 ex-

595 3203 708 3267 pressa,
731 3183 914 3247 auctoritate
934 3179 1108 3258 apostolica,
1131 3188 1240 3243 tenore
1255 3198 1340 3260 prae-

593 3281 732 3344 sentium
746 3276 947 3356 approbamus
961 3280 992 3334 et
1008 3275 1238 3351 confirmamus,
1248 3277 1339 3355 eique

594 3372 780 3438 inviolabilis
808 3378 837 3431 et
867 3375 1033 3447 perpetuae
1064 3367 1220 3432 firmitatis
1246 3371 1340 3433 robur

594 3468 766 3540 adiicimus,
785 3481 819 3526 33
839 3462 977 3541 singulos
992 3478 1063 3524 cum
1083 3462 1159 3525 iuris
1182 3471 1248 3526 tum
1270 3465 1340 3527 lacti

593 3564 741 3636 delectus,
755 3560 780 3622 si
796 3557 850 3638 qui
863 3557 996 3634 desuper
1007 3556 1038 3615 in
1054 3555 1098 3617 eis
1112 3557 1341 3633 quomodolibet

593 3655 836 3726 intervenerint,
858 3651 1038 3730 supplemus
1059 3657 1090 3712 et
1111 3667 1264 3714 sanamus.

633 3755 652 3829 ς
672 3751 701 3813 3.
718 3747 787 3812 1133
809 3743 1000 3806 obstantibus
1021 3745 1295 3808 constitutionibus
1309 3755 1340 3808 et

593 3841 838 3910 ordinationibus
863 3837 1045 3916 apostolicis,
1072 3853 1215 3900 necnon
1243 3837 1340 3901 dictae

593 3935 1020 4016 metropolitanae,quatenus
1031 3930 1298 4007 opussit,statutis
1309 3941 1339 3995 et

593 4031 726 4096 civitatis
748 4045 780 4090 33
802 4025 947 4090 dioecesis
968 4024 1257 4100 consuetudinibus,
1278 4027 1339 4105 pri-

593 4125 714 4203 vilegiis
727 4135 861 4202 quoque,
877 4118 1006 4181 indultis
1016 4124 1047 4180 et
1058 4118 1155 4180 literis
1168 4120 1339 4198 apostolicis

592 4217 803 4298 superioribus
817 4221 848 4276 et
862 4211 1000 4290 personis
1019 4212 1077 4273 sub
1091 4212 1339 4292 quibuscumque

593 4312 753 4376 tenoribus
768 4317 799 4372 et
810 4307 927 4382 lormis,
938 4323 971 4368 ac
983 4321 1054 4368 curn
1069 4306 1229 4383 quibusvis
1244 4309 1337 4368 etiam

593 4403 856 4481 derogatoriaram
881 4399 1093 4476 derogatoriis,
1124 4399 1252 4478 aliisque
1274 4402 1336 4462 effi·

593 4498 771 4573 cacioribus,
793 4493 1008 4557 ellicacissimis
1036 4509 1069 4554 ac
1095 4493 1228 4554 insolitis
1256 4493 1338 4556 clau·

591 4593 678 4668 salis,
708 4588 966 4666 irritantibusque
989 4593 1021 4647 el
1051 4586 1117 4647 aliis
1146 4588 1274 4649 decretis
1303 4589 1335 4651 in

593 4701 706 4764 genere
728 4684 779 4746 vel
794 4686 828 4745 in
842 4683 952 4760 specie,
969 4697 1001 4742 ac
1016 4680 1082 4740 aliis
1097 4680 1129 4742 in
1145 4684 1333 4746 contrarium

590 4777 822 4858 quomodolibet
835 4773 996 4848 concessis,
1011 4773 1181 4853 approbatis
1195 4781 1226 4836 et
1247 4777 1336 4840 inno·

592 4874 680 4936 vatis.
710 4872 826 4947 Quibus
845 4868 989 4930 omnibus
1011 4875 1042 4929 et
1057 4867 1188 4944 singulis
1210 4869 1335 4931 illoram

591 4975 714 5032 tenores
733 4961 945 5044 praesentibus
959 4977 1015 5041 pro
1037 4961 1127 5040 plene
1142 4969 1173 5023 31
1183 4962 1337 5026 sullicien·

591 5070 640 5124 ter
650 5059 812 5138 expressis,
822 5073 855 5119 ac
867 5057 904 5119 tle
915 5055 1010 5116 verbo
1022 5054 1057 5116 ad
1070 5055 1199 5116 verbum
1212 5055 1337 5118 insertis

590 5156 750 5228 babentes,
768 5150 828 5213 illis
849 5149 920 5210 alias
942 5149 974 5210 in
996 5165 1052 5211 suo
1069 5148 1180 5210 robore
1193 5162 1335 5226 perman-

589 5249 681 5323 suris,
705 5246 740 5306 ad
767 5245 1005 5323 praemissorum
1027 5240 1171 5304 ellectum
1193 5241 1247 5304 bac
1270 5243 1335 5305 vice

591 5336 932 5418 dumtaxatspecialiter
944 5343 975 5397 et
986 5349 1127 5413 expresse
1139 5333 1334 5411 derogamus,

590 5433 780 5512 eaeterisque
801 5429 964 5492 contrariis
985 5428 1243 5508 quibuscumque.

631 5529 741 5590 Datum
770 5525 896 5597 Rornae,
922 5521 1000 5600 apud
1025 5521 1056 5583 S.
1087 5521 1214 5583 Mariam
1245 5523 1336 5584 11313-

592 5636 671 5694 rem,
686 5620 743 5681 sub
764 5617 881 5679 annulo
897 5616 1068 5691 Piscatoris,
1085 5615 1135 5676 die
1157 5630 1237 5677 xxn.
1255 5616 1334 5677 iunii

591 5729 782 5787 uncccxxx,
804 5711 1000 5791 pontificatus
1022 5709 1120 5771 nostri
1141 5725 1224 5772 anno
1246 5728 1298 5772 xx.

371 3761 507 3820 berogatlo
517 3771 575 3810 coa·

362 3817 508 3864 1333133313.

845 5868 1083 5881 -ρ-η--ι-ι--ιὺ-Δ-

1119 538 1183 584 ttln.
1208 537 1298 583 PONT·
1322 537 1363 582 DE
1384 537 1413 582 P·
1436 539 1466 584 F.
1490 539 1573 585 PARS
1595 540 1617 587 1.

1633 657 1636 664 ’
1681 659 1858 724 LXXXVII.

1403 845 1547 927 Officium
1569 848 1737 925 propriam
1761 847 1791 910 S.
1818 845 2015 910 Catholicae
2044 843 2145 922 uirgi-

1439 940 1491 1000 nis
1505 946 1536 1001 31
1549 942 1705 1018 avertaris
1721 939 1863 1002 concedit
1875 935 2070 1000 molliciebus
2080 953 2144 998 mo-

1439 1033 1578 1093 nasterii
1599 1051 1618 1094 a
1642 1032 1808 1109 praedicta
1822 1039 1962 1111 patrona
1978 1046 2144 1108 nuncapa-

1441 1126 1651 1196 leccacitati
1673 1126 1708 1186 in
1730 1127 1864 1188 ciuitate
1888 1123 2094 1188 Gatattmalae
2109 1123 2144 1184 ia

1438 1218 1586 1282 Anterica
1607 1218 1867 1297 septentrionali.

1646 1390 1816 1459 313333.
1843 1389 1901 1458 tn.

1537 1513 2000 1583 mmmmmmm

1437 1695 1456 1768 ἓ
1479 1693 1504 1754 1.
1531 1692 1717 1766 1133331331
1733 1691 1861 1754 dilectae
1878 1692 1909 1754 in
1926 1690 2047 1754 Christo
2063 1688 2144 1752 saliae
2174 1705 2345 1766 3333331333

1397 1785 1539 1863 priorissa
1562 1792 1593 1846 et
1614 1784 1763 1846 moniales
1785 1784 1964 1846 monasterii
1980 1783 2011 1846 S.
2035 1783 2143 1845 datus·
2161 1766 2224 1802 ⁰⁰¹³·

1397 1879 1483 1940 rinae
1504 1877 1637 1955 virginis
1658 1887 1688 1939 et
1710 1876 1853 1955 martyris
1868 1877 1906 1938 de
1926 1875 2094 1939 Gnatimala
2111 1877 2142 1937 in

1398 1971 1538 2033 America
1552 1969 1798 2050 septemtrionali
1813 1970 1901 2032 nobis
1917 1985 2016 2048 nuper
2031 1969 2144 2047 exponi

1398 2065 1550 2138 iecerunt,
1567 2065 1649 2144 ipsae
1664 2079 1720 2143 pro
1735 2079 1783 2138 eo,
1799 2078 1892 2141 quem
1914 2077 1985 2138 erga
2000 2063 2143 2124 eamdem

1396 2168 1532 2222 sanctam
1554 2157 1699 2220 ecclesiae
1712 2158 1765 2217 sui
1781 2155 1962 2217 monasterii
1985 2154 2142 2218 titularem

1397 2247 2141 2330 praescieruntdevotionis,atlecta,eiuscultum

1396 2354 1427 2407 et
1448 2343 1682 2406 venerationem
1705 2342 1737 2402 in
1760 2342 1823 2403 dies
1845 2340 1952 2417 aligeri
1974 2340 2142 2402 vehemen-

1397 2447 1444 2499 ter
1464 2438 1656 2500 desiderent:
1681 2433 1775 2496 Nobis
1798 2443 1960 2513 propterea
1980 2432 2142 2495 humiliter

1395 2532 1558 2611 supplicari
1580 2530 1733 2603 lecerunt,
1751 2538 1783 2591 ut
1797 2529 1830 2590 in
1845 2529 2019 2607 praemissis
2033 2543 2141 2606 oppor-

1397 2633 1473 2688 tune
1487 2623 1661 2704 providere,
1677 2629 1707 2685 et
1723 2629 1756 2685 ut
1767 2621 1846 2684 inlra
1858 2621 2021 2698 indulgere
2042 2621 2080 2682 de
2091 2621 2141 2682 be-

1395 2719 1549 2796 nignitate
1570 2716 1732 2796 apostolica
1754 2717 1965 2792 dignaremur.

1434 2813 1503 2888 52.
1529 2811 1589 2872 Nos
1618 2809 1714 2886 igitur
1740 2809 1835 2871 dictas
1861 2816 2053 2887 exponentes
2074 2823 2141 2885 spe·
2174 2831 2341 2894 'nagnam

1395 2907 1523 2970 cialibus
1550 2905 1655 2981 gratiis
1677 2911 1707 2965 et
1729 2901 1885 2964 favoribus
1917 2902 2060 2980 prosequi
2088 2917 2141 2962 vo·
2160 2895 2244 2931 Μ·

1396 3002 1506 3074 133133,
1522 3007 1552 3060 31
1567 3014 1678 3061 eorum
1691 2995 1866 3074 singulares
1880 3011 2025 3073 personas
2039 3012 2056 3056 a
2074 2996 2143 3073 qui·

1396 3094 1500 3157 busvis
1535 3089 1865 3154 excommunicationis
1899 3096 1930 3150 et
1965 3089 2140 3165 interdicti,

1395 3187 1523 3264 aliisque
1543 3183 1753 3246 ecelesiasticis
1768 3183 1917 3257 censuris,
1932 3183 2097 3244 sententiis
2111 3191 2143 3246 et

1396 3277 1501 3360 poenis
1516 3278 1627 3357 quovis
1641 3275 1733 3339 modo
1747 3283 1778 3338 at
1792 3291 1986 3355 quacumque
2002 3275 2039 3338 de
2053 3293 2142 3339 33333

1396 3374 1475 3447 13113,
1490 3372 1516 3434 31
1538 3387 1612 3450 quas
1629 3370 1707 3431 lorte
1732 3369 1935 3443 incurrerint,
1962 3368 2054 3431 liuius
2075 3376 2141 3431 tan-

1396 3475 1463 3530 tum
1478 3467 1523 3528 rei
1539 3465 1633 3542 gratia
1649 3463 1845 3526 absolventes
1859 3471 1890 3525 31
1911 3461 2061 3524 3113313133
2075 3461 2141 3524 1333

1395 3567 1566 3634 333333133,
1595 3557 1868 3638 supplicationibus
1894 3555 2073 3618 huiusmodi
2095 3556 2141 3618 in-

1395 3657 1513 3730 clinati,
1536 3655 1639 3716 audito
1659 3651 1754 3713 etiam
1775 3650 1887 3714 dilecto
1909 3650 1973 3712 filio
1994 3649 2140 3727 magistro

1394 3749 1521 3827 losepno
1543 3746 1680 3810 Antonio
1701 3745 1767 3808 Sala
1782 3761 1841 3806 sac.
1858 3743 1988 3806 ilituum
2004 3744 2140 3822 Congre-

1395 3843 1526 3922 gationis
1551 3839 1717 3902 secretario
1738 3839 1978 3913 coadiutorem
1999 3838 2139 3900 eiusdem

1394 3935 1523 4000 Sanctae
1545 3934 1727 3998 catharinae
1752 3933 1886 3994 ollicium
1908 3947 1963 4011 pro
1985 3933 2139 3996 Praedica-

1394 4039 1497 4096 torum
1528 4027 1637 4104 ordine
1666 4028 1868 4106 adprobatum
1899 4029 1993 4090 etiam
2022 4043 2037 4087 3
2067 4028 2139 4090 dicti

1395 4123 1571 4188 monasterii
1586 4120 1772 4184 monialibus
1789 4120 1821 4182 in
1837 4129 1997 4197 posterum
2018 4121 2138 4202 recitari

1393 4220 1498 4300 possit,
1519 4215 1701 4280 auctoritate
1722 4215 1895 4294 apostolica,
1924 4221 2033 4278 tenore
2056 4231 2138 4293 prae-

1392 4314 1528 4375 sentium
1551 4309 1761 4386 indulgemus,
1782 4317 1876 4388 atque
1899 4306 1981 4370 idem
2002 4307 2138 4371 officium

1392 4409 1427 4470 ad
1449 4407 1571 4468 easdem
1593 4402 1742 4465 moniales
1763 4402 1970 4464 extendimus.

1431 4501 1450 4575 ἓ
1470 4499 1499 4561 3.
1523 4495 1591 4560 Non
1614 4496 1804 4557 obstantibus
1819 4496 2092 4558 constitutionibus
2106 4507 2138 4559 et
2167 4515 2338 4580 3333133131.

1391 4591 1638 4656 ordinationibus
1662 4588 1855 4667 apostoliciS,
1888 4605 1945 4651 nec
1973 4606 2036 4650 non
2066 4589 2137 4652 dicti
2154 4572 2287 4616 tumorum.

1392 4683 2135 4760 monasteriieiusqueordinisconsuetudinibus;

1390 4779 1562 4860 privilegiis
1576 4793 1711 4857 qnoque,
1724 4777 1849 4838 indultis
1864 4785 1894 4838 et
1909 4777 2006 4838 literis
2020 4785 2137 4855 aposto·

1391 4875 1456 4937 licis
1480 4870 1692 4952 superioribus
1712 4876 1744 4930 et
1768 4870 1905 4948 personis
1931 4871 1989 4932 sub
2012 4871 2136 4950 quibus-

1391 4982 1525 5047 cumque
1549 4964 1708 5028 tenoribus
1729 4971 1761 5025 et
1782 4963 1900 5038 lormis,
1923 4979 1956 5024 ao
1975 4979 2046 5024 curn
2069 4964 2137 5042 qui-

1392 5063 1495 5123 busvis
1517 5060 1609 5121 etiam
1638 5057 1902 5134 derogatoriarum
1924 5055 2134 5132 derogatoriis,

1390 5155 1518 5232 aliisque
1532 5152 1762 5226 efficacioribus,
1780 5149 1995 5212 efficacissimis
2010 5167 2044 5210 ac
2055 5150 2135 5212 inso-

1391 5248 1453 5309 litis
1478 5244 1634 5318 clausulis,
1660 5244 1917 5323 irritantibusque
1941 5251 1972 5306 et
1995 5243 2062 5305 aliis
2085 5245 2135 5307 de-

1390 5340 1480 5402 cretis
1499 5339 1531 5399 13
1556 5353 1672 5414 genere
1693 5336 1744 5398 vel
1772 5337 1805 5397 in
1827 5336 1939 5414 specie,
1956 5352 1988 5398 ac
2009 5336 2081 5398 alias
2102 5338 2134 5398 in

1390 5433 1579 5501 contrarium
1615 5430 1846 5510 quomodolibet
1875 5430 2049 5504 concessis,
2086 5447 2136 5510 ap-

1390 5525 1522 5606 probatis
1544 5532 1574 5586 et
1595 5523 1768 5586 innovatis:
1797 5523 1909 5600 quibus
1939 5522 2085 5586 omnibus
2106 5530 2135 5585 et

1390 5619 1520 5696 singulis
1542 5617 1670 5678 illoram
1694 5624 1818 5679 tenores
1848 5617 2058 5694 praesentibus
2080 5633 2135 5697 pro

1391 5712 1481 5792 plene
1503 5718 1534 5774 et
1554 5711 1745 5773 sufficienter
1760 5709 1925 5788 expressis,
1941 5727 1973 5772 ae
1988 5711 2025 5772 de
2040 5710 2134 5772 verbo

1390 5807 1426 5868 ad
1447 5805 1579 5867 verbum
1602 5804 1724 5866 insertis
1745 5803 1904 5878 habentes,
1927 5802 1988 5864 illis
2007 5803 2081 5864 alias
2102 5804 2134 5865 in

1389 5915 1447 5962 suo
1468 5901 1578 5962 robore
1598 5897 1820 5977 permansuris,
1843 5897 1878 5959 ad
1893 5897 2135 5976 praemissorum
