4750 6980
335 537 388 591 An.
403 541 433 592 0.
456 541 524 596 1794
575 551 634 615 ΜΟ

554 688 747 766 psalmodiae
769 691 983 768 impendendo,
1002 695 1061 754 out
1076 691 1185 760 etlam,
1197 690 1227 750 si
1241 689 1294 750 eui

556 781 701 855 libuerit,
724 785 897 848 literarum
912 787 1031 849 studio.
1049 783 1230 848 Psalmodio
1246 782 1294 843 de·

555 875 638 938 beret
660 893 724 938 esse
741 879 913 952 moderata,
931 881 1008 958 quio
1022 879 1125 941 nimio
1140 879 1210 939 eius
1226 891 1294 952 pro-

554 969 671 1032 liuitos
684 971 771 1048 parit
787 972 1086 1052 praecipitantium,
1104 971 1294 1042 molestiam,

555 1065 782 1143 euoqotiouem.
809 1067 875 1142 Quo
896 1068 968 1145 plus
990 1075 1105 1129 auctae
1119 1072 1197 1128 suut
1212 1063 1296 1143 psal·

555 1158 687 1228 madiae,
702 1161 870 1234 orationes,
884 1177 998 1239 preces,
1013 1161 1213 1224 tantumdem
1226 1173 1296 1237 per-

555 1268 655 1330 oequa
673 1256 877 1332 proportione
891 1258 976 1318 omni
993 1263 1128 1334 tompore
1144 1253 1295 1314 immina·

557 1349 609 1406 tus
631 1346 739 1423 [creor
759 1355 815 1420 est,
840 1351 1058 1427 sartetitasquc
1080 1347 1293 1428 repulerium.

595 1439 624 1498 5.
648 1438 749 1503 Nulla
780 1443 862 1520 soret
895 1442 1096 1504 admittenda
1128 1439 1296 1503 distinctio

555 1531 722 1596 monachos
745 1536 832 1597 inter
852 1536 917 1598 sioc
938 1534 1044 1607 ebore,
1067 1536 1131 1597 siae
1152 1533 1296 1596 ministe-

556 1626 617 1686 riis
644 1626 808 1701 addictos;
837 1627 1052 1707 inaequalitas
1082 1619 1297 1703 istbaec'qro·

556 1721 703 1782 vissimos
725 1724 810 1784 omui
834 1727 970 1800 ternpore
991 1722 1063 1785 lites
1084 1721 1241 1784 ouoitaoit
1261 1735 1298 1781 oc

557 1814 745 1888 discordias,
769 1823 798 1878 et
813 1815 853 1879 ab
868 1815 1155 1879 communitatibus
1170 1815 1297 1894 requia-

557 1908 644 1969 rium
665 1909 821 1986 spiritum
842 1910 1017 1973 claritatis
1038 1909 1176 1988 conpulit.

596 2003 625 2064 6.
652 2002 762 2064 Votum
792 2010 962 2082 perpetuae
989 2001 1185 2066 stabilitatis
1216 2017 1298 2064 nuu-

557 2112 650 2172 quam
673 2095 886 2160 tolerandum.
912 2098 980 2160 Nou
1005 2097 1087 2160 illud
1109 2103 1228 2158 norant
1250 2113 1298 2156 oe·

559 2195 638 2250 teres
659 2189 819 2260 orooraabi,
842 2192 896 2269 qui
919 2199 1024 2253 tamon
1048 2190 1206 2253 Ecclesiae
1229 2205 1300 2250 eon·

555 2283 682 2352 solatio,
701 2289 731 2344 et
753 2283 991 2348 christianismi
1006 2291 1230 2346 ornamentum
1245 2299 1298 2344 eoo·

558 2376 708 2439 titernnt.
737 2378 811 2440 Vota
839 2377 1014 2450 castitatis,
1042 2377 1246 2458 paupertatis
1268 2381 1298 2437 et

510 2463 517 2476 '
557 2467 751 2534 obedieutiae
772 2489 835 2532 uon
857 2472 1078 2535 admittentur
1096 2473 1205 2534 instar
1219 2487 1298 2531 com·

556 2564 663 2626 munis
679 2573 708 2626 ot
723 2567 851 2630 stabilis
867 2567 1004 2647 copulae.
1024 2567 1057 2628 Si
1074 2567 1144 2645 quis
1159 2582 1194 2626 ea
1210 2569 1295 2634 eota,

557 2666 615 2721 aut
644 2660 761 2728 omorio,
785 2667 845 2722 out
873 2660 984 2738 aliqua
1013 2661 1117 2739 iacere
1144 2657 1296 2728 voluerit,

556 2751 775 2816 consiliumet
797 2755 921 2816 ueniam
948 2753 987 2817 ab
1008 2751 1163 2833 Episcopo
1191 2757 1298 2830 postu-

556 2843 649 2918 labit,
673 2845 728 2925 qui
750 2853 852 2910 tamen
877 2863 1041 2926 nunquam
1062 2849 1237 2925 permittet,
1260 2851 1299 2908 ut

555 2946 710 3017 perpetua
737 2943 821 3011 siut,
850 2957 905 3002 uec
933 2943 1011 3004 anui
1039 2942 1114 3021 pines
1136 2941 1295 3002 accedent.

563 3032 789 3096 Tantummodo
815 3036 958 3115 facultas
985 3035 1119 3100 dabitur
1144 3053 1180 3098 ea
1201 3027 1298 3096 reuo-

557 3126 656 3190 candi
676 3125 734 3190 sub
756 3128 866 3190 iisdem
889 3129 1137 3192 conditionibus.

598 3221 625 3283 7.
653 3224 779 3282 Omnem
801 3221 975 3300 Episcopus
990 3217 1115 3286 babebit
1131 3225 1299 3300 inspectio

558 3331 627 3376 nem
650 3313 685 3376 in
706 3332 814 3379 corum
829 3316 941 3386 vitam,
958 3317 1079 3389 studio,
1096 3333 1298 3397 propressum

559 3407 594 3468 in
614 3411 747 3485 pietate:
766 3409 927 3486 adipsum
942 3407 1116 3488 pertinebit
1132 3409 1299 3472 monacbos

557 3500 729 3562 admittere
750 3507 780 3562 et
801 3501 965 3579 repellere,
990 3515 1109 3579 semiper
1128 3507 1234 3565 tamen
1250 3519 1301 3563 ac·

558 3601 644 3671 cepto
666 3595 945 3658 contubernalium
966 3596 1109 3658 consilio.

598 3687 627 3748 8.
645 3688 817 3768 llequlares
833 3690 997 3761 ordinum,
1009 3692 1064 3767 qui
1079 3689 1183 3752 adbrec
1199 3707 1299 3754 renora-

559 3789 645 3852 neut,
663 3781 736 3844 licet
754 3784 931 3846 sacerdotes
949 3784 983 3845 in
998 3782 1054 3843 boc
1069 3784 1300 3846 rnouasterium

558 3875 690 3938 admitti
712 3877 808 3938 ctiam
829 3884 966 3954 possent,
990 3878 1077 3939 modo
1107 3879 1141 3938 in
1170 3876 1300 3939 silentio

558 3977 587 4032 ot
608 3969 783 4032 solitudine
804 3970 953 4046 propriae
973 3971 1226 4048 sanctificationi
1249 3989 1301 4032 oa-

558 4077 629 4124 care
652 4067 818 4140 cuperent:
841 4077 900 4140 quo
916 4079 992 4124 casu
1008 4063 1241 4140 dispensationi
1257 4065 1299 4124 lo-

558 4172 613 4217 cus
644 4156 731 4233 fieret
755 4155 789 4216 iu
810 4155 951 4235 peperoli
986 4157 1096 4236 requla
1129 4174 1250 4218 promer.
1278 4162 1300 4220 2

557 4254 697 4319 statuta,
714 4251 760 4309 sic
783 4257 888 4312 tamen
904 4265 941 4312 ne
958 4250 1044 4312 oitae
1059 4251 1317 4334 iustitutionem

557 4351 737 4421 sequantur
758 4341 796 4406 ob
817 4341 893 4406 aliis
911 4343 1155 4421 discrepantem,
1172 4344 1247 4406 odeo
1264 4353 1300 4407 ut

559 4453 621 4496 uon
632 4435 705 4514 plus
721 4452 815 4514 quom
830 4453 906 4504 una,
920 4441 979 4496 aut
991 4436 1032 4497 ad
1044 4452 1204 4498 summum
1220 4439 1301 4502 duae

559 4531 594 4592 iu
616 4530 697 4592 diem
718 4531 831 4592 missae
859 4527 1070 4600 celebrentur,
1092 4532 1234 4610 satisque
1256 4549 1300 4592 ce·

560 4625 638 4685 teris
663 4621 882 4686 sacerdotibus
909 4640 971 4685 esso
1000 4624 1108 4687 debeat
1135 4643 1201 4688 una
1229 4642 1300 4688 curn

559 4716 786 4780 communitate
808 4713 1034 4778 concelebrare.

614 5055 688 5101 trad
713 5054 771 5100 PRO
793 5053 1039 5102 nuroduautouu
1062 5057 1248 5104 mamutium.

599 5217 696 5290 511.

604 5382 678 5444 Vota
699 5391 852 5459 perpetuo
878 5383 1027 5462 usquead
1042 5399 1164 5445 anuum
1179 5386 1225 5447 do
1242 5392 1301 5446 out

560 5475 606 5537 le
620 5491 681 5535 non
693 5477 904 5538 admittendo.
922 5477 1073 5540 Mantalos
1088 5477 1200 5540 solidis
1213 5495 1302 5540 eaer-

559 5567 780 5641 eitotionibus,
796 5572 965 5648 speciatim
981 5569 1083 5634 labori
1096 5571 1301 5635 addicendae:

525 5739 528 5750 Ι
560 5681 580 5724 ιι
608 5663 736 5725 cerrnali
762 5665 1014 5741 spiritualitate,
1047 5681 1108 5742 qao
1137 5667 1301 5744 pleraeque

560 5755 779 5828 distineatur,
811 5758 1012 5820 avocandae:
1045 5759 1299 5836 impendendum,

560 5855 686 5919 utrum,
710 5850 790 5927 quod
811 5851 852 5912 ad
875 5852 959 5928 ipsas
981 5852 1112 5922 attinet,
1129 5853 1235 5914 satius
1256 5853 1300 5930 s-

559 5947 609 6003 ret
630 5945 862 6005 monasterium
884 5945 919 6004 in
941 5945 1073 6008 ciuitate
1096 5948 1252 6024 relinqui,-

1075 571 1140 616 tuti.
1163 571 1254 616 ΡΟΝΤ.
1278 571 1317 615 DE
1339 571 1368 615 P·
1392 569 1422 614 ἵ.
1447 571 1529 616 PARS
1552 571 1573 615 l.

1351 686 1493 765 Spstcmo
1526 689 1663 768 oiqentis
1695 695 1790 766 atque
1815 689 1880 750 iam
1905 689 2093 766 antiquitus

1389 778 1539 858 probatae
1567 799 1603 844 oc
1632 790 1774 860 receptae
1803 781 1993 862 discipliuae
2023 781 2094 844 sub-

1389 876 1548 937 versioum
1580 875 1812 952 perniciosum,
1849 877 2094 938 constitutioni-

1389 965 1446 1030 bus
1466 965 1661 1045 upostoliais,
1676 974 1707 1030 et
1722 968 1868 1046 plurium
1883 968 2094 1030 conciliorum

1390 1062 1488 1122 etiam
1510 1061 1720 1140 qenerolium,
1746 1069 1815 1124 tum
1836 1062 2003 1140 speciatim
2027 1060 2095 1124 Eri-

1390 1154 1526 1224 dentiui,
1550 1155 1773 1218 sanctionibus
1793 1156 1972 1234 oppositum
1993 1159 2025 1216 et
2047 1157 2095 1217 in·

1392 1249 1563 1320 iuriosum,
1587 1251 1698 1329 [aereus
1720 1248 1956 1312 baereticorum
1980 1250 2015 1311 in
2033 1266 2095 1311 mo·

1392 1344 1518 1406 uostica
1532 1350 1617 1414 vota,
1630 1347 1661 1405 et
1676 1342 1843 1422 repuleria
1855 1344 2015 1407 instituta
2029 1351 2093 1406 sta·

1391 1436 1501 1501 biliori
1523 1437 1732 1498 consiliorum
1754 1436 2007 1517 eranqelicorum
2026 1452 2096 1514 pro-

1392 1532 1523 1612 fessioni
1544 1529 1675 1594 addicta
1697 1530 1848 1592 conviciis
1864 1536 1894 1592 et
1910 1531 2092 1593 columniis.

1402 1832 1442 1877 ou
1465 1831 1636 1879 nortonam
1659 1807 1804 1879 conuento
1827 1834 2045 1880 convoonnoo.

1394 1999 1502 2062 Eibcll.
1537 2003 1710 2064 inemorial.
1741 2019 1798 2080 pro
1826 2020 1951 2065 eoreooc.
1982 2003 2092 2066 concil.

1354 2093 1514 2156 uatiouol.
1539 2095 1557 2169 ἓ
1582 2099 1611 2156 l.

1643 2206 1801 2349 bXXXV.

2126 550 2181 604 An.
2200 549 2234 600 G.
2260 547 2331 597 t‘t‘tt

1393 2471 1482 2546 §oo
1506 2471 1673 2550 Propositio
1701 2477 1865 2538 enuntians
1887 2476 2096 2554 qualemcum·
2162 2487 2243 2533 norm
2265 2497 2339 2542 super

2116 2541 2340 2586 convocatione

1355 2581 1415 2644 que
1429 2566 1639 2642 cognitionem
1651 2569 1872 2631 ecclesiastieae
1882 2570 2027 2631 historiae
2036 2569 2099 2631 sui·
2116 2594 2226 2640 ,onem
2256 2594 2339 2639 nasio-

1354 2659 1456 2733 ficere,
1481 2667 1514 2722 ut
1535 2660 1622 2724 lateri
1637 2664 1769 2740 quisque
1784 2663 1890 2726 debeat
1905 2663 2095 2725 convocatio·
2117 2647 2192 2693 Μ

1354 2767 1427 2814 nem
1448 2752 1569 2815 concilii
1592 2755 1751 2818 rationalis
1772 2772 1872 2819 unum
1893 2773 1958 2817 esse
1980 2771 2015 2817 en
2039 2757 2097 2817 riis

1354 2848 1599 2926 canonicisque
1622 2849 1769 2912 liniantur
1793 2850 1823 2912 in
1848 2849 1980 2911 Ecclesia
1996 2865 2096 2926 respe-

1354 2943 1506 3004 olivarum
1529 2943 1690 3005 nationum
1711 2943 1937 3004 controversiae
1958 2949 2095 3020 spectau-

1354 3042 1398 3096 tes
1421 3034 1455 3095 ad
1479 3034 1685 3112 religionem3

1394 3127 1443 3191 Sic
1465 3127 1630 3204 intellecta,
1647 3137 1681 3192 ut
1698 3132 1924 3192 controversiae
1946 3133 1980 3193 ad
2004 3129 2096 3192 sidem

1354 3229 1386 3283 ei
1408 3237 1507 3284 mores
1535 3229 1707 3302 spectantes
1734 3225 1767 3283 in
1795 3224 1920 3285 ecclesia
1952 3237 2096 3302 quacum·

1354 3331 1415 3394 que
1436 3315 1589 3392 subortae,
1613 3332 1667 3394 per
1690 3315 1843 3378 nationale
1870 3315 2036 3379 concilium
2059 3315 2098 3376 ir-

1354 3407 1528 3484 refragabili
1550 3408 1662 3471 iudicio
1684 3409 1768 3470 liniri
1790 3408 1926 3471 valeant:
1951 3411 2035 3487 quasi
2052 3409 2100 3469 in-

1355 3503 1487 3564 errantia
1517 3503 1548 3565 in
1571 3502 1642 3566 fidei
1664 3509 1694 3564 et
1716 3517 1839 3565 morum
1867 3501 2097 3580 quaestionibus

1355 3593 1499 3656 nationali
1521 3594 1650 3656 concilio
1672 3601 1874 3673 competeret,

1517 3780 1738 3854 Schismatica,
1763 3782 1938 3844 baeretica.

1396 4068 1483 4142 557.
1509 4069 1684 4130 blairdnmus
1707 4068 1802 4143 igitur
1824 4067 1965 4130 omnibus
1986 4066 2100 4128 utrius·-

1356 4180 1417 4242 que
1431 4179 1522 4224 sexus
1539 4160 1805 4234 christifidelibus
1822 4178 1861 4222 ne
1877 4164 1913 4222 de
1928 4159 2015 4222 dictis
2030 4174 2098 4237 pro·

1357 4255 1556 4334 positionibus
1585 4262 1614 4316 et
1643 4254 1789 4316 doctrinis
1820 4255 1947 4328 sentire,
1979 4255 2099 4326 docere,

1357 4351 1527 4429 praedicare
1543 4356 1751 4426 praesumant,
1768 4356 1980 4426 contraquam
1997 4348 2028 4409 in
2046 4348 2100 4408 isac

1358 4452 1459 4506 nostra
1481 4443 1701 4505 constitutione
1722 4441 1903 4516 declaratur,
1921 4442 1961 4502 ita
1984 4447 2018 4500 ut
2032 4439 2101 4519 qui·

1357 4553 1489 4614 ouansque
1511 4534 1660 4610 illas‚·vel
1683 4551 1788 4598 earum
1815 4534 1949 4613 aliquam
1970 4535 2100 4596 coniun-

1356 4629 1429 4690 ctim
1451 4627 1500 4690 vel
1522 4628 1643 4691 divisim
1665 4629 1814 4703 docuerit,
1837 4628 2021 4702 detenderit,
2037 4626 2100 4688 edi-

1356 4726 1446 4801 derit,
1470 4731 1522 4789 aut
1543 4726 1580 4788 de
1602 4725 1645 4786 eis
1665 4725 1759 4786 etiem
1781 4723 1961 4801 disputando
1980 4720 2101 4800 publice

1357 4820 1407 4882 vel
1428 4819 1571 4899 privatim
1597 4800 1784 4892 tractaverit,
1808 4815 1866 4878 nisi
1895 4814 2021 4877 tersitae
2044 4814 2101 4874 im·

1356 4913 1536 4993 pugnando,
1558 4912 1768 4976 ecclesiasticis
1798 4911 1948 4985 censuris,
1972 4907 2101 4985 aliisque

1357 5019 1462 5073 eontra
1484 5008 1594 5070 similia
1625 5011 1835 5085 perpetrantes
1856 5020 1871 5063 a
1894 5005 1961 5066 iure
1981 5001 2102 5064 statutis

1357 5105 1475 5183 poenis,
1499 5103 1561 5179 ipso
1583 5101 1671 5173 iacto,
1694 5099 1808 5176 absque
1830 5098 1884 5160 alia
1900 5097 2102 5160 declaratione

1356 5196 1518 5259 subiaceat.

2146 4079 2270 4124 censuris
2288 4079 2338 4132 ple-

2119 4136 2229 4178 ctuutur
2241 4133 2287 4188 qui
2297 4133 2338 4178 da·

2119 4192 2222 4231 moetas
2247 4187 2338 4230 doetri-

2119 4249 2169 4338 {1¹}th
2194 4240 2337 4294 proliten-

1396 5290 1415 5364 ἓ
1437 5289 1485 5350 58.
1504 5290 1648 5350 Ceterum
1664 5303 1718 5366 per
1733 5287 1812 5348 itanc
1827 5301 2002 5362 expressam
2019 5298 2104 5363 prae·
2134 5288 2283 5350 uisendus
2299 5299 2337 5332 su-

2121 5341 2336 5404 peraliisrnsyn·

1357 5383 1488 5446 latarum
1512 5381 1756 5460 propositionum
1778 5385 1809 5440 et
1830 5380 2038 5442 doctrinarum
2055 5395 2101 5439 re·
2121 5395 2171 5442 ooo
2184 5398 2322 5442 consonus.

1357 5479 1581 5556 probationem,
1605 5475 1660 5536 alia
1684 5475 1714 5536 in
1736 5476 1843 5537 eodem
1871 5473 1949 5534 libro
1977 5479 2103 5534 conten·

1358 5579 1384 5633 tu
1407 5571 1584 5634 nullatenus
1613 5569 1779 5647 approbare
1801 5569 2007 5644 intendimus3
2031 5583 2102 5628 eum

1357 5666 1537 5743 praesertim
1566 5665 1597 5726 in
1627 5681 1663 5725 eo
1692 5661 1865 5740 complures
1897 5661 2104 5738 deprehensae

1358 5759 1475 5821 tuerint
1500 5758 1720 5835 propositiones
1744 5765 1774 5816 et
1799 5755 1956 5818 doetrinae
1980 5755 2045 5816 sive
2068 5754 2104 5815 it·

1359 5852 1408 5927 lis,
1440 5867 1515 5929 quae
1547 5867 1638 5927 supra
1670 5849 1830 5922 damnatae
1856 5855 1948 5923 sunt,
1977 5848 2103 5923 affines,

1357 5947 1423 6008 sive
1444 5961 1522 6024 quae
1544 5945 1718 6007 communis
1739 5961 1772 6005 ae
1790 5943 1933 6022 probatae
1947 5941 2104 6005 doctrinae
