4734 7004
298 586 486 639 An.d.1rua
539 582 576 644 76

287 2455 498 2510 nm,mdtamum

286 2509 499 2566 personacdtgnt-

287 2561 499 2608 tamnrvelrer

286 2620 406 2716 {ggqarai
428 2627 444 2660 o
454 2617 498 2662 ›u-
518 2605 675 2682 collegiati
688 2605 814 2667 ecclesii
829 2606 983 2682 obtinent,
995 2624 1049 2670 nos
1062 2609 1174 2670 eisdem
1191 2627 1262 2672 con-

518 723 634 800 gandae
647 725 732 789 Fidei
747 728 910 807 praepositi
924 735 1010 804 sunt,
1027 727 1171 792 videlicet
1186 742 1257 790 ven.

518 819 618 880 iratris
648 821 745 882 nostri
775 821 892 900 losephi
916 823 946 886 S.
970 823 1005 884 h.
1026 823 1060 884 E.
1093 822 1261 884 cardinalis

519 911 647 988 Spinelli
677 913 817 992 Episcopi
844 914 989 978 Ostiensis
1019 924 1049 978 et
1077 914 1107 978 S.
1131 915 1262 992 collegii

518 1005 640 1081 Decimi,
664 1023 697 1066 ac
718 1005 902 1069 dilectorum
924 1008 1061 1070 tiliorum
1083 1017 1261 1071 nostrorum

518 1099 548 1163 S.
561 1099 595 1160 h.
608 1100 643 1162 E.
669 1099 878 1163 cardinalium
903 1101 1065 1180 Stoppani,
1088 1102 1177 1179 calli,
1199 1104 1263 1165 hn-

519 1193 626 1255 tonelli
646 1201 677 1256 et
699 1194 868 1258 Columnae
890 1197 927 1258 de
948 1193 1179 1270 Sciarra,motu
1195 1213 1262 1275 pro·

518 1285 602 1364 prio,
625 1303 663 1348 ex
691 1289 774 1350 certi
803 1289 929 1352 scientiis
951 1297 982 1352 et
1010 1291 1129 1352 maturi
1158 1290 1263 1352 nostri

517 1379 749 1456 deliberatione,
773 1398 828 1443 nos
850 1383 881 1444 in
897 1381 1004 1460 primis
1025 1383 1263 1446 constitutiones

518 1477 638 1539 easdem
654 1477 800 1540 Bonilacii
816 1479 893 1542 Vlll.
907 1488 937 1540 et
952 1479 1093 1555 Gregorii
1108 1478 1175 1541 xv.
1193 1495 1263 1542 nec·

518 1587 580 1634 non
603 1573 780 1650 apostolicas
802 1575 905 1638 literas
921 1575 952 1639 in
968 1576 1065 1640 lormi
1087 1577 1194 1639 Brevis
1215 1577 1264 1638 ln-

518 1668 655 1731 nocentii
676 1667 729 1743 ll.,
753 1687 886 1748 quarum
910 1680 1050 1735 tenorem
1068 1672 1118 1735 hic
1140 1691 1195 1753 pro
1216 1674 1264 1736 in-

517 1770 600 1824 serto
621 1764 726 1826 haberi
750 1763 904 1841 volumus,
928 1782 998 1827 cum
1014 1767 1146 1844 singulis
1167 1769 1264 1830 decla·

519 1856 690 1920 rationibus
712 1858 743 1920 in
764 1858 874 1921 iisdem
899 1862 1053 1922 contentis
1075 1862 1263 1923 innovamus

518 1957 548 2012 et
569 1951 798 2028 confirmamus,
822 1953 1006 2032 easdemque
1026 1955 1263 2017 constitutiones

517 2053 548 2106 et
570 2045 749 2122 apostolicas
771 2046 875 2108 literas
896 2046 1024 2124 plenum
1048 2049 1143 2112 robur
1165 2056 1196 2111 et
1211 2050 1262 2110 hr-

518 2137 659 2200 mitatem
682 2139 793 2200 hahere
814 2140 959 2203 volumus
977 2149 1007 2204 ιι
1029 2144 1220 2206 mandamus.

308 2243 344 2286 uve
360 2242 385 2285 ιη
402 2241 499 2287 taureas
558 2231 626 2306 56.
650 2231 820 2307 Praeterea,
837 2235 984 2311 quoniam
1007 2235 1039 2294 in
1063 2235 1170 2298 iisdem
1192 2254 1263 2299 con·

286 2298 499 2404 ξῖξὲἒξῖἔέξῧῇἰῗ
517 2325 732 2387 stitutionibus
753 2333 877 2387 cautum
894 2337 952 2401 est,
968 2336 1003 2389 ut
1018 2328 1038 2388 ii
1057 2329 1215 2392 dumtaxat
1230 2331 1261 2392 iu

286 2403 525 2458 nomsmmpma··

518 2417 882 2480 iudicesconscrvatores
903 2421 977 2497 eligi
999 2423 1128 2500 possint,
1151 2425 1204 2501 qui
1219 2425 1264 2487 di-

519 2511 667 2588 gnitatem
684 2518 736 2572 aut
756 2520 957 2590 personatum
979 2513 1011 2575 in
1032 2517 1198 2578 cathedrali
1214 2519 1262 2580 vel

517 2697 732 2760 stitutionibus
755 2699 954 2762 inhaerentes
968 2701 1132 2764 statuimus
1153 2705 1189 2766 ed
1212 2707 1262 2766 de-

518 2791 678 2866 claramm,
691 2808 754 2853 non
771 2792 864 2854 licere
879 2793 1127 2874 quibuscumque
1142 2796 1174 2858 in
1189 2797 1262 2860 locis

517 2883 710 2960 regularibus
738 2885 860 2948 Ordinis
888 2885 1129 2966 cuiuscumque,
1157 2905 1261 2952 mona·

515 2976 613 3052 sterii,
639 2976 688 3039 vel
718 2977 990 3056 congregationis,
1008 2982 1261 3044 'mendicantibus

516 3070 567 3133 vel
588 3087 651 3132 nou
685 3072 951 3149 mendicantibus,
981 3075 1074 3136 etiam
1101 3075 1261 3138 Societatis

515 3164 596 3239 lesu,
619 3163 747 3242 aliisque
769 3167 969 3243 quantumvis
990 3182 1134 3246 expresse
1149 3174 1180 3230 ιι
1194 3185 1261 3246 spe-

515 3259 617 3320 ciatim
639 3259 804 3321 nominare
825 3275 876 3321 eos
897 3267 1045 3338 oporteat,
1058 3263 1258 3342 caeterisque,

515 3351 627 3428 quihus
648 3353 686 3413 ab
706 3352 876 3431 hpostolici
902 3351 980 3416 Sede
1000 3372 1179 3418 concessum
1201 3365 1258 3433 est,

515 3447 550 3506 ul
572 3443 686 3506 iudices
708 3445 949 3508 conservatores
963 3446 1021 3508 sibi
1042 3445 1179 3525 deligere
1194 3466 1259 3528 pos·

514 3537 588 3613 sint,
616 3538 725 3614 vigore
750 3538 974 3618 cuiuscumque
1001 3541 1155 3618 privilegii
1183 3544 1258 3628 (cui,

515 3639 669 3711 quatenus
701 3646 778 3708 opus
801 3632 853 3711 sit,
880 3649 1023 3712 expresse
1048 3639 1278 3718 derogamus),·

515 3727 714 3805 praepositos,
732 3737 865 3790 rectores
886 3730 1101 3808 provinciales,
1118 3734 1260 3797 delinito-

514 3839 574 3898 ιιι,
597 3823 750 3910 custodes,
775 3824 901 3901 priores,
914 3824 1092 3902 praefectos,
1116 3828 1257 3903 vicarios,

514 3915 698 3993 visitatores,
711 3917 847 3996 aliosque
859 3935 1070 3998 quoscumque
1084 3923 1259 4004 superiores

514 4010 673 4086 regulares
694 4028 757 4074 non
787 4019 952 4091 perpetuos
973 4016 1025 4076 sed
1056 4020 1258 4095 temporarios

514 4103 629 4182 proprii
644 4103 694 4165 vel
710 4105 836 4168 alterius
858 4105 978 4169 Ordinis
1000 4109 1032 4170 in
1049 4109 1163 4173 iudices
1178 4113 1253 4176 cou-

514 4203 685 4259 servatores
707 4197 835 4274 eligere,
848 4215 924 4277 quos
939 4200 994 4264 hnc
1016 4201 1047 4262 in
1071 4211 1155 4280 parte
1177 4207 1257 4268 etad

514 4291 598 4352 huuc
608 4289 753 4352 ellectum
769 4291 801 4351 in
812 4292 962 4368 dignitate
972 4293 1171 4357 ecclesiastici
1186 4314 1258 4360 con·

513 4382 637 4445 stitutos
659 4397 723 4443 non
745 4398 826 4458 esse,
849 4383 1030 4448 eorumdem
1060 4387 1257 4466 electionem,

514 4475 634 4536 etiamsi
656 4475 707 4538 hat
724 4476 842 4538 servata
865 4477 895 4537 in
919 4476 1045 4556 reliquis
1068 4480 1165 4543 lormi
1187 4499 1258 4544 oon-

512 4568 682 4630 stitutionis
702 4569 843 4646 Gregorii
865 4569 1024 4648 XV.,ipso
1045 4573 1114 4634 iure
1136 4575 1257 4638 irritam

512 4677 637 4740 prorsus
660 4661 725 4725 lorc
747 4662 947 4726 declaramus.

281 4819 286 4830 ,
321 4765 493 4830 rogatenses
552 4756 620 4832 57.
645 4757 782 4819 Tandem
810 4758 1007 4820 inhaerentes
1033 4758 1099 4821 aliis
1127 4761 1258 4822 decretis

279 4821 492 4973 issgffiiiiiiiziss
513 4849 545 4911 in
567 4851 816 4930 congregatione
841 4853 980 4930 generali
1002 4853 1040 4914 de
1061 4854 1257 4932 Propagandi

297 4937 431 4973 arhusin
470 4939 493 4974 θ·

300 4991 357 5036 um,
380 4981 492 5044 hnmdh

279 5035 492 5188 {ffiffiliiillffi

511 4942 585 5005 Fide
607 4960 709 5007 coram
730 4963 754 5007 s.
772 4962 815 5008 m.
840 4947 963 5009 Urbano
986 4947 1061 5009 lllll.
1085 4948 1185 5010 hahita
1207 4948 1256 5011 die

511 5053 560 5098 ιιι.
583 5037 660 5100 lebr.
683 5041 756 5101 anni
779 5056 912 5116 nuere,
929 5048 959 5103 et
974 5042 1141 5119 prospectis
1163 5042 1256 5103 etiam

512 5131 655 5208 periculis
681 5138 712 5193 et
741 5134 909 5206 scandalis,
937 5149 1015 5212 quae
1038 5150 1076 5194 ex
1105 5133 1256 5195 electione

511 5223 648 5287 iudicum
664 5226 926 5289 conservatorum
941 5226 973 5288 in
989 5225 1126 5304 partibus
1149 5226 1255 5288 infide-

511 5317 589 5379 lium
617 5318 803 5399 plerumque
825 5321 857 5381 in
879 5321 1055 5382 animarum
1085 5319 1255 5398 perniciem

510 5419 541 5473 ιι
563 5410 702 5492 publicae
715 5412 946 5490 tranquillitatis
968 5420 1060 5491 atque
1076 5411 1255 5474 ecclesiasti-

509 5523 561 5568 cae
582 5506 661 5583 pacis
677 5507 943 5585 perturbationem
963 5512 1145 5584 emergunt;
1170 5504 1254 5566 iuxta

509 5599 671 5662 decretum
691 5601 844 5679 praelatae
872 5601 1129 5677 congregationis
1151 5605 1254 5659 aucto·

509 5693 599 5754 ritate
631 5693 793 5772 apostolici
825 5694 1065 5768 denunciamus,
1096 5691 1253 5769 regulares

508 5785 718 5848 mendicantes
731 5794 761 5848 et
773 5802 835 5848 non
852 5787 1074 5862 mendicantes,
1088 5785 1253 5848 monachos

507 5886 538 5940 et
553 5879 679 5941 clericos
693 5879 863 5956 regulares,
877 5881 1099 5958 cuiuscumque
1115 5881 1253 5956 congre-

507 5973 639 6050 gationis
661 5980 691 6034 et
713 5972 847 6049 Ordinis,
871 5974 965 6036 etiam
990 5973 1149 6036 Societatis
1169 5974 1250 6049 lesu,

1039 609 1282 653 tuh.r0xr.hh
1304 609 1332 652 h
1357 610 1537 658 r-rnhst.

2096 598 2196 656 An.c.
2228 603 2315 654 1762

1317 725 1456 807 aliosque
1467 733 1608 808 quamvis
1629 749 1774 815 expresse
1789 744 1821 800 et
1834 736 1994 816 speciatim
2009 754 2064 800 no-

1318 826 1432 888 minari
1461 841 1513 888 cos
1545 835 1694 906 oporteat,
1717 831 1882 908 privilegio
1909 831 1966 893 sihi
1992 847 2064 894 cun·

1318 935 1401 982 cesso
1412 919 1545 998 eligendi
1560 922 1674 985 iudices
1689 926 1938 1001 conservatores,
1951 942 2066 1005 quous-

1318 1029 1378 1092 que
1395 1015 1575 1094 inpartibus
1596 1018 1772 1081 infidelium
1788 1019 1906 1095 degunt
1921 1035 1954 1082 ae
1967 1037 2065 1082 sacras

1319 1108 1482 1172 missiones
1503 1119 1669 1188 exercent,
1692 1112 1781 1174 nullo
1804 1114 1894 1176 modo
1920 1114 2065 1192 expedire

1319 1203 1359 1260 ut
1380 1203 1541 1274 utentum
1562 1202 1616 1264 sed
1637 1219 1744 1264 omnes
1766 1204 1945 1280 etsiugulos
1968 1205 2000 1266 in
2021 1205 2064 1266 ol-

1320 1294 1510 1360 ieusionibus
1532 1307 1562 1361 et
1583 1301 1691 1376 causis,
1715 1315 1793 1380 quae
1819 1300 1956 1380 ipsorum
1979 1301 2065 1364 Ordi-

1320 1404 1375 1450 nes
1398 1406 1430 1451 ac
1452 1390 1612 1468 privilegia
1630 1399 1776 1471 tangunt,
1793 1401 1827 1456 ut
1849 1394 1883 1454 ad
1907 1411 1962 1456 nos
1984 1397 2063 1458 etad

1319 1482 1525 1560 hpostolicam
1553 1485 1665 1548 Sedem
1694 1495 1868 1563 recurrant,
1892 1493 1926 1548 ut
1952 1487 1990 1548 ah
2010 1486 2065 1549 hac

1321 1575 1452 1638 Ecclesia
1465 1578 1665 1642 ecclesiarum
1686 1581 1828 1643 omnium
1844 1587 1940 1642 matre
1956 1590 1987 1643 et
2001 1598 2064 1642 ma-

1320 1670 1426 1747 gistri,
1450 1671 1498 1734 cui
1521 1672 1599 1733 nihil
1627 1673 1783 1752 antiquius
1803 1682 1862 1748 est,
1889 1690 1980 1752 quarn
2002 1676 2065 1735 cui·

1320 1779 1381 1840 que
1401 1781 1454 1826 sua
1476 1764 1542 1826 iura
1563 1781 1698 1841 servare,
1722 1773 1845 1828 rectum
1867 1768 2017 1830 iudicium
2032 1787 2065 1832 ac

1322 1856 1495 1918 remedium
1517 1858 1751 1935 praestolentur.

1360 1949 1379 2022 ἓ
1400 1949 1428 2010 8.
1455 1950 1660 2014 Decernentes
1682 1962 1859 2030 praesentes
1889 1962 2008 2018 nostras
2031 1956 2065 2017 li·
2104 1964 2234 2010 crausura
2253 1965 2321 2040 {uh-

1322 2049 1399 2104 teras
1420 2049 1451 2104 et
1472 2043 1505 2104 in
1528 2044 1571 2104 eis
1586 2052 1730 2107 contenta
1753 2065 1978 2128 quaecumque,
1995 2050 2065 2114 licet
2085 2015 2144 2116 {ffi'
2158 2018 2319 2116 iiiiii?

1319 2136 1494 2212 superiores
1515 2153 1785 2220 quorumcumque
1805 2142 1955 2204 Ordinum
1972 2146 2064 2207 etiarn

1321 2229 1492 2306 generales,
1507 2230 1556 2291 vel
1572 2241 1786 2310 procuratores
1808 2236 1916 2298 itidem
1937 2254 2066 2316 genera·

1320 2323 1363 2385 les
1385 2341 1439 2384 ιιι
1454 2325 1650 2400 missionum,
1667 2335 1719 2388 aut
1735 2329 1918 2391 missionarii
1943 2333 1999 2410 ipsi
2014 2334 2063 2394 vel

1320 2417 1356 2478 ab
1373 2419 1416 2478 ιιι
1431 2417 1578 2496 deputati,
1595 2419 1712 2480 autulii
1729 2421 1917 2502 quicumque
1933 2425 1963 2486 iu
1981 2443 2065 2503 prae

1320 2511 1420 2572 missis
1441 2529 1473 2573 ac
1495 2512 1573 2573 circa
1596 2515 1758 2590 praemissa
1782 2517 1929 2579 iuteresse
1951 2519 2065 2581 hahen-

1321 2613 1365 2665 tes
1388 2604 1436 2666 vel
1459 2604 1572 2666 habere
1595 2609 1842 2684 praetendentes,
1858 2611 1892 2670 ad
1916 2611 1991 2674 haec
2012 2631 2064 2675 vo-

1319 2698 1389 2772 cati,
1411 2698 1508 2773 citati,
1525 2697 1573 2759 vel
1596 2700 1703 2774 auditi,
1719 2702 1784 2761 sive
1805 2719 1923 2778 causae,
1939 2715 2065 2784 propter

1319 2807 1394 2867 quas
1415 2789 1539 2852 eaedem
1570 2801 1746 2869 praesentes
1765 2798 1957 2873 emanarint,
1980 2801 2064 2862 suth-

1318 2882 1436 2944 cientcr
1458 2885 1616 2959 adductae,
1636 2887 1815 2951 iustificatos
1837 2897 1868 2951 et
1889 2893 2064 2956 verificatae

1319 2989 1381 3036 non
1401 2974 1530 3051 luerint,
1546 2993 1671 3056 semper
1686 2987 1716 3040 ιι
1732 2987 1882 3059 perpetuo
1905 2984 2017 3048 validas
2033 2996 2064 3048 et

1318 3065 1452 3129 elhcares
1473 3070 1617 3144 existere,
1641 3087 1774 3151 suosque
1795 3073 1949 3152 plenarios
1970 3086 2001 3139 ιι
2017 3080 2064 3140 in-

1319 3168 1421 3237 tegrus
1453 3163 1579 3225 edoctus
1606 3165 1711 3227 sortiri
1734 3174 1764 3228 et
1793 3167 2001 3246 obtinerem
2026 3174 2063 3235 ab

1317 3255 1460 3317 omnihus
1476 3256 1698 3320 inviolabiliter
1713 3259 1888 3338 ohservari3
1910 3264 2016 3343 sicque
2032 3273 2063 3328 ιι

1318 3364 1381 3409 non
1403 3348 1474 3410 alias
1496 3365 1551 3428 per
1572 3367 1782 3432 quoscumque
1805 3355 1919 3419 iudices
1941 3361 2061 3422 ordina-

1317 3442 1378 3502 rios
1402 3441 1450 3502 vel
1473 3442 1639 3520 delegatos,
1658 3447 1765 3522 quavis
1786 3451 1970 3513 auctoritate
1993 3452 2063 3515 lun-

1317 3544 1436 3615 gentes,
1453 3545 1482 3600 et
1498 3541 1589 3600 etiarn
1607 3540 1639 3603 S.
1656 3541 1691 3602 R.
1711 3542 1744 3602 E.
1765 3544 1951 3621 cardinales,
1968 3549 2063 3611 etiam

1316 3633 1462 3696 delatore
1483 3632 1624 3710 Legatos,
1641 3635 1800 3714 dictaeque
1815 3637 1900 3700 Sedis
1912 3639 2059 3717 Nuncios,

1317 3745 1350 3790 ac
1371 3729 1505 3792 vicarios
1520 3729 1720 3806 Apostolicos,
1736 3747 1790 3791 seu
1807 3733 1979 3796 visitatores
1994 3737 2061 3814 qui·

1317 3821 1421 3883 busvis
1442 3821 1637 3884 facultatibus
1660 3823 1809 3898 munitos,
1831 3825 1949 3888 sublati
1972 3829 2015 3889 cis
2030 3836 2061 3891 et

1317 3929 1426 3976 eorum
1453 3915 1580 3977 cuilibet
1605 3915 1712 3992 quavis
1739 3917 1830 3978 ahter
1856 3917 2009 3984 iudicandi
2030 3931 2062 3984 et

1317 4007 1540 4086 interpretandi
1562 4008 1706 4071 tacuhate
1720 4017 1751 4070 et
1772 4011 1966 4088 auctoritate,
1983 4014 2060 4078 iudi·

1316 4099 1378 4161 cari
1399 4107 1429 4161 et
1451 4101 1573 4163 deliniri
1594 4102 1723 4178 dehere,
1746 4104 1870 4166 irritum
1893 4122 2017 4186 quoque
2032 4116 2062 4170 et

1316 4193 1420 4270 inane,
1443 4194 1468 4254 si
1489 4211 1575 4256 secus
1596 4211 1689 4274 super
1712 4196 1758 4258 his
1779 4213 1794 4256 a
1817 4213 1974 4276 quoquam
1990 4217 2062 4280 qua·

1317 4287 1362 4347 vis
1373 4289 1567 4360 auctoritate,
1584 4289 1718 4351 scienter
1730 4289 1780 4352 vel
1796 4290 1976 4367 ignoranter
1990 4311 2063 4356 con-

1316 4380 1420 4456 tigerit
1441 4382 1597 4444 attentari.

1355 4475 1373 4550 §
1394 4472 1424 4535 9.
1449 4471 1518 4536 Non
1540 4475 1731 4538 obstantibus
1745 4476 1823 4538 Sixti
1839 4477 1874 4540 V.
1889 4478 1994 4543 lavore
2009 4481 2061 4545 Or·
2089 4499 2227 4559 paragano
2238 4499 2298 4545 cun

1315 4565 1425 4627 dinum
1447 4567 1700 4644 llendicantium,
1724 4576 1755 4631 et
1776 4570 1821 4631 Pii
1838 4570 1875 4632 ll.
1892 4589 1926 4634 ac
1945 4572 2062 4652 Grego—
2080 4555 2226 4598 ΝΟΜ

1272 4697 1276 4708 -
1314 4657 1354 4718 ιιι
1375 4658 1454 4721 Xlll.
1480 4659 1712 4739 incipientibus:
1736 4663 1774 4725 hc
1795 4667 2059 4740 supereminenti,

1315 4749 1420 4815 lavore
1452 4754 1643 4819 clericorum
1676 4757 1868 4834 regularium
1901 4759 2061 4824 Societatis

1314 4845 1382 4908 lesu
1404 4857 1490 4912 extra
1517 4851 1674 4930 Europam
1700 4851 1916 4928 existentibus,
1939 4869 1972 4914 ιι
1994 4856 2060 4932 qui-

1316 4939 1419 5001 busvis
1439 4943 1505 5006 aliis
1527 4946 1798 5010 constitutionibus
1814 4955 1845 5009 et
1859 4949 2060 5010 ordinationi·

1315 5032 1371 5094 hus
1393 5037 1580 5113 apostolicis,
1597 5056 1654 5102 nec
1675 5057 1738 5102 non
1760 5040 1911 5103 Ordinum
1927 5049 1957 5102 et
1972 5041 2060 5110 lusti·

1314 5131 1455 5190 tutorum
1466 5146 1748 5211 quorumcumque,
1762 5134 1856 5194 etiam
1871 5135 2058 5212 iuramento,

1313 5219 1550 5284 confirmatione
1572 5225 1744 5301 apostolici,
1761 5226 1811 5287 ιιι
1833 5226 1940 5303 quavis
1963 5229 2060 5289 firmi·

1314 5315 1375 5372 tate
1396 5313 1453 5375 alii
1474 5315 1642 5392 roboratis,
1665 5318 1787 5380 statutis
1808 5325 1839 5379 et
1861 5320 2059 5382 consuetudi·

1313 5403 1417 5480 nibus,
1440 5407 1611 5486 privilegiis
1633 5426 1767 5488 quoque,
1784 5410 1923 5484 indultis,
1939 5421 1970 5474 et
1992 5413 2058 5474 lite-

1312 5497 1353 5556 ris
1374 5500 1563 5578 apostolicis,
1586 5503 1679 5564 etiam
1702 5503 1790 5566 hare
1816 5501 1982 5583 Magnum,
2007 5507 2057 5568 vel

1311 5591 1383 5652 alias
1405 5596 1632 5671 quomodolibet
1651 5598 1848 5675 nuncupatis
1871 5596 1986 5659 eisdem
2003 5599 2056 5662 Or·
2103 5675 2105 5679 ι

1311 5684 1435 5749 dinibus
1457 5696 1488 5749 et
1511 5690 1673 5766 institutis,
1696 5707 1870 5770 eorumque
1890 5692 2055 5770 superiori·

1310 5779 1366 5842 hus
1389 5788 1419 5842 et
1441 5782 1595 5860 praelatis,
1608 5801 1641 5845 uc
1662 5786 1801 5862 personis
1823 5787 1913 5848 ctiam
1938 5786 2056 5846 missio·

1310 5875 1405 5936 nariis
1419 5875 1451 5938 in
1468 5877 1576 5939 limine
1598 5895 1721 5956 quoque
1743 5887 1774 5940 et
1789 5888 1857 5941 actu
1880 5881 2055 5958 primaevae

1309 5961 1438 6032 illorum
1459 5970 1674 6049 expeditionis,
1691 5987 1724 6032 ac
1745 5973 1876 6036 subinde
1890 5979 1921 6034 et
1935 5987 2054 6034 succes·
