4754 6966
330 549 385 608 An.
399 549 428 607 0.
451 550 519 604 1763

328 3932 331 3940 ,
356 3881 435 3925 mum
452 3889 518 3942 gan·

304 3932 376 3978 dium
397 3934 516 3990 exprimit

302 3997 351 4044 pro
378 3987 516 4048 restituto

302 4038 454 4092 concorden.
471 4051 516 4086 oe-

303 4092 447 4156 teribnsqne
467 4093 517 4139 dis·

301 4147 462 4194 sessionibus
478 4158 515 4193 en-

302 4200 395 4247 tinctis.

321 4885 348 4929 tt
363 4883 393 4928 tn
406 4891 514 4930 commn-

298 4937 328 4982 ni
349 4935 513 4983 reverentia

571 546 627 613 l00

547 684 588 746 sit
609 685 810 762 dignoscere?
830 683 916 761 Quod
938 685 1068 764 pastoris
1093 683 1295 764 praecipuum

549 794 727 842 munusue
753 781 948 854 deseramus,
971 777 1092 840 assidue
1113 795 1169 840 nos
1198 785 1296 840 terret

548 872 750 934 durissimum
772 873 870 935 iuturi
893 873 1005 935 saeculi
1028 871 1201 946 iudicium,
1224 887 1294 932 cnm

548 975 670 1028 nostrae
693 967 928 1044 gubernationis
942 982 1066 1028 summo
1087 965 1181 1028 ludici
1203 965 1295 1026 ratio-

547 1075 602 1121 nes
623 1076 732 1122 sumus
753 1060 925 1136 reddituri3
953 1061 1125 1136 eodemque
1152 1066 1295 1137 oportere

547 1170 601 1214 ros
623 1171 688 1216 esse
709 1154 741 1215 in
763 1162 862 1228 metu,
879 1153 984 1216 dilecti
1007 1152 1062 1214 srlii
1085 1151 1204 1213 nobiles
1221 1152 1292 1226 viri,

546 1249 584 1309 de
605 1249 746 1308 omnium
764 1256 902 1309 vestrum
922 1243 1046 1306 aeterni
1060 1244 1161 1306 salute
1183 1243 1293 1306 soliciti

546 1349 675 1419 paterno
696 1341 800 1402 animo
822 1356 876 1401 vos
891 1341 1115 1414 admonemns3
1139 1335 1293 1398 reddenda

546 1434 632 1495 enim
654 1435 760 1496 itidem
778 1433 863 1494 vobis
878 1439 923 1493 est
940 1434 1016 1492 ratio
1031 1431 1097 1492 eius
1119 1429 1290 1508 potestatis,

545 1545 637 1606 quam
661 1545 676 1589 a
698 1528 759 1590 Deo
786 1529 821 1589 ad
850 1526 1124 1588 administrandam
1156 1525 1292 1600 liempu-

545 1622 656 1684 bticam
678 1621 844 1701 accepistis.
869 1621 1008 1697 Cogitate
1030 1633 1108 1696 quae
1131 1626 1198 1679 tum
1212 1623 1292 1678 esset

545 1715 722 1778 animorum
737 1723 914 1776 vestrorum
936 1712 1086 1786 anxietas,
1102 1709 1126 1772 si
1141 1727 1196 1772 vos
1211 1710 1291 1771 Deus

544 1816 702 1884 argueret,
718 1808 751 1869 in
773 1807 808 1867 et
823 1806 936 1885 positos
952 1811 1102 1884 potestate
1113 1803 1149 1865 ad
1173 1811 1289 1881 tempo-

544 1901 617 1962 ralia
639 1900 807 1977 megistos
829 1897 971 1960 habuisse
992 1903 1180 1974 respectum,
1196 1910 1288 1972 quam

544 1996 611 2056 eius
634 1993 744 2055 honori
765 1999 796 2053 et
812 1991 928 2068 gloriae
943 1989 1117 2050 inservisse.
1142 1987 1241 2064 Igitur
1255 1987 1288 2047 in

543 2088 599 2149 hac
614 2103 658 2161 re,
675 2102 737 2164 quo
751 2087 878 2147 demum
894 2091 1071 2144 vestrorum
1087 2079 1288 2144 consiliorum

543 2183 648 2243 redeat
668 2195 809 2253 summa,
832 2194 848 2238 a
870 2175 1082 2239 nobilitatibus
1104 2172 1216 2235 vestris
1237 2188 1288 2250 pe·

544 2274 640 2335 timus
668 2273 759 2350 plane
782 2280 812 2333 et
838 2279 942 2350 aperte
975 2269 1042 2330 sieri
1071 2269 1229 2342 certiores,
1253 2275 1287 2330 nt

542 2367 694 2444 possimus
709 2367 780 2427 inde
792 2373 894 2425 nostra
910 2363 1017 2424 itidem
1029 2361 1155 2424 consilia
1165 2377 1285 2440 capere,

542 2477 620 2538 quae
641 2459 701 2521 nisi
722 2459 848 2520 alterius
863 2455 981 2518 ordinis
1002 2456 1172 2517 rationibus
1194 2454 1286 2517 delle·

540 2561 676 2627 clantur,
700 2568 740 2613 ne
760 2550 907 2613 dubitetis
928 2565 963 2612 eo
984 2563 1108 2627 semper
1129 2547 1194 2610 tore
1214 2564 1286 2610 con-

581 2793 610 2850 ti)
626 2795 662 2838 Ex
683 2795 746 2850 Reg.
762 2795 817 2838 vat.
839 2791 920 2848 Epist.
938 2790 1140 2837 transcribimus
1160 2802 1213 2847 seq.
1227 2791 1285 2836 lite·

540 2871 583 2906 ras
597 2861 630 2906 ad
645 2861 782 2906 praesules
796 2863 822 2904 et
836 2859 1028 2904 patriarcham.

539 3004 701 3046 Grotirtatnr
722 2999 895 3041 Praesentibus
917 2998 1157 3040 Graeco-Merentem
1177 2997 1209 3039 rte
1227 3005 1285 3038 cort·

578 3064 670 3112 cordtti
688 3070 759 3110 trater
779 3075 822 3107 ens
842 3061 977 3110 restttrctci.
1000 3075 1095 3115 cespite
1112 3065 1240 3108 bortatur
1254 3065 1285 3104 ut

578 3135 766 3180 Patrtarebnnc
780 3134 916 3178 adtriverat,
926 3141 1020 3182 macena
1029 3135 1134 3174 seruent
1144 3139 1284 3181 aspamam

576 3207 606 3246 tn
618 3204 729 3255 pomariis
742 3202 821 3253 fldem
835 3200 995 3242 orestodtant.

540 3338 736 3386 Veneraotttbns
749 3336 882 3384 fratribus
897 3333 1106 3384 Arcbteptscopts
1115 3335 1139 3372 et
1150 3333 1284 3382 Episconts

713 3403 833 3445 nnttonts
848 3399 1104 3446 urmes-merentem.

747 3536 892 3580 CLEMENS
911 3536 991 3578 Papa
1006 3535 1069 3578 XIII.

767 3673 930 3716 Venerabiles
943 3672 1051 3719 nrarres,

622 3743 775 3786 salutemet
788 3741 963 3792 apostoticam
982 3738 1193 3780 beriedicttonem.

574 3876 620 3924 sl.
636 3879 719 3926 Quam
739 3873 881 3918 molestum
903 3871 977 3917 nobis
998 3870 1124 3917 acciderit
1146 3881 1191 3915 eas
1212 3869 1283 3914 inter

534 3953 580 3988 ros
593 3941 769 3986 dissensiones
784 3951 814 3984 ac
828 3939 921 3984 turbas
935 3937 1064 3992 extitisse,
1074 3948 1142 3994 quae
1155 3948 1280 3993 magnum

535 4009 659 4066 religioni
673 4006 820 4065 periculum
836 4004 999 4060 inducerent,
1010 4007 1037 4050 et
1051 4005 1152 4050 clerum
1163 4016 1193 4050 ac
1204 4015 1283 4061 popu-

533 4078 589 4121 lum
605 4075 632 4120 in
647 4077 712 4120 duas
728 4074 810 4119 veluti
824 4075 914 4130 partes
927 4071 1067 4117 discissum
1077 4073 1241 4128 separarent,
1250 4083 1281 4116 ex

533 4142 655 4198 pluribus
669 4145 741 4186 certe
755 4140 858 4186 nunciis
873 4143 899 4184 et
914 4151 964 4184 non
979 4138 1281 4195 ambiguisapostolicae

533 4208 711 4254 solicitudinis
726 4212 833 4253 nostrae
847 4206 1012 4252 documentis
1034 4205 1184 4262 intelligere
1199 4205 1282 4262 potui-

533 4277 589 4322 stis.
605 4275 713 4320 Nullum
728 4275 799 4319 enim
814 4285 898 4330 neque
913 4273 1018 4329 paterni
1037 4271 1137 4317 amoris
1152 4272 1281 4327 studium,

532 4353 617 4400 neque
633 4341 776 4398 pastoralis
790 4340 945 4396 vigilantiae
966 4338 1107 4383 consilium
1127 4339 1282 4394 praetermi-

532 4409 624 4463 simus,
635 4412 675 4465 ut,
688 4407 845 4466 quantocius
867 4407 926 4452 heri
946 4408 1042 4463 posset,
1052 4405 1189 4461 ingruenti
1211 4407 1281 4451 malo

531 4476 679 4521 remedium
693 4475 875 4526 adhiberetur,
890 4474 1043 4530 etantiqua
1059 4472 1130 4528 pacis
1145 4475 1172 4518 et
1186 4473 1282 4518 carita·

531 4545 566 4589 tis
581 4543 653 4598 unio,
668 4541 827 4588 arctissimis
849 4540 920 4585 inter
935 4551 979 4585 ros
993 4539 1148 4585 concordiae
1170 4539 1280 4585 vinculis

530 4609 730 4664 redintegratis,
750 4607 855 4653 tandem
877 4606 1020 4663 aliquando
1040 4605 1237 4651 restitueretur.
1253 4607 1280 4651 ld

531 4677 584 4722 iam
600 4674 812 4730 inmundiciae
826 4672 1008 4718 misericordia
1022 4672 1180 4728 opitulante,
1190 4676 1217 4717 st
1227 4673 1282 4729 ptu-

530 4743 631 4788 rimum
645 4743 778 4787 laetamur
791 4745 817 4786 et
827 4739 899 4785 robis
909 4739 1003 4784 intimo
1013 4737 1098 4784 cordis
1109 4739 1281 4795 gratulamur

531 4809 634 4855 affectu.

571 4883 584 4926 s
598 4878 617 4921 t.
633 4875 774 4932 Reliquum
793 4877 834 4919 est
852 4875 890 4928 ut,
906 4873 1127 4930 quemadmodum
1149 4873 1280 4919 unanimi·

533 4946 573 4988 ter
588 4954 644 4987 ven.
660 4942 737 4987 tratri
756 4943 847 4986 nostro
862 4940 1006 4986 Theodosio
1027 4940 1197 4986 patriarchae
1212 4939 1281 4984 debi-

300 5001 463 5053 “90'202mm
472 4989 515 5035 ΡΨ
531 5013 589 5056 tum
600 5007 765 5054 reverentiae
771 5007 945 5065 praestitistis
955 5007 1120 5063 obsequium,
1129 5007 1278 5053 itaomnem

300 5043 444 5090 triorchem
458 5055 505 5102 per

298 5097 392 5144 sistant
409 5068 514 5150 suadet,-

299 5153 322 5194 et
337 5151 431 5196 intima
446 5150 513 5196 inter

297 5215 349 5302 {loeas
358 5203 513 5251 coniunctio·

531 5087 638 5134 opernm
653 5069 721 5120 in'id
738 5075 905 5131 impendatis,
921 5078 985 5128 ut,a
1000 5074 1185 5130 praesentibus
1199 5085 1280 5130 angu-

531 5145 590 5190 stiis
604 5147 631 5188 et
646 5141 808 5188 difficillimis
824 5153 913 5187 rerum
932 5140 1142 5186 circumstantiis
1161 5141 1278 5186 subleva-

530 5216 581 5266 tus,
597 5221 690 5256 novam
706 5211 773 5254 hanc
787 5220 862 5254 suam
878 5208 1038 5264 dignitatern
1053 5207 1197 5264 tranquille
1208 5207 1279 5252 tueri

528 5277 620 5335 possit,
636 5280 662 5322 et
677 5278 710 5322 ad
725 5277 803 5321 tidem
817 5276 991 5320 orthodoxam
1006 5286 1053 5331 per
1068 5278 1153 5320 totum
1165 5275 1278 5320 Patriar-

527 5345 636 5390 chatum
645 5343 848 5400 promovendam
860 5341 963 5388 iacilius
973 5341 1135 5386 incumbere.
1147 5342 1196 5386 Sed
1205 5353 1278 5398 prae·

527 5411 604 5468 cipue
618 5423 663 5456 ros
683 5411 825 5456 hortamur
839 5421 869 5454 ac
883 5410 1053 5455 obsecramus
1071 5409 1099 5453 in
1114 5408 1231 5464 Domino,
1246 5413 1277 5454 ut

527 5479 678 5524 animorum
693 5476 859 5522 concordiam
877 5476 1014 5533 praeclara
1028 5487 1088 5521 cum
1103 5475 1181 5521 laude
1195 5475 1277 5531 pieta-

528 5546 563 5590 tis
576 5556 607 5590 ac
620 5543 758 5600 religionis
773 5545 876 5588 restrae
887 5543 1016 5588 sancitam
1028 5541 1180 5588 firmissime
1191 5545 1277 5588 tenea-

528 5612 571 5666 tis,
586 5621 633 5656 nec
655 5621 771 5667 unquam
794 5609 896 5663 sinatis,
911 5613 942 5654 ut
955 5609 1117 5666 praeteritae
1138 5609 1275 5654 divisionis

527 5678 680 5722 scandalum
697 5677 766 5721 inter
781 5687 826 5721 vos
840 5676 952 5722 oriatur.
968 5675 1120 5721 coniunctis
1129 5675 1215 5731 igitur
1225 5676 1278 5732 opi·

527 5743 575 5788 bus
589 5743 759 5799 consiliisque
773 5741 799 5786 id
813 5753 896 5787 unum
912 5742 1034 5798 satagite,
1049 5745 1079 5788 ut
1093 5743 1223 5788 catholica
1237 5754 1276 5786 re-

526 5809 599 5866 ligio,
614 5811 641 5855 in
655 5821 707 5866 qua
722 5809 812 5867 populi
826 5813 941 5854 rectores
955 5819 986 5854 ac
996 5808 1145 5865 magistris
1156 5812 1206 5853 Deo
1216 5820 1274 5853 con-

527 5877 618 5923 stituti
631 5877 704 5930 estis,
719 5879 745 5922 et
760 5876 785 5921 in
801 5876 856 5922 dies
870 5876 964 5933 purior
978 5875 1113 5932 affulgeat,
1125 5879 1151 5920 et
1166 5876 1274 5922 atldeli-

526 5945 575 5992 bus
588 5943 717 6004 pastorali
730 5943 813 5989 ottlcio
830 5947 917 5989 restro
931 5943 1122 5990 commendatis
1137 5943 1275 5999 integerri-

1066 563 1131 612 tuit.
1155 565 1247 612 PONT.
1271 563 1311 609 DE
1332 564 1361 610 P.
1386 561 1415 610 F.
1440 561 1522 610 PARS
1545 557 1566 609 I.

1349 698 1450 758 versa,
1475 691 1509 744 ut
1532 683 1668 746 tirmiora
1690 691 1721 746 et
1744 683 1911 746 illustriora
1933 691 2042 746 extent
2065 684 2096 746 in

1350 776 1414 837 dies
1429 792 1569 838 summae
1580 792 1653 854 erga
1668 793 1721 838 vos
1737 776 1947 855 inclytamque
1962 785 2099 838 vestram

1350 870 1583 949 Rempublicam
1605 871 1786 950 apostolicae
1809 871 2046 933 benevolentiae
2067 880 2098 933 et

1350 965 1484 1025 caritatis
1506 971 1629 1026 nostrae
1644 973 1844 1042 argumenta,
1867 965 1956 1026 cuius
1980 965 2098 1026 interea

1350 1058 1463 1134 pignus
1484 1058 1723 1136 paternonostri
1746 1057 1844 1119 roralis
1866 1057 1976 1120 affectu
1998 1058 2096 1133 robis,

1348 1150 1452 1212 dilecti
1474 1151 1530 1212 filii
1552 1151 1670 1212 nobiles
1692 1150 1763 1224 viri,
1786 1149 1986 1228 apostolicam
2004 1150 2098 1211 bene·

1349 1243 1517 1304 dictionem
1540 1243 1750 1305 amantissime
1771 1243 1983 1322 impertimur.

1389 1337 1500 1398 Datum
1515 1335 1640 1410 Romae,
1657 1337 1736 1415 apud
1752 1335 1782 1398 S.
1798 1335 1925 1398 llariam
1937 1336 2095 1412 Maiorem,

1346 1430 1404 1492 sub
1418 1429 1535 1492 annulo
1557 1430 1717 1491 Piscatoris
1739 1430 1788 1490 die
1811 1445 1901 1493 xxxi.
1921 1430 2096 1491 decembris

1346 1539 1526 1585 nocccxnr.
1545 1523 1741 1601 pontificatus
1766 1523 1864 1584 nostri
1885 1539 1969 1584 anno
1991 1540 2033 1584 vr.

1601 1683 1840 1694 ——--—--—.

1664 1807 1770 1872 XLIV.

1347 1992 1521 2070 Corelirntnt
1543 1995 1727 2058 electionem
1748 1995 1911 2059 Theodosii
1927 1997 2092 2075 Arcbiepi-

1382 2087 1469 2164 scopi
1498 2087 1684 2165 Berytensis
1707 2090 1742 2150 in
1771 2090 2003 2152 Potriurclram
2029 2094 2092 2154 An-

1384 2179 1566 2242 tiochenam
1590 2182 2045 2256 tractarunt-Metellinum,
2063 2185 2093 2244 ei

1381 2271 1575 2348 praescribit
1606 2275 1828 2337 isnrornentnrn
1857 2275 2029 2355 fidelitatis
2061 2283 2091 2337 et

1381 2366 1607 2444 professionem
1621 2366 1706 2446 firtel,
1720 2386 1757 2430 nc
1771 2369 1871 2430 sinent
1889 2369 1978 2431 iubet
1989 2375 2028 2430 nt
2040 2369 2093 2430 do-

1383 2465 1533 2632 wmIIIa
1575 2459 1616 2520 ed
1645 2457 1676 2521 S.
1703 2461 1989 2541 congregationem
2016 2462 2093 2522 ntit-

1382 2555 1433 2612 tet
1506 2596 1513 2610 .

1342 2802 1383 2836 me
1396 2792 1571 2838 custodiatur.
1588 2793 1668 2849 Quod,
1683 2797 1713 2839 ut
1727 2794 1833 2839 sortiter
1846 2795 2024 2852 alacriterque
2035 2808 2091 2851 per-

1340 2859 1436 2916 agatis
1451 2860 1622 2915 apostolicam
1638 2862 1846 2907 benedictionem
1862 2863 1944 2918 vobis,
1954 2875 2028 2908 venu.
2041 2864 2091 2910 tra·

1341 2928 1404 2980 tres,
1419 2927 1567 2983 vestrisque
1581 2929 1708 2984 gregibus
1724 2933 1894 2984 peramanter
1909 2931 2088 2989 impertimur.

1380 2994 1474 3036 Datum
1488 2996 1595 3047 Romae,
1604 2995 1674 3050 apud
1685 2997 1708 3038 S.
1720 2995 1831 3040 Mariam
1842 2997 1977 3052 Maiorem,
1988 2999 2036 3042 sub
2046 3009 2091 3043 an·

1340 3058 1403 3103 nuto
1418 3059 1567 3114 piscatoris,
1580 3061 1622 3105 die
1636 3073 1711 3107 xxrrr.
1724 3058 1783 3107 iulii
1794 3075 1945 3120 arnecxxrn,
1955 3065 2090 3121 pontifica-

1341 3127 1384 3170 tus
1398 3127 1483 3171 nostri
1497 3138 1567 3173 anno
1581 3139 1625 3172 vrr.

1597 3265 1837 3277 n————.

1339 3398 1398 3448 Anti
1410 3401 1491 3442 etiarn
1512 3410 1574 3443 curn
1596 3398 1756 3445 Patrtnrcbd
1775 3405 1807 3446 ee
1825 3401 1967 3446 concordat
1987 3406 2089 3446 tristan-

1378 3467 1447 3510 nata,
1464 3463 1592 3518 decenne
1606 3471 1681 3510 orient
1695 3473 1759 3511 nteit
1773 3467 1917 3516 seruando,
1930 3473 1954 3513 et
1970 3471 2088 3512 Patttnrn

1377 3541 1531 3578 coracessnnc
1551 3539 1672 3583 natuerat,
1692 3547 1807 3588 erroneae
1826 3539 1939 3580 sottcttat
1959 3540 1995 3580 art
2008 3539 2087 3590 fidem

1378 3602 1450 3642 inter·
1469 3611 1534 3644 saeos
1553 3604 1709 3657 foenerantem,
1730 3607 1801 3647 inter
1819 3606 2000 3648 schismaticos
2020 3607 2088 3646 exct-

1378 3670 1498 3710 teledam.

1369 3803 1427 3844 Ven.
1442 3804 1525 3850 fratri
1542 3805 1682 3848 Theodosio
1690 3807 2060 3849 tir-aecornnt-Metcbr'tarnrn

1534 3873 1709 3916 Patrtnrebae
1723 3875 1892 3928 Artttoeberto,

1568 4009 1713 4052 CLEMENS
1730 4011 1774 4052 PP.
1790 4011 1854 4053 XIII.

1577 4143 1737 4184 Venerantur
1754 4143 1849 4191 mater,

1424 4208 1539 4249 saltitem
1553 4211 1576 4249 et
1591 4211 1764 4259 apostoticam
1784 4209 1996 4252 benedictionem.

1377 4339 1498 4393 Magnam
1514 4339 1588 4384 uoltis
1602 4338 1717 4385 illustris
1732 4343 1892 4386 Graecorum
1907 4341 2023 4386 Ecclesia
2038 4345 2085 4386 An·

1337 4402 1459 4449 tlochena
1473 4415 1565 4450 curam
1585 4404 1721 4462 iniecerat,
1736 4419 1776 4460 ne,
1792 4408 1896 4464 longius
1917 4408 2021 4454 furente
2035 4410 2086 4454 dis-

1336 4471 1440 4517 cordiae
1464 4473 1578 4527 turbine,
1594 4473 1728 4518 funestum
1750 4475 1857 4531 aliquod
1875 4476 1972 4520 vulnus
1986 4476 2085 4532 accipe·

1336 4541 1386 4590 ret,
1401 4539 1427 4582 et
1441 4539 1672 4585 schIsmaticorum
1692 4540 1797 4586 insidiis
1816 4542 1886 4587 viam
1906 4542 1957 4588 sibi
1975 4543 2084 4588 nocendi

2131 539 2341 600 tn.c.1rea
2374 523 2375 528 ‘

1336 4604 1496 4650 latissimam
1510 4606 1635 4662 aperiret.
1652 4608 1701 4651 sed
1716 4619 1801 4664 nuper
1810 4609 1924 4665 acceptis
1934 4620 1950 4654 n
1961 4611 1987 4654 te
1997 4610 2084 4655 literis
2117 4613 2120 4619 '

1336 4670 1445 4716 mirifice
1456 4673 1568 4717 recreati
1578 4683 1679 4728 sumus,
1689 4677 1829 4731 postquam
1841 4675 2022 4722 intelleximus
2031 4688 2084 4722 oni·

1335 4737 1381 4783 nia
1394 4738 1420 4782 in
1435 4738 1576 4795 pristinam
1591 4740 1662 4795 pacis
1677 4741 1903 4798 tranquillitatem
1917 4743 2000 4789 tuisse
2011 4746 2085 4790 reda-

1335 4807 1389 4859 cta,
1410 4804 1512 4861 tibique
1532 4805 1654 4862 legitimo
1675 4807 1846 4854 sanctarenae
1864 4821 1879 4855 a
1899 4811 1974 4856 nobis
1992 4812 2084 4856 confir·

1336 4875 1408 4916 rnato
1422 4872 1560 4928 Episcopos
1579 4884 1669 4918 omnes
1684 4885 1744 4919 cum
1765 4874 1836 4920 ciero
1851 4880 1877 4920 et
1891 4879 1986 4934 populo
2001 4879 2084 4923 natio·

1335 4938 1376 4983 nis
1387 4939 1505 4983 debltum
1515 4939 1623 4984 honoris
1633 4951 1663 4993 ac
1672 4942 1837 4988 reverentiae
1847 4943 2003 5000 obsequium
2011 4956 2084 5002 prae-

1334 5005 1443 5050 stitisse.
1467 5010 1521 5056 Qua
1535 5007 1566 5050 de
1581 5018 1610 5051 re
1624 5008 1754 5053 maximas
1776 5010 1904 5054 trabernas
1925 5011 2082 5068 egimusque

1334 5073 1510 5128 neomeniae,
1525 5084 1554 5118 ac
1569 5077 1594 5118 te
1610 5074 1691 5120 simul
1710 5076 1851 5121 hortamur
1866 5079 1904 5130 ut,
1918 5077 2040 5133 quamvis
2054 5077 2081 5121 in

1332 5139 1465 5195 augustiis
1480 5139 1581 5196 positus
1596 5144 1622 5185 et
1636 5153 1728 5187 rerum
1744 5143 1931 5199 temporalium
1947 5143 2082 5188 difficulta-

1334 5205 1405 5250 tibus
1426 5205 1632 5262 circumventus,
1653 5219 1820 5265 nequaquam
1842 5209 1931 5254 animo
1952 5211 2081 5266 concidas,

1334 5271 1379 5317 sod
1393 5283 1459 5317 onus
1473 5273 1660 5328 patriarchalis
1677 5275 1817 5331 dignitatis
1832 5276 1885 5320 tuis
1901 5276 2020 5322 humeris
2035 5277 2082 5321 im·

1333 5339 1448 5396 positum
1470 5340 1597 5386 alacriter
1619 5341 1757 5397 suscipias,
1772 5353 1916 5398 curamque
1935 5353 2039 5388 omnem
2054 5347 2080 5389 et

1333 5405 1499 5462 vigilantiam
1514 5407 1648 5462 adhibeas,
1659 5411 1690 5452 ut
1700 5417 1790 5452 recens
1801 5409 1870 5454 inita
1878 5409 2016 5455 concordia
2026 5422 2081 5467 per·

1332 5472 1398 5518 tecte
1410 5473 1499 5529 rigeat
1508 5477 1534 5518 et
1544 5474 1684 5529 coalescat,
1693 5485 1753 5520 cum
1764 5487 1849 5532 neque
1860 5476 1946 5522 maius
1957 5477 2080 5533 religioni

1332 5539 1536 5596 incrementum,
1552 5553 1635 5598 neque
1650 5541 1787 5598 pulchrior
1802 5547 1848 5587 tuo
1861 5544 1986 5600 regimini
1997 5545 2080 5602 splen·

1331 5607 1379 5652 dor
1393 5618 1423 5652 ac
1437 5607 1524 5663 decus,
1537 5619 1616 5664 quam
1628 5609 1687 5653 inde
1697 5619 1804 5665 sperare
1814 5609 1900 5656 liceat.
1912 5614 1980 5656 Haec
1990 5612 2080 5656 sedulo
2125 5655 2127 5659 .

1330 5677 1469 5731 praestans
1484 5678 1511 5719 et
1524 5676 1599 5732 gregi
1613 5675 1784 5721 custodiendo
1798 5677 1911 5724 solerter
1926 5679 2080 5725 incumbens
2140 5722 2144 5741 ,

1330 5753 1377 5798 pro
1392 5742 1432 5798 ed,
1446 5753 1525 5799 quam
1548 5743 1676 5788 haetenus
1697 5743 1848 5800 ostendisti,
1863 5747 1965 5792 sincera
1988 5747 2038 5792 tide
2053 5751 2079 5792 et

1331 5808 1429 5865 insigni
1444 5821 1508 5864 erga
1523 5811 1668 5855 Romanam
1684 5810 1776 5855 sedem
1792 5813 1968 5867 observantia,
1980 5815 2079 5859 uberri-

1331 5885 1401 5920 mam
1417 5887 1432 5920 a
1447 5879 1498 5920 Deo
1517 5876 1673 5932 mercedem,
1688 5879 1715 5921 et
1729 5877 1827 5924 eximia
1847 5890 1965 5936 quaeque
1980 5881 2079 5924 amoris

1329 5945 1356 5988 et
1371 5943 1569 5988 benevolentiae
1585 5947 1744 6000 argumenta
1761 5945 1792 5990 de
1807 5947 1897 5992 nostra
1916 5947 2015 6003 poteris
2030 5947 2079 5992 tibi
