4750 6980
316 2384 399 2428 Tenol'
412 2389 509 2427 colidei·

299 2436 384 2482 sionis.

305 4921 506 4976 lterogatiocon·

293 4975 440 5021 tractorum.

1050 548 1112 598 lUR·
1137 551 1227 598 PONT·
1252 547 1292 596 bc
1312 552 1341 595 Ρ.
1366 549 1395 597 ff·
1419 551 1501 597 PARS
1523 549 1544 596 1.

783 717 870 791 eltis
892 723 950 791 ΡΡ.
974 721 1019 790 lli.

670 860 1133 932 mmmmmwm

301 1071 399 1170 εἰ11311810
414 1081 512 1118 conces·
571 1055 589 1130 ἓ
613 1054 639 1116 l.
663 1055 754 1131 Cum,
770 1056 848 1118 sicui
864 1054 991 1118 dilectae
1014 1054 1044 1115 in
1060 1052 1182 1118 Christo
1194 1053 1274 1114 filiae

530 1148 688 1223 abbatissa,
704 1164 759 1210 seu
781 1149 935 1226 priorissa,
953 1155 982 1210 et
999 1146 1146 1209 moniales
1168 1161 1273 1229 mona·

530 1242 615 1304 ster-ii
638 1242 747 1304 Beatao
768 1241 877 1304 llariae
891 1241 1030 1318 Virginis
1052 1240 1272 1304 Remediorum

531 1345 725 1415 nuncupatae
752 1335 873 1400 Ordinis
895 1335 997 1400 Sancti
1026 1334 1193 1412 Augustini
1222 1349 1273 1411 op·

529 1429 592 1510 pidi
606 1430 644 1494 dc
657 1429 756 1492 Potosi
779 1427 991 1492 Cbarcusensis
1012 1428 1158 1491 dioecesis
1180 1429 1211 1490 in
1228 1427 1272 1489 ln-

529 1525 586 1588 ‹liis
608 1525 718 1602 exponi
735 1522 822 1584 nobis
837 1537 937 1600 nuper
951 1521 1105 1596 lecerunt,
1122 1523 1203 1600 ipsae
1217 1539 1272 1602 pro

528 1633 577 1694 eo,
593 1633 685 1697 quem
701 1632 770 1694 erga
787 1615 1022 1680 sanctissimum
1039 1615 1272 1679 Sacramentum

530 1717 657 1787 gerunt,
673 1709 846 1772 devotionis
861 1708 983 1784 ellectu,
999 1709 1096 1771 semel
1117 1708 1149 1769 in
1166 1724 1272 1772 mense

529 1805 664 1868 officium
695 1803 833 1866 eiusdem
861 1801 1053 1866 sanctissimi
1081 1801 1272 1865 sacramenti

528 1897 657 1960 recitare
677 1912 766 1975 posse
786 1910 985 1974 summopere
1012 1897 1155 1976 cupiant;
1178 1894 1271 1958 Nobis

528 1999 688 2070 propterea
710 1989 869 2054 humiliter
882 1989 1046 2069 supplicari
1067 1988 1220 2064 lecerunt,
1237 1995 1272 2052 ut

528 2085 586 2148 sibi
607 2085 640 2146 in
662 2083 835 2162 praemissis
856 2091 1031 2161 opportune
1054 2078 1220 2161 providere¹
1240 2090 1270 2145 et

528 2186 563 2241 ut
577 2177 656 2240 inira
672 2176 835 2254 indulgere
849 2177 887 2240 de
901 2177 1093 2254 benignitate
1107 2176 1270 2254 apostolica

527 2274 739 2350 dignaremur.

568 2367 586 2441 ἓ
607 2365 637 2428 2.
661 2363 723 2427 Nos
744 2365 839 2442 igitur
861 2365 938 2442 ipsas
953 2369 1144 2442 exponentes
1159 2361 1271 2442 specia-

528 2459 608 2522 libus
624 2458 729 2535 gratiis
744 2465 776 2520 et
790 2457 945 2519 favoribus
960 2456 1104 2535 prosequi
1118 2455 1268 2530 volentes

527 2561 685 2616 alearum
711 2551 884 2628 singulares
912 2565 1054 2628 personas
1075 2566 1090 2610 a
1113 2548 1270 2628 quibusvis

528 2644 866 2719 excommunicationis,
889 2651 920 2706 et
948 2643 1115 2717 interdicti,
1141 2642 1270 2722 aliisque

526 2739 736 2803 ecclesiasticis
757 2737 907 2812 censuris,
929 2737 1094 2799 sententiis
1111 2743 1141 2798 et
1163 2739 1270 2814 poenis

527 2835 636 2914 quovis
657 2834 749 2896 modo
770 2839 801 2894 et
822 2845 1018 2910 quacumque
1032 2831 1069 2893 de
1084 2847 1171 2892 causa
1188 2830 1267 2905 latis,

525 2929 551 2990 si
572 2943 645 3007 quas
666 2925 745 2988 iorte
760 2925 962 3000 incurrerint,
981 2924 1072 2987 buius
1088 2931 1209 2987 tantum
1225 2923 1269 2985 rei

526 3023 623 3101 gratia
644 3019 837 3083 absolventes
852 3027 882 3082 ct
895 3019 1047 3081 absolutas
1062 3017 1128 3082 lore
1142 3033 1269 3082 censen-

526 3125 583 3192 tes,
611 3114 787 3178 huiusmodi
818 3111 1090 3192 supplicationibus
1118 3113 1268 3188 inclinati,

526 3211 629 3274 audito
651 3210 744 3272 etiam
765 3207 875 3270 dilecto
891 3204 954 3267 lilio
969 3205 1091 3284 Aloysio
1113 3206 1268 3269 Gardelini

525 3311 778 3382 pro-promotore
793 3300 880 3363 lidei:
906 3307 940 3362 ut
963 3301 1164 3380 imposterum
1180 3299 1268 3364 dictis

525 3395 750 3476 exponentibus
777 3394 866 3456 liceat
895 3393 991 3455 semel
1018 3393 1050 3455 in
1078 3408 1196 3470 mense,
1219 3395 1269 3457 die

526 3509 589 3557 non
610 3493 757 3572 impedita
778 3491 815 3552 ab
836 3488 934 3551 officio
953 3504 1067 3551 novem
1084 3489 1265 3564 lectionum,

525 3588 654 3650 recitare
686 3585 822 3647 oliicium
854 3581 1045 3646 Sanctissimi
1076 3581 1266 3645 sacramenti

525 3681 588 3744 ritu
618 3677 820 3756 semiduplici,
853 3677 989 3755 exceptis
1020 3684 1122 3738 tamen
1152 3685 1269 3756 tempo

525 3774 609 3837 ribus
639 3774 806 3846 adventus,
838 3769 1105 3850 quadragesimae,
1135 3776 1268 3848 quatuor

525 3878 713 3949 temporum,
736 3865 925 3942 vigiliarum,
947 3863 1013 3926 sive
1040 3879 1110 3926 cum
1138 3864 1265 3939 ieiunio,

524 3965 589 4026 sive
609 3962 721 4040 absque
743 3959 872 4033 ieiunio,
889 3973 945 4020 nec
964 3973 1028 4019 nou
1044 3955 1119 4019 leria
1133 3959 1266 4020 secunda

454 4056 456 4064 ’
525 4057 733 4134 rogationum,
754 4061 846 4131 atque
866 4051 930 4113 aliis
951 4051 1035 4113 feriis
1050 4051 1082 4111 in
1097 4050 1208 4128 quibus
1222 4067 1267 4112 se-

524 4152 662 4214 cundum
685 4147 821 4210 rubricas
841 4145 880 4208 sit
897 4145 1111 4223 reponendum
1133 4145 1268 4207 cilicium

525 4243 707 4317 dominicae,
723 4249 775 4303 aut
790 4241 827 4304 do
842 4238 918 4301 leste
940 4237 1055 4316 duplici
1071 4237 1120 4300 vel
1134 4239 1268 4302 semidu-

525 4338 595 4417 plici
611 4335 767 4409 translato,
783 4333 945 4413 apostolica
966 4335 1146 4396 auctoritate
1161 4343 1268 4396 tenore

524 4430 735 4512 praesentium
766 4425 962 4489 concedimus
993 4433 1038 4494 et.
1054 4425 1266 4504 indulgemus,

525 4525 601 4590 iacta
622 4521 714 4586 ctiam
736 4525 887 4599 potestate
903 4518 1109 4582 sacerdotibus
1125 4519 1267 4582 omnibus

524 4621 557 4683 in
579 4631 685 4681 earum
707 4613 864 4676 ecclesiam
892 4611 927 4675 ad
948 4611 1182 4674 sacrificandum
1196 4627 1267 4674 con-

525 4710 723 4776 venientibus
748 4707 873 4769 missam
901 4705 1140 4783 respondentem
1165 4706 1267 4769 eidem

524 4806 623 4869 officio
644 4801 829 4865 celebrandi.

564 4904 583 4978 ἓ
603 4903 631 4963 3.
656 4895 725 4960 Non
747 4896 937 4958 obstantibus
951 4895 1224 4960 constitutionibus
1238 4906 1268 4960 et

525 4994 769 5060 ordinationibus
790 4993 972 5073 apostolicis,
995 5007 1052 5056 uec
1077 5008 1140 5055 non
1163 5007 1267 5056 mona-

524 5089 607 5152 sterii
631 5095 661 5148 et
683 5086 799 5150 ordinis
821 5085 1048 5167 praedictorum
1070 5087 1163 5149 etiam
1185 5089 1264 5151 iura-

524 5188 641 5256 mento,
657 5179 892 5242 eonnrmatione
906 5181 1078 5260 apostolica,
1094 5182 1145 5245 vel
1159 5184 1267 5262 quavis

525 5276 669 5339 firmitate
685 5273 742 5336 alia
757 5275 908 5336 roboratis
922 5277 1043 5338 statutis
1059 5283 1089 5338 et
1101 5283 1266 5340 consuetu·

524 5370 662 5447 dinibus3
681 5368 852 5449 privilegiis
871 5385 1004 5449 quoque,
1028 5369 1155 5432 indultis
1179 5378 1209 5432 et
1231 5370 1265 5432 li·

524 5467 598 5528 teris
627 5465 799 5546 apostolicis
827 5465 1037 5544 superioribus
1067 5474 1097 5526 et
1128 5467 1265 5543 personis

522 5561 580 5624 sub
601 5560 848 5640 quibuscumque
869 5557 1029 5620 tenoribus
1049 5565 1081 5618 et
1095 5555 1215 5632 lormis,
1231 5576 1265 5621 ac

521 5671 594 5718 cum
615 5651 773 5732 quibusvis
793 5651 887 5712 etiam
901 5649 1161 5728 derogatoriarum
1178 5653 1264 5714 dero·

521 5748 658 5826 gatoriis,
680 5745 807 5824 aliisque
837 5745 1068 5819 efficacioribus,
1098 5745 1263 5807 efficacissi-

521 5841 580 5903 mis
595 5858 628 5903 ac
642 5837 773 5903 insolitis
794 5838 949 5914 clausulis,
962 5837 1215 5916 irritantibusque
1234 5848 1264 5901 et

521 5935 588 5998 aliis
615 5935 744 5998 decretis
766 5933 797 5995 in
819 5948 933 6012 genere
963 5933 1014 5996 vel
1043 5933 1075 5994 in
1096 5933 1207 6014 specie,
1230 5950 1263 5996 ac

2104 528 2161 585 An.
2177 527 2213 583 G.
2239 527 2313 582 1794

1328 669 1394 732 aliis
1416 670 1447 732 in
1476 670 1665 733 contrarium
1694 667 1924 748 quomodolibet
1952 683 2074 730 conces

1328 765 1379 838 sis,
1402 763 1573 843 approbatis
1593 770 1626 826 et
1647 762 1814 824 innovatis.
1837 760 1953 838 Quibus
1974 761 2073 823 omni·

1329 858 1385 919 bus
1413 867 1444 920 et
1470 856 1603 936 siugulis
1629 857 1755 920 illorum
1783 853 1906 952 tenth
1932 871 2073 934 praesen-

1329 951 1410 1012 tibus
1431 967 1485 1029 pro
1507 951 1598 1030 plene
1611 959 1642 1012 et
1657 950 1847 1014 sufficienter
1861 950 2025 1028 expressis,
2040 965 2073 1010 ac

1327 1045 1365 1108 de
1387 1045 1482 1110 verbo
1496 1048 1531 1108 ad
1548 1045 1679 1108 verbum
1694 1043 1818 1107 insertis
1832 1044 1991 1119 babentes,
2012 1044 2074 1105 illis

1326 1138 1452 1200 aliasin
1474 1155 1529 1200 suo
1551 1138 1661 1200 robore
1684 1138 1904 1218 permansuris,
1931 1138 1966 1200 ad
1988 1153 2074 1216 prae-

1327 1233 1491 1295 missorum
1514 1231 1658 1294 ellectum
1675 1234 1731 1294 bae
1747 1232 1814 1294 vice
1828 1231 1987 1294 dumtaxat
2006 1247 2072 1310 spe·

1327 1326 1445 1388 cialiter
1466 1335 1498 1389 et
1518 1341 1661 1403 expresse
1682 1327 1877 1402 derogamus,
1900 1325 2072 1403 ceterisque

1328 1421 1488 1484 contrariis
1509 1420 1767 1499 quibuscumque.
2081 1438 2086 1448 ·

1367 1515 1477 1578 [latum
1501 1514 1625 1589 Romae,
1649 1515 1726 1594 apud
1749 1512 1780 1576 S.
1798 1513 1926 1575 Petrum
1947 1512 2003 1576 sub
2017 1529 2070 1574 an·

1328 1609 1403 1671 nulo
1425 1609 1584 1672 Piscatoris
1610 1608 1657 1672 die
1683 1624 1727 1670 xv.
1752 1607 1854 1669 inartii
1881 1623 2070 1683 ccccxciv,

1326 1701 1520 1780 pontificatus
1542 1702 1639 1764 nostri
1662 1717 1743 1764 anno
1764 1715 1818 1765 xx.

1574 1861 1831 1872 ---—--——--—-

1659 1987 1738 2050 CIX.

1326 2175 1543 2242 Missioouriis
1558 2175 1687 2239 Ordinis
1698 2175 1964 2238 Praedicatorum
1979 2191 1998 2238 u
2011 2173 2070 2236 Cu-

1366 2269 1504 2350 liforaic
1519 2267 1727 2332 redeuntibus
1740 2267 1913 2348 priuilegio
1928 2267 2069 2329 concedit

1365 2365 1465 2426 iuutc
1488 2369 1610 2441 tempus
1631 2380 1691 2442 quo
1706 2360 1958 2424 immissionibus
1979 2376 2070 2439 peru-

1365 2456 1473 2538 qecdis
1493 2457 1775 2534 perseuerauerint.

1577 2627 1664 2696 Plus
1686 2628 1746 2695 ΡΡ.
1772 2627 1817 2694 lli.

1465 2748 1501 2817 ed
1522 2751 1651 2818 loturam
1677 2751 1721 2818 rei
1748 2751 1928 2819 memoriam.

1364 2928 1433 3003 §l
1459 2930 1541 2992 lnter
1569 2930 1666 2992 multa
1694 2937 1785 3008 atque
1806 2929 1970 3007 praeclara,
1991 2944 2069 3007 quae
2115 2942 2295 2989 prooemium.

1324 3037 1413 3100 reges
1428 3021 1645 3102 Hispaniarum
1661 3023 1803 3086 catholici
1818 3040 1875 3103 pro
1889 3041 1942 3086 sua
1956 3023 2068 3102 pietate

1324 3116 1359 3177 ad
1381 3115 1560 3177 catholicam
1582 3114 1768 3194 religionem
1785 3116 2010 3195 propagandam
2025 3114 2069 3176 di·

1325 3207 1497 3286 vinumque
1519 3206 1639 3284 cultum
1656 3209 1834 3286 augendum
1850 3223 1947 3288 usque
1969 3223 2068 3285 gesse-

1324 3308 1411 3377 ruut,
1427 3299 1553 3365 emnem
1569 3302 1661 3365 etiam
1677 3319 1780 3366 curam
1802 3321 1835 3365 ac
1856 3303 1995 3366 studium
2010 3304 2068 3365 im-

1324 3393 1510 3472 penderunt,
1527 3403 1561 3456 ut
1577 3395 1609 3456 in
1625 3395 1820 3473 Calipbornia
1841 3396 1899 3458 sibi
1920 3396 2067 3472 subiecta,

1322 3489 1465 3569 dispulsis
1486 3489 1675 3553 idololatriae
1691 3483 2068 3572 tenebrisflvangelicum

1323 3584 1429 3647 lumen
1451 3582 1689 3662 pervigilantes
1716 3601 1750 3646 ac
1770 3583 1892 3647 sedulos
1913 3584 2068 3663 operarios

1323 3675 1462 3756 undique
1486 3677 1733 3741 diffunderetur:
1764 3677 1966 3755 quamobrem
1995 3677 2069 3740 baec

1323 3772 1454 3835 difficilis
1485 3777 1577 3849 atque
1609 3786 1733 3850 operosa
1759 3771 1916 3850 provincia
1948 3771 2067 3834 dilectis

1324 3865 1394 3926 filiis
1416 3863 1561 3926 iratribus
1582 3863 1703 3927 Ordinis
1724 3863 1970 3926 Praedicatorum
1994 3880 2065 3926 con-

1322 3958 1436 4021 eredita
1458 3957 1527 4020 luit.

1362 4053 1381 4128 ἓ
1402 4053 1431 4116 2.
1455 4051 1584 4126 Verum,
1607 4051 1678 4129 quia
1699 4052 1874 4114 carissimus
1893 4052 1926 4114 in
1946 4053 2066 4115 Christo
2100 4073 2184 4136 ‚narro
2200 4084 2303 4120 coneo-

1324 4147 1406 4208 dlius
1429 4154 1535 4209 noster
1556 4145 1682 4209 Carolus
1707 4144 1922 4226 Hispaniarum
1944 4162 1999 4208 rex
2020 4164 2066 4209 ca-
2086 4127 2175 4173 ⁸¹⁰¹¹¹⁸·

1324 4239 1455 4302 tbolicus
1476 4239 1574 4301 avitae
1595 4238 1716 4316 pietatis
1737 4248 1768 4302 et
1789 4238 1948 4316 religionis
1962 4256 2067 4304 aemu-

1323 4335 1371 4396 lus
1385 4343 1417 4395 et
1432 4333 1638 4408 imitator,¹ne
1651 4331 1761 4395 iratres
1782 4333 1898 4395 ordinis
1919 4335 2066 4411 praedicti

1322 4427 1481 4491 interdum
1502 4443 1555 4506 spe
1576 4428 1747 4502 graduum,
1770 4443 1846 4505 quos
1868 4428 1900 4490 in
1921 4443 1975 4490 sua
1996 4427 2066 4490 reli-

1323 4521 1414 4597 gione
1425 4520 1645 4595 obtinuissent,
1658 4528 1811 4598 quatenus
1826 4521 1858 4582 in
1868 4521 1933 4582 suis
1948 4535 2066 4599 respec-

1323 4615 1386 4676 tive
1407 4613 1611 4676 conventibus
1626 4613 1661 4674 ad
1676 4628 1727 4673 eos
1749 4613 1970 4691 promerendos
1984 4629 2065 4677 com-

1322 4710 1433 4773 morati
1444 4717 1557 4784 essent,
1569 4709 1605 4770 ab
1615 4708 1674 4770 hoc
1685 4707 1858 4770 ministerio
1872 4708 2066 4786 suscipiendo

1322 4806 1420 4868 averti
1448 4803 1576 4882 possint,
1605 4809 1750 4877 veretur;
1777 4801 1849 4864 binc
1876 4809 2065 4865 memoratus

1323 4900 1449 4963 Carolus
1469 4913 1524 4959 rex
1546 4895 1711 4960 catholicus
1740 4894 1858 4974 aliquos
1884 4887 1993 4972 gratim
2014 4897 2063 4972 iis,

1321 4995 1417 5074 quiin
1433 5008 1566 5055 munere
1577 4992 1752 5054 huiusmodi
1767 4989 1922 5068 praeclare
1936 5007 1968 5054 se
1979 5006 2066 5069 prae·
2162 5059 2165 5064 Δ

1322 5088 1468 5163 buerunt,
1486 5087 1570 5149 iuxta
1586 5086 1711 5148 illorum
1727 5085 1836 5148 merita
1851 5100 1906 5162 per
1920 5100 1976 5148 nos
1991 5100 2064 5148 con-

1320 5181 1386 5244 cedi
1400 5195 1599 5260 summopere
1614 5177 1779 5242 desiderat:
1797 5177 1891 5240 Nobis
1901 5185 2063 5258 propterea

1321 5275 1484 5338 humiliter
1503 5273 1666 5354 supplicari
1688 5273 1771 5349 lecit,
1787 5281 1822 5335 ut
1837 5273 1869 5335 iu
1889 5274 2063 5350 praemissis

1320 5376 1493 5449 opportune
1505 5368 1678 5447 providere,
1690 5376 1732 5442 et,
1748 5374 1780 5429 ut
1796 5365 1886 5440 inira,
1900 5365 2063 5444 indulgere

1320 5463 1357 5525 de
1380 5463 1569 5540 benignitate
1591 5462 1754 5540 apostolica
1769 5461 1979 5538 dignaremur.

1357 5559 1376 5633 ᾗ
1399 5558 1427 5618 3.
1448 5555 1508 5618 Nos
1530 5556 1637 5634 igitur,
1659 5554 1713 5633 qui
1734 5571 1772 5616 ex
1793 5555 1950 5633 pastoralis
1971 5556 2062 5618 offleii
2100 5573 2293 5638 reserentes-

1319 5651 1487 5714 ltumilitati
1500 5658 1623 5712 nostrae
1637 5663 1676 5710 ex
1690 5649 1751 5710 alto
1766 5649 1933 5713 concrediti
1948 5650 2061 5726 debito,
2081 5627 2168 5672 Μ’·

1319 5745 1355 5808 de
1378 5745 1425 5820 iis,
1448 5761 1526 5824 qnae
1554 5743 1589 5805 ad
1620 5742 1805 5820 religionem
1832 5752 1863 5806 et
1887 5744 2062 5808 animarum

1317 5837 1449 5901 salutem
1482 5839 1649 5918 pertinent,
1683 5839 1911 5916 quammaxime
1940 5836 2061 5900 solliciti

1319 5949 1385 5996 esse
1406 5941 1563 6008 tenemur,
1587 5931 1644 6012 piis
1670 5931 1763 6010 ipsius
1785 5931 1885 5994 Caroli
1913 5931 1995 6010 regis
2016 5947 2062 5996 33·
