4740 6962
899 593 971 637 PIUS
993 592 1041 636 1³1³.
1066 591 1108 636 v1.

230 707 404 784 haerentes,
437 709 540 773 divina
571 711 793 789 praeveniente
822 709 920 786 gratia
941 725 975 771 ac

229 801 494 877 praestantissimo
515 803 561 866 tui
581 797 696 878 studio,
717 804 753 866 ad
768 799 896 866 Sanctae
916 802 975 864 Ro-

230 907 337 954 manae
366 895 521 958 Ecclesiae
550 896 657 959 sinum
678 896 820 972 rediisse;
843 912 911 972 uos,
934 911 975 958 ne

229 985 441 1050 Patriamhalis
462 988 596 1051 Ecclesia
612 989 744 1067 praelata
760 989 876 1052 diutius
891 1003 974 1050 vaca-

230 1077 320 1140 tionis
342 1089 516 1160 exponatur
531 1081 745 1158 incommodis,
761 1098 864 1161 neque
878 1097 975 1144 mem·

229 1173 291 1247 bra,
314 1189 394 1251 quae
424 1174 657 1254 requisiverunt
685 1176 861 1251 sanitatem,
883 1182 974 1253 prout

228 1265 264 1328 de
284 1267 349 1346 ipsa
370 1268 562 1331 antiochena
584 1268 718 1331 Ecclesia
737 1268 860 1347 scripsit
880 1286 904 1330 s.
928 1285 970 1330 m.

229 1360 429 1424 innocentius
460 1361 536 1442 Papa
558 1363 580 1424 l.
610 1361 826 1441 praedecessor
856 1369 973 1438 noster,

228 1451 264 1513 ab
284 1453 405 1516 unitate
435 1454 571 1532 corporis
601 1455 773 1518 habeantur
793 1454 903 1529 aliena,
925 1471 976 1533 pa-

229 1547 323 1608 ternis
356 1548 459 1612 eidem
490 1549 643 1612 Ecclesiae
663 1566 697 1612 ac
717 1549 845 1612 solicitis
865 1549 975 1611 studiis

228 1803 356 1859 piscopus.
378 1807 436 1860 lpse
456 1815 518 1850 vero
538 1816 598 1852 cum
620 1807 689 1864 apud
708 1817 756 1852 nos
770 1809 970 1865 procuratorem

226 1869 373 1925 constituit,
392 1881 471 1927 quem
487 1873 519 1918 ob
534 1884 582 1919 sua
603 1873 700 1919 merita
721 1874 832 1929 plurimi
853 1874 972 1928 iacimus,

228 1948 282 1981 ren.
290 1936 403 1982 tratrem
413 1941 537 1984 Ioannem
547 1940 693 1998 baptistam
702 1941 833 1986 Miroudot
842 1941 877 1985 du
885 1945 973 1997 Bourg

226 2003 386 2060 Babyloniae
406 2005 576 2064 Episcopum,
597 2008 722 2064 quierat
743 2007 839 2064 steppo
860 2011 970 2054 Romam

226 2071 298 2116 brevi
318 2070 495 2128 protecturus,
510 2075 607 2131 quique
625 2074 678 2120 iam
694 2073 750 2120 suis
768 2074 859 2120 otilciis
874 2085 904 2120 ac
919 2077 972 2120 stu-

225 2137 275 2183 diis
289 2149 351 2184 eum
366 2139 503 2186 electionis
513 2152 663 2186 successum
674 2153 724 2186 non
737 2140 904 2187 mediocriter
914 2153 970 2198 pro·

226 2208 340 2251 vexerat.
355 2206 521 2253 incredibilis
536 2210 593 2252 tum
608 2209 727 2254 omnium
743 2208 861 2253 fidelium
874 2207 970 2254 animis

225 2271 356 2318 emicabat
376 2273 528 2329 consolatio,
543 2285 602 2319 cum
617 2272 734 2320 universi
755 2275 970 2320 patriarchatum

226 2341 300 2384 illum
315 2343 375 2396 post
390 2341 497 2387 tetiam
519 2342 623 2388 saecula
637 2341 670 2388 ad
684 2341 840 2387 catholicam
856 2353 971 2388 commu·

226 2409 330 2454 aionem
351 2408 512 2466 remigrasse
534 2409 629 2455 mutui
650 2409 721 2455 iuter
742 2421 769 2454 se
791 2409 971 2466 gratulatione
996 2399 999 2472 l

225 2477 398 2522 laetarentur,
413 2480 480 2522 vero
494 2477 565 2522 enim
580 2476 668 2522 simile
682 2478 722 2522 est
737 2479 831 2533 syram
842 2477 917 2522 illam
928 2488 971 2522 aa·

226 2544 324 2589 tionem
340 2555 356 2590 a
371 2543 489 2589 Romana
499 2542 616 2589 Ecclesia
626 2543 799 2590 secessionem
814 2543 905 2591 recisse
921 2545 971 2590 sub

225 2611 316 2657 Iacobo
330 2611 448 2657 Baradeo
456 2611 569 2656 Edessae
578 2610 705 2668 Episcopo
714 2611 768 2657 iam
778 2611 811 2656 ab
821 2621 890 2656 anno
900 2611 971 2657 chri·

224 2680 260 2724 sti
273 2677 486 2736 quingentesimo
500 2679 720 2736 quinquagesimo
734 2679 829 2736 primo,
841 2679 874 2725 ab
888 2689 970 2736 eoque

224 2745 401 2792 lacobitarum
416 2756 511 2792 nomeu
520 2745 660 2802 accepisse,
670 2747 843 2801 secutumque
853 2757 911 2792 esse
921 2747 971 2792 Mo·

224 2813 426 2869 nophysitarum
442 2821 548 2858 errores
567 2817 626 2868 post
639 2813 814 2868 Eutychetem
829 2815 856 2857 et
870 2812 970 2859 Diosco-

225 2891 284 2927 rum
298 2890 381 2926 unam
394 2879 423 2935 in
437 2883 496 2924 lesu
510 2879 615 2924 Christo
625 2883 750 2925 naturam
761 2879 969 2936 agnoscentium.

225 2953 261 2994 Ex
275 2959 305 2994 eo
320 2951 439 3004 tempore
457 2947 485 2992 iu
499 2947 714 2992 patriarchatum
728 2947 815 3002 illum,
829 2957 908 3004 quem
923 2952 971 2993 hu·

225 3015 377 3062 tiochenum
398 3014 595 3070 nuncupabant,
610 3016 668 3071 poet
687 3016 813 3058 severum
833 3015 972 3071 acephalo

226 3094 285 3129 rum
299 3083 393 3128 ducem
408 3081 528 3138 Episcopi
543 3080 644 3126 eisdem
659 3080 797 3126 erroribus
811 3081 902 3126 inlecti
916 3093 971 3127 suc

225 3151 359 3204 cedebant,
373 3149 467 3195 multis
488 3149 592 3194 interea
612 3148 711 3193 exortis
726 3147 754 3193 iu
769 3148 801 3194 ea
814 3148 920 3194 natione
935 3161 972 3195 se·

224 3216 297 3262 dium
311 3215 501 3273 episcopalium
515 3213 697 3269 divisionibus,
711 3214 792 3260 donec
806 3215 848 3260 his
864 3214 928 3272 ipsis
943 3213 971 3260 in

225 3292 306 3328 uuum
328 3283 428 3328 iterum
450 3281 662 3338 patriarchatum
683 3281 738 3327 iam
755 3282 788 3327 ab
809 3292 878 3328 auaro
893 3291 969 3326 unce.

224 3349 440 3406 coalescentibus,
454 3350 595 3396 deventum
617 3348 723 3394 taudem
745 3349 795 3394 brit
809 3349 842 3394 ad
857 3349 971 3395 Patriac-

225 3418 300 3464 cham
319 3417 463 3474 Georgium
478 3419 519 3462 111.
537 3416 586 3462 suh
604 3416 702 3474 ignatii
723 3417 829 3462 nomine
842 3416 876 3462 ab
890 3415 971 3472 omni-

227 3486 272 3531 bus
285 3485 409 3542 agnitum
424 3495 454 3530 ac
468 3487 612 3540 receptum.
628 3485 712 3540 atque
723 3483 785 3528 huic
795 3483 822 3528 in
832 3495 880 3529 suo
891 3483 973 3530 schis-

226 3556 295 3599 mate
310 3564 395 3609 nuper
409 3554 523 3606 mortuo,
539 3550 654 3596 succedit
668 3561 738 3595 nunc
752 3549 775 3596 is
789 3549 845 3606 ipse
860 3550 971 3596 Michael

225 3622 326 3674 (tiarve,
340 3621 469 3666 hactenus
482 3620 515 3666 ob
530 3618 620 3675 aleppi
635 3618 723 3663 sedem
742 3617 861 3674 Dionysii
874 3628 969 3663 nomen

225 3693 324 3742 tenens,
338 3699 371 3732 ex
385 3687 442 3743 ipsa
457 3686 533 3732 modo
548 3685 708 3731 antiochena
719 3685 779 3730 sede
789 3684 929 3739 vocandus,
940 3688 969 3729 ut

225 3766 279 3800 mos
293 3754 351 3800 illic
363 3754 444 3810 viget,
465 3753 592 3809 Ignatius.
614 3751 677 3797 Eius
691 3751 828 3797 electionis
843 3750 969 3798 nuncium

224 3822 338 3866 libenter
346 3821 448 3877 excepit
459 3820 523 3865 haec
533 3822 625 3864 nostra
634 3818 820 3874 Propagaudae
828 3818 901 3862 Eidei
909 3821 970 3863 con·

225 3889 353 3946 gregatio,
367 3887 445 3943 eique
459 3887 512 3932 iam
527 3887 561 3932 ad
580 3886 709 3931 Ecclesiae
724 3895 740 3930 a
755 3885 898 3932 schismate
912 3896 970 3931 con·

225 3955 365 4002 vertendas
387 3953 634 4010 confirmandaeque
657 3951 800 3998 catholicas
822 3955 911 4009 partes
932 3953 969 3998 in·

224 4022 360 4069 cumberti
375 4020 494 4067 subsidia
508 4031 559 4066 nou
575 4019 726 4074 mediocria,
742 4020 816 4065 uobis
831 4021 969 4066 annuenti·

224 4092 280 4146 bus,
294 4089 430 4136 submisit.
452 4091 548 4133 Verum
568 4085 610 4132 his
630 4087 708 4133 laetis
729 4087 815 4132 initiis
834 4098 969 4134 successus

222 4167 390 4216 nequaquam
400 4166 477 4212 pares
486 4159 549 4200 sunt
559 4155 700 4201 consecuti.
711 4155 887 4201 Iacobitarum
897 4156 968 4200 enim

222 4227 301 4272 tactio
324 4223 411 4270 venali
433 4227 578 4268 ‘turcarum
602 4222 690 4268 lavore
713 4221 837 4277 subnixa,
860 4224 969 4280 expulso

223 4293 326 4342 diacre,
340 4292 505 4338 matthaeum
520 4290 661 4346 quemdam
677 4290 832 4347 Episcopum
847 4302 926 4336 suum
941 4293 968 4336 in

222 4359 436 4418 patriarchatum
457 4357 575 4403 intrusit.
598 4356 663 4402 ilinc
683 4356 874 4403 catholicorum
893 4358 968 4416 tuga,

223 4429 291 4483 hinc,
299 4438 332 4472 ne
340 4427 368 4471 in
379 4426 567 4483 persequentes
577 4424 731 4478 inciderent,
739 4425 838 4481 passim
849 4427 969 4483 quaesita

221 4493 344 4540 latibula.
360 4495 416 4537 Non
429 4491 475 4537 diu
496 4493 585 4536 tamen
600 4490 650 4536 hac
664 4491 827 4536 schismatici
841 4495 903 4537 sunt
918 4493 968 4538 lae·

222 4560 271 4606 tati
284 4559 404 4606 victorici.
420 4557 571 4604 Matthaeus
584 4557 708 4602 ecclesias
722 4556 858 4614 diripiens,
873 4563 903 4604 ut
912 4570 969 4616 pro·

222 4627 311 4673 missis
325 4625 500 4679 satisfaceret,
510 4635 561 4669 non
577 4624 663 4668 solum
678 4635 788 4670 suorum
803 4635 818 4670 a
833 4635 861 4670 ss
875 4625 969 4672 abalie-

221 4693 293 4741 navit
307 4693 422 4745 animos,
435 4691 481 4737 sed
495 4695 641 4737 Turcarum
657 4690 739 4736 etiam
749 4692 810 4738 odia
820 4703 968 4750 poenasque

221 4773 272 4808 nou
286 4761 388 4818 effugit.
404 4759 487 4804 Multa
498 4757 540 4804 hic
549 4758 675 4804 accidisse
685 4761 840 4812 narrantur,
851 4771 907 4806 ven.
919 4761 970 4807 lra-

221 4832 284 4884 tres,
299 4827 442 4884 exquibus
460 4837 520 4872 cum
542 4825 627 4883 ipsius
648 4826 751 4881 (tiarae,
770 4829 827 4871 tum
843 4827 970 4884 plurimo·

221 4907 281 4940 rum
296 4895 355 4940 sius
369 4893 485 4940 nationis
494 4892 686 4938 catholicorum
697 4893 781 4940 animi
791 4895 968 4942 constantiana

221 4973 250 5008 ac
263 4963 291 5007 iu
305 4960 462 5018 perferendo
475 4959 603 5006 virtutem
614 4971 750 5017 possemus
762 4971 913 5018 agnoscere,
923 4975 970 5008 nec
995 4920 998 4999 l

221 5040 272 5076 non
286 5031 314 5074 et
328 5028 420 5084 ahqna
441 5013 546 5073 divinae
566 5027 594 5072 iu
615 5038 659 5073 eos
681 5029 837 5074 clementiae
860 5029 968 5086 eiusque

221 5095 349 5152 praesidii
369 5095 509 5152 perspicua
529 5098 701 5150 argumetum
725 5098 755 5140 ut
769 5095 877 5140 omuino
891 5097 968 5141 contl-

221 5164 281 5208 dere
295 5164 442 5218 valeamus,
457 5163 530 5207 brevi
545 5161 726 5219 reprimendos
740 5173 797 5207 esse
806 5163 969 5208 adversario·

221 5241 280 5276 rum
294 5231 383 5276 adhuc
396 5230 543 5275 furentium
562 5233 681 5284 conatus,
696 5229 793 5286 Deique
812 5240 919 5276 causam
934 5231 968 5276 ad

221 5301 342 5354 optatum
356 5297 459 5342 exitum
473 5296 674 5354 perducendam.
691 5299 719 5342 111
734 5297 783 5341 hoc
793 5308 883 5342 rerum
895 5299 967 5343 statu

221 5375 279 5409 cum
293 5368 407 5410 Romam
422 5365 476 5410 iam
488 5363 625 5410 advenerit
635 5367 798 5409 memoratus
809 5364 968 5420 Babyloniae

222 5430 371 5488 Episcopus,
386 5441 417 5476 ac
430 5431 464 5476 ab
481 5429 537 5487 ipso
551 5431 645 5476 thiarae
665 5430 793 5486 legitime,
808 5443 840 5476 ne
856 5434 966 5476 Romam

221 5499 366 5552 accederet,
379 5497 516 5554 impedito,
529 5497 641 5543 allatam
656 5497 730 5543 nohis
745 5497 896 5544 exhibuerit
906 5499 967 5543 ridet

222 5565 450 5621 professionema
470 5564 564 5609 multis
583 5564 665 5610 etiam
687 5564 742 5610 illis
763 5565 894 5622 Episcopis
910 5566 968 5610 sub-

222 5632 356 5688 scriptam,
370 5643 472 5687 suoque
491 5631 650 5688 gravissimo
671 5632 825 5678 testimonio
839 5631 966 5689 optimam

222 5697 304 5754 ipsius
319 5696 422 5752 Giarve,
439 5697 678 5756 Episcoporumque
696 5709 727 5744 ac
741 5700 968 5756 presbyterorum

222 5775 266 5810 nec
279 5777 332 5810 uon
347 5767 374 5810 et
390 5768 517 5821 syrorum
532 5765 722 5811 catholicorum
744 5766 863 5812 omnium
879 5766 968 5812 volun-

223 5833 303 5877 tatem
324 5832 514 5888 comprobarit,
535 5833 639 5889 riteque
660 5833 768 5889 petierit
786 5833 819 5879 ab
839 5835 887 5879 hac
902 5834 966 5880 Sede
993 5830 996 5871 Ι

223 5899 337 5946 eiusdem
353 5901 448 5946 thiarae
462 5901 489 5946 iu
503 5901 687 5958 patriarchatu
696 5903 925 5948 confirmationem
937 5913 967 5948 ac
993 5888 996 5942 i

223 5967 295 6016 Pallii
312 5969 522 6023 concessionem
537 5981 584 6015 nos
599 5970 639 6016 his
660 5971 782 6016 omnihus
797 5981 843 6028 per
858 5973 968 6028 Congre-
993 5943 996 6012 l

1029 708 1192 771 consulere
1222 707 1379 784 volentes,
1411 712 1477 787 post
1506 706 1776 780 deliberationem,

1029 817 1122 880 quam
1143 803 1182 864 de
1212 801 1416 880 praeficiendo
1447 800 1549 864 eidem
1580 798 1775 878 patriarchali

1030 894 1181 958 Ecclesiae
1201 894 1414 959 antiochenae
1435 908 1599 974 personam
1620 892 1730 955 utilem
1746 899 1776 955 et

1029 987 1219 1052 fructuosam
1250 1003 1322 1051 cum
1353 1003 1448 1050 veuu.
1482 986 1630 1049 iratribus
1662 985 1775 1048 uostris

1031 1079 1061 1146 S.
1085 1082 1122 1144 h.
1146 1082 1181 1144 E.
1210 1081 1420 1145 Cardinalibus
1449 1080 1614 1143 habuimus
1644 1079 1776 1156 diligen·

1031 1183 1106 1250 tem,
1128 1177 1165 1240 ad
1187 1183 1217 1238 te
1243 1175 1429 1254 Episcopum
1459 1173 1665 1253 hieppensem
1694 1172 1775 1234 eius·
1810 1167 1814 1176 '

1030 1269 1102 1334 dem
1123 1270 1213 1341 ritus,
1236 1284 1331 1348 quem
1352 1284 1447 1331 venu.
1469 1268 1583 1346 pariter
1598 1267 1705 1328 iratres
1721 1281 1776 1328 no-

1029 1362 1086 1424 stri
1107 1363 1248 1441 Episcopi
1269 1379 1303 1424 ac
1323 1360 1426 1424 dilecti
1449 1361 1504 1423 salii
1520 1361 1620 1423 clerus
1636 1367 1667 1422 et
1681 1376 1777 1438 popu·

1031 1454 1078 1517 lus
1109 1455 1182 1517 dicti
1211 1454 1302 1531 ritus,
1330 1453 1414 1517 iuxta
1443 1469 1553 1516 eorum
1581 1453 1775 1528 moremati

1031 1547 1196 1627 praelatam
1216 1547 1450 1626 patriarchalem
1480 1547 1646 1610 Ecclesiam
1668 1547 1774 1610 hutic-

1025 1805 1159 1862 gationcm
1173 1804 1205 1848 de
1219 1803 1389 1860 Propagandi
1403 1801 1465 1847 Fide
1475 1801 1595 1858 expensis
1604 1812 1635 1848 ac
1646 1800 1772 1858 probatis,

1025 1871 1116 1917 andita
1131 1871 1248 1916 eiusdem
1270 1871 1411 1925 sententia,
1426 1869 1654 1916 confirmationem
1669 1868 1775 1914 electio·

1026 1939 1066 1984 nis
1081 1939 1108 1983 in
1130 1941 1259 1994 Syrorum
1280 1937 1462 1984 retr-teroham
1484 1937 1599 1982 libenter
1620 1934 1773 1993 impertien-

1024 2005 1085 2051 dam
1106 2005 1298 2060 existimamus,
1319 2015 1349 2049 ac
1370 2005 1448 2050 Pallii
1471 2006 1608 2059 honorem,
1628 2014 1707 2060 quem
1727 2014 1774 2057 per

1024 2085 1102 2119 suum
1112 2075 1312 2130 procuratorem
1324 2072 1436 2128 flagitat,
1448 2071 1560 2127 benigne
1569 2071 1773 2126 concedendurn,

1025 2142 1054 2185 ut
1068 2142 1138 2186 hunc
1152 2141 1179 2186 in
1194 2140 1301 2186 modum
1316 2140 1357 2185 illi
1371 2137 1515 2185 catholicae
1530 2138 1632 2184 nationi
1643 2148 1725 2182 unum
1739 2137 1774 2182 le-

1023 2206 1147 2263 gitimum
1167 2207 1349 2253 constituatur
1369 2209 1457 2262 caput,
1477 2205 1547 2262 quod
1567 2205 1615 2251 sut
1635 2204 1709 2258 cura,
1724 2203 1772 2248 suci

1024 2274 1366 2331 vigilantia,se10,virtute
1387 2284 1509 2331 praeesse
1529 2273 1605 2330 gregi
1622 2271 1714 2328 possit,
1730 2283 1773 2316 nc-

1024 2354 1068 2388 vos
1082 2341 1245 2387 constituere
1263 2341 1402 2398 Episcopos
1421 2341 1453 2385 ad
1468 2339 1577 2386 iliarum
1593 2338 1771 2384 Ecclesiarum

1023 2408 1250 2454 conservationem
1266 2419 1297 2453 ac
1311 2407 1554 2464 amplificationem.

1251 2518 1316 2568 Quid
1335 2517 1408 2563 robis
1423 2515 1547 2562 videtur!

1065 2611 1229 2657 auctoritate
1250 2610 1439 2666 omnipotentis
1460 2610 1514 2665 Dei,
1530 2612 1572 2654 ss.
1589 2606 1772 2666 Apostolorum

1026 2677 1097 2722 Petri
1112 2683 1139 2722 et
1152 2676 1226 2722 Pauli
1240 2688 1271 2723 ac
1285 2677 1377 2723 nostra
1396 2676 1586 2722 confirmamus
1601 2681 1627 2722 et
1648 2675 1776 2732 approha-

1026 2755 1085 2791 mus
1106 2745 1260 2791 slectionem
1275 2745 1303 2790 in
1318 2747 1447 2801 Syrorum
1468 2744 1652 2790 Patriarcham
1672 2743 1724 2786 rite
1739 2741 1776 2786 ia·
1854 2749 1857 2754 ·

1025 2815 1095 2856 ctam
1109 2811 1140 2856 de
1155 2811 1267 2868 persona
1288 2810 1417 2866 praedicti
1437 2810 1573 2857 Michaelis
1594 2809 1697 2862 Glarve,
1712 2819 1772 2853 cum

1025 2879 1158 2924 consuetis
1172 2878 1356 2924 sanctionibus
1370 2889 1386 2924 a
1399 2888 1565 2935 quocumque
1578 2876 1680 2923 delectu
1692 2876 1773 2922 etiam

1025 2945 1205 3000 substantiali,
1219 2947 1350 3000 quatenus
1364 2956 1429 3001 opus
1444 2944 1534 2999 licerit,
1544 2954 1575 2990 ac
1588 2944 1622 2989 ab
1634 2944 1774 3002 Aleppsnsi

1026 3012 1211 3058 transierimus
1234 3012 1267 3058 ad
1288 3011 1495 3068 patriarchalem
1519 3010 1665 3068 praefatam
1690 3011 1774 3056 Eccle-

1025 3081 1101 3133 siam,
1116 3079 1299 3136 praeilcientss
1318 3089 1379 3124 eum
1394 3079 1422 3123 in
1436 3077 1620 3123 Patriarcham
1640 3081 1667 3123 et
1685 3081 1776 3124 Pasto-

1024 3157 1081 3192 rem
1096 3146 1214 3192 eiusdem
1229 3146 1353 3200 nationis,
1368 3148 1447 3202 prout
1457 3145 1485 3190 in
1495 3145 1600 3190 decreto
1611 3147 1637 3190 et
1648 3146 1773 3192 schedula

1025 3212 1252 3260 consistoriaiibus
1266 3213 1438 3270 exprimetur.

1065 3284 1093 3327 iu
1104 3281 1209 3328 nomine
1219 3281 1305 3327 Patris
1318 3281 1500 3336 matritum,
1512 3283 1538 3326 et
1553 3281 1668 3337 Spiritus
1677 3285 1700 3332 »1⁴
1711 3285 1773 3327 San·

1025 3349 1069 3394 cti.
1085 3353 1173 3394 Amen.

1065 3488 1093 3530 In
1108 3485 1221 3542 append.
1243 3483 1308 3529 Bali.
1329 3484 1360 3528 de
1374 3487 1398 3528 Ρ.
1416 3487 1442 3528 E.
1459 3483 1594 3530 invenitur
1616 3495 1668 3540 seq.
1685 3495 1722 3540 ep.
1739 3483 1773 3530 ad

1025 3552 1136 3598 cundem
1144 3551 1333 3606 Patriarcham,
1342 3561 1422 3606 quam
1432 3550 1511 3597 etiem
1520 3562 1568 3608 pro
1578 3551 1691 3596 historia
1702 3554 1772 3596 tran·

1024 3619 1171 3665 scribimus.

1024 3757 1151 3806 Dionysio
1166 3756 1286 3799 Michaett
1301 3757 1396 3798 otaroe
1417 3756 1592 3798 Patrtarchcte
1612 3757 1771 3799 Antiocheno

1063 3824 1196 3873 Syrorum
1217 3825 1294 3866 electo
1316 3824 1434 3866 Pallltcm
1455 3825 1580 3870 concedit,
1601 3833 1632 3866 ac
1653 3826 1770 3872 somnam

1063 3893 1211 3933 iuramenti
1225 3891 1257 3933 ab
1271 3893 1329 3942 lpse
1343 3893 1373 3932 tn
1389 3891 1468 3932 Pallii
1477 3891 1623 3934 tractatore
1629 3893 1772 3942 praestan·

1064 3959 1092 4000 at
1105 3959 1224 4009 exponat.

1270 4093 1339 4136 PIUS
1356 4092 1522 4136 EPISCOPUS

1233 4237 1329 4270 servata
1342 4237 1486 4272 servorum
1499 4230 1556 4276 Del,

1029 4364 1172 4406 Venerabili
1186 4365 1269 4411 matri
1287 4366 1381 4406 nostro
1396 4363 1524 4412 Dtcnpstc
1539 4363 1659 4406 Michaelt
1675 4365 1771 4406 Gloriae

1064 4433 1191 4482 Episcopo
1211 4439 1302 4482 nuper
1324 4432 1446 4482 stepenst
1467 4433 1496 4472 tra
1516 4431 1706 4473 Potrtarcltam
1721 4432 1771 4472 Art-

1063 4499 1214 4540 tlochenrcm
1229 4498 1364 4548 Surorum
1379 4499 1463 4543 electo,
1481 4498 1596 4539 salutem
1609 4500 1634 4538 et
1647 4499 1772 4549 apostoli-

1063 4575 1122 4608 cam
1137 4567 1348 4608 benedictionem.

1063 4705 1075 4748 s
1091 4701 1109 4742 1.
1126 4701 1190 4743 cum
1205 4709 1252 4743 nos
1267 4697 1344 4744 hodie
1354 4696 1486 4743 Ecclesiae
1498 4696 1673 4754 patriarchali
1683 4697 1771 4742 Antio·

1022 4766 1120 4812 cheuae
1135 4769 1271 4821 syrorum,
1287 4767 1359 4810 certo
1374 4769 1437 4809 tunc
1451 4774 1574 4821 expresso
1593 4763 1669 4809 modo
1683 4767 1770 4810 Pasto-

1023 4832 1061 4877 ris
1076 4832 1171 4877 solatio
1184 4831 1329 4877 destitutae
1342 4831 1374 4876 de
1389 4833 1501 4887 persona
1520 4829 1567 4876 tuti
1582 4829 1656 4876 nobis
1670 4834 1697 4876 et
1711 4841 1769 4875 ven.

1022 4899 1150 4944 tratribus
1168 4897 1267 4944 nostris
1282 4901 1305 4942 S.
1320 4901 1350 4942 R.
1368 4900 1393 4942 E.
1410 4898 1595 4944 cardinalibus
1614 4897 1646 4942 ob
1662 4901 1769 4944 tuorum

1022 4965 1183 5022 exigentiam
1199 4965 1356 5010 meritorum
1372 4965 1486 5022 aceepct,
1501 4967 1532 5010 de
1542 4965 1656 5010 fratrum
1668 4975 1770 5011 eorum·

1022 5031 1081 5077 dem
1095 5031 1205 5076 consilio
1218 5032 1373 5077 duxerimus
1386 5031 1531 5089 apostolica
1543 5031 1703 5078 auctoritate
1712 5043 1771 5088 pro-

1023 5097 1173 5153 videndum,
1187 5098 1363 5155 praeficiendo
1374 5102 1399 5144 te
1410 5099 1450 5144 illi
1461 5099 1488 5142 in
1499 5089 1681 5145 patriarcham
1693 5102 1719 5144 et
1728 5111 1770 5156 pa·

1023 5167 1130 5220 storem,
1140 5176 1240 5221 curam,
1252 5165 1369 5222 regimen
1380 5169 1406 5212 et
1415 5166 1676 5212 administrationem
1686 5165 1771 5223 ipsius

1022 5232 1153 5277 Ecclesiae
1174 5233 1363 5279 patriarchalis
1378 5233 1555 5279 antiochenae
1576 5235 1704 5290 Syrorum
1721 5233 1771 5278 tibi

1022 5299 1049 5343 iu
1064 5298 1248 5355 spiritualibus
1263 5305 1289 5346 ct
1303 5299 1494 5357 temporalibus
1513 5300 1631 5358 plenarie
1651 5300 1770 5345 commit·

1023 5367 1109 5418 tende,
1123 5369 1202 5421 prout
1217 5366 1243 5410 in
1255 5366 1353 5411 nostris
1364 5366 1423 5411 iude
1434 5367 1558 5412 consectis
1568 5367 1654 5411 literis
1664 5365 1770 5424 plenius

1021 5432 1182 5487 continetur,
1196 5443 1226 5478 ac
1241 5433 1407 5487 postmodum
1425 5433 1547 5489 ratitum,
1562 5433 1665 5490 insigne
1680 5433 1771 5480 videli-

1022 5501 1064 5544 cet
1084 5499 1223 5556 potestatis
1247 5499 1420 5556 plenitudinis
1442 5500 1603 5546 Pontificalis
1624 5500 1717 5555 offleii,
1739 5513 1770 5545 ex

1023 5569 1097 5623 parte
1113 5566 1159 5610 tua
1180 5565 1259 5611 hierii
1274 5577 1290 5611 a
1305 5567 1379 5612 nobis
1393 5579 1440 5623 per
1454 5567 1578 5612 dilectum
1599 5568 1769 5613 Eranciscum

1022 5633 1131 5689 Riganti
1153 5634 1234 5678 auiae
1257 5637 1364 5680 nostrae
1392 5633 1584 5680 consistorialis
1608 5636 1768 5682 Advocatum

1022 5711 1082 5746 cum
1097 5701 1135 5756 sai,
1150 5711 1201 5757 qua
1216 5700 1314 5756 docuit,
1329 5701 1458 5747 instantia
1473 5703 1646 5759 postulatum,
1657 5713 1704 5754 uos
1715 5704 1769 5749 tuis

1022 5767 1257 5824 supplicationibus
1271 5771 1419 5815 annuentes
1433 5769 1547 5814 Pallium
1568 5771 1654 5827 ipsum
1670 5771 1701 5814 de
1715 5782 1770 5816 cor-

1022 5845 1084 5890 pore
1099 5837 1123 5878 E.
1140 5834 1212 5879 Petri
1232 5836 1347 5891 apostoli
1370 5839 1515 5894 sumptum,
1534 5849 1581 5894 per
1599 5849 1655 5882 ven.
1672 5838 1769 5883 iratres

1022 5904 1126 5946 nostros
1141 5901 1279 5958 Episcopos
1295 5903 1321 5947 in
1336 5903 1390 5948 illis
1405 5904 1525 5961 partibus
1537 5904 1661 5960 degentes
1673 5904 1720 5950 tihi
1731 5916 1770 5950 as·

1021 5967 1188 6027 signandum,
1203 5981 1250 6027 per
1263 5970 1390 6016 dilectum
1401 5971 1482 6018 etiam
1494 5971 1579 6016 fllium
1590 5984 1646 6018 ven.
1659 5973 1769 6018 tratrem

1699 569 1755 631 271
1809 569 1862 622 Au.
1876 569 1907 622 (l.
1929 571 1998 624 1783
