4856 7010
74 559 270 617 ln.e.1aas
965 563 1022 616 tuo
1043 566 1093 618 rr.
1117 560 1174 618 nrt.
1687 617 1688 620 ,
1762 540 1821 616 lilla
1871 541 1977 604 Ano:
1993 537 2062 604 1828

298 698 485 761 carnationis
505 694 676 762 dominicae
697 692 863 760 millesimo
883 690 1041 768 octingen·
1098 691 1228 770 dumque
1249 689 1474 769 malignitatem
1499 689 1667 769 patefaciat,
1689 687 1769 752 nibil
1790 689 1841 756 de·
1939 735 1942 741 .

298 791 409 852 tesimo
426 791 579 868 vigesimo
594 797 712 865 octaro,
727 788 777 851 dle
791 803 905 849 xrrrrr.
921 785 1042 848 lebrua·
1098 782 1193 862 nique
1206 785 1395 848 intentatum
1411 785 1623 864 relinquatur
1637 785 1842 849 Olbomanam

298 883 348 960 rii,
370 884 566 961 pontificatus
588 883 685 946 nostri
708 898 790 944 anno
811 898 843 943 ιι.
912 919 914 924 -
1098 877 1199 941 aulam
1219 893 1235 940 a
1257 879 1426 957 tyrannicis
1446 877 1581 940 consiliis
1595 877 1734 953 abducat,
1748 885 1780 938 et
1796 890 1844 936 ca·

1099 971 1227 1034 tbolicos
1257 972 1360 1047 exilio,
1391 987 1523 1047 carcere,
1553 973 1708 1035 bonorum
1735 970 1843 1049 spolia-

1099 1065 1184 1128 tione
1214 1059 1415 1129 iniustissime
1443 1081 1477 1128 ac
1507 1063 1668 1128 teterrime
1698 1063 1844 1126 multatos

617 1168 728 1234 xxiii.
1099 1158 1256 1236 quiescere
1276 1160 1366 1222 sinat.

1140 1252 1172 1317 Si
1193 1253 1266 1316 baec
1294 1252 1391 1316 ollicia
1420 1268 1580 1331 prospere,
1603 1260 1639 1315 ut
1661 1252 1693 1314 in
1715 1253 1844 1315 Domino

300 1350 1041 1435 imperatoremAustriceplnrimnmobsecrot,
1099 1345 1295 1421 confidimus,
1319 1347 1479 1422 cesserint,
1503 1347 1578 1408 tanti
1607 1346 1679 1408 boui
1701 1361 1846 1409 consecu-

339 1455 377 1510 ιιι
398 1450 687 1528 auctoritateque
709 1447 818 1526 pollet,
835 1445 976 1509 obtinere
991 1459 1043 1504 cn·
1101 1437 1217 1500 tionem
1247 1440 1315 1514 tibi,
1337 1440 1492 1502 carissime
1519 1440 1551 1502 in
1574 1441 1696 1503 Christo
1725 1439 1769 1502 iili
1789 1456 1847 1502 no-

340 1547 390 1603 ret
411 1541 449 1606 ob
467 1541 545 1613 naid
562 1541 742 1606 Otbomond
756 1540 962 1604 asserionem
976 1553 1043 1615 per·
1099 1540 1174 1609 ster,
1195 1543 1349 1614 acceptam
1370 1533 1551 1610 referamus,
1568 1535 1689 1615 easdem
1709 1533 1763 1596 tibi
1779 1547 1846 1610 gra·

338 1636 513 1698 secationis
535 1653 574 1700 ca
588 1634 976 1715 portesclismoticornnt
991 1646 1044 1692 en·
1101 1627 1155 1689 tias
1185 1627 1331 1702 babituri,
1360 1643 1434 1706 quas
1463 1626 1515 1690 iel.
1547 1643 1609 1690 rec.
1633 1627 1846 1706 praedecessor

340 1730 472 1803 citatae,
496 1730 529 1791 oi
555 1731 649 1792 cuins
675 1725 826 1791 catholici
854 1723 1044 1804 praesertim
1101 1730 1205 1785 noster
1236 1721 1306 1783 Pius
1327 1719 1389 1783 Vll.
1413 1736 1568 1783 caesareae
1596 1721 1744 1782 maiestati
1774 1726 1846 1782 tuae

339 1825 472 1886 Armeni
496 1820 789 1900 Constantinopolis
815 1821 851 1882 in
872 1818 1044 1882 discrimen
1101 1814 1259 1895 persolvit,
1275 1829 1346 1877 cum
1361 1817 1531 1878 venemens
1547 1814 1719 1894 persecutio
1734 1813 1767 1876 in
1782 1829 1847 1876 me-

339 1917 426 1980 oitoa
447 1915 495 1978 oel
522 1917 690 1996 relipionis
721 1912 916 1978 omittendae
943 1910 1044 1974 oddu—
1101 1911 1217 1971 morata
1236 1907 1313 1970 urbe
1327 1914 1433 1970 contra
1448 1907 1610 1970 catholicos
1625 1907 1780 1970 llelclritas
1794 1922 1848 1968 an-

340 2017 465 2073 cnntar
484 2007 540 2091 (l).
1101 2019 1142 2065 no
1173 2018 1374 2066 uocouxrnr.
1406 2001 1674 2064 schismaticorum
1703 2000 1848 2064 similiter

690 2124 692 2126 ·
1101 2111 1282 2174 graecorum
1313 2095 1467 2158 consuetis
1498 2095 1574 2158 dolis
1604 2103 1758 2158 commota
1786 2096 1847 2157 tuis

301 2194 465 2265 carissimo
488 2197 516 2264 in
539 2194 660 2264 (inrisio
676 2194 741 2263 lilio
757 2198 862 2262 nostro
878 2191 1044 2260 irentiaco
1101 2189 1354 2268 praecipuccuris
1368 2187 1515 2250 deseviit
1529 2188 1846 2269 intermissaqueluit.

339 2291 479 2359 lustriae
496 2288 678 2375 inperatori,
695 2289 865 2372 ilungariae
882 2283 956 2371 Regi
969 2287 1045 2370 lpo—
1101 2284 1166 2360 lige
1187 2298 1273 2359 ergo,
1295 2281 1450 2346 carissime
1471 2282 1504 2344 in
1528 2283 1650 2345 cbristo
1670 2281 1715 2344 iili
1730 2289 1847 2356 noster,

339 2383 457 2463 stollco,
480 2388 513 2451 et
534 2381 697 2451 Bononiae
719 2378 792 2465 Regi
816 2380 931 2459 illustri,
1102 2379 1168 2464 tuis
1184 2393 1257 2454 erga
1272 2376 1457 2453 religionem
1472 2375 1591 2438 meritis
1606 2391 1724 2438 norum
1739 2391 1849 2438 cumu-

1100 2473 1166 2535 lum
1193 2470 1280 2545 adde,
1313 2484 1584 2546 moeroremque
1610 2485 1683 2532 sane
1712 2467 1848 2530 marimo

550 2571 627 2640 1.Εο
649 2571 710 2639 ΡΡ.
735 2568 794 2636 llll.
1101 2564 1265 2639 afficimur,
1283 2581 1299 2624 a
1320 2562 1408 2624 uobis
1429 2569 1461 2624 ct
1478 2562 1622 2624 universi
1637 2561 1771 2626 Ecclesil
1787 2577 1848 2641 quo

1101 2660 1191 2722 citius
1212 2658 1280 2721 lieri
1304 2658 1419 2737 poterit
1445 2657 1559 2733 exime,
1581 2657 1775 2735 apostolicam
1795 2655 1847 2719 de·

388 2760 552 2830 carissima
576 2763 605 2828 in
627 2758 750 2827 cirtulo
771 2757 815 2826 lili
838 2762 953 2836 noster,
1102 2754 1198 2833 nique
1217 2752 1466 2816 benedictionem
1493 2752 1605 2828 accipe,
1627 2765 1720 2830 quarn
1741 2766 1779 2812 er
1802 2749 1849 2812 in·

222 2927 225 2938 ,
333 2855 463 2923 salutern
485 2858 517 2922 el
538 2853 738 2940 apostolicare
761 2850 1010 2920 benedictionem.
1101 2848 1185 2909 timis
1207 2844 1388 2925 praecordiis
1406 2846 1630 2924 depromptam,
1645 2852 1677 2906 ct
1691 2858 1763 2906 cum
1778 2857 1848 2920 per-

1101 2947 1212 3021 petuae
1229 2938 1383 3003 ielicitatis
1397 2946 1468 3001 tuae
1482 2945 1554 3002 voto
1569 2937 1766 3001 coniunctam
1780 2953 1847 3000 cae·

340 3045 455 3108 balatis
474 3043 509 3106 ad
532 3059 588 3106 nos
603 3043 779 3121 ingentium
795 3039 961 3118 malorum,
979 3037 1046 3118 qni·
1101 3049 1202 3098 saraae
1224 3033 1375 3096 maiestati
1395 3030 1600 3110 ct'imperiali
1622 3029 1755 3094 lumiliae
1777 3037 1848 3092 tuae

300 3139 357 3202 bus
378 3137 518 3202 catholici
543 3137 725 3215 praesertim
746 3135 876 3198 Armeni
897 3133 1047 3197 constan·
1102 3127 1310 3191 amantissime
1331 3123 1541 3205 impertimur.

301 3231 521 3310 tinopolitanae
537 3230 623 3294 urbis
636 3228 753 3293 incolae
768 3243 852 3290 nunc
866 3226 1046 3306 opprimun-
1141 3223 1253 3285 Datum
1274 3219 1401 3296 Romae,
1423 3217 1502 3298 apud
1525 3217 1555 3282 S.
1572 3219 1697 3282 Petrum
1719 3220 1777 3284 sub
1796 3236 1849 3283 an-

301 3331 365 3399 tur,
381 3323 512 3398 nuntiis,
528 3324 611 3384 tanti
638 3321 763 3384 illorum
785 3319 957 3382 calamitate
977 3333 1046 3398 per·
1103 3315 1179 3378 nulo
1192 3313 1348 3394 piscatoris
1362 3312 1412 3374 die
1426 3326 1470 3373 ιι.
1488 3312 1591 3374 martii
1607 3329 1847 3389 successivus,

299 3418 377 3482 culsi
397 3425 468 3480 ante
496 3416 710 3494 Redemptoris
731 3430 749 3476 e
769 3429 860 3477 cruce
881 3413 1046 3492 pendentis
1101 3408 1298 3489 pontilicatus
1318 3393 1413 3470 nostri
1435 3422 1516 3468 anno
1536 3422 1567 3467 v.

301 3509 468 3588 imaginem
489 3510 723 3590 procubuimus,
746 3508 847 3587 ipsum
866 3507 979 3586 quanta
993 3521 1045 3584 po·

301 3606 419 3669 luimus
441 3603 536 3666 animi
558 3602 590 3664 ri
611 3603 820 3682 deprecantes,
836 3609 872 3664 ut
891 3601 1046 3678 imperans

300 3699 404 3763 ventis
425 3707 456 3760 et
477 3695 566 3771 mari,
588 3696 750 3758 excitatam
764 3692 938 3757 lucentium
953 3693 1046 3755 schis-

302 3793 485 3855 maticorum
500 3789 627 3870 pertidia
643 3795 858 3866 tempestatem
872 3787 1003 3862 sedaret,
1015 3793 1046 3848 et
1413 3785 1538 3850 xxxii.

300 3885 421 3946 miseris
441 3882 503 3944 illis
523 3881 610 3944 omni
631 3879 844 3942 molestiarum
860 3893 975 3957 genere
995 3895 1047 3941 re·

301 3979 379 4042 ratis
399 3985 492 4056 atque
513 3976 545 4038 in
565 3976 646 4038 ritae
659 3982 702 4049 et,
717 3973 798 4052 quod
815 3973 907 4050 longe
922 3973 1047 4049 gravius
1104 3971 1232 4036 Enimit
1254 3989 1274 4034 c
1295 3970 1506 4052 vectigalibus
1533 3978 1563 4034 ct
1585 3967 1717 4036 tribolis
1746 3970 1848 4052 bospi-

301 4080 359 4148 est,
381 4072 413 4133 in
434 4069 621 4132 amittendae
642 4067 801 4144 religionis
816 4063 981 4129 discrimen
996 4067 1045 4129 ad·
1144 4068 1205 4139 tio,
1227 4065 1331 4128 domos
1353 4071 1384 4128 ct
1405 4063 1486 4130 bono
1506 4066 1724 4130 Orientalium
1739 4068 1775 4129 in
1794 4068 1849 4130 llr·

301 4165 400 4229 ductis
420 4163 550 4243 presul
571 4159 778 4224 misericordia
798 4166 1003 4222 succurreret.
1142 4159 1187 4230 be,
1210 4159 1403 4222 nominatim
1426 4159 1653 4223 Monocbornm
1675 4160 1709 4223 S.
1728 4160 1847 4224 Basilii

342 4257 481 4322 Scientes
501 4260 617 4328 autem,
639 4252 795 4317 carissime
816 4253 848 4313 in
865 4251 987 4317 cbristo
1002 4251 1046 4314 iili
1143 4252 1276 4318 rutheni
1298 4253 1384 4316 ritas
1407 4253 1462 4317 SS.
1487 4253 1593 4333 Sergii
1614 4259 1644 4316 et
1666 4253 1796 4318 Bocchi.

301 4360 418 4425 noster,
446 4365 508 4429 quo
538 4347 699 4424 religionis
728 4361 833 4408 amore
863 4345 993 4422 ferveas,
1015 4353 1046 4408 et

300 4461 395 4524 quam
415 4442 547 4506 libenter
568 4455 675 4503 omnes
696 4442 796 4502 aritae
817 4440 938 4517 pietatis
957 4456 1045 4502 exer·
1358 4424 1431 4492 [Εο
1454 4425 1514 4493 ΡΡ.
1538 4424 1596 4493 til.

299 4539 413 4603 candae
443 4535 614 4598 occasiones
645 4534 854 4613 amplectaris3
885 4536 922 4597 ad
949 4551 1045 4597 caesa-
1246 4545 1284 4615 gg
1305 4544 1436 4615 puppam
1458 4549 1503 4615 ,ιρι
1525 4549 1707 4617 memoriam,

299 4647 384 4695 mam
412 4630 602 4694 maiestatem
633 4643 720 4691 tuam
748 4627 993 4714 confugiendum
1014 4647 1046 4692 o-
1493 4686 1496 4695 ,

299 4741 433 4806 pemque
454 4733 539 4788 tuam
555 4722 642 4785 nobis
656 4721 880 4801 implorandam
895 4736 1046 4784 essecen-
1141 4721 1211 4798 §l
1234 4723 1436 4786 Gravissimae
1457 4723 1656 4802 calamitates,
1671 4741 1748 4804 quae
1772 4723 1846 4789 inle·
1892 4743 2078 4793 nattoconccs

298 4819 429 4894 suimus,
451 4828 486 4881 ιιι
507 4818 552 4892 ei,
575 4833 633 4895 qua
656 4815 751 4895 polles
766 4815 845 4894 apud
860 4817 1045 4894 supremum
1101 4815 1254 4878 licissimis
1286 4815 1368 4878 bisce
1397 4817 1588 4895 temporibus
1619 4818 1787 4882 Ecclesiam
1816 4827 1847 4882 et
1866 4797 1953 4846 ’Μ

300 4912 469 4976 lurcorum
490 4910 673 4989 principem,
692 4909 873 4972 auctoritate
894 4917 925 4970 et
947 4910 1045 4986 gratia
1100 4908 1225 4972 civilem
1245 4910 1423 4972 societatem
1436 4909 1630 4988 afflixerunt,
1647 4913 1759 4975 deinde
1772 4927 1847 4976 vero

298 5004 465 5067 abeodem
493 5004 586 5067 enixe
601 5010 697 5080 petas
723 5018 774 5078 ne,
797 5001 872 5068 dum
897 5002 1044 5065 barbarus
1101 5016 1222 5078 magna,
1246 5017 1339 5079 quam
1360 5003 1434 5064 baec
1454 5003 1626 5080 apostolica
1648 5003 1741 5070 Sedes
1759 5021 1847 5084 passa

299 5113 364 5160 esse
392 5107 483 5176 atque
511 5097 618 5159 baberi
648 5111 712 5157 non
743 5094 823 5172 vult,
846 5095 1043 5159 indelebilem
1100 5103 1158 5170 est,
1178 5103 1392 5174 proventuum
1413 5097 1611 5174 imminutio,
1634 5097 1770 5176 denique
1792 5115 1846 5162 ne·

298 5206 406 5254 merae
426 5190 575 5253 barbariei
597 5188 696 5252 labem
718 5189 838 5250 nomini
857 5205 913 5252 suo
928 5189 1041 5252 inurat.
1099 5187 1231 5263 cessitas,
1254 5203 1332 5267 quae
1361 5188 1458 5250 maior
1485 5190 1594 5266 evasit,
1615 5191 1747 5255 subsidia
1775 5193 1847 5255 mit·

300 5286 384 5349 Tuus
406 5286 510 5364 itaque
530 5281 744 5346 internuntius
765 5281 998 5357 catholicorum,
1014 5290 1045 5345 te
1100 5282 1185 5344 tendi
1206 5279 1241 5342 ad
1263 5279 1437 5357 indigentes
1452 5283 1591 5346 catholici
1605 5284 1688 5348 orbis
1705 5286 1847 5349 ecclesias

300 5378 438 5453 iubente,
453 5376 660 5456 patrocinium
673 5375 828 5454 suscipiat,
843 5375 981 5456 ipsorum
998 5377 1045 5439 in·
1100 5391 1154 5454 pro
1169 5373 1269 5436 reteri
1286 5373 1441 5451 instituto,
1457 5376 1538 5454 quod
1552 5395 1568 5438 a
1583 5377 1672 5440 Rom.
1690 5379 1848 5442 Pontifici·

1358 3607 1596 3618 w

300 5472 488 5546 nocentiam,
517 5469 746 5544 rectitudinem,
770 5468 863 5532 fidem
891 5467 1042 5544 ostendat,
1100 5469 1155 5532 bus
1169 5477 1320 5547 perpetuo
1333 5469 1521 5537 custoditum
1536 5479 1598 5548 est,
1620 5472 1684 5534 rim
1699 5471 1847 5552 quodam-

298 5564 577 5638 scbismaticorum,
588 5562 641 5642 qui
656 5575 778 5640 semper
792 5571 909 5641 paratas
923 5563 957 5624 iu
972 5563 1044 5643 pba·
1099 5563 1190 5625 modo
1206 5562 1394 5638 intulerunt,
1412 5569 1446 5624 ut
1468 5563 1501 5626 in
1523 5563 1597 5627 locis
1617 5565 1777 5646 temporali
1792 5581 1846 5628 no·

298 5658 380 5720 retra
400 5657 454 5721 sui
483 5655 607 5734 sagittas
638 5655 752 5717 babent
781 5663 815 5716 ut
835 5655 991 5733 conligant
1010 5656 1043 5717 in
1098 5662 1163 5718 stro
1184 5672 1217 5718 ao
1239 5655 1367 5719 Sanctae
1388 5657 1481 5718 buius
1503 5656 1589 5721 Sedis
1610 5659 1749 5721 dominio
1776 5660 1846 5722 sub·
1918 5719 1924 5733 ,

299 5751 427 5814 obscuro
448 5759 547 5813 rectos
561 5750 663 5824 corde,
680 5749 886 5812 inveteratam
900 5763 1045 5811 execran—
1098 5748 1184 5812 iectis
1207 5749 1362 5828 exemptio
1384 5749 1434 5811 illa
1456 5767 1471 5810 a
1492 5750 1622 5828 publicis
1643 5753 1847 5829 vectigalibus

341 5966 373 6026 (lt
387 5967 425 6012 llx
439 5969 503 6026 ng.
518 5964 593 6025 epist.
607 5966 642 6012 ad
655 5963 787 6024 principes
800 5942 849 6012 ete.
