<?xml version="1.0" encoding="UTF-8"?>
<!DOCTYPE html PUBLIC "-//W3C//DTD XHTML 1.0 Transitional//EN"
    "http://www.w3.org/TR/xhtml1/DTD/xhtml1-transitional.dtd">
<html xmlns="http://www.w3.org/1999/xhtml" xml:lang="en" lang="en">
 <head>
  <title>
</title>
<meta http-equiv="Content-Type" content="text/html;charset=utf-8" />
  <meta name='ocr-system' content='tesseract 3.04.00' />
  <meta name='ocr-capabilities' content='ocr_page ocr_carea ocr_par ocr_line ocrx_word'/>
</head>
<body>
  <div class='ocr_page' id='page_1' title='image "./iurispontificii00martgoog_0729.png"; bbox 0 0 4856 7010; ppageno 0'>
   <div class='ocr_carea' id='block_1_1' title="bbox 354 529 2319 604">
    <p class='ocr_par' dir='ltr' id='par_1_1' title="bbox 354 529 2319 604">
     <span class='ocr_line' id='line_1_1' title="bbox 354 529 2319 604; baseline 0.004 -11"><span class='ocrx_word' id='word_1_1' title='bbox 354 529 409 586; x_wconf 74' lang='lat' dir='ltr'>An·</span> <span class='ocrx_word' id='word_1_2' title='bbox 423 533 453 586; x_wconf 83' lang='lat'>0·</span> <span class='ocrx_word' id='word_1_3' title='bbox 476 533 543 584; x_wconf 81' lang='lat'>1829</span> <span class='ocrx_word' id='word_1_4' title='bbox 594 533 652 604; x_wconf 83' lang='lat' dir='ltr'>llo</span> <span class='ocrx_word' id='word_1_5' title='bbox 1098 551 1161 596; x_wconf 90' lang='lat' dir='ltr'>run.</span> <span class='ocrx_word' id='word_1_6' title='bbox 1187 551 1277 596; x_wconf 82' lang='lat' dir='ltr'>nour.</span> <span class='ocrx_word' id='word_1_7' title='bbox 1303 551 1343 594; x_wconf 84' lang='lat' dir='ltr'>uu</span> <span class='ocrx_word' id='word_1_8' title='bbox 1364 550 1393 596; x_wconf 87' lang='lat' dir='ltr'>n.</span> <span class='ocrx_word' id='word_1_9' title='bbox 1417 551 1446 596; x_wconf 85' lang='lat' dir='ltr'>r.</span> <span class='ocrx_word' id='word_1_10' title='bbox 1471 550 1553 596; x_wconf 84' lang='lat' dir='ltr'>nnus</span> <span class='ocrx_word' id='word_1_11' title='bbox 1576 552 1596 596; x_wconf 88' lang='lat' dir='ltr'>r.</span> <span class='ocrx_word' id='word_1_12' title='bbox 2154 538 2245 594; x_wconf 75' lang='lat' dir='ltr'>Anu</span> <span class='ocrx_word' id='word_1_13' title='bbox 2264 547 2319 602; x_wconf 77' lang='lat'>1829</span> 
     </span>
    </p>
   </div>
   <div class='ocr_carea' id='block_1_2' title="bbox 472 667 2126 3363">
    <p class='ocr_par' dir='ltr' id='par_1_2' title="bbox 472 667 2126 3363">
     <span class='ocr_line' id='line_1_2' title="bbox 574 667 2125 750; baseline 0.004 -21"><span class='ocrx_word' id='word_1_14' title='bbox 574 667 655 731; x_wconf 88' lang='lat' dir='ltr'>haud</span> <span class='ocrx_word' id='word_1_15' title='bbox 676 669 792 746; x_wconf 93' lang='lat' dir='ltr'>patitur</span> <span class='ocrx_word' id='word_1_16' title='bbox 813 669 937 747; x_wconf 88' lang='lat' dir='ltr'>angoris</span> <span class='ocrx_word' id='word_1_17' title='bbox 959 670 1057 734; x_wconf 83' lang='lat' dir='ltr'><strong>nostri</strong></span> <span class='ocrx_word' id='word_1_18' title='bbox 1075 669 1181 732; x_wconf 91' lang='lat' dir='ltr'>solatia</span> <span class='ocrx_word' id='word_1_19' title='bbox 1203 671 1319 746; x_wconf 80' lang='lat' dir='ltr'>deesse,</span> <span class='ocrx_word' id='word_1_20' title='bbox 1376 667 1607 748; x_wconf 83' lang='lat' dir='ltr'>poenitentibus</span> <span class='ocrx_word' id='word_1_21' title='bbox 1637 687 1755 750; x_wconf 73' lang='lat' dir='ltr'>suaque</span> <span class='ocrx_word' id='word_1_22' title='bbox 1776 679 1897 750; x_wconf 86' lang='lat' dir='ltr'>peccata</span> <span class='ocrx_word' id='word_1_23' title='bbox 1925 671 2072 736; x_wconf 77' lang='lat' dir='ltr'>confessis</span> <span class='ocrx_word' id='word_1_24' title='bbox 2093 680 2125 736; x_wconf 90' lang='lat' dir='ltr'>et</span> 
     </span>
     <span class='ocr_line' id='line_1_3' title="bbox 574 760 2125 844; baseline 0.003 -21"><span class='ocrx_word' id='word_1_25' title='bbox 574 769 609 823; x_wconf 91' lang='lat' dir='ltr'>ut</span> <span class='ocrx_word' id='word_1_26' title='bbox 631 760 760 837; x_wconf 85' lang='lat' dir='ltr'>labores,</span> <span class='ocrx_word' id='word_1_27' title='bbox 783 778 874 825; x_wconf 85' lang='lat' dir='ltr'>curae</span> <span class='ocrx_word' id='word_1_28' title='bbox 894 769 986 842; x_wconf 90' lang='lat' dir='ltr'>atque</span> <span class='ocrx_word' id='word_1_29' title='bbox 1006 761 1229 840; x_wconf 89' lang='lat' dir='ltr'>solicitudines,</span> <span class='ocrx_word' id='word_1_30' title='bbox 1246 778 1320 842; x_wconf 88' lang='lat' dir='ltr'>quas</span> <span class='ocrx_word' id='word_1_31' title='bbox 1375 762 1528 825; x_wconf 85' lang='lat' dir='ltr'>bominici</span> <span class='ocrx_word' id='word_1_32' title='bbox 1560 762 1704 843; x_wconf 85' lang='lat' dir='ltr'>Corporis</span> <span class='ocrx_word' id='word_1_33' title='bbox 1729 764 1804 844; x_wconf 84' lang='lat' dir='ltr'>dape</span> <span class='ocrx_word' id='word_1_34' title='bbox 1835 763 1969 842; x_wconf 84' lang='lat' dir='ltr'>relectis,</span> <span class='ocrx_word' id='word_1_35' title='bbox 1992 766 2125 844; x_wconf 82' lang='lat' dir='ltr'>quodie</span> 
     </span>
     <span class='ocr_line' id='line_1_4' title="bbox 573 853 2125 937; baseline 0.003 -22"><span class='ocrx_word' id='word_1_36' title='bbox 573 854 772 916; x_wconf 82' lang='lat' dir='ltr'>continenter</span> <span class='ocrx_word' id='word_1_37' title='bbox 794 853 935 931; x_wconf 88' lang='lat' dir='ltr'>ierimus,</span> <span class='ocrx_word' id='word_1_38' title='bbox 957 855 1120 934; x_wconf 86' lang='lat' dir='ltr'>aliquando</span> <span class='ocrx_word' id='word_1_39' title='bbox 1142 856 1312 919; x_wconf 80' lang='lat' dir='ltr'>leniantur.</span> <span class='ocrx_word' id='word_1_40' title='bbox 1374 854 1408 917; x_wconf 92' lang='lat' dir='ltr'>in</span> <span class='ocrx_word' id='word_1_41' title='bbox 1430 855 1569 917; x_wconf 89' lang='lat' dir='ltr'>eamdem</span> <span class='ocrx_word' id='word_1_42' title='bbox 1589 855 1705 933; x_wconf 80' lang='lat' dir='ltr'>recepti</span> <span class='ocrx_word' id='word_1_43' title='bbox 1720 857 1899 920; x_wconf 87' lang='lat' dir='ltr'>societatem</span> <span class='ocrx_word' id='word_1_44' title='bbox 1914 856 2044 933; x_wconf 87' lang='lat' dir='ltr'>luerint,</span> <span class='ocrx_word' id='word_1_45' title='bbox 2060 859 2125 937; x_wconf 89' lang='lat' dir='ltr'>ple-</span> 
     </span>
     <span class='ocr_line' id='line_1_5' title="bbox 612 947 2124 1029; baseline 0.003 -20"><span class='ocrx_word' id='word_1_46' title='bbox 612 947 632 1021; x_wconf 72' lang='lat'>5</span> <span class='ocrx_word' id='word_1_47' title='bbox 656 948 682 1009; x_wconf 94' lang='lat' dir='ltr'>l.</span> <span class='ocrx_word' id='word_1_48' title='bbox 705 948 791 1024; x_wconf 85' lang='lat' dir='ltr'>Quod</span> <span class='ocrx_word' id='word_1_49' title='bbox 808 949 915 1012; x_wconf 85' lang='lat' dir='ltr'>accidit</span> <span class='ocrx_word' id='word_1_50' title='bbox 929 949 1067 1028; x_wconf 87' lang='lat' dir='ltr'>prolecto</span> <span class='ocrx_word' id='word_1_51' title='bbox 1082 965 1194 1029; x_wconf 85' lang='lat' dir='ltr'>nuper,</span> <span class='ocrx_word' id='word_1_52' title='bbox 1210 949 1320 1027; x_wconf 89' lang='lat' dir='ltr'>ingen·</span> <span class='ocrx_word' id='word_1_53' title='bbox 1375 947 1494 1008; x_wconf 91' lang='lat' dir='ltr'>nariam</span> <span class='ocrx_word' id='word_1_54' title='bbox 1509 947 1652 1010; x_wconf 91' lang='lat' dir='ltr'>omnium</span> <span class='ocrx_word' id='word_1_55' title='bbox 1668 957 1863 1028; x_wconf 86' lang='lat' dir='ltr'>peecatorum</span> <span class='ocrx_word' id='word_1_56' title='bbox 1878 964 2007 1012; x_wconf 92' lang='lat' dir='ltr'>suorum</span> <span class='ocrx_word' id='word_1_57' title='bbox 2022 950 2124 1013; x_wconf 90' lang='lat' dir='ltr'>indul·</span> 
     </span>
     <span class='ocr_line' id='line_1_6' title="bbox 574 1039 2122 1121; baseline 0.001 -17"><span class='ocrx_word' id='word_1_58' title='bbox 574 1042 659 1121; x_wconf 88' lang='lat' dir='ltr'>tique</span> <span class='ocrx_word' id='word_1_59' title='bbox 680 1058 788 1105; x_wconf 87' lang='lat' dir='ltr'>sumus</span> <span class='ocrx_word' id='word_1_60' title='bbox 809 1043 921 1120; x_wconf 84' lang='lat' dir='ltr'>gaudio</span> <span class='ocrx_word' id='word_1_61' title='bbox 941 1042 1069 1121; x_wconf 87' lang='lat' dir='ltr'>pertusi,</span> <span class='ocrx_word' id='word_1_62' title='bbox 1092 1044 1146 1105; x_wconf 92' lang='lat' dir='ltr'>ubi</span> <span class='ocrx_word' id='word_1_63' title='bbox 1168 1043 1318 1106; x_wconf 83' lang='lat' dir='ltr'>audiveri·</span> <span class='ocrx_word' id='word_1_64' title='bbox 1375 1039 1511 1116; x_wconf 86' lang='lat' dir='ltr'>gentiam</span> <span class='ocrx_word' id='word_1_65' title='bbox 1531 1049 1563 1103; x_wconf 89' lang='lat' dir='ltr'>et</span> <span class='ocrx_word' id='word_1_66' title='bbox 1585 1041 1801 1104; x_wconf 86' lang='lat' dir='ltr'>remissionem</span> <span class='ocrx_word' id='word_1_67' title='bbox 1824 1043 2068 1106; x_wconf 84' lang='lat' dir='ltr'>misericorditer</span> <span class='ocrx_word' id='word_1_68' title='bbox 2088 1043 2122 1105; x_wconf 94' lang='lat' dir='ltr'>in</span> 
     </span>
     <span class='ocr_line' id='line_1_7' title="bbox 574 1134 2124 1215; baseline -0.001 -17"><span class='ocrx_word' id='word_1_69' title='bbox 574 1151 643 1198; x_wconf 89' lang='lat' dir='ltr'>mus</span> <span class='ocrx_word' id='word_1_70' title='bbox 665 1135 697 1197; x_wconf 90' lang='lat' dir='ltr'>in</span> <span class='ocrx_word' id='word_1_71' title='bbox 720 1151 817 1213; x_wconf 87' lang='lat' dir='ltr'>regno</span> <span class='ocrx_word' id='word_1_72' title='bbox 838 1137 986 1199; x_wconf 84' lang='lat' dir='ltr'>carissimi</span> <span class='ocrx_word' id='word_1_73' title='bbox 1002 1135 1034 1199; x_wconf 89' lang='lat' dir='ltr'>in</span> <span class='ocrx_word' id='word_1_74' title='bbox 1050 1137 1173 1201; x_wconf 81' lang='lat' dir='ltr'>Christo</span> <span class='ocrx_word' id='word_1_75' title='bbox 1195 1136 1250 1198; x_wconf 88' lang='lat' dir='ltr'>lilii</span> <span class='ocrx_word' id='word_1_76' title='bbox 1266 1152 1321 1201; x_wconf 90' lang='lat' dir='ltr'>no·</span> <span class='ocrx_word' id='word_1_77' title='bbox 1374 1134 1506 1195; x_wconf 87' lang='lat' dir='ltr'>Domino</span> <span class='ocrx_word' id='word_1_78' title='bbox 1527 1135 1735 1197; x_wconf 87' lang='lat' dir='ltr'>concedimus.</span> <span class='ocrx_word' id='word_1_79' title='bbox 1761 1135 1936 1198; x_wconf 85' lang='lat' dir='ltr'>Plenariam</span> <span class='ocrx_word' id='word_1_80' title='bbox 1952 1135 2012 1197; x_wconf 93' lang='lat' dir='ltr'>illis</span> <span class='ocrx_word' id='word_1_81' title='bbox 2026 1151 2124 1215; x_wconf 86' lang='lat' dir='ltr'>aeque</span> 
     </span>
     <span class='ocr_line' id='line_1_8' title="bbox 572 1225 2125 1313; baseline -0.001 -22"><span class='ocrx_word' id='word_1_82' title='bbox 572 1229 629 1292; x_wconf 89' lang='lat' dir='ltr'>stri</span> <span class='ocrx_word' id='word_1_83' title='bbox 660 1229 812 1292; x_wconf 81' lang='lat' dir='ltr'>Francisei</span> <span class='ocrx_word' id='word_1_84' title='bbox 840 1229 862 1293; x_wconf 93' lang='grc' dir='ltr'>Ι.</span> <span class='ocrx_word' id='word_1_85' title='bbox 893 1229 1035 1293; x_wconf 74' lang='lat' dir='ltr'>nustriae</span> <span class='ocrx_word' id='word_1_86' title='bbox 1064 1233 1259 1313; x_wconf 87' lang='lat' dir='ltr'>imperatoris</span> <span class='ocrx_word' id='word_1_87' title='bbox 1289 1242 1320 1297; x_wconf 79' lang='lat' dir='ltr'>er</span> <span class='ocrx_word' id='word_1_88' title='bbox 1375 1225 2125 1306; x_wconf 81' lang='lat' dir='ltr'>indulgentiampostdeuersassacracoutessione</span> 
     </span>
     <span class='ocr_line' id='line_1_9' title="bbox 574 1320 2121 1402; baseline -0.002 -16"><span class='ocrx_word' id='word_1_89' title='bbox 574 1325 749 1402; x_wconf 79' lang='lat' dir='ltr'>baugariae</span> <span class='ocrx_word' id='word_1_90' title='bbox 780 1325 861 1402; x_wconf 88' lang='lat' dir='ltr'>regis</span> <span class='ocrx_word' id='word_1_91' title='bbox 893 1326 1024 1390; x_wconf 90' lang='lat' dir='ltr'>illustris</span> <span class='ocrx_word' id='word_1_92' title='bbox 1050 1329 1228 1392; x_wconf 88' lang='lat' dir='ltr'>societatem</span> <span class='ocrx_word' id='word_1_93' title='bbox 1255 1343 1319 1388; x_wconf 84' lang='lat' dir='ltr'>esse</span> <span class='ocrx_word' id='word_1_94' title='bbox 1374 1320 1455 1381; x_wconf 89' lang='lat' dir='ltr'>vitae</span> <span class='ocrx_word' id='word_1_95' title='bbox 1476 1321 1581 1383; x_wconf 88' lang='lat' dir='ltr'>sordes</span> <span class='ocrx_word' id='word_1_96' title='bbox 1596 1328 1814 1402; x_wconf 88' lang='lat' dir='ltr'>acceptamque</span> <span class='ocrx_word' id='word_1_97' title='bbox 1829 1322 2055 1386; x_wconf 85' lang='lat' dir='ltr'>Eucharistiam</span> <span class='ocrx_word' id='word_1_98' title='bbox 2070 1321 2121 1384; x_wconf 92' lang='lat' dir='ltr'>die</span> 
     </span>
     <span class='ocr_line' id='line_1_10' title="bbox 574 1413 2125 1504; baseline -0.001 -26"><span class='ocrx_word' id='word_1_99' title='bbox 574 1417 761 1494; x_wconf 90' lang='lat' dir='ltr'>institutam,</span> <span class='ocrx_word' id='word_1_100' title='bbox 777 1435 855 1498; x_wconf 89' lang='lat' dir='ltr'>quae</span> <span class='ocrx_word' id='word_1_101' title='bbox 870 1419 995 1495; x_wconf 89' lang='lat' dir='ltr'>dicitur,</span> <span class='ocrx_word' id='word_1_102' title='bbox 1012 1421 1222 1500; x_wconf 80' lang='lat' dir='ltr'>leopoldioon</span> <span class='ocrx_word' id='word_1_103' title='bbox 1239 1417 1319 1504; x_wconf 69' lang='lat' dir='ltr'>Stis·</span> <span class='ocrx_word' id='word_1_104' title='bbox 1374 1413 1480 1475; x_wconf 67' lang='lat' dir='ltr'>octavi</span> <span class='ocrx_word' id='word_1_105' title='bbox 1501 1414 1617 1476; x_wconf 79' lang='lat' dir='ltr'>mensis</span> <span class='ocrx_word' id='word_1_106' title='bbox 1638 1415 1820 1490; x_wconf 84' lang='lat' dir='ltr'>decembris,</span> <span class='ocrx_word' id='word_1_107' title='bbox 1838 1431 1895 1478; x_wconf 86' lang='lat' dir='ltr'>neo</span> <span class='ocrx_word' id='word_1_108' title='bbox 1911 1431 1975 1477; x_wconf 90' lang='lat' dir='ltr'>non</span> <span class='ocrx_word' id='word_1_109' title='bbox 1998 1415 2048 1478; x_wconf 90' lang='lat' dir='ltr'>die</span> <span class='ocrx_word' id='word_1_110' title='bbox 2062 1431 2125 1493; x_wconf 86' lang='lat' dir='ltr'>quo</span> 
     </span>
     <span class='ocr_line' id='line_1_11' title="bbox 575 1507 2126 1592; baseline -0.003 -20"><span class='ocrx_word' id='word_1_111' title='bbox 575 1515 668 1590; x_wconf 76' lang='lat' dir='ltr'>turp,</span> <span class='ocrx_word' id='word_1_112' title='bbox 692 1528 832 1591; x_wconf 85' lang='lat' dir='ltr'>quaeque</span> <span class='ocrx_word' id='word_1_113' title='bbox 847 1513 1035 1592; x_wconf 82' lang='lat' dir='ltr'>presbyteris</span> <span class='ocrx_word' id='word_1_114' title='bbox 1055 1515 1217 1592; x_wconf 84' lang='lat' dir='ltr'>Evangelii</span> <span class='ocrx_word' id='word_1_115' title='bbox 1232 1516 1319 1578; x_wconf 81' lang='lat' dir='ltr'>causa</span> <span class='ocrx_word' id='word_1_116' title='bbox 1345 1532 1348 1547; x_wconf 90' lang='lat'><strong>·</strong></span> <span class='ocrx_word' id='word_1_117' title='bbox 1374 1507 1488 1570; x_wconf 87' lang='lat' dir='ltr'>testum</span> <span class='ocrx_word' id='word_1_118' title='bbox 1508 1508 1612 1586; x_wconf 87' lang='lat' dir='ltr'>agitur</span> <span class='ocrx_word' id='word_1_119' title='bbox 1637 1507 1668 1572; x_wconf 88' lang='lat' dir='ltr'>S.</span> <span class='ocrx_word' id='word_1_120' title='bbox 1693 1507 1851 1588; x_wconf 89' lang='lat' dir='ltr'>Leopoidi,</span> <span class='ocrx_word' id='word_1_121' title='bbox 1874 1508 2025 1572; x_wconf 81' lang='lat' dir='ltr'>adsemel</span> <span class='ocrx_word' id='word_1_122' title='bbox 2047 1525 2126 1587; x_wconf 84' lang='lat' dir='ltr'>quo-</span> 
     </span>
     <span class='ocr_line' id='line_1_12' title="bbox 574 1599 2124 1683; baseline 0.006 -17"><span class='ocrx_word' id='word_1_123' title='bbox 574 1603 734 1666; x_wconf 88' lang='lat' dir='ltr'>mittendis</span> <span class='ocrx_word' id='word_1_124' title='bbox 757 1621 811 1683; x_wconf 92' lang='lat' dir='ltr'>pro</span> <span class='ocrx_word' id='word_1_125' title='bbox 833 1607 952 1669; x_wconf 80' lang='lat' dir='ltr'>viribus</span> <span class='ocrx_word' id='word_1_126' title='bbox 973 1607 1197 1672; x_wconf 86' lang='lat' dir='ltr'>consulendum</span> <span class='ocrx_word' id='word_1_127' title='bbox 1219 1615 1316 1672; x_wconf 89' lang='lat' dir='ltr'>curat.</span> <span class='ocrx_word' id='word_1_128' title='bbox 1375 1600 1450 1664; x_wconf 85' lang='lat' dir='ltr'>libat</span> <span class='ocrx_word' id='word_1_129' title='bbox 1472 1617 1591 1676; x_wconf 65' lang='lat' dir='ltr'>mense,</span> <span class='ocrx_word' id='word_1_130' title='bbox 1607 1600 1631 1663; x_wconf 79' lang='lat' dir='ltr'>Si</span> <span class='ocrx_word' id='word_1_131' title='bbox 1647 1617 1701 1679; x_wconf 73' lang='lat' dir='ltr'>liei</span> <span class='ocrx_word' id='word_1_132' title='bbox 1717 1617 1857 1664; x_wconf 70' lang='lat' dir='ltr'>mensem</span> <span class='ocrx_word' id='word_1_133' title='bbox 1879 1601 2074 1679; x_wconf 55' lang='lat' dir='ltr'>superbient</span> <span class='ocrx_word' id='word_1_134' title='bbox 2092 1599 2124 1661; x_wconf 79' lang='lat' dir='ltr'>iss</span> 
     </span>
     <span class='ocr_line' id='line_1_13' title="bbox 573 1691 2125 1780; baseline -0.003 -22"><span class='ocrx_word' id='word_1_135' title='bbox 573 1696 649 1771; x_wconf 84' lang='lat' dir='ltr'>Quid</span> <span class='ocrx_word' id='word_1_136' title='bbox 672 1696 758 1759; x_wconf 89' lang='lat' dir='ltr'>enim</span> <span class='ocrx_word' id='word_1_137' title='bbox 779 1699 964 1762; x_wconf 85' lang='lat' dir='ltr'>christianae</span> <span class='ocrx_word' id='word_1_138' title='bbox 989 1700 1176 1780; x_wconf 89' lang='lat' dir='ltr'>reipublicae</span> <span class='ocrx_word' id='word_1_139' title='bbox 1197 1700 1318 1778; x_wconf 90' lang='lat' dir='ltr'>utilius,</span> <span class='ocrx_word' id='word_1_140' title='bbox 1373 1694 1511 1771; x_wconf 85' lang='lat' dir='ltr'>singulas</span> <span class='ocrx_word' id='word_1_141' title='bbox 1533 1695 1597 1757; x_wconf 90' lang='lat' dir='ltr'>dies</span> <span class='ocrx_word' id='word_1_142' title='bbox 1619 1694 1792 1756; x_wconf 89' lang='lat' dir='ltr'>orationem</span> <span class='ocrx_word' id='word_1_143' title='bbox 1820 1693 2020 1768; x_wconf 89' lang='lat' dir='ltr'>dominicam,</span> <span class='ocrx_word' id='word_1_144' title='bbox 2043 1691 2125 1754; x_wconf 90' lang='lat' dir='ltr'>salu·</span> 
     </span>
     <span class='ocr_line' id='line_1_14' title="bbox 571 1784 2126 1872; baseline -0.004 -20"><span class='ocrx_word' id='word_1_145' title='bbox 571 1790 647 1868; x_wconf 78' lang='lat' dir='ltr'>guid</span> <span class='ocrx_word' id='word_1_146' title='bbox 676 1791 907 1868; x_wconf 85' lang='lat' dir='ltr'>praestabilius,</span> <span class='ocrx_word' id='word_1_147' title='bbox 930 1809 1022 1872; x_wconf 88' lang='lat' dir='ltr'>quam</span> <span class='ocrx_word' id='word_1_148' title='bbox 1045 1795 1132 1857; x_wconf 84' lang='lat' dir='ltr'>verbi</span> <span class='ocrx_word' id='word_1_149' title='bbox 1157 1795 1213 1858; x_wconf 83' lang='lat' dir='ltr'>llei</span> <span class='ocrx_word' id='word_1_150' title='bbox 1234 1809 1320 1872; x_wconf 90' lang='lat' dir='ltr'>prae·</span> <span class='ocrx_word' id='word_1_151' title='bbox 1375 1789 1524 1850; x_wconf 82' lang='lat' dir='ltr'>tationem</span> <span class='ocrx_word' id='word_1_152' title='bbox 1546 1788 1737 1864; x_wconf 76' lang='lat' dir='ltr'>angelicam,</span> <span class='ocrx_word' id='word_1_153' title='bbox 1753 1805 1787 1850; x_wconf 90' lang='lat' dir='ltr'>ac</span> <span class='ocrx_word' id='word_1_154' title='bbox 1807 1787 1901 1850; x_wconf 83' lang='lat' dir='ltr'>rerba</span> <span class='ocrx_word' id='word_1_155' title='bbox 1925 1787 1956 1850; x_wconf 89' lang='lat' dir='ltr'>S.</span> <span class='ocrx_word' id='word_1_156' title='bbox 1971 1784 2126 1864; x_wconf 84' lang='lat' dir='ltr'>Leopoldo</span> 
     </span>
     <span class='ocr_line' id='line_1_15' title="bbox 574 1878 2126 1968; baseline 0.006 -22"><span class='ocrx_word' id='word_1_157' title='bbox 574 1885 663 1946; x_wconf 91' lang='lat' dir='ltr'>conio</span> <span class='ocrx_word' id='word_1_158' title='bbox 685 1884 782 1949; x_wconf 85' lang='lat' dir='ltr'>iustos</span> <span class='ocrx_word' id='word_1_159' title='bbox 810 1888 906 1964; x_wconf 86' lang='lat' dir='ltr'>magis</span> <span class='ocrx_word' id='word_1_160' title='bbox 929 1889 1090 1968; x_wconf 82' lang='lat' dir='ltr'>magisque</span> <span class='ocrx_word' id='word_1_161' title='bbox 1121 1891 1317 1965; x_wconf 79' lang='lat' dir='ltr'>confirmare,</span> <span class='ocrx_word' id='word_1_162' title='bbox 1345 1904 1347 1961; x_wconf 83' lang='lat' dir='ltr'>t</span> <span class='ocrx_word' id='word_1_163' title='bbox 1372 1886 1503 1960; x_wconf 56' lang='lat' dir='ltr'>Pleiai&amp;</span> <span class='ocrx_word' id='word_1_164' title='bbox 1523 1896 1579 1958; x_wconf 85' lang='lat' dir='ltr'>par</span> <span class='ocrx_word' id='word_1_165' title='bbox 1590 1881 1645 1942; x_wconf 60' lang='lat'>⁷2⁰5</span> <span class='ocrx_word' id='word_1_166' title='bbox 1667 1879 1818 1956; x_wconf 70' lang='lat' dir='ltr'>dilssiissi·</span> <span class='ocrx_word' id='word_1_167' title='bbox 1835 1897 1868 1942; x_wconf 70' lang='lat'>³0</span> <span class='ocrx_word' id='word_1_168' title='bbox 1883 1878 2053 1942; x_wconf 88' lang='lat' dir='ltr'>dummodo</span> <span class='ocrx_word' id='word_1_169' title='bbox 2068 1894 2126 1958; x_wconf 90' lang='lat' dir='ltr'>pu·</span> 
     </span>
     <span class='ocr_line' id='line_1_16' title="bbox 573 1975 2125 2055; baseline 0.003 -17"><span class='ocrx_word' id='word_1_170' title='bbox 573 1985 604 2039; x_wconf 86' lang='lat' dir='ltr'>et</span> <span class='ocrx_word' id='word_1_171' title='bbox 634 1980 739 2041; x_wconf 82' lang='lat' dir='ltr'>devios</span> <span class='ocrx_word' id='word_1_172' title='bbox 761 1997 776 2040; x_wconf 85' lang='lat' dir='ltr'>a</span> <span class='ocrx_word' id='word_1_173' title='bbox 798 1981 950 2043; x_wconf 82' lang='lat' dir='ltr'>vitiorum</span> <span class='ocrx_word' id='word_1_174' title='bbox 980 1982 1011 2044; x_wconf 87' lang='lat' dir='ltr'>tn</span> <span class='ocrx_word' id='word_1_175' title='bbox 1039 1983 1146 2045; x_wconf 85' lang='lat' dir='ltr'>salutis</span> <span class='ocrx_word' id='word_1_176' title='bbox 1174 1983 1318 2047; x_wconf 84' lang='lat' dir='ltr'>semitam</span> <span class='ocrx_word' id='word_1_177' title='bbox 1375 1976 1453 2038; x_wconf 87' lang='lat' dir='ltr'>blico</span> <span class='ocrx_word' id='word_1_178' title='bbox 1474 1975 1576 2054; x_wconf 82' lang='lat' dir='ltr'>atiquo</span> <span class='ocrx_word' id='word_1_179' title='bbox 1602 1977 1633 2037; x_wconf 89' lang='lat' dir='ltr'>in</span> <span class='ocrx_word' id='word_1_180' title='bbox 1660 1976 1777 2055; x_wconf 84' lang='lat' dir='ltr'>templo</span> <span class='ocrx_word' id='word_1_181' title='bbox 1799 1992 1855 2054; x_wconf 85' lang='lat' dir='ltr'>pro</span> <span class='ocrx_word' id='word_1_182' title='bbox 1880 1975 2125 2037; x_wconf 84' lang='lat' dir='ltr'>christianorum</span> 
     </span>
     <span class='ocr_line' id='line_1_17' title="bbox 574 2067 2125 2156; baseline -0.005 -22"><span class='ocrx_word' id='word_1_183' title='bbox 574 2070 760 2150; x_wconf 82' lang='lat' dir='ltr'>perduceret</span> <span class='ocrx_word' id='word_1_184' title='bbox 790 2074 826 2137; x_wconf 88' lang='lat' dir='ltr'>Et</span> <span class='ocrx_word' id='word_1_185' title='bbox 847 2091 932 2150; x_wconf 90' lang='lat' dir='ltr'>sane,</span> <span class='ocrx_word' id='word_1_186' title='bbox 956 2084 990 2137; x_wconf 92' lang='lat' dir='ltr'>ut</span> <span class='ocrx_word' id='word_1_187' title='bbox 1012 2075 1117 2154; x_wconf 86' lang='lat' dir='ltr'>inquit</span> <span class='ocrx_word' id='word_1_188' title='bbox 1143 2077 1317 2156; x_wconf 76' lang='lat' dir='ltr'>Apostolus,</span> <span class='ocrx_word' id='word_1_189' title='bbox 1344 2102 1347 2135; x_wconf 83' lang='lat' dir='ltr'>t</span> <span class='ocrx_word' id='word_1_190' title='bbox 1373 2071 1551 2150; x_wconf 90' lang='lat' dir='ltr'>principum</span> <span class='ocrx_word' id='word_1_191' title='bbox 1572 2070 1746 2143; x_wconf 78' lang='lat' dir='ltr'>concordia,</span> <span class='ocrx_word' id='word_1_192' title='bbox 1765 2069 1928 2132; x_wconf 87' lang='lat' dir='ltr'>haeresum</span> <span class='ocrx_word' id='word_1_193' title='bbox 1942 2067 2125 2145; x_wconf 82' lang='lat' dir='ltr'>extirpatio-</span> 
     </span>
     <span class='ocr_line' id='line_1_18' title="bbox 573 2160 2125 2246; baseline -0.003 -20"><span class='ocrx_word' id='word_1_194' title='bbox 573 2165 728 2244; x_wconf 90' lang='lat' dir='ltr'>quomodu</span> <span class='ocrx_word' id='word_1_195' title='bbox 749 2168 874 2230; x_wconf 87' lang='lat' dir='ltr'>credent</span> <span class='ocrx_word' id='word_1_196' title='bbox 889 2168 918 2230; x_wconf 89' lang='lat' dir='ltr'>ei</span> <span class='ocrx_word' id='word_1_197' title='bbox 933 2184 1026 2246; x_wconf 87' lang='lat' dir='ltr'>quem</span> <span class='ocrx_word' id='word_1_198' title='bbox 1050 2184 1112 2232; x_wconf 94' lang='lat' dir='ltr'>non</span> <span class='ocrx_word' id='word_1_199' title='bbox 1135 2170 1319 2233; x_wconf 71' lang='lat' dir='ltr'>audierunt?</span> <span class='ocrx_word' id='word_1_200' title='bbox 1373 2179 1426 2239; x_wconf 84' lang='lat' dir='ltr'>ne,</span> <span class='ocrx_word' id='word_1_201' title='bbox 1448 2163 1610 2243; x_wconf 74' lang='lat' dir='ltr'>gloriaque</span> <span class='ocrx_word' id='word_1_202' title='bbox 1628 2171 1750 2225; x_wconf 90' lang='lat' dir='ltr'>sauctae</span> <span class='ocrx_word' id='word_1_203' title='bbox 1765 2163 1871 2225; x_wconf 89' lang='lat' dir='ltr'>matris</span> <span class='ocrx_word' id='word_1_204' title='bbox 1886 2161 2038 2226; x_wconf 79' lang='lat' dir='ltr'>Ecclesiae</span> <span class='ocrx_word' id='word_1_205' title='bbox 2060 2160 2125 2238; x_wconf 88' lang='lat' dir='ltr'>pias</span> 
     </span>
     <span class='ocr_line' id='line_1_19' title="bbox 475 2255 2081 2339; baseline 0.009 -21"><span class='ocrx_word' id='word_1_206' title='bbox 475 2260 479 2266; x_wconf 81' lang='grc'><strong><em>’</em></strong></span> <span class='ocrx_word' id='word_1_207' title='bbox 573 2258 728 2336; x_wconf 88' lang='lat' dir='ltr'>quomodo</span> <span class='ocrx_word' id='word_1_208' title='bbox 749 2269 852 2323; x_wconf 89' lang='lat' dir='ltr'>autem</span> <span class='ocrx_word' id='word_1_209' title='bbox 873 2260 999 2323; x_wconf 87' lang='lat' dir='ltr'>audient</span> <span class='ocrx_word' id='word_1_210' title='bbox 1019 2261 1088 2324; x_wconf 87' lang='lat' dir='ltr'>sine</span> <span class='ocrx_word' id='word_1_211' title='bbox 1109 2263 1319 2339; x_wconf 84' lang='lat' dir='ltr'>praedicantei</span> <span class='ocrx_word' id='word_1_212' title='bbox 1344 2288 1347 2337; x_wconf 78' lang='lat' dir='ltr'>t</span> <span class='ocrx_word' id='word_1_213' title='bbox 1373 2257 1408 2318; x_wconf 74' lang='lat' dir='ltr'>ad</span> <span class='ocrx_word' id='word_1_214' title='bbox 1432 2258 1531 2320; x_wconf 77' lang='lat' dir='ltr'>Deum</span> <span class='ocrx_word' id='word_1_215' title='bbox 1553 2272 1658 2336; x_wconf 71' lang='lat' dir='ltr'>preces</span> <span class='ocrx_word' id='word_1_216' title='bbox 1679 2255 1852 2332; x_wconf 64' lang='lat' dir='ltr'>effundam,</span> <span class='ocrx_word' id='word_1_217' title='bbox 1869 2257 2081 2335; x_wconf 65' lang='lat' dir='ltr'>impertimus·</span> 
     </span>
     <span class='ocr_line' id='line_1_20' title="bbox 574 2347 2126 2430; baseline -0.001 -18"><span class='ocrx_word' id='word_1_218' title='bbox 574 2353 729 2430; x_wconf 88' lang='lat' dir='ltr'>quomodo</span> <span class='ocrx_word' id='word_1_219' title='bbox 741 2368 814 2415; x_wconf 89' lang='lat' dir='ltr'>vero</span> <span class='ocrx_word' id='word_1_220' title='bbox 825 2354 1043 2430; x_wconf 87' lang='lat' dir='ltr'>praedicabunt</span> <span class='ocrx_word' id='word_1_221' title='bbox 1059 2355 1117 2418; x_wconf 91' lang='lat' dir='ltr'>nisi</span> <span class='ocrx_word' id='word_1_222' title='bbox 1134 2356 1319 2420; x_wconf 77' lang='lat' dir='ltr'>mittantur?</span> <span class='ocrx_word' id='word_1_223' title='bbox 1414 2351 1483 2424; x_wconf 78' lang='lat'>§3-</span> <span class='ocrx_word' id='word_1_224' title='bbox 1507 2351 1698 2429; x_wconf 67' lang='lat' dir='ltr'>Haseutem</span> <span class='ocrx_word' id='word_1_225' title='bbox 1730 2349 1834 2412; x_wconf 87' lang='lat' dir='ltr'>literas</span> <span class='ocrx_word' id='word_1_226' title='bbox 1861 2358 2011 2428; x_wconf 89' lang='lat' dir='ltr'>perpetua</span> <span class='ocrx_word' id='word_1_227' title='bbox 2033 2347 2126 2410; x_wconf 85' lang='lat' dir='ltr'>volu-</span> 
     </span>
     <span class='ocr_line' id='line_1_21' title="bbox 574 2440 2125 2527; baseline -0.003 -21"><span class='ocrx_word' id='word_1_228' title='bbox 574 2443 636 2506; x_wconf 91' lang='lat' dir='ltr'>Nos</span> <span class='ocrx_word' id='word_1_229' title='bbox 657 2445 761 2524; x_wconf 82' lang='lat' dir='ltr'>itaque</span> <span class='ocrx_word' id='word_1_230' title='bbox 783 2446 957 2510; x_wconf 87' lang='lat' dir='ltr'>huiusmodi</span> <span class='ocrx_word' id='word_1_231' title='bbox 979 2444 1141 2524; x_wconf 87' lang='lat' dir='ltr'>Societati,</span> <span class='ocrx_word' id='word_1_232' title='bbox 1165 2460 1318 2527; x_wconf 86' lang='lat' dir='ltr'>qnantum</span> <span class='ocrx_word' id='word_1_233' title='bbox 1375 2458 1443 2506; x_wconf 86' lang='lat' dir='ltr'>mus</span> <span class='ocrx_word' id='word_1_234' title='bbox 1465 2441 1594 2505; x_wconf 76' lang='lat' dir='ltr'>efficacii</span> <span class='ocrx_word' id='word_1_235' title='bbox 1619 2442 1752 2520; x_wconf 81' lang='lat' dir='ltr'>pollere3</span> <span class='ocrx_word' id='word_1_236' title='bbox 1775 2457 1945 2520; x_wconf 87' lang='lat' dir='ltr'>earumque</span> <span class='ocrx_word' id='word_1_237' title='bbox 1970 2440 2125 2519; x_wconf 79' lang='lat' dir='ltr'>exemplis</span> 
     </span>
     <span class='ocr_line' id='line_1_22' title="bbox 573 2532 2125 2620; baseline -0.005 -20"><span class='ocrx_word' id='word_1_238' title='bbox 573 2539 636 2600; x_wconf 86' lang='lat' dir='ltr'>beo</span> <span class='ocrx_word' id='word_1_239' title='bbox 657 2539 790 2618; x_wconf 90' lang='lat' dir='ltr'>propitio</span> <span class='ocrx_word' id='word_1_240' title='bbox 818 2554 997 2618; x_wconf 84' lang='lat' dir='ltr'>possumus,</span> <span class='ocrx_word' id='word_1_241' title='bbox 1020 2539 1125 2602; x_wconf 82' lang='lat' dir='ltr'>lavere</span> <span class='ocrx_word' id='word_1_242' title='bbox 1147 2542 1317 2620; x_wconf 87' lang='lat' dir='ltr'>cupientes,</span> <span class='ocrx_word' id='word_1_243' title='bbox 1374 2538 1468 2599; x_wconf 89' lang='lat' dir='ltr'>etiam</span> <span class='ocrx_word' id='word_1_244' title='bbox 1491 2535 1663 2613; x_wconf 83' lang='lat' dir='ltr'>impressis,</span> <span class='ocrx_word' id='word_1_245' title='bbox 1686 2549 1843 2614; x_wconf 83' lang='lat' dir='ltr'>manuque</span> <span class='ocrx_word' id='word_1_246' title='bbox 1865 2534 1981 2613; x_wconf 90' lang='lat' dir='ltr'>publici</span> <span class='ocrx_word' id='word_1_247' title='bbox 2009 2532 2125 2596; x_wconf 85' lang='lat' dir='ltr'>notarii</span> 
     </span>
     <span class='ocr_line' id='line_1_23' title="bbox 573 2627 2125 2708; baseline -0.005 -14"><span class='ocrx_word' id='word_1_248' title='bbox 573 2646 679 2708; x_wconf 89' lang='lat' dir='ltr'>preces</span> <span class='ocrx_word' id='word_1_249' title='bbox 701 2633 766 2693; x_wconf 86' lang='lat' dir='ltr'>eius</span> <span class='ocrx_word' id='word_1_250' title='bbox 788 2633 918 2695; x_wconf 92' lang='lat' dir='ltr'>nomine</span> <span class='ocrx_word' id='word_1_251' title='bbox 939 2633 1026 2695; x_wconf 92' lang='lat' dir='ltr'>nobis</span> <span class='ocrx_word' id='word_1_252' title='bbox 1047 2633 1150 2697; x_wconf 85' lang='lat' dir='ltr'>allatas</span> <span class='ocrx_word' id='word_1_253' title='bbox 1173 2634 1262 2698; x_wconf 85' lang='lat' dir='ltr'>alacri</span> <span class='ocrx_word' id='word_1_254' title='bbox 1284 2635 1319 2698; x_wconf 93' lang='lat' dir='ltr'>li·</span> <span class='ocrx_word' id='word_1_255' title='bbox 1373 2629 1564 2707; x_wconf 90' lang='lat' dir='ltr'>subscriptis,</span> <span class='ocrx_word' id='word_1_256' title='bbox 1576 2637 1607 2690; x_wconf 91' lang='lat' dir='ltr'>et</span> <span class='ocrx_word' id='word_1_257' title='bbox 1622 2643 1678 2707; x_wconf 89' lang='lat' dir='ltr'>per</span> <span class='ocrx_word' id='word_1_258' title='bbox 1697 2627 1904 2690; x_wconf 90' lang='lat' dir='ltr'>constitutum</span> <span class='ocrx_word' id='word_1_259' title='bbox 1928 2629 1959 2689; x_wconf 91' lang='lat' dir='ltr'>in</span> <span class='ocrx_word' id='word_1_260' title='bbox 1982 2627 2125 2690; x_wconf 87' lang='lat' dir='ltr'>ecclesia·</span> 
     </span>
     <span class='ocr_line' id='line_1_24' title="bbox 472 2719 2124 2804; baseline -0.004 -17"><span class='ocrx_word' id='word_1_261' title='bbox 472 2767 478 2778; x_wconf 86' lang='lat'><strong>·</strong></span> <span class='ocrx_word' id='word_1_262' title='bbox 573 2723 721 2802; x_wconf 85' lang='lat' dir='ltr'>beutique</span> <span class='ocrx_word' id='word_1_263' title='bbox 752 2726 855 2787; x_wconf 88' lang='lat' dir='ltr'>animo</span> <span class='ocrx_word' id='word_1_264' title='bbox 877 2724 1019 2803; x_wconf 79' lang='lat' dir='ltr'>excipere</span> <span class='ocrx_word' id='word_1_265' title='bbox 1044 2729 1221 2804; x_wconf 88' lang='lat' dir='ltr'>statuimus,</span> <span class='ocrx_word' id='word_1_266' title='bbox 1244 2731 1318 2791; x_wconf 91' lang='lat' dir='ltr'>dum</span> <span class='ocrx_word' id='word_1_267' title='bbox 1344 2732 1347 2747; x_wconf 87' lang='lat'><strong><em>‘</em></strong></span> <span class='ocrx_word' id='word_1_268' title='bbox 1373 2722 1447 2784; x_wconf 80' lang='lat' dir='ltr'>stica</span> <span class='ocrx_word' id='word_1_269' title='bbox 1469 2722 1620 2798; x_wconf 84' lang='lat' dir='ltr'>dignitate</span> <span class='ocrx_word' id='word_1_270' title='bbox 1641 2721 1747 2782; x_wconf 83' lang='lat' dir='ltr'>uirum</span> <span class='ocrx_word' id='word_1_271' title='bbox 1762 2719 1865 2798; x_wconf 88' lang='lat' dir='ltr'>sigillo</span> <span class='ocrx_word' id='word_1_272' title='bbox 1883 2720 2024 2796; x_wconf 89' lang='lat' dir='ltr'>munitis,</span> <span class='ocrx_word' id='word_1_273' title='bbox 2041 2735 2124 2781; x_wconf 92' lang='lat' dir='ltr'>eam·</span> 
     </span>
     <span class='ocr_line' id='line_1_25' title="bbox 573 2812 2125 2898; baseline 0.005 -21"><span class='ocrx_word' id='word_1_274' title='bbox 573 2833 589 2877; x_wconf 87' lang='lat' dir='ltr'>a</span> <span class='ocrx_word' id='word_1_275' title='bbox 612 2817 700 2880; x_wconf 90' lang='lat' dir='ltr'>nobis</span> <span class='ocrx_word' id='word_1_276' title='bbox 722 2819 855 2895; x_wconf 89' lang='lat' dir='ltr'>petitum</span> <span class='ocrx_word' id='word_1_277' title='bbox 870 2818 1319 2898; x_wconf 84' lang='lat' dir='ltr'>est,utsacrisaliquibi1sln·</span> <span class='ocrx_word' id='word_1_278' title='bbox 1374 2816 1445 2878; x_wconf 90' lang='lat' dir='ltr'>dem</span> <span class='ocrx_word' id='word_1_279' title='bbox 1477 2815 1569 2878; x_wconf 87' lang='lat' dir='ltr'>iidem</span> <span class='ocrx_word' id='word_1_280' title='bbox 1601 2812 1798 2876; x_wconf 88' lang='lat' dir='ltr'>tribuendam</span> <span class='ocrx_word' id='word_1_281' title='bbox 1828 2813 2012 2887; x_wconf 83' lang='lat' dir='ltr'>statuimus,</span> <span class='ocrx_word' id='word_1_282' title='bbox 2043 2828 2125 2891; x_wconf 67' lang='lat' dir='ltr'>quae</span> 
     </span>
     <span class='ocr_line' id='line_1_26' title="bbox 574 2905 2124 2990; baseline -0.005 -17"><span class='ocrx_word' id='word_1_283' title='bbox 574 2909 744 2988; x_wconf 89' lang='lat' dir='ltr'>dulgentiis</span> <span class='ocrx_word' id='word_1_284' title='bbox 763 2911 905 2973; x_wconf 87' lang='lat' dir='ltr'>eamdem</span> <span class='ocrx_word' id='word_1_285' title='bbox 926 2911 1021 2990; x_wconf 90' lang='lat' dir='ltr'>ipsam</span> <span class='ocrx_word' id='word_1_286' title='bbox 1048 2912 1145 2974; x_wconf 88' lang='lat' dir='ltr'>ditare</span> <span class='ocrx_word' id='word_1_287' title='bbox 1166 2914 1309 2976; x_wconf 90' lang='lat' dir='ltr'>velimus.</span> <span class='ocrx_word' id='word_1_288' title='bbox 1373 2907 1562 2970; x_wconf 87' lang='lat' dir='ltr'>concessioni</span> <span class='ocrx_word' id='word_1_289' title='bbox 1585 2913 1707 2968; x_wconf 88' lang='lat' dir='ltr'>nostrae</span> <span class='ocrx_word' id='word_1_290' title='bbox 1729 2906 1786 2968; x_wconf 91' lang='lat' dir='ltr'>hoc</span> <span class='ocrx_word' id='word_1_291' title='bbox 1807 2905 1873 2984; x_wconf 93' lang='lat' dir='ltr'>ipso</span> <span class='ocrx_word' id='word_1_292' title='bbox 1900 2905 2068 2984; x_wconf 88' lang='lat' dir='ltr'>diplomate</span> <span class='ocrx_word' id='word_1_293' title='bbox 2090 2921 2124 2966; x_wconf 90' lang='lat' dir='ltr'>o·</span> 
     </span>
     <span class='ocr_line' id='line_1_27' title="bbox 614 2999 1676 3125; baseline -0.006 -60"><span class='ocrx_word' id='word_1_294' title='bbox 614 3003 684 3080; x_wconf 70' lang='lat'>52.</span> <span class='ocrx_word' id='word_1_295' title='bbox 706 3002 1246 3083; x_wconf 85' lang='lat' dir='ltr'>Quapropterdeomnipotentisllei</span> <span class='ocrx_word' id='word_1_296' title='bbox 1263 3007 1320 3068; x_wconf 87' lang='lat' dir='ltr'>mi·</span> <span class='ocrx_word' id='word_1_297' title='bbox 1344 3058 1347 3125; x_wconf 52' lang='lat'><em>4</em></span> <span class='ocrx_word' id='word_1_298' title='bbox 1372 3008 1477 3062; x_wconf 86' lang='lat' dir='ltr'>stenso</span> <span class='ocrx_word' id='word_1_299' title='bbox 1498 2999 1676 3061; x_wconf 84' lang='lat' dir='ltr'>haberetur.</span> 
     </span>
     <span class='ocr_line' id='line_1_28' title="bbox 573 3091 2124 3176; baseline -0.005 -17"><span class='ocrx_word' id='word_1_300' title='bbox 573 3097 737 3160; x_wconf 79' lang='lat' dir='ltr'>sericordii</span> <span class='ocrx_word' id='word_1_301' title='bbox 757 3113 791 3159; x_wconf 89' lang='lat' dir='ltr'>ac</span> <span class='ocrx_word' id='word_1_302' title='bbox 813 3095 870 3157; x_wconf 86' lang='grc' dir='ltr'>ΒΒ.</span> <span class='ocrx_word' id='word_1_303' title='bbox 895 3094 978 3158; x_wconf 90' lang='lat' dir='ltr'>Petri</span> <span class='ocrx_word' id='word_1_304' title='bbox 998 3103 1029 3158; x_wconf 90' lang='lat' dir='ltr'>et</span> <span class='ocrx_word' id='word_1_305' title='bbox 1054 3097 1139 3159; x_wconf 87' lang='lat' dir='ltr'>Pauli</span> <span class='ocrx_word' id='word_1_306' title='bbox 1160 3099 1320 3176; x_wconf 78' lang='lat' dir='ltr'>Apostolo-</span> <span class='ocrx_word' id='word_1_307' title='bbox 1345 3130 1346 3161; x_wconf 83' lang='lat' dir='ltr'>t</span> <span class='ocrx_word' id='word_1_308' title='bbox 1412 3095 1524 3156; x_wconf 84' lang='lat' dir='ltr'>batum</span> <span class='ocrx_word' id='word_1_309' title='bbox 1535 3091 1649 3153; x_wconf 87' lang='lat' dir='ltr'>Romae</span> <span class='ocrx_word' id='word_1_310' title='bbox 1660 3093 1740 3170; x_wconf 88' lang='lat' dir='ltr'>apud</span> <span class='ocrx_word' id='word_1_311' title='bbox 1755 3092 1786 3155; x_wconf 88' lang='lat' dir='ltr'>S.</span> <span class='ocrx_word' id='word_1_312' title='bbox 1799 3091 1995 3156; x_wconf 88' lang='lat' dir='ltr'>Petrumsub</span> <span class='ocrx_word' id='word_1_313' title='bbox 2005 3092 2124 3153; x_wconf 90' lang='lat' dir='ltr'>annulo</span> 
     </span>
     <span class='ocr_line' id='line_1_29' title="bbox 574 3170 2122 3332; baseline -0.003 -78"><span class='ocrx_word' id='word_1_314' title='bbox 574 3207 647 3254; x_wconf 89' lang='lat' dir='ltr'>rum</span> <span class='ocrx_word' id='word_1_315' title='bbox 669 3189 735 3254; x_wconf 86' lang='lat' dir='ltr'>eius</span> <span class='ocrx_word' id='word_1_316' title='bbox 756 3190 937 3253; x_wconf 90' lang='lat' dir='ltr'>auctoritate</span> <span class='ocrx_word' id='word_1_317' title='bbox 957 3191 1077 3266; x_wconf 82' lang='lat' dir='ltr'>confisi,</span> <span class='ocrx_word' id='word_1_318' title='bbox 1099 3191 1231 3268; x_wconf 84' lang='lat' dir='ltr'>singulis</span> <span class='ocrx_word' id='word_1_319' title='bbox 1252 3192 1319 3270; x_wconf 87' lang='lat' dir='ltr'>qui·</span> <span class='ocrx_word' id='word_1_320' title='bbox 1344 3170 1347 3332; x_wconf 43' lang='grc' dir='ltr'><em>ἱ</em></span> <span class='ocrx_word' id='word_1_321' title='bbox 1374 3186 1531 3267; x_wconf 90' lang='lat' dir='ltr'>piscatoris</span> <span class='ocrx_word' id='word_1_322' title='bbox 1560 3185 1609 3248; x_wconf 88' lang='lat' dir='ltr'>die</span> <span class='ocrx_word' id='word_1_323' title='bbox 1637 3201 1714 3246; x_wconf 82' lang='lat' dir='ltr'>xxx.</span> <span class='ocrx_word' id='word_1_324' title='bbox 1746 3185 1877 3247; x_wconf 87' lang='lat' dir='ltr'>ianuarii</span> <span class='ocrx_word' id='word_1_325' title='bbox 1905 3201 2122 3262; x_wconf 74' lang='lat' dir='ltr'>uocceuxrx,</span> 
     </span>
     <span class='ocr_line' id='line_1_30' title="bbox 574 3279 1850 3363; baseline -0.005 -16"><span class='ocrx_word' id='word_1_326' title='bbox 574 3285 694 3363; x_wconf 86' lang='lat' dir='ltr'>busque</span> <span class='ocrx_word' id='word_1_327' title='bbox 714 3283 747 3346; x_wconf 92' lang='lat' dir='ltr'>in</span> <span class='ocrx_word' id='word_1_328' title='bbox 774 3298 844 3345; x_wconf 90' lang='lat' dir='ltr'>eam</span> <span class='ocrx_word' id='word_1_329' title='bbox 863 3282 1049 3346; x_wconf 88' lang='lat' dir='ltr'>Societatem</span> <span class='ocrx_word' id='word_1_330' title='bbox 1070 3284 1217 3363; x_wconf 89' lang='lat' dir='ltr'>cooptatis</span> <span class='ocrx_word' id='word_1_331' title='bbox 1245 3300 1318 3346; x_wconf 86' lang='lat' dir='ltr'>vere</span> <span class='ocrx_word' id='word_1_332' title='bbox 1373 3279 1570 3360; x_wconf 83' lang='lat' dir='ltr'>pontificatus</span> <span class='ocrx_word' id='word_1_333' title='bbox 1590 3279 1688 3341; x_wconf 93' lang='lat' dir='ltr'>nostri</span> <span class='ocrx_word' id='word_1_334' title='bbox 1708 3293 1792 3341; x_wconf 86' lang='lat' dir='ltr'>anno</span> <span class='ocrx_word' id='word_1_335' title='bbox 1806 3295 1850 3340; x_wconf 87' lang='lat' dir='ltr'>vr.</span> 
     </span>
    </p>
   </div>
   <div class='ocr_carea' id='block_1_3' title="bbox 0 0 2433 7010">
    <p class='ocr_par' dir='ltr' id='par_1_3' title="bbox 0 0 2433 7010">
     <span class='ocr_line' id='line_1_31' title="bbox 0 0 2433 7010; baseline 0 0"><span class='ocrx_word' id='word_1_336' title='bbox 0 0 2433 7010; x_wconf 95' lang='lat' dir='ltr'> </span> 
     </span>
    </p>
   </div>
  </div>
 </body>
</html>
