4856 7010
370 536 425 597 An.
439 541 469 598 0.
490 536 559 596 teet
609 531 667 608 702

372 691 571 751 nouuopcrce-
629 679 648 755 g
668 677 717 741 25.
740 674 882 743 Feliciori
900 678 1028 758 insuper
1042 677 1248 758 parochorum
1262 690 1334 738 con·

359 746 466 795 ciarum.
588 771 711 847 ditioni,
733 773 787 836 ubi
809 774 971 837 necessitas
993 770 1137 852 postulet,
1160 776 1334 849 opportune

588 865 838 944 prospiciendum
864 866 1046 940 iudicantes,
1068 866 1215 944 pietatem
1238 864 1333 940 impe·

588 957 671 1020 rialis
685 959 789 1036 regiae
804 959 971 1022 maiestatis
985 975 1058 1021 suae
1073 958 1105 1020 in
1121 964 1242 1020 tanturn
1259 971 1334 1033 opus

588 1051 821 1130 compellamus,
844 1053 974 1116 minime
995 1052 1182 1128 dubitantes,
1203 1050 1279 1131 quin
1301 1050 1334 1110 in

588 1142 619 1206 id
641 1146 734 1208 etiam
755 1147 893 1226 apprime
914 1144 1093 1209 consultum
1116 1151 1255 1224 exoptet:
1279 1157 1334 1220 pru

587 1239 730 1318 ampliori
751 1241 880 1316 etenim,
898 1239 950 1303 ubi
969 1255 1045 1318 opus
1058 1239 1109 1314 sit,
1125 1237 1334 1318 paroeciarum

588 1332 740 1395 diuisione
755 1332 913 1396 facultates
925 1332 1135 1395 iniradicendo
1150 1329 1334 1410 exequutori

588 1415 799 1506 impertimur,
822 1433 869 1502 ut,
892 1442 926 1489 re
949 1442 1021 1490 cunr
1045 1424 1207 1488 ordinariis
1235 1421 1335 1486 conci-

588 1519 670 1593 liata,
693 1519 773 1598 quod
804 1519 837 1582 in
867 1518 1052 1598 populorum
1085 1517 1334 1581 commoditatem

587 1619 700 1687 uertat,
722 1617 895 1690 opportune
915 1611 1009 1689 possit
1030 1611 1205 1674 decernere.

419 1715 570 1763 cousutttur
628 1705 716 1780 gad.
740 1704 866 1779 Quando
895 1704 982 1768 sedes
1012 1704 1174 1779 vacabunt,
1202 1701 1335 1764 vicarius

356 1769 570 1888 ἷῗὲτιῗιῖιωιέιῖξὲῗξ
588 1798 765 1878 capitularis
790 1798 1001 1874 ecclesiarum,
1024 1797 1135 1876 quibus
1163 1796 1239 1858 aliae
1264 1811 1334 1858 con·

357 1877 549 1926 ¹⁰l⁸²³²¹⁰¹¹¹⁸·
587 1891 775 1954 cathedrales
803 1897 877 1954 sunt
907 1891 1024 1966 unitae,
1049 1891 1189 1968 regimen
1218 1888 1335 1951 tenebit

588 1985 679 2047 etiarn
702 1983 953 2060 concathedralis,
974 1984 1061 2046 cuius
1075 1983 1205 2061 proinde
1218 1981 1337 2061 eapitu-

588 2077 654 2139 lum
675 2091 738 2140 non
760 2077 873 2157 poterit
895 2077 1049 2140 vicarium
1064 2075 1263 2155 capitularem
1278 2073 1334 2135 sibi

587 2168 714 2248 eligere.
739 2171 883 2232 httamen
906 2169 979 2231 nuri
1002 2168 1142 2248 Episcopi
1172 2165 1335 2248 possessio-

587 2279 660 2326 nem
681 2263 773 2326 delati
794 2262 853 2325 sibi
873 2262 1013 2324 muneris
1034 2262 1068 2324 in
1092 2263 1129 2323 iis
1150 2275 1273 2340 quoque
1287 2275 1334 2322 ec

586 2355 685 2419 olesiis
705 2357 886 2436 suscipient,
908 2356 1122 2436 curabuntqne
1143 2370 1198 2433 per
1213 2355 1333 2436 aliquod

587 2448 662 2511 anni
682 2457 816 2528 tempus,
839 2467 873 2512 ac
894 2449 1075 2528 praesertim
1103 2450 1134 2512 in
1156 2459 1333 2512 sanctorum

587 2541 760 2605 titularium
782 2541 1041 2618 solemnitatibus,
1058 2542 1171 2606 ibidem
1185 2543 1332 2606 residere.

375 2654 524 2720 nostraquo
538 2653 569 2700 u-
626 2637 645 2712 S
666 2635 717 2700 27.
740 2636 915 2712 designatio
938 2636 1070 2699 titularis
1089 2637 1120 2698 in
1135 2636 1273 2714 partibus
1288 2637 1334 2698 in·

356 2708 451 2810 ἶῗέῗξ*
466 2717 569 2809 ffipffi‘l
588 2729 727 2793 fidelium
749 2729 903 2808 Episcopi,
926 2731 979 2809 qui
1002 2729 1047 2791 uti
1069 2730 1227 2792 auxiliaris
1245 2731 1278 2791 in
1294 2730 1336 2792 ei-

357 2818 428 2865 ¹³¹¹¹¹¹·
587 2826 682 2886 ritate
703 2823 898 2887 blacharslxae
919 2823 1027 2886 debeat
1047 2823 1193 2899 residere,
1209 2823 1245 2886 iis
1260 2824 1334 2902 legi·

588 2919 644 2981 bns
665 2917 859 2992 conficietur,
882 2916 993 2997 quibus
1013 2918 1127 2980 caeteri
1149 2919 1181 2979 in
1203 2918 1336 2980 serenis-

587 3011 684 3074 simae
714 3010 890 3074 austriacas
920 3009 1031 3073 domus
1062 3011 1229 3074 ditionibus
1250 3011 1334 3074 auxi-

589 3105 679 3168 liares
710 3103 853 3184 Episcopi
883 3105 919 3166 ad
949 3103 1132 3183 pontificalia
1164 3107 1333 3184 peragenda

588 3200 809 3262 adsciscuntur.

370 3311 404 3357 nc
417 3309 570 3370 taponaco·
628 3293 647 3367 ἓ
667 3289 716 3354 28.
733 3291 778 3354 Ad
794 3289 1022 3354 consulendum
1039 3299 1196 3369 praeterea
1212 3291 1334 3354 utilitati

356 3364 570 3476 ῗὲῃῗῖξξξῖἕῆῗζ
589 3385 774 3467 populorum
796 3385 839 3448 sic
856 3389 996 3463 utsupra
1013 3384 1191 3462 respectivis
1208 3385 1334 3448 Antisti·

355 3470 569 3574 {lssffifflggfflg}
588 3480 670 3543 tibus
691 3477 913 3554 subiectorum,
936 3479 1150 3558 praecipimus,
1174 3488 1209 3542 ut
1230 3480 1334 3542 omnia

586 3583 618 3638 et
634 3572 757 3651 singula
771 3571 955 3639 documenta
970 3571 1164 3650 respicientia
1179 3573 1331 3647 ecclesias,

586 3668 739 3747 paroecias
760 3673 790 3730 et
809 3665 884 3742 loca,
901 3675 1041 3744 utsupra
1056 3667 1285 3745 dismembrata,
1300 3685 1333 3731 ac

586 3764 624 3826 de
645 3776 728 3826 novo
748 3760 906 3840 applicata,
930 3776 946 3820 a
966 3760 1124 3823 veteribus
1146 3762 1334 3824 cancellariis

585 3857 718 3932 extrahi,
741 3863 773 3918 et
793 3851 982 3917 cancellariis
1012 3853 1201 3917 dioecesium
1221 3856 1334 3936 quibus

587 3949 638 4012 illa
654 3949 818 4012 coniuncta
831 3956 927 4010 erunt
941 3954 1113 4028 opportuna
1128 3946 1226 4011 forma
1242 3949 1332 4027 tradi,

586 4050 678 4122 atque
701 4043 732 4104 in
754 4043 801 4102 his
822 4050 971 4120 perpetuo
992 4041 1123 4103 debeant
1144 4045 1305 4104 asservari.

390 4154 425 4200 oc
443 4152 570 4200 tructione
628 4135 717 4212 §tta
740 4134 918 4198 blandamus
944 4136 1068 4214 pariter,
1092 4147 1138 4214 ut,
1165 4137 1266 4202 habita
1289 4158 1335 4203 ra·

357 4207 571 4308 ffssliffifflpi‘i
590 4233 673 4296 tione
696 4230 770 4293 noxi
789 4237 885 4292 status
906 4245 939 4290 ac
961 4231 1137 4294 reddituum
1153 4248 1334 4298 mensarum

356 4311 514 4415 ggffllffiff
532 4313 571 4362 ¹¹¹·
588 4323 848 4404 archiepiscopalis
879 4329 909 4384 et
940 4323 1175 4405 episcopalium,
1208 4330 1334 4392 eaedem

588 4427 798 4496 congruenter
811 4416 874 4478 sint
889 4425 1019 4493 taxatae,
1034 4431 1204 4499 earumque
1220 4429 1286 4483 taxa
1302 4423 1333 4485 in

587 4511 674 4574 libris
695 4525 833 4574 camerae
860 4509 1042 4588 apostolicae
1063 4513 1169 4575 debeat
1191 4515 1228 4577 de
1249 4532 1336 4579 more

587 4606 728 4670 describi.

370 4707 569 4772 ncpqmucexe·
628 4701 647 4778 5
669 4698 717 4762 30.
741 4699 780 4762 Ut
801 4706 905 4762 autem
926 4709 1035 4764 cuncta
1057 4717 1072 4761 a
1091 4701 1180 4764 nobis
1196 4712 1335 4784 utsupra

357 4767 454 4862 flugitare
470 4766 570 4820 ΜΨ
587 4795 731 4874 disposita
752 4795 824 4870 rite,
846 4793 978 4858 lelioiter
996 4812 1028 4857 ac
1042 4796 1186 4860 celeriter
1201 4799 1236 4861 ad
1252 4806 1336 4878 opta·

589 4896 653 4951 turn
668 4889 788 4951 exitum
800 4889 1022 4968 perducantur,
1035 4891 1266 4954 venerabilibus
1277 4893 1335 4954 ira·

588 4981 686 5046 tribus
707 4982 834 5060 losepho
849 4981 989 5045 Walland
1006 4981 1154 5064 Episcopo
1167 4985 1334 5050 Goritiensi

587 5091 642 5138 seu
657 5075 852 5152 Gradiscanu,
868 5081 959 5154 atque
973 5076 1111 5140 Antonio
1126 5078 1240 5141 hloisio
1252 5079 1337 5144 Woli

588 5169 736 5248 Episcopo
766 5168 941 5244 Labacensi,
965 5185 1042 5248 quos
1064 5170 1096 5232 in
1124 5175 1332 5250 praesentium

588 5262 751 5327 literarum
772 5270 980 5341 exequutores
1001 5263 1145 5340 eligimus
1162 5283 1195 5329 ac
1209 5267 1334 5344 deputa-

588 5371 669 5432 mus,
692 5371 800 5418 omnes
822 5365 852 5416 et
872 5355 1009 5433 singulas
1030 5359 1214 5421 necessarias
1236 5367 1267 5422 et
1282 5377 1335 5440 op·

587 5459 737 5527 portunas
757 5449 955 5512 concedimus
976 5449 1148 5528 iacultates,
1170 5461 1205 5515 ut
1227 5455 1332 5530 etiam,

587 5545 641 5607 ubi
663 5558 738 5623 opus
759 5543 864 5621 luerit,
881 5559 935 5623 per·
949 5544 1024 5607 alios
1040 5546 1121 5608 viros
1135 5547 1335 5612 ecclesiastica

588 5638 739 5716 dignitate
770 5638 1000 5719 praefulgentes
1030 5641 1068 5703 ab
1097 5641 1134 5703 iis
1160 5643 1333 5721 specialiter

586 5732 830 5810 subdelegandos
841 5743 950 5798 cuncta
960 5737 1103 5814 superius
1118 5735 1255 5799 ordinata
1266 5753 1334 5816 per-

587 5843 691 5904 agere,
701 5834 849 5902 statuere,
865 5828 1039 5906 disponere,
1055 5828 1223 5894 decernere
1237 5848 1271 5894 ac
1283 5849 1335 5894 su-

586 5935 642 6008 per
662 5936 857 6004 quacumque
878 5922 1070 6000 oppositione
1088 5926 1234 5988 adversus
1247 5942 1335 6005 prae·

952 6103 962 6136 l

1103 554 1168 606 illll·
1192 551 1283 604 PON'l‘·
1307 554 1348 604 DE
1368 554 1398 601 P.
1422 549 1451 602 ti.
1476 553 1558 602 PARS
1579 549 1602 599 1.

2167 525 2218 578 Aa.
2230 528 2256 582 d.
2272 533 2323 588 itte

1391 673 1481 736 missa
1503 673 1536 736 in
1558 680 1627 736 actu
1659 667 1878 751 exequutionis
1905 666 2138 748 quomodolibet

1390 767 1492 832 lorsan
1514 769 1632 832 oritura
1651 783 1829 845 agnoscere,
1845 783 1878 828 ac
1892 762 2053 828 definitive
2066 777 2139 840 pro·
2391 777 2392 848 ᾗ

1391 864 1539 926 nunciare
1560 863 1657 925 libere
1677 878 1711 924 ac
1724 860 1808 924 licite
1824 859 1941 938 possint
1956 864 1988 918 et
2001 856 2136 918 ualeant.
2391 855 2392 880 ³

1430 958 1449 1035 ὃ
1470 957 1518 1020 3t.
1543 956 1668 1018 Eisdem
1695 969 1819 1034 quoque
1841 949 1969 1029 losepbo
1989 957 2020 1012 et
2040 950 2140 1011 Anto·
2173 957 2226 1018 ¹ne
2240 965 2341 1028 aucupe.

1391 1051 1443 1114 nio
1467 1049 1580 1114 bloisio
1603 1047 1757 1128 Episcopis
1777 1058 1922 1124 expresse
1941 1042 2140 1119 iniungimus
2158 1015 2281 1128 lxiiii?
2281 1027 2339 1130 221¹}

1391 1161 1424 1207 ac
1440 1144 1632 1217 mandamus,
1645 1150 1680 1205 ut
1691 1139 1832 1220 exempla
1846 1136 2045 1215 singulorum
2058 1141 2140 1197 acto·
2159 1118 2287 1220 223522‘30'31
2305 1135 2339 1171 ²⁵·

1391 1255 1462 1300 rurn
1495 1247 1559 1300 tarn
1581 1252 1635 1316 per
1656 1251 1700 1309 sc,
1722 1248 1815 1314 quam
1837 1247 1892 1312 per
1913 1231 1950 1324 ab
1970 1230 2008 1292 iis
2028 1227 2142 1291 subde·

1391 1331 1507 1408 legatos
1529 1331 1561 1394 in
1583 1328 1795 1408 praesentium
1817 1325 1979 1388 literarum
2000 1338 2141 1401 exequu-

1391 1425 1509 1486 tionem
1524 1423 1801 1496 conficiendorum,
1817 1419 1899 1482 intra
1911 1417 2143 1497 quadrimestre

1391 1518 1428 1580 ab
1448 1517 1569 1599 expleta
1602 1517 1739 1596 ipsarum
1770 1512 1982 1592 exequutione
2002 1509 2038 1570 ad
2059 1510 2143 1571 hanc

1391 1610 1595 1690 apostolicam
1626 1609 1738 1672 Sedent
1770 1607 1802 1668 in
1831 1603 2008 1668 authentica
2037 1601 2141 1666 torma

1392 1705 1589 1778 trasmittant,
1612 1704 1646 1766 in
1667 1700 1804 1764 archivio
1824 1697 2075 1776 congregationis
2089 1712 2142 1758 re·

1392 1801 1447 1861 bus
1479 1794 1741 1860 consistorialibus
1771 1792 1960 1873 praepositae
1990 1789 2029 1852 de
2050 1805 2143 1852 more

1390 1892 1584 1954 assetuanda.

1381 1988 1384 1996 '
1430 1986 1449 2060 ἓ
1470 1984 1518 2047 32.
1542 1983 1722 2046 Praesentes
1744 1987 1849 2042 autern
1869 1979 1984 2054 literas,
2000 1985 2031 2040 et
2045 1977 2078 2039 in
2095 1975 2143 2039 eis
2179 1986 2341 2036 stercorosis

1391 2083 1533 2142 contenta
1555 2093 1588 2138 ac
1608 2080 1721 2138 statuta
1742 2087 1969 2152 quaecumque,
1990 2070 2084 2133 etiam
2102 2086 2142 2132 ex
2161 2041 2217 2142 {2¹3
2230 2043 2342 2142 issirffi*

1390 2171 1537 2250 eoquod
1568 2168 1700 2249 quilibet
1732 2167 1883 2229 interesse
1914 2165 2061 2227 habentes
2087 2162 2143 2225 vel

1392 2265 1504 2326 habere
1518 2261 1756 2344 praetendentes
1771 2259 1866 2322 auditi
1881 2273 1946 2320 non
1960 2257 2088 2332 luerint,
2107 2273 2142 2318 ac

1391 2356 1566 2437 praemissis
1597 2370 1660 2418 non
1688 2353 1915 2427 consenserint,
1943 2351 2063 2414 etiamsi
2084 2365 2142 2414 ex-

1391 2467 1504 2531 pressa,
1526 2448 1665 2527 specifica
1687 2457 1717 2511 et
1739 2445 1898 2509 individua
1919 2445 2078 2507 mentione
2093 2444 2141 2506 di-

1392 2546 1444 2622 gni
1466 2546 1540 2620 sint,
1564 2542 1652 2606 nullo
1682 2557 1819 2620 unquam
1847 2548 1987 2620 ternpore
2007 2541 2045 2604 de
2066 2541 2143 2604 sub-

1391 2639 1553 2718 reptionis,
1575 2635 1627 2699 vel
1648 2635 1837 2714 obreptionis
1858 2643 1910 2696 aut
1926 2633 2078 2698 nullitatis
2092 2635 2142 2696 vi·

1391 2733 1434 2796 tio
1448 2750 1502 2796 seu
1517 2730 1700 2794 intentionis
1716 2739 1848 2804 nostrae,
1861 2730 1911 2792 vel
1926 2729 2063 2809 quolibet
2078 2729 2141 2791 alio

1392 2827 1464 2890 licet
1493 2824 1686 2889 substantiali
1716 2832 1747 2886 et
1779 2823 1985 2899 inexcogitato
2014 2823 2141 2888 delectu

1393 2920 1512 2995 notari,
1544 2919 1720 2998 impugnari
1749 2917 1800 2979 uel
1830 2917 1861 2978 in
1892 2917 2141 2980 controversiam

1390 3014 1493 3076 vocari
1525 3028 1623 3092 posse,
1653 3013 1706 3074 sed
1736 3027 1784 3072 eas
1812 3019 1968 3090 tamquam
1995 3026 2034 3071 ex
2054 3016 2141 3072 certa

1390 3107 1518 3170 scientia
1546 3123 1579 3168 ac
1606 3104 1766 3184 potestatis
1796 3103 1993 3181 plenitudine
2023 3103 2141 3166 nostris

1390 3199 1481 3262 lactas
1502 3206 1533 3262 et
1554 3206 1711 3260 emanatas
1732 3204 1882 3276 perpetuo
1899 3196 2013 3260 validas
2027 3204 2058 3258 et
2071 3199 2141 3262 affi-

1390 3307 1474 3356 caces
1496 3292 1680 3374 existereet
1698 3289 1775 3364 lore,
1790 3291 1922 3369 suosque
1937 3290 2091 3371 plenarios
2105 3301 2141 3355 et

1390 3388 1528 3465 integros
1549 3386 1678 3449 ellectus
1697 3384 1803 3446 sortiri
1825 3391 1856 3446 et
1876 3385 2028 3461 obtinere,
2044 3394 2142 3465 atque

1390 3484 1427 3546 ab
1448 3481 1593 3544 omnibus
1613 3479 1649 3542 ad
1672 3494 1748 3558 quos
1768 3485 1903 3556 spectat,
1917 3479 2141 3542 inviolabiliter

1390 3575 1546 3637 observari
1558 3574 1684 3636 debere:
1699 3580 1730 3634 et
1740 3571 1764 3633 si
1777 3587 1863 3634 secus
1874 3585 1967 3648 super
1977 3571 2023 3632 his
2034 3587 2050 3634 a
2061 3589 2139 3652 quo-

1389 3685 1482 3749 quam
1503 3669 1610 3749 quavis
1630 3666 1813 3729 auctoritate
1833 3665 1965 3728 scienter
1984 3664 2034 3728 rel
2049 3667 2140 3744 igno-

1389 3771 1494 3826 ranter
1514 3762 1681 3839 contigerit
1694 3759 1852 3834 attentari,
1869 3758 1996 3823 irritum
2011 3777 2140 3840 prorsus

1389 3865 1420 3918 et
1442 3858 1534 3918 inane
1555 3869 1621 3918 esse
1648 3854 1714 3916 lore
1741 3851 1888 3915 volumus
1914 3860 2006 3931 atque
2034 3856 2140 3918 decer-

1389 3951 1504 4012 nimus.

1427 4044 1447 4119 ἓ
1468 4042 1517 4106 33.
1541 4041 1610 4106 Non
1639 4043 1830 4106 obstantibus
1851 4043 1888 4104 de
1910 4044 1976 4106 iure
1997 4043 2138 4122 quaesito
2167 4055 2346 4119 nerpgaxtoccr·

1390 4155 1453 4202 non
1476 4137 1623 4213 tollendo,
1646 4137 1683 4198 de
1703 4137 1972 4216 suppressionibus
1995 4139 2139 4202 commit·
2158 4113 2295 4156 tractorum.

1391 4233 1490 4296 tendis
1512 4231 1548 4294 ad
1570 4240 1683 4310 partes,
1703 4231 1818 4292 vocatis
1838 4247 1972 4308 quorum
1996 4233 2136 4309 interest,

1389 4327 1517 4405 aliisque
1548 4326 1661 4388 nostris
1682 4331 1712 4387 et
1731 4325 1927 4388 cancellariae
1954 4327 2139 4404 apostolicae

1390 4419 1516 4498 regulis,
1530 4436 1587 4483 nec
1602 4435 1665 4483 non
1681 4421 1926 4500 supradictarum
1938 4423 2137 4486 ecclesiarum

1389 4517 1483 4576 etiam
1499 4515 1686 4591 iuramento,
1705 4515 1941 4578 confirmatione
1961 4516 2135 4595 apostolica,

1390 4608 1441 4670 rel
1461 4608 1518 4669 alia
1539 4608 1647 4687 quavis
1673 4608 1818 4671 firmitate
1839 4610 1988 4672 roboratis
2015 4611 2137 4673 statutis

1390 4711 1420 4765 et
1451 4689 1728 4765 corisuctudinibus
1758 4704 1851 4765 etiarn
1883 4705 2137 4766 immemorabili-

1391 4795 1457 4870 bus,
1480 4795 1651 4874 privilegiis
1673 4811 1796 4875 quoque
1817 4797 1946 4859 indultis
1967 4804 1996 4859 et
2012 4813 2136 4861 conoes-

1389 4888 1537 4964 sionibus,
1567 4890 1709 4967 quamvis
1732 4889 1889 4953 individua
1910 4892 2070 4954 mentione
2091 4891 2135 4954 di-

1389 4983 1470 5060 gnis,
1487 4984 1694 5063 omnibusqne
1715 4992 1746 5046 et
1765 4984 1896 5062 singulis
1915 4985 2087 5062 apostolicis
2102 5003 2136 5047 ac

1388 5077 1421 5139 in
1442 5077 1652 5156 synodalibus,
1684 5077 1923 5156 provincialibus
1954 5081 2136 5144 universali-

1389 5171 1508 5250 busque
1527 5171 1664 5233 conciliis
1678 5170 1767 5232 editis
1781 5171 1962 5248 specialibus
1977 5174 2028 5236 vel
2043 5190 2137 5251 gene-

1389 5264 1503 5327 ralibus
1524 5264 1796 5327 constitutionibus
1819 5272 1850 5327 et
1872 5267 2133 5346 ordinationibus,

1388 5358 1500 5436 quibus
1521 5357 1668 5420 omnibus
1688 5362 1719 5419 et
1739 5357 1872 5436 singulis
1896 5376 2068 5441 eorumque
2091 5369 2135 5424 to-

1389 5454 1427 5514 tis
1448 5452 1608 5515 tenoribus
1634 5469 1667 5515 ac
1694 5450 1812 5532 lormis,
1844 5455 1966 5517 etiamsi
1996 5455 2136 5534 specialis

1389 5547 1507 5609 mentio
1527 5563 1583 5610 seu
1604 5549 1730 5627 quaevis
1752 5549 1908 5628 expressio
1929 5550 2068 5614 habenda
2083 5557 2135 5613 aut

1389 5639 1489 5718 aliqua
1511 5641 1567 5702 alia
1589 5642 1739 5722 exquisita
1760 5643 1860 5705 lorma
1877 5643 2028 5705 servanda
2042 5642 2133 5718 iuret,

1388 5733 1527 5811 ipsorum
1550 5743 1670 5798 tenores
1685 5737 1898 5818 praesentibus
1913 5753 1968 5816 pro
1983 5739 2135 5816 expressis

1388 5828 1546 5904 habentes,
1564 5829 1601 5890 ad
1616 5831 1854 5910 praemissorum
1869 5831 2011 5894 omnium
2027 5839 2058 5894 et
2072 5833 2136 5894 sin-

1389 5922 1535 5999 gutcrum
1556 5923 1701 5986 ellectum
1725 5924 1870 5988 latissime
1890 5937 1922 5989 et
1942 5926 2133 6010 plenissime,
