4808 6988
60 567 107 622 An.
121 568 149 618 0.
173 566 246 618 1022

61 715 260 778 nerogatlocou·

50 777 186 821 trauorum.

76 2399 243 2446 Prooemium.

943 583 1016 629 stus
1036 584 1086 628 ΡΡ.
1110 585 1166 631 vlt.

320 703 339 777 5
360 702 390 763 5.
414 701 481 764 Non
497 703 688 765 obstantibus
703 702 979 765 constitutionibus
994 709 1025 763 et

281 794 526 858 ordinationibus
555 795 738 874 apostolicis,
772 795 961 874 caeterisque
992 795 1023 858 in

279 889 471 951 contrarium
492 888 749 967 quibuscumque.

321 983 432 1044 llatum
461 981 588 1057 llomae,
620 982 699 1060 apud
731 981 761 1045 S.
785 981 909 1044 blaciam
933 981 1024 1044 llaio-

280 1091 346 1138 rem
366 1075 425 1138 sub
439 1075 556 1138 annulo
579 1074 753 1150 Piscatoris,
775 1076 824 1140 die
844 1091 938 1138 ιιιιιιι.
955 1075 1023 1136 iulii

279 1186 471 1234 uocccxmt.
496 1169 692 1249 pontificatus
714 1170 811 1232 nostri
833 1185 1020 1232 annornm.

614 1452 689 1518 utv.

280 1641 482 1704 Frrccttctem
507 1639 627 1704 tribuit
656 1640 821 1722 (ratribus
847 1639 1023 1719 Congrege-

320 1735 418 1796 tioois
432 1734 655 1797 Rulheoororu
669 1735 699 1797 S.
713 1732 832 1798 Basilii
843 1732 953 1814 dloqui
968 1731 1023 1795 ud-

318 1829 471 1891 mitleodi
493 1829 624 1892 latinos
646 1829 682 1889 io
703 1829 1022 1906 comdemcooqrcqc·

320 1924 447 1986 liorem.

528 2091 776 2162 pluspart.
831 2089 834 2096 '

419 2216 883 2285 mmmmmmm

320 2394 388 2469 §l
417 2395 458 2455 Ea
486 2402 560 2456 sunt
586 2393 703 2456 ordinis
731 2393 763 2456 S.
791 2392 891 2455 Basilii
922 2391 1022 2468 llagni

279 2487 496 2550 liuthenorum
518 2503 591 2565 erga
611 2503 679 2549 rem
700 2487 878 2550 catholicam
901 2485 1022 2560 merita,

280 2581 462 2658 praesertim
484 2581 516 2642 in
539 2581 700 2648 liutheuae
721 2581 854 2642 nationis
875 2595 946 2642 cum
969 2579 1023 2641 hac

281 2674 364 2738 Petri
392 2674 535 2737 cathedra
562 2675 675 2738 unione
698 2674 900 2744 ¹conlovenda
931 2681 1023 2752 atque

281 2770 443 2845 firmanda,
466 2777 501 2830 ut
531 2769 769 2832 commemorari
793 2769 865 2830 satis
890 2786 923 2831 ac
951 2767 1023 2828 satis

281 2863 382 2942 amplo
402 2863 566 2940 praeconio
592 2863 718 2925 laudum
740 2861 846 2926 extolli
870 2878 933 2924 non
956 2877 1025 2940 pos·

279 2957 354 3019 sint.
375 2959 459 3033 Quae
485 2957 612 3036 quidem
638 2957 749 3019 merita
775 2958 867 3036 probe
895 2969 1024 3018 noscens

279 3068 314 3112 ac
334 3051 510 3130 praedicans
540 3050 746 3128 congregatio
768 3066 863 3112 venn.
890 3049 1021 3110 hatrum

280 3151 457 3208 nostrorum
467 3143 598 3206 Sanctae
612 3143 766 3206 llomanae
783 3143 935 3206 Ecclesiae
950 3142 1024 3206 dar·

279 3237 431 3300 dinalium
452 3237 585 3314 negotiis
599 3236 812 3316 Propagandae
834 3236 917 3299 Fidei
940 3251 1024 3316 prae

279 3332 462 3409 positorum,
481 3332 669 3409 cupiensque
683 3329 789 3405 simul,
805 3338 896 3410 prout
910 3346 949 3391 ιι
964 3347 1022 3393 usu

278 3424 443 3488 catholicae
459 3425 502 3485 rei
517 3429 575 3500 est,
590 3423 834 3504 quamplurimos
849 3424 883 3485 ad
900 3425 1024 3486 institu-

280 3524 348 3581 tum
370 3517 445 3580 illud
467 3517 708 3596 amplexandum
729 3519 882 3593 accedere,
904 3519 1023 3580 nonita

279 3613 399 3692 pridem
420 3614 579 3676 decretum
601 3611 698 3674 edidit
720 3613 752 3673 in
775 3615 848 3674 haec
870 3613 979 3675 verba:

13 3695 14 3736 ¹
69 3713 187 3770 ιιιοειιιο
204 3726 260 3778 ιιι·
318 3708 387 3785 52.
412 3709 491 3771 Cum
513 3708 587 3771 ordo
602 3707 633 3772 S.
649 3705 749 3770 Basilii
764 3707 866 3784 Magni
888 3709 1024 3785 Congre-

60 3779 121 3822 cum,
143 3771 168 3815 el
190 3772 259 3815 retro

60 3822 220 3870 consessionis,
280 3801 412 3878 gationis
432 3801 650 3865 lluthenorum
665 3817 728 3864 non
745 3804 835 3864 modo
850 3802 1022 3882 plurimum

279 3894 317 3956 de
339 3895 433 3973 ipsius
460 3895 594 3957 nationis
615 3895 733 3958 unione
753 3912 823 3960 cum
844 3906 945 3960 sancta
969 3899 1021 3962 Ca·

280 3987 391 4050 thelica
406 3988 540 4051 Ecclesia
554 3989 594 4051 sit
609 3990 749 4064 meritus,
762 3991 813 4052 sed
829 3991 921 4053 etiam
937 4007 1021 4070 prae·

279 4081 404 4160 cipuum
425 4080 464 4143 sit
486 4082 842 4161 orthodoxaereligionis
864 4084 947 4146 inter
960 4084 1022 4147 llu-

279 4175 390 4238 thenos
409 4174 554 4238 columen
576 4191 610 4238 ac
631 4175 910 4254 propugnaculum,
933 4180 1020 4240 adeo-

278 4285 339 4349 que
350 4285 388 4332 ex
398 4269 451 4332 lel.
465 4268 584 4332 record.
597 4270 766 4334 Clementis
781 4271 873 4348 vlit,
885 4272 970 4336 Pauli
981 4272 1017 4337 V.

279 4361 436 4427 Benedicti
447 4361 524 4426 lllV.
534 4361 729 4443 aliorumque
738 4380 933 4430 summorum
943 4365 1021 4430 Pon·

279 4457 397 4519 tidcum
409 4458 605 4519 concessione
614 4457 755 4535 pluribus
764 4459 940 4523 cumulatus
955 4459 1020 4524 lue·

279 4551 320 4611 rit
341 4548 470 4612 indultis
496 4567 529 4612 ac
554 4550 736 4628 privilegiis,
765 4567 864 4630 eoque
884 4568 1021 4630 praeser-

279 4643 393 4717 tim,ut
405 4639 507 4704 latinis
522 4643 616 4704 etiam
627 4642 705 4706 liber
716 4651 817 4722 pateat
832 4647 864 4706 in
879 4649 1019 4710 eamdem

277 4737 552 4813 congregationem
575 4737 750 4815 ingressus3
773 4754 907 4818 cumque
929 4742 1020 4805 modo

278 4830 474 4893 decrescente
500 4829 684 4896 eorumdem
712 4832 933 4896 monachorum
963 4851 1020 4897 nu-

277 4935 377 4999 mero,
399 4931 580 5002 procurator
602 4925 754 5000 generalis
775 4927 903 4989 nomine
926 4929 1019 4990 totius

277 5017 395 5080 ordinis
416 5017 593 5080 humillime
601 5018 833 5097 supplicaverit,
848 5029 884 5084 ut
897 5023 932 5084 ad
947 5038 1018 5084 con-

277 5110 460 5174 servandam
475 5113 710 5190 augendamque
723 5120 784 5176 tam
795 5113 1017 5178 benemeritam

277 5207 563 5283 congregationem,
589 5221 626 5268 ex
649 5201 707 5284 qua
731 5208 927 5285 potissimum
950 5210 1019 5288 Epi·

277 5300 371 5378 scopi,
393 5300 469 5361 sacri
490 5313 655 5377 praecones
683 5317 716 5360 ac
736 5309 947 5379 praeceptores
969 5306 1019 5366 de·

277 5401 458 5471 sumuntur,
476 5402 507 5456 et
523 5395 557 5456 ad
575 5393 685 5454 latinos
700 5391 907 5458 adolescentes
922 5399 1019 5475 magis

277 5489 435 5568 magisque
455 5489 631 5552 excitandos
645 5489 680 5552 ad
695 5489 941 5567 amplectendum
957 5499 1017 5554 tam

275 5582 408 5645 salutare
430 5581 608 5646 institutum
630 5581 764 5659 benigne
779 5592 959 5661 renovetur,
975 5593 1017 5662 et,

276 5684 429 5755 quatenus
444 5691 520 5754 opus
533 5676 584 5752 sit,
600 5676 704 5742 denuo
719 5679 904 5739 concedatur
916 5679 1018 5741 indul-

278 5778 357 5846 tum,
373 5779 408 5834 ut
424 5785 538 5849 nempe
551 5770 655 5833 latinis
669 5771 769 5836 eidem
784 5775 1016 5851 congregationi

275 5882 309 5928 se
329 5865 469 5928 addicere
489 5874 520 5929 et
544 5867 722 5944 regularem
744 5868 776 5930 in
798 5883 831 5929 ea
856 5867 1018 5946 professio-

277 5977 351 6024 nem
382 5961 526 6023 emittere
557 5959 662 6024 liceat:
693 5977 775 6024 sacra
808 5962 1016 6040 congregatio

384 6109 433 6156 tur.
449 6110 521 6156 dont.
536 6106 567 6154 de
583 6107 655 6168 l’rop.
671 6107 733 6156 Fide
746 6109 827 6157 Partis
842 6112 861 6157 1.
876 6111 929 6158 vol.
945 6113 984 6159 ιι.

1081 705 1348 782 animadvertens,
1372 705 1528 769 indultum
1553 705 1610 768 hoc
1630 705 1664 767 ad
1687 710 1824 768 sanctam

1081 797 1297 862 lluthenorum
1327 799 1477 862 unionem
1506 799 1688 860 servandam
1715 813 1824 875 propa-

1082 892 1275 971 gandamque
1297 892 1384 955 valde
1399 893 1551 969 conferre,
1568 891 1688 954 censuit
1709 890 1824 970 suppli-

1081 985 1214 1047 candum
1235 983 1435 1050 Sanctissimo
1456 1003 1511 1065 pro
1538 984 1689 1047 eiusmodi
1711 983 1824 1046 indulti

1080 1081 1317 1143 conlirmatione
1338 1097 1392 1142 seu
1413 1079 1621 1153 concessione,
1639 1078 1715 1140 itaut
1737 1077 1823 1140 latini

1081 1170 1175 1234 libere
1197 1191 1229 1235 ac
1257 1173 1339 1237 licite
1360 1175 1477 1254 possint
1499 1173 1529 1235 in
1559 1173 1665 1235 eadem
1694 1187 1823 1248 congre·

1082 1266 1204 1342 gatione
1225 1269 1358 1345 admitti,
1374 1270 1468 1348 ipsius
1486 1268 1708 1348 professionem
1724 1263 1822 1329 lacere

1081 1361 1167 1424 et'ad
1188 1378 1288 1426 sacros
1316 1364 1439 1426 ordines
1467 1361 1598 1426 servatis
1619 1361 1652 1423 in
1677 1359 1823 1423 omnibus

1079 1455 1236 1518 servandis
1256 1459 1443 1536 promoveri.
1457 1492 1494 1506 -

1101 1543 1139 1624 ’ἓ
1160 1549 1188 1612 3.
1212 1549 1273 1616 Nos
1294 1568 1380 1627 vero,
1403 1568 1458 1630 pro
1478 1553 1594 1628 studio,
1620 1569 1681 1632 quo
1703 1553 1735 1614 in
1759 1568 1822 1614 mo·
1842 1562 1938 1659 ὦσέιιὲι
1956 1568 2055 1606 maces·

1082 1644 1193 1704 nachos
1215 1644 1351 1706 eiusdem
1373 1646 1489 1708 ordinis
1504 1647 1648 1722 ferimur,
1665 1654 1823 1708 caventes-

1080 1753 1152 1815 que,
1175 1753 1216 1800 ne
1236 1755 1317 1800 sacra
1340 1739 1391 1800 illa
1411 1741 1539 1802 societas
1560 1740 1595 1801 ad
1623 1739 1823 1802 solitudinem

1080 1830 1248 1910 redigatur,
1271 1839 1323 1896 aut
1337 1833 1446 1896 saltem
1468 1834 1650 1916 infrequens
1665 1835 1727 1908 hat,
1743 1848 1824 1895 neve

1080 1924 1203 2002 legendi
1224 1941 1312 2004 saepe
1333 1943 1372 1989 ex
1393 1943 1427 1990 ea
1449 1927 1586 1991 llutheni
1602 1928 1704 2005 gregis
1725 1935 1823 2007 pasto-

1080 2034 1129 2079 res
1156 2019 1381 2099 catholicaeque
1412 2021 1551 2084 veritatis
1579 2037 1745 2099 praecones
1772 2021 1823 2084 de·

1080 2111 1154 2182 siut,
1176 2111 1331 2176 referente
1347 2114 1458 2177 dilecto
1474 2113 1538 2176 illio
1553 2115 1700 2192 magistro
1715 2114 1824 2177 Carolo

1081 2203 1173 2265 Maria
1196 2205 1328 2270 Pedicini
1351 2208 1487 2271 eiusdem
1504 2209 1760 2284 Congregattonis
1778 2225 1825 2270 se-

1080 2298 1228 2372 cretario,
1251 2300 1301 2364 die
1324 2302 1503 2364 duodecima
1526 2300 1598 2364 maii
1630 2301 1722 2364 huius
1752 2302 1824 2364 anni

1080 2391 1238 2455 decretum
1258 2394 1289 2457 id
1309 2395 1529 2473 approbatione
1555 2403 1660 2458 nostra
1689 2395 1825 2458 munivi·

1081 2502 1160 2548 mus.
1191 2488 1293 2562 Quum
1317 2504 1392 2550 vero
1419 2490 1547 2551 nomine
1575 2489 1824 2567 congregationis

1081 2581 1251 2657 praedictae
1263 2583 1396 2659 petitum
1406 2582 1496 2644 nobis
1508 2581 1614 2657 luerit,
1626 2591 1660 2645 ut
1671 2583 1709 2644 de
1720 2593 1822 2645 nostra

1080 2673 1230 2736 eiusmodi
1244 2674 1465 2753 approbatione
1476 2683 1506 2738 et
1518 2675 1639 2738 indulto
1654 2676 1825 2754 apostolicis

1080 2765 1178 2828 literis
1199 2777 1339 2830 constare
1360 2768 1506 2844 velimus,
1528 2769 1608 2833 haud
1631 2778 1757 2846 gravate
1779 2769 1825 2832 in·
1904 2829 1908 2837 .

1081 2861 1235 2937 ducimur,
1258 2869 1293 2924 ut
1313 2861 1423 2925 oblatis
1440 2863 1581 2940 precibus
1603 2864 1820 2942 obsequamur.

1079 2955 1216 3017 Rursum
1239 2956 1334 3031 igitur
1355 2955 1528 3031 decretum,
1550 2955 1670 3036 dequo
1691 2957 1824 3033 egimus,

1080 3048 1313 3124 confirmantes,
1329 3065 1499 3128 omnesque
1513 3065 1546 3112 ac
1559 3051 1697 3128 singulos
1712 3052 1824 3130 quibus

1080 3141 1137 3204 hae
1148 3141 1255 3204 literae
1266 3142 1371 3204 lavent
1381 3141 1527 3220 peculiari
1542 3143 1745 3207 beneficentia
1755 3160 1825 3224 pro·

1079 3237 1166 3312 sequi
1188 3235 1342 3310 volentes,
1359 3245 1420 3298 eta
1441 3236 1601 3315 quibusvis
1623 3231 1824 3301 anathematis

1079 3335 1110 3390 et
1130 3329 1299 3406 interdicti,
1321 3329 1450 3408 aliisque
1470 3329 1678 3394 erclesiastiois
1698 3342 1824 3410 senten-

1080 3423 1141 3497 tiis,
1163 3423 1302 3486 censuris
1324 3439 1357 3485 ac
1378 3423 1528 3501 poenis,a
1550 3425 1619 3486 iure
1640 3424 1690 3486 vel
1714 3426 1751 3487 ab
1771 3427 1824 3488 ho·

1079 3515 1165 3578 mine
1193 3515 1300 3594 quavis
1328 3514 1485 3578 occasione
1506 3517 1556 3578 vel
1579 3533 1666 3580 causa
1697 3517 1776 3594 latis,
1798 3521 1824 3583 si

1079 3626 1154 3687 quas
1175 3607 1254 3671 lorte
1280 3609 1490 3685 incurrerint,
1514 3610 1607 3672 huius
1634 3617 1758 3674 tantum
1779 3613 1823 3675 rei
1892 3607 1896 3624 '

1080 3703 1176 3780 gratia
1197 3701 1391 3765 absolventes
1404 3709 1436 3763 et
1446 3701 1601 3764 absolutos
1616 3702 1681 3766 lore
1696 3721 1824 3767 censen-

1080 3803 1136 3871 tes,
1158 3793 1433 3875 supplicationibus
1453 3810 1562 3857 eorum
1585 3798 1713 3860 nomine
1735 3798 1823 3862 nobis

1079 3889 1242 3952 humiliter
1265 3889 1413 3966 porrectis
1436 3889 1585 3965 inclinati,
1602 3891 1705 3969 utqui
1728 3890 1823 3953 latino

1071 3991 1213 4045 utuntur
1235 3983 1310 4056 ritu,
1326 3983 1423 4045 libere
1437 4000 1470 4044 ac
1485 3983 1567 4046 licite
1588 3985 1705 4061 possint
1720 3986 1823 4048 ordini

1079 4075 1182 4140 Sancti
1204 4076 1305 4138 Basilii
1326 4077 1427 4155 blagni
1449 4078 1666 4142 lluthenorum
1694 4079 1823 4157 eiusque

1078 4171 1369 4247 congregationibus
1379 4186 1494 4233 nomen
1505 4171 1588 4246 dare,
1602 4171 1745 4254 votisque
1758 4173 1822 4234 lieo

1079 4263 1275 4340 nuncupatis,
1298 4263 1328 4326 id
1350 4263 1531 4326 institutum
1552 4265 1702 4341 profiteri,
1718 4273 1821 4328 auoto-

1079 4358 1170 4419 ritate
1183 4356 1344 4434 apostolica
1359 4357 1556 4421 concedimus
1568 4365 1598 4420 et
1610 4357 1820 4436 indulgemus,

1078 4450 1210 4514 aliorum
1223 4451 1408 4514 Pontidcum
1423 4453 1691 4529 praedecessorum
1703 4461 1824 4515 nostro·

1079 4560 1149 4606 rum
1170 4545 1227 4606 hac
1247 4546 1284 4607 de
1299 4560 1334 4607 ιι
1348 4543 1467 4608 indulta
1487 4553 1675 4608 renovantes
1689 4564 1734 4622 ac,
1750 4564 1823 4628 qua-

1079 4646 1169 4700 tenus
1191 4655 1266 4717 opus
1287 4639 1337 4710 sit,
1361 4639 1390 4701 id
1414 4637 1564 4702 lacultatis
1585 4641 1687 4704 denuo
1708 4640 1820 4720 imper·

1078 4732 1202 4796 tientes.

1117 4829 1136 4903 ἓ
1156 4827 1185 4890 l.
1203 4827 1547 4906 Decernentesinsuper
1557 4830 1610 4890 has
1624 4828 1727 4890 literas
1741 4843 1821 4891 sem·
1850 4837 2052 4939 ,ffssuffffl

1851 4957 1894 4993 um
1912 4946 2022 4992 irritans.

1076 4936 1131 4999 per
1153 4921 1268 4995 firmas,
1291 4921 1403 4984 validas
1425 4931 1456 4984 et
1477 4921 1612 4984 efficaces
1633 4923 1766 4984 existere
1787 4895 1849 4992 aci

1077 5014 1153 5090 lore,
1168 5029 1303 5094 suosque
1317 5013 1471 5095 plenarios
1491 5025 1522 5079 et
1539 5015 1679 5093 integros
1694 5015 1821 5080 ellectus

1075 5109 1180 5170 sortiri
1212 5116 1242 5170 et
1273 5109 1437 5187 obtinere3
1471 5109 1687 5189 praedictoque
1718 5112 1819 5175 ordini

1077 5199 1108 5266 S.
1132 5202 1235 5265 Basilii
1255 5201 1355 5279 ldagni
1378 5204 1608 5277 liuthenornm,
1632 5207 1663 5268 in
1685 5221 1820 5286 eumque

1075 5298 1273 5360 admittendis
1285 5298 1445 5374 tyronibus
1460 5297 1636 5376 plenissime
1647 5299 1818 5380 sudragarh

1074 5393 1180 5470 sicque
1201 5393 1233 5453 in
1263 5393 1438 5471 praemissis
1459 5409 1514 5472 per
1540 5410 1751 5474 quoscumque
1773 5398 1820 5458 iu·

1075 5489 1156 5553 dices
1177 5488 1347 5552 ordinarios
1371 5497 1401 5550 et
1422 5488 1587 5567 delegatos,
1604 5491 1696 5552 etiam
1718 5509 1818 5554 rausa·
1903 5477 1906 5486 ⁴

1075 5603 1146 5650 rum
1170 5586 1270 5666 palatii
1291 5589 1389 5648 nostri
1410 5587 1564 5665 apostolici
1587 5589 1752 5665 auditores,
1772 5590 1818 5652 iu·

1075 5681 1166 5744 dicari
1195 5691 1226 5744 et
1258 5681 1382 5745 deliniri
1408 5681 1537 5759 debe1·e;
1567 5700 1600 5745 ac
1630 5683 1755 5746 irritum
1785 5691 1818 5745 et

1075 5776 1178 5850 inane,
1193 5777 1218 5837 si
1233 5791 1321 5838 secus
1343 5792 1437 5855 super
1458 5777 1505 5838 his
1526 5795 1542 5838 a
1563 5793 1720 5857 quoquam
1744 5791 1817 5856 qua·

1074 5872 1119 5933 vis
1140 5871 1322 5935 auctoritate
1335 5871 1471 5935 scienter
1486 5869 1536 5934 vel
1551 5871 1733 5949 ignoranter
1746 5887 1818 5934 con·

1074 5965 1179 6043 tigerit
1200 5965 1357 6028 attentari.

1687 6117 1714 6159 'ts

1746 557 2043 627 fflpmfflm
