<?xml version="1.0" encoding="UTF-8"?>
<!DOCTYPE html PUBLIC "-//W3C//DTD XHTML 1.0 Transitional//EN"
    "http://www.w3.org/TR/xhtml1/DTD/xhtml1-transitional.dtd">
<html xmlns="http://www.w3.org/1999/xhtml" xml:lang="en" lang="en">
 <head>
  <title>
</title>
<meta http-equiv="Content-Type" content="text/html;charset=utf-8" />
  <meta name='ocr-system' content='tesseract 3.04.00' />
  <meta name='ocr-capabilities' content='ocr_page ocr_carea ocr_par ocr_line ocrx_word'/>
</head>
<body>
  <div class='ocr_page' id='page_1' title='image "./iurispontificii00martgoog_0378.png"; bbox 0 0 4776 6974; ppageno 0'>
   <div class='ocr_carea' id='block_1_1' title="bbox 48 539 234 692">
    <p class='ocr_par' dir='ltr' id='par_1_1' title="bbox 48 539 234 692">
     <span class='ocr_line' id='line_1_1' title="bbox 48 539 234 626; baseline -0.043 -28"><span class='ocrx_word' id='word_1_1' title='bbox 48 571 49 626; x_wconf 15' lang='grc' dir='ltr'><em>ὲ</em></span> <span class='ocrx_word' id='word_1_2' title='bbox 88 545 157 604; x_wconf 74' lang='lat' dir='ltr'>mc.</span> <span class='ocrx_word' id='word_1_3' title='bbox 174 539 234 594; x_wconf 80' lang='lat'>1790</span> 
     </span>
     <span class='ocr_line' id='line_1_2' title="bbox 48 629 50 692; baseline 0 0"><span class='ocrx_word' id='word_1_4' title='bbox 48 629 50 692; x_wconf 90' lang='lat' dir='ltr'>l</span> 
     </span>
    </p>
   </div>
   <div class='ocr_carea' id='block_1_2' title="bbox 48 5811 995 5986">
    <p class='ocr_par' dir='ltr' id='par_1_2' title="bbox 48 5811 995 5986">
     <span class='ocr_line' id='line_1_3' title="bbox 48 5811 236 5880; baseline 0.032 -19"><span class='ocrx_word' id='word_1_5' title='bbox 48 5833 49 5844; x_wconf 53' lang='lat'>¹</span> <span class='ocrx_word' id='word_1_6' title='bbox 99 5811 181 5868; x_wconf 76' lang='lat' dir='ltr'>luponio</span> <span class='ocrx_word' id='word_1_7' title='bbox 193 5835 236 5880; x_wconf 71' lang='lat' dir='ltr'>pne·</span> 
     </span>
     <span class='ocr_line' id='line_1_4' title="bbox 48 5871 685 5930; baseline -0.003 -4"><span class='ocrx_word' id='word_1_8' title='bbox 48 5879 49 5906; x_wconf 72' lang='lat'>³</span> <span class='ocrx_word' id='word_1_9' title='bbox 91 5871 125 5911; x_wconf 77' lang='lat' dir='ltr'>ltu</span> <span class='ocrx_word' id='word_1_10' title='bbox 139 5881 236 5926; x_wconf 82' lang='lat' dir='ltr'>l0rrtola-</span> <span class='ocrx_word' id='word_1_11' title='bbox 565 5920 570 5930; x_wconf 85' lang='lat'>,</span> <span class='ocrx_word' id='word_1_12' title='bbox 681 5919 685 5930; x_wconf 87' lang='grc'><strong>,</strong></span> 
     </span>
     <span class='ocr_line' id='line_1_5' title="bbox 92 5919 995 5986; baseline -0.001 -1"><span class='ocrx_word' id='word_1_13' title='bbox 92 5925 237 5984; x_wconf 63' lang='lat' dir='ltr'>&#39;litterara-</span> <span class='ocrx_word' id='word_1_14' title='bbox 250 5923 423 5986; x_wconf 90' lang='lat' dir='ltr'>carissimus</span> <span class='ocrx_word' id='word_1_15' title='bbox 444 5921 476 5982; x_wconf 94' lang='lat' dir='ltr'>in</span> <span class='ocrx_word' id='word_1_16' title='bbox 499 5919 621 5983; x_wconf 84' lang='lat' dir='ltr'>Christo</span> <span class='ocrx_word' id='word_1_17' title='bbox 643 5919 726 5982; x_wconf 90' lang='lat' dir='ltr'>libus</span> <span class='ocrx_word' id='word_1_18' title='bbox 748 5928 853 5982; x_wconf 91' lang='lat' dir='ltr'>noster</span> <span class='ocrx_word' id='word_1_19' title='bbox 868 5920 995 5984; x_wconf 84' lang='lat' dir='ltr'>Carolus</span> 
     </span>
    </p>
   </div>
   <div class='ocr_carea' id='block_1_3' title="bbox 930 551 1138 597">
    <p class='ocr_par' dir='ltr' id='par_1_3' title="bbox 930 551 1138 597">
     <span class='ocr_line' id='line_1_6' title="bbox 930 551 1138 597; baseline -0.014 0"><span class='ocrx_word' id='word_1_20' title='bbox 930 553 1001 597; x_wconf 78' lang='lat' dir='ltr'>vttts</span> <span class='ocrx_word' id='word_1_21' title='bbox 1023 551 1071 596; x_wconf 82' lang='grc' dir='ltr'>ΡΡ.</span> <span class='ocrx_word' id='word_1_22' title='bbox 1097 551 1138 596; x_wconf 88' lang='lat' dir='ltr'>Vl.</span> 
     </span>
    </p>
   </div>
   <div class='ocr_carea' id='block_1_4' title="bbox 255 671 1006 3838">
    <p class='ocr_par' dir='ltr' id='par_1_4' title="bbox 260 671 1006 1310">
     <span class='ocr_line' id='line_1_7' title="bbox 263 671 1005 750; baseline 0 -18"><span class='ocrx_word' id='word_1_23' title='bbox 263 679 289 732; x_wconf 92' lang='lat' dir='ltr'>te</span> <span class='ocrx_word' id='word_1_24' title='bbox 314 671 500 734; x_wconf 90' lang='lat' dir='ltr'>commutari</span> <span class='ocrx_word' id='word_1_25' title='bbox 528 671 693 748; x_wconf 91' lang='lat' dir='ltr'>volumus,</span> <span class='ocrx_word' id='word_1_26' title='bbox 723 672 892 750; x_wconf 79' lang='lat' dir='ltr'>praeceptis</span> <span class='ocrx_word' id='word_1_27' title='bbox 920 687 1005 748; x_wconf 91' lang='lat' dir='ltr'>prae·</span> 
     </span>
     <span class='ocr_line' id='line_1_8' title="bbox 260 764 1004 843; baseline -0.001 -17"><span class='ocrx_word' id='word_1_28' title='bbox 260 764 453 843; x_wconf 74' lang='lat' dir='ltr'>scriptisque,</span> <span class='ocrx_word' id='word_1_29' title='bbox 468 765 570 828; x_wconf 91' lang='lat' dir='ltr'>audita</span> <span class='ocrx_word' id='word_1_30' title='bbox 587 767 688 842; x_wconf 89' lang='lat' dir='ltr'>missa,</span> <span class='ocrx_word' id='word_1_31' title='bbox 704 766 863 828; x_wconf 78' lang='lat' dir='ltr'>laboriosis</span> <span class='ocrx_word' id='word_1_32' title='bbox 878 781 1004 828; x_wconf 89' lang='lat' dir='ltr'>suarum</span> 
     </span>
     <span class='ocr_line' id='line_1_9' title="bbox 260 856 1006 938; baseline 0.003 -20"><span class='ocrx_word' id='word_1_33' title='bbox 260 856 372 920; x_wconf 91' lang='lat' dir='ltr'>artium</span> <span class='ocrx_word' id='word_1_34' title='bbox 394 859 677 935; x_wconf 82' lang='lat' dir='ltr'>exercitationibus,</span> <span class='ocrx_word' id='word_1_35' title='bbox 693 859 921 938; x_wconf 86' lang='lat' dir='ltr'>servilibusque</span> <span class='ocrx_word' id='word_1_36' title='bbox 935 874 1006 936; x_wconf 92' lang='lat' dir='ltr'>ope-</span> 
     </span>
     <span class='ocr_line' id='line_1_10' title="bbox 260 950 1004 1030; baseline 0.004 -18"><span class='ocrx_word' id='word_1_37' title='bbox 260 950 354 1019; x_wconf 88' lang='lat' dir='ltr'>ribus,</span> <span class='ocrx_word' id='word_1_38' title='bbox 376 951 444 1013; x_wconf 89' lang='lat' dir='ltr'>sine</span> <span class='ocrx_word' id='word_1_39' title='bbox 466 951 530 1014; x_wconf 92' lang='lat' dir='ltr'>ullo</span> <span class='ocrx_word' id='word_1_40' title='bbox 551 969 677 1030; x_wconf 89' lang='lat' dir='ltr'>prorsus</span> <span class='ocrx_word' id='word_1_41' title='bbox 699 954 904 1016; x_wconf 88' lang='lat' dir='ltr'>conscientiae</span> <span class='ocrx_word' id='word_1_42' title='bbox 919 969 1004 1015; x_wconf 91' lang='lat' dir='ltr'>scru-</span> 
     </span>
     <span class='ocr_line' id='line_1_11' title="bbox 261 1043 1003 1125; baseline 0.005 -21"><span class='ocrx_word' id='word_1_43' title='bbox 261 1043 327 1122; x_wconf 94' lang='lat' dir='ltr'>polo</span> <span class='ocrx_word' id='word_1_44' title='bbox 348 1060 458 1108; x_wconf 89' lang='lat' dir='ltr'>vacare</span> <span class='ocrx_word' id='word_1_45' title='bbox 472 1047 601 1123; x_wconf 82' lang='lat' dir='ltr'>possint,</span> <span class='ocrx_word' id='word_1_46' title='bbox 618 1048 799 1110; x_wconf 86' lang='lat' dir='ltr'>auctoritate</span> <span class='ocrx_word' id='word_1_47' title='bbox 815 1055 919 1109; x_wconf 91' lang='lat' dir='ltr'>nostra</span> <span class='ocrx_word' id='word_1_48' title='bbox 934 1064 1003 1125; x_wconf 91' lang='lat' dir='ltr'>apo-</span> 
     </span>
     <span class='ocr_line' id='line_1_12' title="bbox 261 1135 1004 1218; baseline 0.007 -20"><span class='ocrx_word' id='word_1_49' title='bbox 261 1135 362 1198; x_wconf 90' lang='lat' dir='ltr'>stolica</span> <span class='ocrx_word' id='word_1_50' title='bbox 383 1140 529 1202; x_wconf 90' lang='lat' dir='ltr'>concedas</span> <span class='ocrx_word' id='word_1_51' title='bbox 551 1147 582 1204; x_wconf 89' lang='lat' dir='ltr'>et</span> <span class='ocrx_word' id='word_1_52' title='bbox 602 1139 774 1218; x_wconf 88' lang='lat' dir='ltr'>indulgeas,</span> <span class='ocrx_word' id='word_1_53' title='bbox 791 1140 950 1218; x_wconf 90' lang='lat' dir='ltr'>permittas</span> <span class='ocrx_word' id='word_1_54' title='bbox 971 1157 1004 1203; x_wconf 92' lang='lat' dir='ltr'>ac</span> 
     </span>
     <span class='ocr_line' id='line_1_13' title="bbox 260 1233 782 1310; baseline 0.008 -19"><span class='ocrx_word' id='word_1_55' title='bbox 260 1237 382 1306; x_wconf 90' lang='lat' dir='ltr'>statuas,</span> <span class='ocrx_word' id='word_1_56' title='bbox 405 1233 571 1310; x_wconf 86' lang='lat' dir='ltr'>praecipias</span> <span class='ocrx_word' id='word_1_57' title='bbox 592 1241 624 1296; x_wconf 90' lang='lat' dir='ltr'>et</span> <span class='ocrx_word' id='word_1_58' title='bbox 647 1234 782 1296; x_wconf 88' lang='lat' dir='ltr'>mandes.</span> 
     </span>
    </p>

    <p class='ocr_par' dir='ltr' id='par_1_5' title="bbox 255 1323 1005 3560">
     <span class='ocr_line' id='line_1_14' title="bbox 296 1323 1004 1405; baseline 0.007 -19"><span class='ocrx_word' id='word_1_59' title='bbox 296 1325 315 1400; x_wconf 72' lang='grc' dir='ltr'><strong>ἓ</strong></span> <span class='ocrx_word' id='word_1_60' title='bbox 336 1324 366 1386; x_wconf 86' lang='grc'>3.</span> <span class='ocrx_word' id='word_1_61' title='bbox 390 1323 460 1388; x_wconf 91' lang='lat' dir='ltr'>Non</span> <span class='ocrx_word' id='word_1_62' title='bbox 486 1326 678 1389; x_wconf 85' lang='lat' dir='ltr'>obstantibus</span> <span class='ocrx_word' id='word_1_63' title='bbox 705 1328 887 1405; x_wconf 89' lang='lat' dir='ltr'>apostolicis,</span> <span class='ocrx_word' id='word_1_64' title='bbox 917 1329 1004 1391; x_wconf 90' lang='lat' dir='ltr'>acin</span> 
     </span>
     <span class='ocr_line' id='line_1_15' title="bbox 262 1418 1005 1501; baseline 0.003 -21"><span class='ocrx_word' id='word_1_65' title='bbox 262 1418 497 1495; x_wconf 89' lang='lat' dir='ltr'>universalibus,</span> <span class='ocrx_word' id='word_1_66' title='bbox 526 1421 766 1498; x_wconf 88' lang='lat' dir='ltr'>provincialibus</span> <span class='ocrx_word' id='word_1_67' title='bbox 795 1429 825 1484; x_wconf 90' lang='lat' dir='ltr'>et</span> <span class='ocrx_word' id='word_1_68' title='bbox 854 1421 1005 1501; x_wconf 82' lang='lat' dir='ltr'>synodali-</span> 
     </span>
     <span class='ocr_line' id='line_1_16' title="bbox 261 1512 1005 1594; baseline 0.003 -20"><span class='ocrx_word' id='word_1_69' title='bbox 261 1512 313 1574; x_wconf 91' lang='lat' dir='ltr'>bus</span> <span class='ocrx_word' id='word_1_70' title='bbox 333 1513 472 1576; x_wconf 90' lang='lat' dir='ltr'>conciliis</span> <span class='ocrx_word' id='word_1_71' title='bbox 493 1513 583 1576; x_wconf 89' lang='lat' dir='ltr'>editis</span> <span class='ocrx_word' id='word_1_72' title='bbox 602 1515 799 1590; x_wconf 82' lang='lat' dir='ltr'>generalibus</span> <span class='ocrx_word' id='word_1_73' title='bbox 820 1515 870 1578; x_wconf 88' lang='lat' dir='ltr'>vel</span> <span class='ocrx_word' id='word_1_74' title='bbox 891 1516 1005 1594; x_wconf 86' lang='lat' dir='ltr'>specla-</span> 
     </span>
     <span class='ocr_line' id='line_1_17' title="bbox 260 1604 1004 1684; baseline 0.007 -18"><span class='ocrx_word' id='word_1_75' title='bbox 260 1604 335 1667; x_wconf 89' lang='lat' dir='ltr'>libus</span> <span class='ocrx_word' id='word_1_76' title='bbox 346 1608 621 1670; x_wconf 88' lang='lat' dir='ltr'>constitutionibus</span> <span class='ocrx_word' id='word_1_77' title='bbox 636 1615 666 1670; x_wconf 91' lang='lat' dir='ltr'>et</span> <span class='ocrx_word' id='word_1_78' title='bbox 677 1607 934 1684; x_wconf 87' lang='lat' dir='ltr'>ordinationibus,</span> <span class='ocrx_word' id='word_1_79' title='bbox 948 1626 1004 1672; x_wconf 88' lang='lat' dir='ltr'>nec</span> 
     </span>
     <span class='ocr_line' id='line_1_18' title="bbox 260 1700 1003 1780; baseline 0.003 -20"><span class='ocrx_word' id='word_1_80' title='bbox 260 1715 317 1760; x_wconf 91' lang='lat' dir='ltr'>non</span> <span class='ocrx_word' id='word_1_81' title='bbox 339 1700 487 1763; x_wconf 91' lang='lat' dir='ltr'>dioecesis</span> <span class='ocrx_word' id='word_1_82' title='bbox 505 1701 676 1779; x_wconf 84' lang='lat' dir='ltr'>praedictae</span> <span class='ocrx_word' id='word_1_83' title='bbox 698 1700 842 1780; x_wconf 88' lang='lat' dir='ltr'>illiusque</span> <span class='ocrx_word' id='word_1_84' title='bbox 865 1701 1003 1764; x_wconf 90' lang='lat' dir='ltr'>locorum</span> 
     </span>
     <span class='ocr_line' id='line_1_19' title="bbox 258 1793 1002 1873; baseline 0.001 -20"><span class='ocrx_word' id='word_1_85' title='bbox 258 1793 348 1854; x_wconf 90' lang='lat' dir='ltr'>etiam</span> <span class='ocrx_word' id='word_1_86' title='bbox 371 1793 559 1868; x_wconf 88' lang='lat' dir='ltr'>iuramento,</span> <span class='ocrx_word' id='word_1_87' title='bbox 576 1794 812 1856; x_wconf 83' lang='lat' dir='ltr'>confirmatione</span> <span class='ocrx_word' id='word_1_88' title='bbox 827 1795 1002 1873; x_wconf 91' lang='lat' dir='ltr'>apostolica,</span> 
     </span>
     <span class='ocr_line' id='line_1_20' title="bbox 259 1886 1004 1966; baseline 0.005 -20"><span class='ocrx_word' id='word_1_89' title='bbox 259 1886 305 1947; x_wconf 91' lang='lat' dir='ltr'>vel</span> <span class='ocrx_word' id='word_1_90' title='bbox 325 1887 435 1966; x_wconf 88' lang='lat' dir='ltr'>quavis</span> <span class='ocrx_word' id='word_1_91' title='bbox 457 1888 603 1950; x_wconf 84' lang='lat' dir='ltr'>firmitate</span> <span class='ocrx_word' id='word_1_92' title='bbox 632 1888 689 1949; x_wconf 91' lang='lat' dir='ltr'>alia</span> <span class='ocrx_word' id='word_1_93' title='bbox 712 1887 860 1950; x_wconf 89' lang='lat' dir='ltr'>roboratis</span> <span class='ocrx_word' id='word_1_94' title='bbox 882 1889 1004 1950; x_wconf 88' lang='lat' dir='ltr'>statutis</span> 
     </span>
     <span class='ocr_line' id='line_1_21' title="bbox 258 1981 1003 2061; baseline 0.001 -18"><span class='ocrx_word' id='word_1_95' title='bbox 258 1990 287 2043; x_wconf 91' lang='lat' dir='ltr'>et</span> <span class='ocrx_word' id='word_1_96' title='bbox 305 1981 602 2058; x_wconf 83' lang='lat' dir='ltr'>consuetudinibus;</span> <span class='ocrx_word' id='word_1_97' title='bbox 618 1981 790 2059; x_wconf 89' lang='lat' dir='ltr'>privilegiis</span> <span class='ocrx_word' id='word_1_98' title='bbox 805 1997 940 2061; x_wconf 90' lang='lat' dir='ltr'>quoque,</span> <span class='ocrx_word' id='word_1_99' title='bbox 956 1982 1003 2044; x_wconf 93' lang='lat' dir='ltr'>in·</span> 
     </span>
     <span class='ocr_line' id='line_1_22' title="bbox 257 2074 1004 2154; baseline 0.003 -19"><span class='ocrx_word' id='word_1_100' title='bbox 257 2075 347 2136; x_wconf 91' lang='lat' dir='ltr'>dultis</span> <span class='ocrx_word' id='word_1_101' title='bbox 369 2081 400 2135; x_wconf 93' lang='lat' dir='ltr'>et</span> <span class='ocrx_word' id='word_1_102' title='bbox 423 2074 520 2136; x_wconf 88' lang='lat' dir='ltr'>literis</span> <span class='ocrx_word' id='word_1_103' title='bbox 545 2074 719 2151; x_wconf 89' lang='lat' dir='ltr'>apostolicis</span> <span class='ocrx_word' id='word_1_104' title='bbox 738 2075 952 2154; x_wconf 91' lang='lat' dir='ltr'>superioribus</span> <span class='ocrx_word' id='word_1_105' title='bbox 973 2084 1004 2137; x_wconf 91' lang='lat' dir='ltr'>et</span> 
     </span>
     <span class='ocr_line' id='line_1_23' title="bbox 257 2167 1003 2248; baseline 0.001 -18"><span class='ocrx_word' id='word_1_106' title='bbox 257 2167 395 2248; x_wconf 88' lang='lat' dir='ltr'>personis</span> <span class='ocrx_word' id='word_1_107' title='bbox 425 2169 484 2230; x_wconf 90' lang='lat' dir='ltr'>sub</span> <span class='ocrx_word' id='word_1_108' title='bbox 512 2169 763 2246; x_wconf 91' lang='lat' dir='ltr'>quibuscumque</span> <span class='ocrx_word' id='word_1_109' title='bbox 791 2169 952 2231; x_wconf 90' lang='lat' dir='ltr'>tenoribus</span> <span class='ocrx_word' id='word_1_110' title='bbox 973 2175 1003 2231; x_wconf 91' lang='lat' dir='ltr'>et</span> 
     </span>
     <span class='ocr_line' id='line_1_24' title="bbox 257 2261 1002 2341; baseline 0.004 -19"><span class='ocrx_word' id='word_1_111' title='bbox 257 2261 372 2336; x_wconf 88' lang='lat' dir='ltr'>lormis,</span> <span class='ocrx_word' id='word_1_112' title='bbox 396 2281 429 2324; x_wconf 91' lang='lat' dir='ltr'>ac</span> <span class='ocrx_word' id='word_1_113' title='bbox 450 2279 523 2324; x_wconf 90' lang='lat' dir='ltr'>cum</span> <span class='ocrx_word' id='word_1_114' title='bbox 544 2263 702 2341; x_wconf 87' lang='lat' dir='ltr'>quibusvis</span> <span class='ocrx_word' id='word_1_115' title='bbox 724 2262 817 2324; x_wconf 89' lang='lat' dir='ltr'>etiam</span> <span class='ocrx_word' id='word_1_116' title='bbox 843 2265 1002 2340; x_wconf 88' lang='lat' dir='ltr'>derogato-</span> 
     </span>
     <span class='ocr_line' id='line_1_25' title="bbox 257 2355 1002 2434; baseline 0.003 -18"><span class='ocrx_word' id='word_1_117' title='bbox 257 2356 370 2416; x_wconf 87' lang='lat' dir='ltr'>riarum</span> <span class='ocrx_word' id='word_1_118' title='bbox 391 2356 605 2432; x_wconf 90' lang='lat' dir='ltr'>derogatoriis,</span> <span class='ocrx_word' id='word_1_119' title='bbox 629 2355 757 2434; x_wconf 90' lang='lat' dir='ltr'>aliisque</span> <span class='ocrx_word' id='word_1_120' title='bbox 781 2356 1002 2422; x_wconf 86' lang='lat' dir='ltr'>efficacioribus</span> 
     </span>
     <span class='ocr_line' id='line_1_26' title="bbox 256 2448 1002 2525; baseline 0.003 -14"><span class='ocrx_word' id='word_1_121' title='bbox 256 2448 469 2512; x_wconf 85' lang='lat' dir='ltr'>efficacissimis</span> <span class='ocrx_word' id='word_1_122' title='bbox 489 2467 522 2510; x_wconf 90' lang='lat' dir='ltr'>ac</span> <span class='ocrx_word' id='word_1_123' title='bbox 543 2450 676 2512; x_wconf 89' lang='lat' dir='ltr'>insolitis</span> <span class='ocrx_word' id='word_1_124' title='bbox 700 2451 855 2525; x_wconf 88' lang='lat' dir='ltr'>clausulis,</span> <span class='ocrx_word' id='word_1_125' title='bbox 878 2451 1002 2513; x_wconf 91' lang='lat' dir='ltr'>irritan-</span> 
     </span>
     <span class='ocr_line' id='line_1_27' title="bbox 257 2543 1001 2621; baseline 0.003 -17"><span class='ocrx_word' id='word_1_126' title='bbox 257 2543 396 2620; x_wconf 91' lang='lat' dir='ltr'>tibusque</span> <span class='ocrx_word' id='word_1_127' title='bbox 417 2551 448 2604; x_wconf 94' lang='lat' dir='ltr'>et</span> <span class='ocrx_word' id='word_1_128' title='bbox 469 2543 535 2604; x_wconf 90' lang='lat' dir='ltr'>aliis</span> <span class='ocrx_word' id='word_1_129' title='bbox 554 2543 683 2606; x_wconf 87' lang='lat' dir='ltr'>decretis</span> <span class='ocrx_word' id='word_1_130' title='bbox 705 2544 738 2606; x_wconf 93' lang='lat' dir='ltr'>in</span> <span class='ocrx_word' id='word_1_131' title='bbox 761 2561 876 2621; x_wconf 87' lang='lat' dir='ltr'>genere</span> <span class='ocrx_word' id='word_1_132' title='bbox 896 2545 946 2607; x_wconf 90' lang='lat' dir='ltr'>vel</span> <span class='ocrx_word' id='word_1_133' title='bbox 968 2546 1001 2606; x_wconf 93' lang='lat' dir='ltr'>iu</span> 
     </span>
     <span class='ocr_line' id='line_1_28' title="bbox 256 2635 999 2716; baseline 0.001 -19"><span class='ocrx_word' id='word_1_134' title='bbox 256 2635 364 2714; x_wconf 89' lang='lat' dir='ltr'>specie,</span> <span class='ocrx_word' id='word_1_135' title='bbox 375 2653 409 2698; x_wconf 90' lang='lat' dir='ltr'>ac</span> <span class='ocrx_word' id='word_1_136' title='bbox 423 2637 489 2698; x_wconf 91' lang='lat' dir='ltr'>aliis</span> <span class='ocrx_word' id='word_1_137' title='bbox 505 2637 538 2696; x_wconf 89' lang='lat' dir='ltr'>in</span> <span class='ocrx_word' id='word_1_138' title='bbox 553 2638 745 2700; x_wconf 88' lang='lat' dir='ltr'>contrarium</span> <span class='ocrx_word' id='word_1_139' title='bbox 761 2639 999 2716; x_wconf 91' lang='lat' dir='ltr'>praemissorum</span> 
     </span>
     <span class='ocr_line' id='line_1_29' title="bbox 256 2729 1000 2808; baseline 0.005 -18"><span class='ocrx_word' id='word_1_140' title='bbox 256 2729 483 2808; x_wconf 88' lang='lat' dir='ltr'>quomodolibet</span> <span class='ocrx_word' id='word_1_141' title='bbox 501 2731 663 2806; x_wconf 81' lang='lat' dir='ltr'>concessis,</span> <span class='ocrx_word' id='word_1_142' title='bbox 678 2732 852 2808; x_wconf 90' lang='lat' dir='ltr'>approbatis</span> <span class='ocrx_word' id='word_1_143' title='bbox 865 2741 896 2794; x_wconf 91' lang='lat' dir='ltr'>et</span> <span class='ocrx_word' id='word_1_144' title='bbox 911 2733 1000 2795; x_wconf 93' lang='lat' dir='ltr'>inno-</span> 
     </span>
     <span class='ocr_line' id='line_1_30' title="bbox 257 2823 999 2901; baseline 0.005 -16"><span class='ocrx_word' id='word_1_145' title='bbox 257 2825 339 2886; x_wconf 89' lang='lat' dir='ltr'>vatis.</span> <span class='ocrx_word' id='word_1_146' title='bbox 363 2823 480 2898; x_wconf 80' lang='lat' dir='ltr'>Quibus</span> <span class='ocrx_word' id='word_1_147' title='bbox 501 2823 647 2885; x_wconf 92' lang='lat' dir='ltr'>omnibus</span> <span class='ocrx_word' id='word_1_148' title='bbox 668 2832 698 2886; x_wconf 91' lang='lat' dir='ltr'>et</span> <span class='ocrx_word' id='word_1_149' title='bbox 719 2824 851 2901; x_wconf 86' lang='lat' dir='ltr'>singulis</span> <span class='ocrx_word' id='word_1_150' title='bbox 873 2826 999 2889; x_wconf 92' lang='lat' dir='ltr'>illorum</span> 
     </span>
     <span class='ocr_line' id='line_1_31' title="bbox 257 2917 999 2996; baseline 0.004 -18"><span class='ocrx_word' id='word_1_151' title='bbox 257 2925 374 2980; x_wconf 79' lang='lat' dir='ltr'>tenores</span> <span class='ocrx_word' id='word_1_152' title='bbox 395 2917 607 2995; x_wconf 89' lang='lat' dir='ltr'>praesentibus</span> <span class='ocrx_word' id='word_1_153' title='bbox 621 2933 677 2994; x_wconf 92' lang='lat' dir='ltr'>pro</span> <span class='ocrx_word' id='word_1_154' title='bbox 691 2919 781 2996; x_wconf 91' lang='lat' dir='ltr'>plene</span> <span class='ocrx_word' id='word_1_155' title='bbox 798 2928 828 2980; x_wconf 91' lang='lat' dir='ltr'>et</span> <span class='ocrx_word' id='word_1_156' title='bbox 844 2921 999 2982; x_wconf 84' lang='lat' dir='ltr'>sufficien-</span> 
     </span>
     <span class='ocr_line' id='line_1_32' title="bbox 257 3011 998 3089; baseline 0.004 -17"><span class='ocrx_word' id='word_1_157' title='bbox 257 3020 300 3072; x_wconf 90' lang='lat' dir='ltr'>ter</span> <span class='ocrx_word' id='word_1_158' title='bbox 320 3011 484 3089; x_wconf 82' lang='lat' dir='ltr'>expressis,</span> <span class='ocrx_word' id='word_1_159' title='bbox 506 3027 539 3071; x_wconf 91' lang='lat' dir='ltr'>ac</span> <span class='ocrx_word' id='word_1_160' title='bbox 560 3012 597 3073; x_wconf 89' lang='lat' dir='ltr'>de</span> <span class='ocrx_word' id='word_1_161' title='bbox 617 3012 714 3074; x_wconf 92' lang='lat' dir='ltr'>verbo</span> <span class='ocrx_word' id='word_1_162' title='bbox 738 3014 773 3074; x_wconf 92' lang='lat' dir='ltr'>ad</span> <span class='ocrx_word' id='word_1_163' title='bbox 798 3013 930 3075; x_wconf 91' lang='lat' dir='ltr'>verbum</span> <span class='ocrx_word' id='word_1_164' title='bbox 952 3015 998 3075; x_wconf 94' lang='lat' dir='ltr'>in-</span> 
     </span>
     <span class='ocr_line' id='line_1_33' title="bbox 255 3103 998 3186; baseline 0.004 -19"><span class='ocrx_word' id='word_1_165' title='bbox 255 3106 339 3167; x_wconf 89' lang='lat' dir='ltr'>sertis</span> <span class='ocrx_word' id='word_1_166' title='bbox 354 3105 513 3177; x_wconf 89' lang='lat' dir='ltr'>babentes,</span> <span class='ocrx_word' id='word_1_167' title='bbox 527 3103 587 3164; x_wconf 88' lang='lat' dir='ltr'>illis</span> <span class='ocrx_word' id='word_1_168' title='bbox 602 3105 673 3166; x_wconf 87' lang='lat' dir='ltr'>alias</span> <span class='ocrx_word' id='word_1_169' title='bbox 689 3107 720 3166; x_wconf 95' lang='lat' dir='ltr'>in</span> <span class='ocrx_word' id='word_1_170' title='bbox 734 3122 791 3168; x_wconf 91' lang='lat' dir='ltr'>suo</span> <span class='ocrx_word' id='word_1_171' title='bbox 806 3111 917 3169; x_wconf 88' lang='lat' dir='ltr'>robore</span> <span class='ocrx_word' id='word_1_172' title='bbox 932 3125 998 3186; x_wconf 92' lang='lat' dir='ltr'>per-</span> 
     </span>
     <span class='ocr_line' id='line_1_34' title="bbox 258 3197 998 3274; baseline 0.008 -16"><span class='ocrx_word' id='word_1_173' title='bbox 258 3197 417 3271; x_wconf 87' lang='lat' dir='ltr'>mansuris,</span> <span class='ocrx_word' id='word_1_174' title='bbox 440 3197 475 3256; x_wconf 92' lang='lat' dir='ltr'>ad</span> <span class='ocrx_word' id='word_1_175' title='bbox 502 3199 744 3274; x_wconf 90' lang='lat' dir='ltr'>praemissorum</span> <span class='ocrx_word' id='word_1_176' title='bbox 776 3200 922 3264; x_wconf 86' lang='lat' dir='ltr'>ellectum</span> <span class='ocrx_word' id='word_1_177' title='bbox 944 3203 998 3264; x_wconf 91' lang='lat' dir='ltr'>bac</span> 
     </span>
     <span class='ocr_line' id='line_1_35' title="bbox 256 3289 997 3373; baseline 0.007 -21"><span class='ocrx_word' id='word_1_178' title='bbox 256 3293 319 3354; x_wconf 91' lang='lat' dir='ltr'>vice</span> <span class='ocrx_word' id='word_1_179' title='bbox 343 3289 703 3370; x_wconf 84' lang='lat' dir='ltr'>dumtaxar·speciatiter</span> <span class='ocrx_word' id='word_1_180' title='bbox 728 3300 759 3354; x_wconf 91' lang='lat' dir='ltr'>et</span> <span class='ocrx_word' id='word_1_181' title='bbox 784 3310 927 3373; x_wconf 89' lang='lat' dir='ltr'>expresse</span> <span class='ocrx_word' id='word_1_182' title='bbox 948 3295 997 3358; x_wconf 92' lang='lat' dir='ltr'>de-</span> 
     </span>
     <span class='ocr_line' id='line_1_36' title="bbox 259 3383 999 3464; baseline 0.004 -16"><span class='ocrx_word' id='word_1_183' title='bbox 259 3401 407 3462; x_wconf 77' lang='lat' dir='ltr'>rogamus,</span> <span class='ocrx_word' id='word_1_184' title='bbox 420 3383 609 3462; x_wconf 89' lang='lat' dir='ltr'>caeterisque</span> <span class='ocrx_word' id='word_1_185' title='bbox 621 3385 783 3447; x_wconf 91' lang='lat' dir='ltr'>contrariis</span> <span class='ocrx_word' id='word_1_186' title='bbox 798 3387 999 3464; x_wconf 90' lang='lat' dir='ltr'>quibuscum·</span> 
     </span>
     <span class='ocr_line' id='line_1_37' title="bbox 259 3495 322 3560; baseline -0.032 -19"><span class='ocrx_word' id='word_1_187' title='bbox 259 3495 322 3560; x_wconf 90' lang='lat' dir='ltr'>que.</span> 
     </span>
    </p>

    <p class='ocr_par' dir='ltr' id='par_1_6' title="bbox 258 3572 1002 3838">
     <span class='ocr_line' id='line_1_38' title="bbox 295 3572 1002 3648; baseline 0.001 -13"><span class='ocrx_word' id='word_1_188' title='bbox 295 3575 402 3636; x_wconf 86' lang='lat' dir='ltr'>batum</span> <span class='ocrx_word' id='word_1_189' title='bbox 427 3572 558 3646; x_wconf 86' lang='lat' dir='ltr'>Romae,</span> <span class='ocrx_word' id='word_1_190' title='bbox 586 3572 666 3648; x_wconf 90' lang='lat' dir='ltr'>apud</span> <span class='ocrx_word' id='word_1_191' title='bbox 692 3572 722 3636; x_wconf 86' lang='lat' dir='ltr'>S.</span> <span class='ocrx_word' id='word_1_192' title='bbox 751 3573 878 3636; x_wconf 88' lang='lat' dir='ltr'>blariam</span> <span class='ocrx_word' id='word_1_193' title='bbox 909 3577 1002 3639; x_wconf 86' lang='lat' dir='ltr'>llaio·</span> 
     </span>
     <span class='ocr_line' id='line_1_39' title="bbox 258 3665 1001 3742; baseline 0.004 -13"><span class='ocrx_word' id='word_1_194' title='bbox 258 3683 330 3741; x_wconf 91' lang='lat' dir='ltr'>rem,</span> <span class='ocrx_word' id='word_1_195' title='bbox 344 3667 403 3728; x_wconf 89' lang='lat' dir='ltr'>sub</span> <span class='ocrx_word' id='word_1_196' title='bbox 421 3665 539 3728; x_wconf 92' lang='lat' dir='ltr'>annulo</span> <span class='ocrx_word' id='word_1_197' title='bbox 562 3665 733 3742; x_wconf 89' lang='lat' dir='ltr'>Piscatoris,</span> <span class='ocrx_word' id='word_1_198' title='bbox 751 3668 800 3729; x_wconf 89' lang='lat' dir='ltr'>dio</span> <span class='ocrx_word' id='word_1_199' title='bbox 822 3684 936 3732; x_wconf 89' lang='lat' dir='ltr'>xxvrrr.</span> <span class='ocrx_word' id='word_1_200' title='bbox 953 3687 1001 3734; x_wconf 91' lang='lat' dir='ltr'>se-</span> 
     </span>
     <span class='ocr_line' id='line_1_40' title="bbox 259 3759 976 3838; baseline 0.006 -17"><span class='ocrx_word' id='word_1_201' title='bbox 259 3759 400 3838; x_wconf 90' lang='lat' dir='ltr'>ptembris</span> <span class='ocrx_word' id='word_1_202' title='bbox 422 3775 564 3822; x_wconf 85' lang='lat' dir='ltr'>unccxc.</span> <span class='ocrx_word' id='word_1_203' title='bbox 588 3759 697 3837; x_wconf 84' lang='lat' dir='ltr'>pontif.</span> <span class='ocrx_word' id='word_1_204' title='bbox 723 3761 822 3823; x_wconf 90' lang='lat' dir='ltr'>nostri</span> <span class='ocrx_word' id='word_1_205' title='bbox 843 3779 892 3824; x_wconf 91' lang='lat' dir='ltr'>an.</span> <span class='ocrx_word' id='word_1_206' title='bbox 912 3779 976 3825; x_wconf 90' lang='lat' dir='ltr'>xvr.</span> 
     </span>
    </p>
   </div>
   <div class='ocr_carea' id='block_1_5' title="bbox 509 3961 747 3973">
    <p class='ocr_par' dir='ltr' id='par_1_7' title="bbox 509 3961 747 3973">
     <span class='ocr_line' id='line_1_41' title="bbox 509 3961 747 3973; baseline 0.004 -4"><span class='ocrx_word' id='word_1_207' title='bbox 509 3961 747 3973; x_wconf 78' lang='grc'>-....-.-.-.-.-</span> 
     </span>
    </p>
   </div>
   <div class='ocr_carea' id='block_1_6' title="bbox 585 4138 663 4202">
    <p class='ocr_par' dir='ltr' id='par_1_8' title="bbox 585 4138 663 4202">
     <span class='ocr_line' id='line_1_42' title="bbox 585 4138 663 4202; baseline -0.038 0"><span class='ocrx_word' id='word_1_208' title='bbox 585 4138 663 4202; x_wconf 85' lang='lat' dir='ltr'><strong>XCI.</strong></span> 
     </span>
    </p>
   </div>
   <div class='ocr_carea' id='block_1_7' title="bbox 259 4326 997 4592">
    <p class='ocr_par' dir='ltr' id='par_1_9' title="bbox 259 4326 997 4592">
     <span class='ocr_line' id='line_1_43' title="bbox 259 4326 997 4404; baseline -0.001 -12"><span class='ocrx_word' id='word_1_209' title='bbox 259 4329 380 4392; x_wconf 74' lang='lat' dir='ltr'>docimii</span> <span class='ocrx_word' id='word_1_210' title='bbox 412 4326 626 4388; x_wconf 80' lang='lat' dir='ltr'>nosocomium</span> <span class='ocrx_word' id='word_1_211' title='bbox 660 4343 839 4404; x_wconf 83' lang='lat' dir='ltr'>pauperum</span> <span class='ocrx_word' id='word_1_212' title='bbox 872 4329 997 4390; x_wconf 83' lang='lat' dir='ltr'>nativo-</span> 
     </span>
     <span class='ocr_line' id='line_1_44' title="bbox 292 4419 996 4484; baseline 0.001 -2"><span class='ocrx_word' id='word_1_213' title='bbox 292 4437 363 4484; x_wconf 84' lang='lat' dir='ltr'>rum</span> <span class='ocrx_word' id='word_1_214' title='bbox 386 4420 533 4480; x_wconf 82' lang='lat' dir='ltr'>civitatis</span> <span class='ocrx_word' id='word_1_215' title='bbox 555 4419 743 4482; x_wconf 80' lang='lat' dir='ltr'>Mcairortrtc</span> <span class='ocrx_word' id='word_1_216' title='bbox 761 4438 781 4481; x_wconf 86' lang='lat' dir='ltr'>o</span> <span class='ocrx_word' id='word_1_217' title='bbox 797 4421 996 4484; x_wconf 82' lang='lat' dir='ltr'>iurisdictio·</span> 
     </span>
     <span class='ocr_line' id='line_1_45' title="bbox 293 4512 543 4592; baseline -0.008 -17"><span class='ocrx_word' id='word_1_218' title='bbox 293 4532 329 4576; x_wconf 86' lang='lat' dir='ltr'>rrc</span> <span class='ocrx_word' id='word_1_219' title='bbox 350 4512 543 4592; x_wconf 82' lang='lat' dir='ltr'>parochiali.</span> 
     </span>
    </p>
   </div>
   <div class='ocr_carea' id='block_1_8' title="bbox 391 4682 855 4875">
    <p class='ocr_par' dir='ltr' id='par_1_10' title="bbox 391 4682 855 4875">
     <span class='ocr_line' id='line_1_46' title="bbox 505 4682 744 4751; baseline -0.008 -3"><span class='ocrx_word' id='word_1_220' title='bbox 505 4682 591 4751; x_wconf 78' lang='lat' dir='ltr'>etus</span> <span class='ocrx_word' id='word_1_221' title='bbox 614 4683 674 4751; x_wconf 89' lang='grc' dir='ltr'>ΡΡ.</span> <span class='ocrx_word' id='word_1_222' title='bbox 699 4682 744 4750; x_wconf 89' lang='lat' dir='ltr'>lli.</span> 
     </span>
     <span class='ocr_line' id='line_1_47' title="bbox 391 4806 855 4875; baseline -0.009 -2"><span class='ocrx_word' id='word_1_223' title='bbox 391 4806 855 4875; x_wconf 59' lang='lat' dir='ltr'>mmmmmwm</span> 
     </span>
    </p>
   </div>
   <div class='ocr_carea' id='block_1_9' title="bbox 251 4983 997 5906">
    <p class='ocr_par' dir='ltr' id='par_1_11' title="bbox 251 4983 997 5812">
     <span class='ocr_line' id='line_1_48' title="bbox 291 4983 995 5064; baseline 0.001 -18"><span class='ocrx_word' id='word_1_224' title='bbox 291 4985 358 5061; x_wconf 68' lang='lat' dir='ltr'>gl.</span> <span class='ocrx_word' id='word_1_225' title='bbox 383 4983 434 5046; x_wconf 91' lang='lat' dir='ltr'>Pia</span> <span class='ocrx_word' id='word_1_226' title='bbox 465 4983 527 5046; x_wconf 89' lang='lat' dir='ltr'>loca</span> <span class='ocrx_word' id='word_1_227' title='bbox 558 4997 783 5063; x_wconf 91' lang='lat' dir='ltr'>quaecumque,</span> <span class='ocrx_word' id='word_1_228' title='bbox 816 4986 995 5064; x_wconf 87' lang='lat' dir='ltr'>praesertim</span> 
     </span>
     <span class='ocr_line' id='line_1_49' title="bbox 254 5077 996 5158; baseline 0.003 -18"><span class='ocrx_word' id='word_1_229' title='bbox 254 5096 324 5142; x_wconf 93' lang='lat' dir='ltr'>vero</span> <span class='ocrx_word' id='word_1_230' title='bbox 355 5079 419 5152; x_wconf 92' lang='lat' dir='ltr'>illa,</span> <span class='ocrx_word' id='word_1_231' title='bbox 441 5078 473 5139; x_wconf 91' lang='lat' dir='ltr'>in</span> <span class='ocrx_word' id='word_1_232' title='bbox 506 5077 618 5156; x_wconf 91' lang='lat' dir='ltr'>quibus</span> <span class='ocrx_word' id='word_1_233' title='bbox 646 5077 874 5150; x_wconf 87' lang='lat' dir='ltr'>misericordiae</span> <span class='ocrx_word' id='word_1_234' title='bbox 903 5095 996 5158; x_wconf 89' lang='lat' dir='ltr'>opera</span> 
     </span>
     <span class='ocr_line' id='line_1_50' title="bbox 253 5169 996 5252; baseline -0.001 -16"><span class='ocrx_word' id='word_1_235' title='bbox 253 5180 447 5246; x_wconf 83' lang='lat' dir='ltr'>exercentur,</span> <span class='ocrx_word' id='word_1_236' title='bbox 475 5187 531 5232; x_wconf 90' lang='lat' dir='ltr'>nos</span> <span class='ocrx_word' id='word_1_237' title='bbox 563 5169 650 5232; x_wconf 91' lang='lat' dir='ltr'>decet</span> <span class='ocrx_word' id='word_1_238' title='bbox 681 5172 863 5249; x_wconf 88' lang='lat' dir='ltr'>apostolicae</span> <span class='ocrx_word' id='word_1_239' title='bbox 895 5174 996 5252; x_wconf 92' lang='lat' dir='ltr'>provi-</span> 
     </span>
     <span class='ocr_line' id='line_1_51' title="bbox 252 5264 997 5342; baseline -0.001 -13"><span class='ocrx_word' id='word_1_240' title='bbox 252 5267 370 5329; x_wconf 88' lang='lat' dir='ltr'>dentiae</span> <span class='ocrx_word' id='word_1_241' title='bbox 391 5264 547 5326; x_wconf 79' lang='lat' dir='ltr'>favoribus</span> <span class='ocrx_word' id='word_1_242' title='bbox 569 5265 724 5342; x_wconf 87' lang='lat' dir='ltr'>prosequi,</span> <span class='ocrx_word' id='word_1_243' title='bbox 741 5275 833 5342; x_wconf 90' lang='lat' dir='ltr'>atque</span> <span class='ocrx_word' id='word_1_244' title='bbox 849 5282 882 5327; x_wconf 89' lang='lat' dir='ltr'>ea</span> <span class='ocrx_word' id='word_1_245' title='bbox 898 5266 997 5329; x_wconf 91' lang='lat' dir='ltr'>liben-</span> 
     </span>
     <span class='ocr_line' id='line_1_52' title="bbox 253 5357 995 5435; baseline 0 -15"><span class='ocrx_word' id='word_1_246' title='bbox 253 5366 296 5421; x_wconf 93' lang='lat' dir='ltr'>ter</span> <span class='ocrx_word' id='word_1_247' title='bbox 315 5357 497 5431; x_wconf 87' lang='lat' dir='ltr'>concedere,</span> <span class='ocrx_word' id='word_1_248' title='bbox 520 5372 575 5435; x_wconf 90' lang='lat' dir='ltr'>per</span> <span class='ocrx_word' id='word_1_249' title='bbox 602 5372 680 5435; x_wconf 89' lang='lat' dir='ltr'>quae</span> <span class='ocrx_word' id='word_1_250' title='bbox 702 5357 844 5420; x_wconf 91' lang='lat' dir='ltr'>locorum</span> <span class='ocrx_word' id='word_1_251' title='bbox 873 5374 995 5421; x_wconf 93' lang='lat' dir='ltr'>eorum-</span> 
     </span>
     <span class='ocr_line' id='line_1_53' title="bbox 251 5449 994 5529; baseline 0 -15"><span class='ocrx_word' id='word_1_252' title='bbox 251 5453 317 5514; x_wconf 90' lang='lat' dir='ltr'>dem</span> <span class='ocrx_word' id='word_1_253' title='bbox 338 5451 421 5515; x_wconf 86' lang='lat' dir='ltr'>lelici</span> <span class='ocrx_word' id='word_1_254' title='bbox 443 5469 476 5512; x_wconf 92' lang='lat' dir='ltr'>ac</span> <span class='ocrx_word' id='word_1_255' title='bbox 498 5449 666 5529; x_wconf 89' lang='lat' dir='ltr'>tranquillo</span> <span class='ocrx_word' id='word_1_256' title='bbox 687 5452 780 5513; x_wconf 88' lang='lat' dir='ltr'>statui</span> <span class='ocrx_word' id='word_1_257' title='bbox 808 5452 994 5528; x_wconf 91' lang='lat' dir='ltr'>consulitur,</span> 
     </span>
     <span class='ocr_line' id='line_1_54' title="bbox 252 5544 995 5626; baseline 0.003 -18"><span class='ocrx_word' id='word_1_258' title='bbox 252 5547 299 5608; x_wconf 87' lang='lat' dir='ltr'>uhi</span> <span class='ocrx_word' id='word_1_259' title='bbox 321 5547 458 5608; x_wconf 91' lang='lat' dir='ltr'>maxime</span> <span class='ocrx_word' id='word_1_260' title='bbox 478 5547 514 5607; x_wconf 92' lang='lat' dir='ltr'>ad</span> <span class='ocrx_word' id='word_1_261' title='bbox 537 5544 567 5606; x_wconf 92' lang='lat' dir='ltr'>ld</span> <span class='ocrx_word' id='word_1_262' title='bbox 587 5545 796 5609; x_wconf 89' lang='lat' dir='ltr'>sublirnorum</span> <span class='ocrx_word' id='word_1_263' title='bbox 817 5547 995 5626; x_wconf 88' lang='lat' dir='ltr'>principum</span> 
     </span>
     <span class='ocr_line' id='line_1_55' title="bbox 251 5639 995 5717; baseline 0 -15"><span class='ocrx_word' id='word_1_264' title='bbox 251 5654 352 5717; x_wconf 91' lang='lat' dir='ltr'>preces</span> <span class='ocrx_word' id='word_1_265' title='bbox 372 5641 529 5715; x_wconf 87' lang='lat' dir='ltr'>accedant,</span> <span class='ocrx_word' id='word_1_266' title='bbox 551 5647 644 5717; x_wconf 91' lang='lat' dir='ltr'>prout</span> <span class='ocrx_word' id='word_1_267' title='bbox 665 5639 698 5699; x_wconf 94' lang='lat' dir='ltr'>in</span> <span class='ocrx_word' id='word_1_268' title='bbox 720 5640 851 5701; x_wconf 80' lang='lat' dir='ltr'>lietuino</span> <span class='ocrx_word' id='word_1_269' title='bbox 867 5641 995 5704; x_wconf 88' lang='lat' dir='ltr'>salubri·</span> 
     </span>
     <span class='ocr_line' id='line_1_56' title="bbox 251 5733 696 5812; baseline -0.011 -16"><span class='ocrx_word' id='word_1_270' title='bbox 251 5741 295 5796; x_wconf 90' lang='lat' dir='ltr'>ter</span> <span class='ocrx_word' id='word_1_271' title='bbox 316 5734 460 5812; x_wconf 88' lang='lat' dir='ltr'>expedire</span> <span class='ocrx_word' id='word_1_272' title='bbox 481 5733 696 5811; x_wconf 79' lang='lat' dir='ltr'>conspicimus</span> 
     </span>
    </p>

    <p class='ocr_par' dir='ltr' id='par_1_12' title="bbox 288 5825 995 5906">
     <span class='ocr_line' id='line_1_57' title="bbox 288 5825 995 5906; baseline 0.001 -17"><span class='ocrx_word' id='word_1_273' title='bbox 288 5827 356 5903; x_wconf 69' lang='lat'>§2</span> <span class='ocrx_word' id='word_1_274' title='bbox 382 5827 502 5906; x_wconf 83' lang='lat' dir='ltr'>Exponl</span> <span class='ocrx_word' id='word_1_275' title='bbox 523 5826 678 5904; x_wconf 92' lang='lat' dir='ltr'>siquidem</span> <span class='ocrx_word' id='word_1_276' title='bbox 699 5825 787 5888; x_wconf 91' lang='lat' dir='ltr'>nobis</span> <span class='ocrx_word' id='word_1_277' title='bbox 805 5842 907 5906; x_wconf 86' lang='lat' dir='ltr'>nuper</span> <span class='ocrx_word' id='word_1_278' title='bbox 921 5827 995 5890; x_wconf 92' lang='lat' dir='ltr'>lecit</span> 
     </span>
    </p>
   </div>
   <div class='ocr_carea' id='block_1_10' title="bbox 356 6065 962 6125">
    <p class='ocr_par' dir='ltr' id='par_1_13' title="bbox 356 6065 962 6125">
     <span class='ocr_line' id='line_1_58' title="bbox 356 6065 962 6125; baseline -0.002 -13"><span class='ocrx_word' id='word_1_279' title='bbox 356 6069 407 6118; x_wconf 77' lang='lat' dir='ltr'>tur.</span> <span class='ocrx_word' id='word_1_280' title='bbox 425 6069 494 6114; x_wconf 73' lang='lat' dir='ltr'>dont.</span> <span class='ocrx_word' id='word_1_281' title='bbox 510 6065 541 6114; x_wconf 85' lang='lat' dir='ltr'>de</span> <span class='ocrx_word' id='word_1_282' title='bbox 558 6067 630 6125; x_wconf 83' lang='lat' dir='ltr'>l&#39;rop.</span> <span class='ocrx_word' id='word_1_283' title='bbox 646 6066 709 6113; x_wconf 78' lang='lat' dir='ltr'>Fide</span> <span class='ocrx_word' id='word_1_284' title='bbox 724 6067 805 6114; x_wconf 81' lang='lat' dir='ltr'>Partis</span> <span class='ocrx_word' id='word_1_285' title='bbox 820 6069 839 6114; x_wconf 91' lang='lat' dir='ltr'>l.</span> <span class='ocrx_word' id='word_1_286' title='bbox 854 6068 907 6114; x_wconf 82' lang='lat' dir='ltr'>vol.</span> <span class='ocrx_word' id='word_1_287' title='bbox 924 6069 962 6114; x_wconf 82' lang='lat' dir='ltr'>lv.</span> 
     </span>
    </p>
   </div>
   <div class='ocr_carea' id='block_1_11' title="bbox 1731 528 2031 594">
    <p class='ocr_par' dir='ltr' id='par_1_14' title="bbox 1731 528 2031 594">
     <span class='ocr_line' id='line_1_59' title="bbox 1731 528 2031 594; baseline 0.003 -13"><span class='ocrx_word' id='word_1_288' title='bbox 1731 529 1788 594; x_wconf 72' lang='lat'>361</span> <span class='ocrx_word' id='word_1_289' title='bbox 1841 528 1894 583; x_wconf 76' lang='lat' dir='ltr'>An.</span> <span class='ocrx_word' id='word_1_290' title='bbox 1909 531 1940 583; x_wconf 85' lang='lat' dir='ltr'>(l.</span> <span class='ocrx_word' id='word_1_291' title='bbox 1962 531 2031 582; x_wconf 80' lang='lat'>1790</span> 
     </span>
    </p>
   </div>
   <div class='ocr_carea' id='block_1_12' title="bbox 1058 669 2043 1405">
    <p class='ocr_par' dir='ltr' id='par_1_15' title="bbox 1058 669 2043 1405">
     <span class='ocr_line' id='line_1_60' title="bbox 1060 669 2043 777; baseline 0.002 -47"><span class='ocrx_word' id='word_1_292' title='bbox 1060 669 1274 747; x_wconf 89' lang='lat' dir='ltr'>Hispaniarum</span> <span class='ocrx_word' id='word_1_293' title='bbox 1288 686 1343 730; x_wconf 89' lang='lat' dir='ltr'>rex</span> <span class='ocrx_word' id='word_1_294' title='bbox 1359 669 1536 746; x_wconf 87' lang='lat' dir='ltr'>catholicus,</span> <span class='ocrx_word' id='word_1_295' title='bbox 1550 672 1643 751; x_wconf 92' lang='lat' dir='ltr'>quod,</span> <span class='ocrx_word' id='word_1_296' title='bbox 1656 688 1728 734; x_wconf 92' lang='lat' dir='ltr'>cum</span> <span class='ocrx_word' id='word_1_297' title='bbox 1744 673 1809 752; x_wconf 90' lang='lat' dir='ltr'>ipse</span> <span class='ocrx_word' id='word_1_298' title='bbox 1827 676 1923 724; x_wconf 79' lang='lat' dir='ltr'>exorreo</span> <span class='ocrx_word' id='word_1_299' title='bbox 1947 687 2043 777; x_wconf 59' lang='lat' dir='ltr'>rutilet</span> 
     </span>
     <span class='ocr_line' id='line_1_61' title="bbox 1061 737 2041 840; baseline 0.007 -16"><span class='ocrx_word' id='word_1_300' title='bbox 1061 770 1127 824; x_wconf 89' lang='lat' dir='ltr'>tum</span> <span class='ocrx_word' id='word_1_301' title='bbox 1149 779 1165 823; x_wconf 93' lang='lat' dir='ltr'>a</span> <span class='ocrx_word' id='word_1_302' title='bbox 1186 779 1242 825; x_wconf 89' lang='lat' dir='ltr'>suo</span> <span class='ocrx_word' id='word_1_303' title='bbox 1263 777 1414 840; x_wconf 88' lang='lat' dir='ltr'>pro-rege</span> <span class='ocrx_word' id='word_1_304' title='bbox 1436 763 1645 838; x_wconf 82' lang='lat' dir='ltr'>gubernatore</span> <span class='ocrx_word' id='word_1_305' title='bbox 1675 773 1705 826; x_wconf 90' lang='lat' dir='ltr'>et</span> <span class='ocrx_word' id='word_1_306' title='bbox 1731 763 1808 828; x_wconf 90' lang='lat' dir='ltr'>duce</span> <span class='ocrx_word' id='word_1_307' title='bbox 1828 737 1932 833; x_wconf 60' lang='lat' dir='ltr'>32f³⁰⁸³</span> <span class='ocrx_word' id='word_1_308' title='bbox 1962 743 1996 778; x_wconf 70' lang='lat'>¹¹¹²</span> <span class='ocrx_word' id='word_1_309' title='bbox 2010 742 2041 777; x_wconf 60' lang='grc' dir='ltr'>θ’</span> 
     </span>
     <span class='ocr_line' id='line_1_62' title="bbox 1059 855 1805 936; baseline 0.001 -19"><span class='ocrx_word' id='word_1_310' title='bbox 1059 855 1195 932; x_wconf 90' lang='lat' dir='ltr'>generali</span> <span class='ocrx_word' id='word_1_311' title='bbox 1227 855 1460 934; x_wconf 90' lang='lat' dir='ltr'>provinciarum</span> <span class='ocrx_word' id='word_1_312' title='bbox 1492 872 1590 919; x_wconf 89' lang='lat' dir='ltr'>norae</span> <span class='ocrx_word' id='word_1_313' title='bbox 1623 857 1805 936; x_wconf 87' lang='lat' dir='ltr'>Hispaniae,</span> 
     </span>
     <span class='ocr_line' id='line_1_63' title="bbox 1061 951 1807 1029; baseline 0.003 -17"><span class='ocrx_word' id='word_1_314' title='bbox 1061 959 1128 1012; x_wconf 90' lang='lat' dir='ltr'>tum</span> <span class='ocrx_word' id='word_1_315' title='bbox 1155 952 1248 1012; x_wconf 90' lang='lat' dir='ltr'>etiam</span> <span class='ocrx_word' id='word_1_316' title='bbox 1277 951 1400 1026; x_wconf 88' lang='lat' dir='ltr'>aregio</span> <span class='ocrx_word' id='word_1_317' title='bbox 1429 951 1524 1014; x_wconf 90' lang='lat' dir='ltr'>fiscali</span> <span class='ocrx_word' id='word_1_318' title='bbox 1553 960 1585 1014; x_wconf 92' lang='lat' dir='ltr'>et</span> <span class='ocrx_word' id='word_1_319' title='bbox 1606 967 1621 1011; x_wconf 89' lang='lat' dir='ltr'>a</span> <span class='ocrx_word' id='word_1_320' title='bbox 1643 969 1699 1014; x_wconf 92' lang='lat' dir='ltr'>suo</span> <span class='ocrx_word' id='word_1_321' title='bbox 1721 951 1807 1029; x_wconf 88' lang='lat' dir='ltr'>regio</span> 
     </span>
     <span class='ocr_line' id='line_1_64' title="bbox 1059 1043 1806 1122; baseline 0 -16"><span class='ocrx_word' id='word_1_322' title='bbox 1059 1043 1216 1106; x_wconf 88' lang='lat' dir='ltr'>indiarum</span> <span class='ocrx_word' id='word_1_323' title='bbox 1238 1044 1367 1106; x_wconf 88' lang='lat' dir='ltr'>consilio</span> <span class='ocrx_word' id='word_1_324' title='bbox 1388 1046 1426 1107; x_wconf 91' lang='lat' dir='ltr'>de</span> <span class='ocrx_word' id='word_1_325' title='bbox 1440 1045 1581 1122; x_wconf 91' lang='lat' dir='ltr'>pluribus</span> <span class='ocrx_word' id='word_1_326' title='bbox 1596 1047 1806 1108; x_wconf 91' lang='lat' dir='ltr'>contentioni·</span> 
     </span>
     <span class='ocr_line' id='line_1_65' title="bbox 1059 1136 1806 1216; baseline 0.003 -18"><span class='ocrx_word' id='word_1_327' title='bbox 1059 1137 1115 1198; x_wconf 90' lang='lat' dir='ltr'>bus</span> <span class='ocrx_word' id='word_1_328' title='bbox 1137 1153 1170 1199; x_wconf 89' lang='lat' dir='ltr'>ac</span> <span class='ocrx_word' id='word_1_329' title='bbox 1191 1136 1334 1212; x_wconf 88' lang='lat' dir='ltr'>dissidiis,</span> <span class='ocrx_word' id='word_1_330' title='bbox 1356 1153 1435 1216; x_wconf 89' lang='lat' dir='ltr'>quae</span> <span class='ocrx_word' id='word_1_331' title='bbox 1457 1139 1489 1199; x_wconf 93' lang='lat' dir='ltr'>in</span> <span class='ocrx_word' id='word_1_332' title='bbox 1511 1139 1637 1204; x_wconf 87' lang='lat' dir='ltr'>civitate</span> <span class='ocrx_word' id='word_1_333' title='bbox 1651 1138 1806 1202; x_wconf 90' lang='lat' dir='ltr'>llexicana</span> 
     </span>
     <span class='ocr_line' id='line_1_66' title="bbox 1060 1229 1806 1309; baseline 0.008 -19"><span class='ocrx_word' id='word_1_334' title='bbox 1060 1229 1141 1292; x_wconf 89' lang='lat' dir='ltr'>inter</span> <span class='ocrx_word' id='word_1_335' title='bbox 1163 1233 1309 1309; x_wconf 88' lang='lat' dir='ltr'>paroclros</span> <span class='ocrx_word' id='word_1_336' title='bbox 1330 1231 1467 1294; x_wconf 89' lang='lat' dir='ltr'>eiusdem</span> <span class='ocrx_word' id='word_1_337' title='bbox 1484 1232 1668 1295; x_wconf 88' lang='lat' dir='ltr'>civitatisex</span> <span class='ocrx_word' id='word_1_338' title='bbox 1685 1249 1759 1307; x_wconf 90' lang='lat' dir='ltr'>una,</span> <span class='ocrx_word' id='word_1_339' title='bbox 1776 1241 1806 1296; x_wconf 90' lang='lat' dir='ltr'>et</span> 
     </span>
     <span class='ocr_line' id='line_1_67' title="bbox 1058 1325 1807 1405; baseline 0.005 -21"><span class='ocrx_word' id='word_1_340' title='bbox 1058 1325 1320 1388; x_wconf 87' lang='lat' dir='ltr'>administratores</span> <span class='ocrx_word' id='word_1_341' title='bbox 1342 1327 1511 1388; x_wconf 89' lang='lat' dir='ltr'>nosocomii</span> <span class='ocrx_word' id='word_1_342' title='bbox 1532 1342 1705 1405; x_wconf 90' lang='lat' dir='ltr'>pauperum</span> <span class='ocrx_word' id='word_1_343' title='bbox 1727 1327 1807 1389; x_wconf 89' lang='lat' dir='ltr'>nati-</span> 
     </span>
    </p>
   </div>
   <div class='ocr_carea' id='block_1_13' title="bbox 1058 1418 1806 1498">
    <p class='ocr_par' dir='ltr' id='par_1_16' title="bbox 1058 1418 1806 1498">
     <span class='ocr_line' id='line_1_68' title="bbox 1058 1418 1806 1498; baseline 0.004 -21"><span class='ocrx_word' id='word_1_344' title='bbox 1058 1433 1171 1480; x_wconf 86' lang='lat' dir='ltr'>vorum</span> <span class='ocrx_word' id='word_1_345' title='bbox 1192 1418 1281 1495; x_wconf 90' lang='lat' dir='ltr'>regni</span> <span class='ocrx_word' id='word_1_346' title='bbox 1304 1419 1455 1482; x_wconf 88' lang='lat' dir='ltr'>llexicani</span> <span class='ocrx_word' id='word_1_347' title='bbox 1471 1435 1508 1480; x_wconf 91' lang='lat' dir='ltr'>ex</span> <span class='ocrx_word' id='word_1_348' title='bbox 1524 1420 1620 1482; x_wconf 89' lang='lat' dir='ltr'>altera</span> <span class='ocrx_word' id='word_1_349' title='bbox 1635 1429 1721 1497; x_wconf 90' lang='lat' dir='ltr'>parte</span> <span class='ocrx_word' id='word_1_350' title='bbox 1737 1436 1806 1498; x_wconf 89' lang='lat' dir='ltr'>pro-</span> 
     </span>
    </p>
   </div>
   <div class='ocr_carea' id='block_1_14' title="bbox 1053 1511 2039 4788">
    <p class='ocr_par' dir='ltr' id='par_1_17' title="bbox 1058 1511 1807 1778">
     <span class='ocr_line' id='line_1_69' title="bbox 1058 1511 1806 1591; baseline 0.009 -20"><span class='ocrx_word' id='word_1_351' title='bbox 1058 1518 1127 1588; x_wconf 90' lang='lat' dir='ltr'>pter</span> <span class='ocrx_word' id='word_1_352' title='bbox 1148 1511 1217 1573; x_wconf 91' lang='lat' dir='ltr'>iura</span> <span class='ocrx_word' id='word_1_353' title='bbox 1249 1512 1411 1574; x_wconf 90' lang='lat' dir='ltr'>mortualia</span> <span class='ocrx_word' id='word_1_354' title='bbox 1438 1513 1576 1590; x_wconf 92' lang='lat' dir='ltr'>quotidie</span> <span class='ocrx_word' id='word_1_355' title='bbox 1607 1515 1806 1591; x_wconf 91' lang='lat' dir='ltr'>exoriuntur,</span> 
     </span>
     <span class='ocr_line' id='line_1_70' title="bbox 1059 1603 1807 1679; baseline 0.005 -15"><span class='ocrx_word' id='word_1_356' title='bbox 1059 1603 1172 1665; x_wconf 90' lang='lat' dir='ltr'>certior</span> <span class='ocrx_word' id='word_1_357' title='bbox 1203 1603 1299 1666; x_wconf 89' lang='lat' dir='ltr'>lactus</span> <span class='ocrx_word' id='word_1_358' title='bbox 1330 1605 1381 1679; x_wconf 93' lang='lat' dir='ltr'>sit,</span> <span class='ocrx_word' id='word_1_359' title='bbox 1404 1613 1529 1667; x_wconf 90' lang='lat' dir='ltr'>etcum</span> <span class='ocrx_word' id='word_1_360' title='bbox 1552 1606 1596 1668; x_wconf 91' lang='lat' dir='ltr'>nil</span> <span class='ocrx_word' id='word_1_361' title='bbox 1626 1606 1738 1669; x_wconf 90' lang='lat' dir='ltr'>melius</span> <span class='ocrx_word' id='word_1_362' title='bbox 1760 1608 1807 1668; x_wconf 88' lang='lat' dir='ltr'>lris</span> 
     </span>
     <span class='ocr_line' id='line_1_71' title="bbox 1060 1696 1805 1778; baseline 0.005 -22"><span class='ocrx_word' id='word_1_363' title='bbox 1060 1696 1192 1757; x_wconf 85' lang='lat' dir='ltr'>firmiter</span> <span class='ocrx_word' id='word_1_364' title='bbox 1213 1697 1333 1758; x_wconf 89' lang='lat' dir='ltr'>occurri</span> <span class='ocrx_word' id='word_1_365' title='bbox 1361 1713 1450 1774; x_wconf 85' lang='lat' dir='ltr'>posse</span> <span class='ocrx_word' id='word_1_366' title='bbox 1476 1698 1642 1773; x_wconf 91' lang='lat' dir='ltr'>existimet,</span> <span class='ocrx_word' id='word_1_367' title='bbox 1666 1700 1805 1778; x_wconf 91' lang='lat' dir='ltr'>quamsi</span> 
     </span>
    </p>

    <p class='ocr_par' dir='ltr' id='par_1_18' title="bbox 1059 1789 1806 1866">
     <span class='ocr_line' id='line_1_72' title="bbox 1059 1789 1806 1866; baseline 0.008 -18"><span class='ocrx_word' id='word_1_368' title='bbox 1059 1789 1181 1866; x_wconf 90' lang='lat' dir='ltr'>regium</span> <span class='ocrx_word' id='word_1_369' title='bbox 1211 1791 1423 1854; x_wconf 89' lang='lat' dir='ltr'>nosocomium</span> <span class='ocrx_word' id='word_1_370' title='bbox 1454 1791 1634 1855; x_wconf 89' lang='lat' dir='ltr'>huiusmodi</span> <span class='ocrx_word' id='word_1_371' title='bbox 1662 1794 1699 1855; x_wconf 91' lang='lat' dir='ltr'>ab</span> <span class='ocrx_word' id='word_1_372' title='bbox 1720 1793 1806 1854; x_wconf 91' lang='lat' dir='ltr'>omni</span> 
     </span>
    </p>

    <p class='ocr_par' dir='ltr' id='par_1_19' title="bbox 1058 1883 1804 1966">
     <span class='ocr_line' id='line_1_73' title="bbox 1058 1883 1804 1966; baseline 0.012 -24"><span class='ocrx_word' id='word_1_373' title='bbox 1058 1883 1222 1959; x_wconf 82' lang='lat' dir='ltr'>parochiali</span> <span class='ocrx_word' id='word_1_374' title='bbox 1244 1885 1459 1947; x_wconf 91' lang='lat' dir='ltr'>iurisdictione</span> <span class='ocrx_word' id='word_1_375' title='bbox 1480 1901 1536 1963; x_wconf 91' lang='lat' dir='ltr'>per</span> <span class='ocrx_word' id='word_1_376' title='bbox 1557 1903 1613 1949; x_wconf 89' lang='lat' dir='ltr'>nos</span> <span class='ocrx_word' id='word_1_377' title='bbox 1628 1887 1804 1966; x_wconf 81' lang='lat' dir='ltr'>eximatur3</span> 
     </span>
    </p>

    <p class='ocr_par' dir='ltr' id='par_1_20' title="bbox 1059 1978 1805 2059">
     <span class='ocr_line' id='line_1_74' title="bbox 1059 1978 1805 2059; baseline 0.011 -21"><span class='ocrx_word' id='word_1_378' title='bbox 1059 1978 1147 2039; x_wconf 94' lang='lat' dir='ltr'>nobis</span> <span class='ocrx_word' id='word_1_379' title='bbox 1169 1986 1328 2056; x_wconf 87' lang='lat' dir='ltr'>propterea</span> <span class='ocrx_word' id='word_1_380' title='bbox 1351 1979 1512 2042; x_wconf 90' lang='lat' dir='ltr'>bumiliter</span> <span class='ocrx_word' id='word_1_381' title='bbox 1532 1981 1697 2059; x_wconf 91' lang='lat' dir='ltr'>supplicari</span> <span class='ocrx_word' id='word_1_382' title='bbox 1718 1983 1805 2059; x_wconf 90' lang='lat' dir='ltr'>lecit,</span> 
     </span>
    </p>

    <p class='ocr_par' dir='ltr' id='par_1_21' title="bbox 1058 2073 1806 2153">
     <span class='ocr_line' id='line_1_75' title="bbox 1058 2073 1806 2153; baseline 0.009 -19"><span class='ocrx_word' id='word_1_383' title='bbox 1058 2082 1093 2134; x_wconf 91' lang='lat' dir='ltr'>ut</span> <span class='ocrx_word' id='word_1_384' title='bbox 1115 2073 1147 2134; x_wconf 87' lang='lat' dir='ltr'>iu</span> <span class='ocrx_word' id='word_1_385' title='bbox 1170 2074 1343 2150; x_wconf 88' lang='lat' dir='ltr'>praemissis</span> <span class='ocrx_word' id='word_1_386' title='bbox 1373 2083 1547 2151; x_wconf 91' lang='lat' dir='ltr'>opportune</span> <span class='ocrx_word' id='word_1_387' title='bbox 1576 2075 1751 2153; x_wconf 92' lang='lat' dir='ltr'>providere,</span> <span class='ocrx_word' id='word_1_388' title='bbox 1774 2088 1806 2141; x_wconf 89' lang='lat' dir='ltr'>et</span> 
     </span>
    </p>

    <p class='ocr_par' dir='ltr' id='par_1_22' title="bbox 1058 2166 1806 2250">
     <span class='ocr_line' id='line_1_76' title="bbox 1058 2166 1806 2250; baseline 0.011 -24"><span class='ocrx_word' id='word_1_389' title='bbox 1058 2172 1092 2226; x_wconf 93' lang='lat' dir='ltr'>ut</span> <span class='ocrx_word' id='word_1_390' title='bbox 1114 2166 1192 2228; x_wconf 88' lang='lat' dir='ltr'>intra</span> <span class='ocrx_word' id='word_1_391' title='bbox 1223 2167 1388 2244; x_wconf 90' lang='lat' dir='ltr'>indulgere</span> <span class='ocrx_word' id='word_1_392' title='bbox 1410 2169 1447 2230; x_wconf 92' lang='lat' dir='ltr'>de</span> <span class='ocrx_word' id='word_1_393' title='bbox 1470 2170 1660 2247; x_wconf 88' lang='lat' dir='ltr'>benignitate</span> <span class='ocrx_word' id='word_1_394' title='bbox 1688 2182 1806 2250; x_wconf 89' lang='lat' dir='ltr'>aposto·</span> 
     </span>
    </p>

    <p class='ocr_par' dir='ltr' id='par_1_23' title="bbox 1059 2259 1467 2336">
     <span class='ocr_line' id='line_1_77' title="bbox 1059 2259 1467 2336; baseline 0.015 -16"><span class='ocrx_word' id='word_1_395' title='bbox 1059 2259 1112 2320; x_wconf 90' lang='lat' dir='ltr'>lica</span> <span class='ocrx_word' id='word_1_396' title='bbox 1135 2261 1349 2336; x_wconf 87' lang='lat' dir='ltr'>dignaremur.</span> <span class='ocrx_word' id='word_1_397' title='bbox 1464 2273 1467 2280; x_wconf 83' lang='lat'>&#39;</span> 
     </span>
    </p>

    <p class='ocr_par' dir='ltr' id='par_1_24' title="bbox 1053 2355 2039 4788">
     <span class='ocr_line' id='line_1_78' title="bbox 1096 2355 2037 2441; baseline 0.005 -26"><span class='ocrx_word' id='word_1_398' title='bbox 1096 2355 1165 2428; x_wconf 70' lang='lat'>§3-</span> <span class='ocrx_word' id='word_1_399' title='bbox 1189 2355 1250 2418; x_wconf 91' lang='lat' dir='ltr'>Nos</span> <span class='ocrx_word' id='word_1_400' title='bbox 1278 2357 1375 2434; x_wconf 89' lang='lat' dir='ltr'>igitur</span> <span class='ocrx_word' id='word_1_401' title='bbox 1406 2361 1570 2422; x_wconf 90' lang='lat' dir='ltr'>memorati</span> <span class='ocrx_word' id='word_1_402' title='bbox 1600 2363 1699 2425; x_wconf 87' lang='lat' dir='ltr'>Caroli</span> <span class='ocrx_word' id='word_1_403' title='bbox 1722 2365 1805 2441; x_wconf 88' lang='lat' dir='ltr'>regis</span> <span class='ocrx_word' id='word_1_404' title='bbox 1874 2374 1980 2438; x_wconf 63' lang='lat' dir='ltr'>sparta</span> <span class='ocrx_word' id='word_1_405' title='bbox 1995 2375 2037 2438; x_wconf 66' lang='lat' dir='ltr'>us-</span> 
     </span>
     <span class='ocr_line' id='line_1_79' title="bbox 1055 2427 2039 2536; baseline 0.016 -26"><span class='ocrx_word' id='word_1_406' title='bbox 1055 2449 1194 2512; x_wconf 91' lang='lat' dir='ltr'>catbolici</span> <span class='ocrx_word' id='word_1_407' title='bbox 1219 2451 1299 2512; x_wconf 92' lang='lat' dir='ltr'>votis</span> <span class='ocrx_word' id='word_1_408' title='bbox 1321 2460 1472 2528; x_wconf 91' lang='lat' dir='ltr'>quantum</span> <span class='ocrx_word' id='word_1_409' title='bbox 1495 2470 1567 2515; x_wconf 91' lang='lat' dir='ltr'>cum</span> <span class='ocrx_word' id='word_1_410' title='bbox 1590 2456 1721 2518; x_wconf 86' lang='lat' dir='ltr'>Domino</span> <span class='ocrx_word' id='word_1_411' title='bbox 1736 2473 1803 2535; x_wconf 94' lang='lat' dir='ltr'>pos·</span> <span class='ocrx_word' id='word_1_412' title='bbox 1824 2427 2039 2536; x_wconf 55' lang='lat' dir='ltr'>fflssssffissulss</span> 
     </span>
     <span class='ocr_line' id='line_1_80' title="bbox 1055 2533 2038 2634; baseline 0.018 -34"><span class='ocrx_word' id='word_1_413' title='bbox 1055 2559 1163 2605; x_wconf 90' lang='lat' dir='ltr'>sumus</span> <span class='ocrx_word' id='word_1_414' title='bbox 1193 2559 1342 2619; x_wconf 90' lang='lat' dir='ltr'>annuere,</span> <span class='ocrx_word' id='word_1_415' title='bbox 1366 2561 1399 2608; x_wconf 90' lang='lat' dir='ltr'>ac</span> <span class='ocrx_word' id='word_1_416' title='bbox 1429 2549 1613 2625; x_wconf 89' lang='lat' dir='ltr'>specialibus</span> <span class='ocrx_word' id='word_1_417' title='bbox 1645 2551 1751 2627; x_wconf 90' lang='lat' dir='ltr'>gratiis</span> <span class='ocrx_word' id='word_1_418' title='bbox 1773 2560 1805 2615; x_wconf 93' lang='lat' dir='ltr'>et</span> <span class='ocrx_word' id='word_1_419' title='bbox 1823 2533 2038 2634; x_wconf 53' lang='grc' dir='ltr'>ξξξῖἳῃξιᾞζ</span> 
     </span>
     <span class='ocr_line' id='line_1_81' title="bbox 1056 2633 2038 2750; baseline 0.018 -54"><span class='ocrx_word' id='word_1_420' title='bbox 1056 2633 1210 2702; x_wconf 79' lang='lat' dir='ltr'>favoribus</span> <span class='ocrx_word' id='word_1_421' title='bbox 1232 2642 1374 2720; x_wconf 89' lang='lat' dir='ltr'>prosequi</span> <span class='ocrx_word' id='word_1_422' title='bbox 1401 2643 1555 2719; x_wconf 91' lang='lat' dir='ltr'>volentes,</span> <span class='ocrx_word' id='word_1_423' title='bbox 1579 2662 1750 2726; x_wconf 85' lang='lat' dir='ltr'>omnesque</span> <span class='ocrx_word' id='word_1_424' title='bbox 1771 2657 1802 2710; x_wconf 89' lang='lat' dir='ltr'>et</span> <span class='ocrx_word' id='word_1_425' title='bbox 1824 2641 2038 2750; x_wconf 52' lang='lat' dir='ltr'>{griffifflcss‘ll</span> 
     </span>
     <span class='ocr_line' id='line_1_82' title="bbox 1054 2730 1931 2818; baseline 0.019 -28"><span class='ocrx_word' id='word_1_426' title='bbox 1054 2730 1190 2807; x_wconf 90' lang='lat' dir='ltr'>singulas</span> <span class='ocrx_word' id='word_1_427' title='bbox 1211 2749 1366 2810; x_wconf 87' lang='lat' dir='ltr'>personas,</span> <span class='ocrx_word' id='word_1_428' title='bbox 1389 2753 1520 2816; x_wconf 90' lang='lat' dir='ltr'>quarum</span> <span class='ocrx_word' id='word_1_429' title='bbox 1540 2739 1643 2802; x_wconf 89' lang='lat' dir='ltr'>lavore</span> <span class='ocrx_word' id='word_1_430' title='bbox 1659 2755 1802 2818; x_wconf 87' lang='lat' dir='ltr'>praesen·</span> <span class='ocrx_word' id='word_1_431' title='bbox 1824 2747 1931 2795; x_wconf 70' lang='lat' dir='ltr'>osorius.</span> 
     </span>
     <span class='ocr_line' id='line_1_83' title="bbox 1056 2828 1803 2912; baseline 0.019 -28"><span class='ocrx_word' id='word_1_432' title='bbox 1056 2830 1100 2885; x_wconf 90' lang='lat' dir='ltr'>tes</span> <span class='ocrx_word' id='word_1_433' title='bbox 1122 2834 1246 2888; x_wconf 88' lang='lat' dir='ltr'>nostrae</span> <span class='ocrx_word' id='word_1_434' title='bbox 1269 2828 1376 2891; x_wconf 89' lang='lat' dir='ltr'>literae</span> <span class='ocrx_word' id='word_1_435' title='bbox 1391 2841 1593 2908; x_wconf 90' lang='lat' dir='ltr'>concernunt,</span> <span class='ocrx_word' id='word_1_436' title='bbox 1610 2849 1625 2892; x_wconf 91' lang='lat' dir='ltr'>a</span> <span class='ocrx_word' id='word_1_437' title='bbox 1640 2835 1803 2912; x_wconf 89' lang='lat' dir='ltr'>quibusvis</span> 
     </span>
     <span class='ocr_line' id='line_1_84' title="bbox 1054 2921 1802 3008; baseline 0.02 -30"><span class='ocrx_word' id='word_1_438' title='bbox 1054 2921 1385 2984; x_wconf 89' lang='lat' dir='ltr'>excommunicationis</span> <span class='ocrx_word' id='word_1_439' title='bbox 1416 2933 1447 2985; x_wconf 90' lang='lat' dir='ltr'>et</span> <span class='ocrx_word' id='word_1_440' title='bbox 1475 2925 1645 3001; x_wconf 88' lang='lat' dir='ltr'>interdicti,</span> <span class='ocrx_word' id='word_1_441' title='bbox 1673 2929 1802 3008; x_wconf 85' lang='lat' dir='ltr'>aliisque</span> 
     </span>
     <span class='ocr_line' id='line_1_85' title="bbox 1055 3012 1803 3100; baseline 0.019 -27"><span class='ocrx_word' id='word_1_442' title='bbox 1055 3012 1266 3076; x_wconf 88' lang='lat' dir='ltr'>ecclesiasticis</span> <span class='ocrx_word' id='word_1_443' title='bbox 1287 3019 1437 3093; x_wconf 90' lang='lat' dir='ltr'>censuris,</span> <span class='ocrx_word' id='word_1_444' title='bbox 1458 3021 1622 3082; x_wconf 90' lang='lat' dir='ltr'>sententiis</span> <span class='ocrx_word' id='word_1_445' title='bbox 1644 3031 1674 3084; x_wconf 88' lang='lat' dir='ltr'>et</span> <span class='ocrx_word' id='word_1_446' title='bbox 1695 3027 1803 3100; x_wconf 91' lang='lat' dir='ltr'>poenis</span> 
     </span>
     <span class='ocr_line' id='line_1_86' title="bbox 1054 3109 1800 3194; baseline 0.017 -28"><span class='ocrx_word' id='word_1_447' title='bbox 1054 3109 1164 3184; x_wconf 91' lang='lat' dir='ltr'>quovis</span> <span class='ocrx_word' id='word_1_448' title='bbox 1186 3110 1277 3171; x_wconf 89' lang='lat' dir='ltr'>modo</span> <span class='ocrx_word' id='word_1_449' title='bbox 1299 3119 1328 3172; x_wconf 90' lang='lat' dir='ltr'>et</span> <span class='ocrx_word' id='word_1_450' title='bbox 1350 3127 1546 3192; x_wconf 89' lang='lat' dir='ltr'>quacumque</span> <span class='ocrx_word' id='word_1_451' title='bbox 1564 3113 1602 3176; x_wconf 91' lang='lat' dir='ltr'>de</span> <span class='ocrx_word' id='word_1_452' title='bbox 1616 3132 1704 3178; x_wconf 88' lang='lat' dir='ltr'>causa</span> <span class='ocrx_word' id='word_1_453' title='bbox 1721 3117 1800 3194; x_wconf 90' lang='lat' dir='ltr'>latis,</span> 
     </span>
     <span class='ocr_line' id='line_1_87' title="bbox 1053 3203 1802 3281; baseline 0.015 -20"><span class='ocrx_word' id='word_1_454' title='bbox 1053 3203 1078 3261; x_wconf 93' lang='lat' dir='ltr'>si</span> <span class='ocrx_word' id='word_1_455' title='bbox 1100 3218 1174 3280; x_wconf 90' lang='lat' dir='ltr'>quas</span> <span class='ocrx_word' id='word_1_456' title='bbox 1196 3203 1275 3266; x_wconf 89' lang='lat' dir='ltr'>iorte</span> <span class='ocrx_word' id='word_1_457' title='bbox 1290 3205 1494 3281; x_wconf 88' lang='lat' dir='ltr'>incurrerint,</span> <span class='ocrx_word' id='word_1_458' title='bbox 1510 3208 1603 3271; x_wconf 91' lang='lat' dir='ltr'>buius</span> <span class='ocrx_word' id='word_1_459' title='bbox 1619 3215 1741 3273; x_wconf 91' lang='lat' dir='ltr'>tantum</span> <span class='ocrx_word' id='word_1_460' title='bbox 1756 3214 1802 3274; x_wconf 90' lang='lat' dir='ltr'>rei</span> 
     </span>
     <span class='ocr_line' id='line_1_88' title="bbox 1054 3297 1803 3372; baseline 0.015 -16"><span class='ocrx_word' id='word_1_461' title='bbox 1054 3297 1152 3372; x_wconf 91' lang='lat' dir='ltr'>gratia</span> <span class='ocrx_word' id='word_1_462' title='bbox 1167 3297 1361 3360; x_wconf 85' lang='lat' dir='ltr'>absolventes</span> <span class='ocrx_word' id='word_1_463' title='bbox 1379 3308 1410 3361; x_wconf 87' lang='lat' dir='ltr'>et</span> <span class='ocrx_word' id='word_1_464' title='bbox 1425 3300 1577 3363; x_wconf 90' lang='lat' dir='ltr'>absolutas</span> <span class='ocrx_word' id='word_1_465' title='bbox 1592 3301 1658 3366; x_wconf 89' lang='lat' dir='ltr'>lore</span> <span class='ocrx_word' id='word_1_466' title='bbox 1674 3320 1803 3368; x_wconf 88' lang='lat' dir='ltr'>censen-</span> 
     </span>
     <span class='ocr_line' id='line_1_89' title="bbox 1056 3391 1800 3475; baseline 0.013 -26"><span class='ocrx_word' id='word_1_467' title='bbox 1056 3396 1111 3464; x_wconf 86' lang='lat' dir='ltr'>tes,</span> <span class='ocrx_word' id='word_1_468' title='bbox 1134 3391 1410 3468; x_wconf 87' lang='lat' dir='ltr'>supplicationibus</span> <span class='ocrx_word' id='word_1_469' title='bbox 1441 3394 1620 3458; x_wconf 90' lang='lat' dir='ltr'>buiusmodi</span> <span class='ocrx_word' id='word_1_470' title='bbox 1648 3398 1800 3475; x_wconf 90' lang='lat' dir='ltr'>inclinati,</span> 
     </span>
     <span class='ocr_line' id='line_1_90' title="bbox 1055 3484 1804 3571; baseline 0.019 -28"><span class='ocrx_word' id='word_1_471' title='bbox 1055 3484 1268 3546; x_wconf 86' lang='lat' dir='ltr'>nosocomium</span> <span class='ocrx_word' id='word_1_472' title='bbox 1290 3485 1493 3564; x_wconf 90' lang='lat' dir='ltr'>praedictum,</span> <span class='ocrx_word' id='word_1_473' title='bbox 1517 3488 1663 3569; x_wconf 90' lang='lat' dir='ltr'>illiusque</span> <span class='ocrx_word' id='word_1_474' title='bbox 1683 3495 1804 3571; x_wconf 91' lang='lat' dir='ltr'>cappel-</span> 
     </span>
     <span class='ocr_line' id='line_1_91' title="bbox 1054 3576 1802 3654; baseline 0.021 -18"><span class='ocrx_word' id='word_1_475' title='bbox 1054 3576 1142 3638; x_wconf 89' lang='lat' dir='ltr'>lanos</span> <span class='ocrx_word' id='word_1_476' title='bbox 1164 3578 1335 3654; x_wconf 90' lang='lat' dir='ltr'>ministros,</span> <span class='ocrx_word' id='word_1_477' title='bbox 1358 3581 1565 3646; x_wconf 88' lang='lat' dir='ltr'>inservientes</span> <span class='ocrx_word' id='word_1_478' title='bbox 1579 3586 1663 3649; x_wconf 89' lang='lat' dir='ltr'>inter</span> <span class='ocrx_word' id='word_1_479' title='bbox 1677 3589 1743 3650; x_wconf 92' lang='lat' dir='ltr'>eius</span> <span class='ocrx_word' id='word_1_480' title='bbox 1755 3606 1802 3652; x_wconf 89' lang='lat' dir='ltr'>se-</span> 
     </span>
     <span class='ocr_line' id='line_1_92' title="bbox 1056 3677 1803 3762; baseline 0.02 -30"><span class='ocrx_word' id='word_1_481' title='bbox 1056 3680 1104 3750; x_wconf 91' lang='lat' dir='ltr'>pta</span> <span class='ocrx_word' id='word_1_482' title='bbox 1136 3685 1375 3750; x_wconf 90' lang='lat' dir='ltr'>commorantes,</span> <span class='ocrx_word' id='word_1_483' title='bbox 1398 3677 1485 3738; x_wconf 90' lang='lat' dir='ltr'>acin</span> <span class='ocrx_word' id='word_1_484' title='bbox 1512 3693 1549 3739; x_wconf 90' lang='lat' dir='ltr'>eo</span> <span class='ocrx_word' id='word_1_485' title='bbox 1578 3695 1634 3756; x_wconf 91' lang='lat' dir='ltr'>pro</span> <span class='ocrx_word' id='word_1_486' title='bbox 1662 3689 1803 3762; x_wconf 93' lang='lat' dir='ltr'>tempore</span> 
     </span>
     <span class='ocr_line' id='line_1_93' title="bbox 1055 3767 1800 3857; baseline 0.02 -31"><span class='ocrx_word' id='word_1_487' title='bbox 1055 3767 1203 3844; x_wconf 89' lang='lat' dir='ltr'>degentes</span> <span class='ocrx_word' id='word_1_488' title='bbox 1225 3769 1365 3838; x_wconf 82' lang='lat' dir='ltr'>infirmos</span> <span class='ocrx_word' id='word_1_489' title='bbox 1386 3788 1401 3830; x_wconf 94' lang='lat' dir='ltr'>a</span> <span class='ocrx_word' id='word_1_490' title='bbox 1424 3772 1582 3849; x_wconf 90' lang='lat' dir='ltr'>quibusvis</span> <span class='ocrx_word' id='word_1_491' title='bbox 1612 3775 1730 3839; x_wconf 81' lang='lat' dir='ltr'>iuribus</span> <span class='ocrx_word' id='word_1_492' title='bbox 1751 3795 1800 3857; x_wconf 94' lang='lat' dir='ltr'>pa-</span> 
     </span>
     <span class='ocr_line' id='line_1_94' title="bbox 1056 3863 1802 3942; baseline 0.016 -18"><span class='ocrx_word' id='word_1_493' title='bbox 1056 3863 1240 3925; x_wconf 87' lang='lat' dir='ltr'>rochialibus</span> <span class='ocrx_word' id='word_1_494' title='bbox 1252 3863 1398 3926; x_wconf 89' lang='lat' dir='ltr'>ecclesiae</span> <span class='ocrx_word' id='word_1_495' title='bbox 1411 3866 1604 3942; x_wconf 87' lang='lat' dir='ltr'>parochialis,</span> <span class='ocrx_word' id='word_1_496' title='bbox 1617 3867 1802 3936; x_wconf 89' lang='lat' dir='ltr'>intracuius</span> 
     </span>
     <span class='ocr_line' id='line_1_95' title="bbox 1055 3957 1802 4031; baseline 0.017 -13"><span class='ocrx_word' id='word_1_497' title='bbox 1055 3957 1171 4019; x_wconf 89' lang='lat' dir='ltr'>limites</span> <span class='ocrx_word' id='word_1_498' title='bbox 1192 3962 1406 4023; x_wconf 86' lang='lat' dir='ltr'>nosocomium</span> <span class='ocrx_word' id='word_1_499' title='bbox 1429 3963 1605 4028; x_wconf 90' lang='lat' dir='ltr'>huiusmodi</span> <span class='ocrx_word' id='word_1_500' title='bbox 1633 3967 1802 4031; x_wconf 90' lang='lat' dir='ltr'>consistere</span> 
     </span>
     <span class='ocr_line' id='line_1_96' title="bbox 1055 4052 1802 4139; baseline 0.016 -26"><span class='ocrx_word' id='word_1_501' title='bbox 1055 4052 1260 4128; x_wconf 89' lang='lat' dir='ltr'>dignoscitur,</span> <span class='ocrx_word' id='word_1_502' title='bbox 1283 4063 1314 4116; x_wconf 92' lang='lat' dir='ltr'>et</span> <span class='ocrx_word' id='word_1_503' title='bbox 1335 4054 1372 4116; x_wconf 90' lang='lat' dir='ltr'>ab</span> <span class='ocrx_word' id='word_1_504' title='bbox 1393 4055 1477 4118; x_wconf 91' lang='lat' dir='ltr'>illius</span> <span class='ocrx_word' id='word_1_505' title='bbox 1498 4074 1553 4135; x_wconf 92' lang='lat' dir='ltr'>pro</span> <span class='ocrx_word' id='word_1_506' title='bbox 1576 4069 1716 4139; x_wconf 90' lang='lat' dir='ltr'>tempore</span> <span class='ocrx_word' id='word_1_507' title='bbox 1738 4065 1802 4124; x_wconf 92' lang='lat' dir='ltr'>exi·</span> 
     </span>
     <span class='ocr_line' id='line_1_97' title="bbox 1055 4147 1802 4229; baseline 0.017 -23"><span class='ocrx_word' id='word_1_508' title='bbox 1055 4147 1165 4208; x_wconf 84' lang='lat' dir='ltr'>stantis</span> <span class='ocrx_word' id='word_1_509' title='bbox 1186 4147 1307 4224; x_wconf 90' lang='lat' dir='ltr'>parochi</span> <span class='ocrx_word' id='word_1_510' title='bbox 1330 4165 1403 4209; x_wconf 90' lang='lat' dir='ltr'>cura</span> <span class='ocrx_word' id='word_1_511' title='bbox 1425 4156 1455 4210; x_wconf 91' lang='lat' dir='ltr'>et</span> <span class='ocrx_word' id='word_1_512' title='bbox 1476 4151 1680 4229; x_wconf 90' lang='lat' dir='ltr'>subiectione,</span> <span class='ocrx_word' id='word_1_513' title='bbox 1698 4165 1802 4219; x_wconf 93' lang='lat' dir='ltr'>aucto-</span> 
     </span>
     <span class='ocr_line' id='line_1_98' title="bbox 1056 4239 1802 4322; baseline 0.016 -21"><span class='ocrx_word' id='word_1_514' title='bbox 1056 4241 1145 4301; x_wconf 90' lang='lat' dir='ltr'>ritate</span> <span class='ocrx_word' id='word_1_515' title='bbox 1167 4239 1329 4318; x_wconf 87' lang='lat' dir='ltr'>apostolica</span> <span class='ocrx_word' id='word_1_516' title='bbox 1355 4248 1465 4304; x_wconf 86' lang='lat' dir='ltr'>tenore</span> <span class='ocrx_word' id='word_1_517' title='bbox 1493 4249 1702 4322; x_wconf 88' lang='lat' dir='ltr'>praesentium</span> <span class='ocrx_word' id='word_1_518' title='bbox 1725 4257 1802 4312; x_wconf 89' lang='lat' dir='ltr'>tota·</span> 
     </span>
     <span class='ocr_line' id='line_1_99' title="bbox 1055 4333 1801 4420; baseline 0.013 -25"><span class='ocrx_word' id='word_1_519' title='bbox 1055 4334 1127 4395; x_wconf 90' lang='lat' dir='ltr'>liter</span> <span class='ocrx_word' id='word_1_520' title='bbox 1144 4342 1175 4395; x_wconf 90' lang='lat' dir='ltr'>et</span> <span class='ocrx_word' id='word_1_521' title='bbox 1189 4333 1370 4395; x_wconf 91' lang='lat' dir='ltr'>omnimode</span> <span class='ocrx_word' id='word_1_522' title='bbox 1392 4336 1559 4400; x_wconf 90' lang='lat' dir='ltr'>eximimus</span> <span class='ocrx_word' id='word_1_523' title='bbox 1575 4348 1605 4401; x_wconf 91' lang='lat' dir='ltr'>et</span> <span class='ocrx_word' id='word_1_524' title='bbox 1621 4340 1801 4420; x_wconf 89' lang='lat' dir='ltr'>liberamus,</span> 
     </span>
     <span class='ocr_line' id='line_1_100' title="bbox 1056 4430 1801 4511; baseline 0.012 -20"><span class='ocrx_word' id='word_1_525' title='bbox 1056 4437 1086 4492; x_wconf 91' lang='lat' dir='ltr'>et</span> <span class='ocrx_word' id='word_1_526' title='bbox 1107 4443 1213 4490; x_wconf 92' lang='lat' dir='ltr'>curam</span> <span class='ocrx_word' id='word_1_527' title='bbox 1228 4430 1404 4490; x_wconf 91' lang='lat' dir='ltr'>animarum</span> <span class='ocrx_word' id='word_1_528' title='bbox 1420 4438 1488 4492; x_wconf 88' lang='lat' dir='ltr'>tum</span> <span class='ocrx_word' id='word_1_529' title='bbox 1505 4431 1715 4511; x_wconf 80' lang='lat' dir='ltr'>intirmorum,</span> <span class='ocrx_word' id='word_1_530' title='bbox 1734 4446 1801 4500; x_wconf 91' lang='lat' dir='ltr'>tum</span> 
     </span>
     <span class='ocr_line' id='line_1_101' title="bbox 1054 4522 1802 4601; baseline 0.011 -17"><span class='ocrx_word' id='word_1_531' title='bbox 1054 4525 1192 4585; x_wconf 90' lang='lat' dir='ltr'>eiusdem</span> <span class='ocrx_word' id='word_1_532' title='bbox 1215 4522 1447 4601; x_wconf 87' lang='lat' dir='ltr'>brephotrophii</span> <span class='ocrx_word' id='word_1_533' title='bbox 1468 4525 1687 4589; x_wconf 89' lang='lat' dir='ltr'>ministrorum</span> <span class='ocrx_word' id='word_1_534' title='bbox 1710 4538 1740 4591; x_wconf 93' lang='lat' dir='ltr'>et</span> <span class='ocrx_word' id='word_1_535' title='bbox 1756 4531 1802 4593; x_wconf 90' lang='lat' dir='ltr'>in·</span> 
     </span>
     <span class='ocr_line' id='line_1_102' title="bbox 1053 4614 1801 4693; baseline 0.009 -15"><span class='ocrx_word' id='word_1_536' title='bbox 1053 4616 1246 4678; x_wconf 90' lang='lat' dir='ltr'>serventium</span> <span class='ocrx_word' id='word_1_537' title='bbox 1267 4614 1497 4693; x_wconf 91' lang='lat' dir='ltr'>praedictorum</span> <span class='ocrx_word' id='word_1_538' title='bbox 1518 4621 1725 4684; x_wconf 90' lang='lat' dir='ltr'>sacerdotibus</span> <span class='ocrx_word' id='word_1_539' title='bbox 1747 4639 1801 4685; x_wconf 90' lang='lat' dir='ltr'>seu</span> 
     </span>
     <span class='ocr_line' id='line_1_103' title="bbox 1054 4708 1798 4788; baseline 0.011 -18"><span class='ocrx_word' id='word_1_540' title='bbox 1054 4708 1237 4788; x_wconf 91' lang='lat' dir='ltr'>cappellanis</span> <span class='ocrx_word' id='word_1_541' title='bbox 1259 4725 1314 4787; x_wconf 92' lang='lat' dir='ltr'>pro</span> <span class='ocrx_word' id='word_1_542' title='bbox 1337 4716 1474 4788; x_wconf 91' lang='lat' dir='ltr'>tempore</span> <span class='ocrx_word' id='word_1_543' title='bbox 1497 4713 1705 4776; x_wconf 87' lang='lat' dir='ltr'>existentibus</span> <span class='ocrx_word' id='word_1_544' title='bbox 1725 4715 1798 4778; x_wconf 89' lang='lat' dir='ltr'>dicti</span> 
     </span>
    </p>
   </div>
   <div class='ocr_carea' id='block_1_15' title="bbox 1050 4802 1800 6003">
    <p class='ocr_par' dir='ltr' id='par_1_25' title="bbox 1050 4802 1800 6003">
     <span class='ocr_line' id='line_1_104' title="bbox 1055 4802 1800 4886; baseline 0.008 -22"><span class='ocrx_word' id='word_1_545' title='bbox 1055 4802 1222 4864; x_wconf 89' lang='lat' dir='ltr'>nosocomii</span> <span class='ocrx_word' id='word_1_546' title='bbox 1244 4803 1282 4863; x_wconf 92' lang='lat' dir='ltr'>ab</span> <span class='ocrx_word' id='word_1_547' title='bbox 1303 4802 1350 4876; x_wconf 92' lang='lat' dir='ltr'>iis,</span> <span class='ocrx_word' id='word_1_548' title='bbox 1373 4803 1410 4866; x_wconf 92' lang='lat' dir='ltr'>ad</span> <span class='ocrx_word' id='word_1_549' title='bbox 1431 4819 1507 4882; x_wconf 89' lang='lat' dir='ltr'>quos</span> <span class='ocrx_word' id='word_1_550' title='bbox 1527 4813 1656 4884; x_wconf 90' lang='lat' dir='ltr'>spectat,</span> <span class='ocrx_word' id='word_1_551' title='bbox 1680 4807 1729 4870; x_wconf 90' lang='lat' dir='ltr'>vel</span> <span class='ocrx_word' id='word_1_552' title='bbox 1744 4825 1800 4886; x_wconf 90' lang='lat' dir='ltr'>pro</span> 
     </span>
     <span class='ocr_line' id='line_1_105' title="bbox 1054 4895 1800 4978; baseline 0.008 -20"><span class='ocrx_word' id='word_1_553' title='bbox 1054 4903 1192 4975; x_wconf 90' lang='lat' dir='ltr'>tempore</span> <span class='ocrx_word' id='word_1_554' title='bbox 1216 4895 1375 4972; x_wconf 88' lang='lat' dir='ltr'>spectabit,</span> <span class='ocrx_word' id='word_1_555' title='bbox 1409 4895 1548 4972; x_wconf 90' lang='lat' dir='ltr'>legitime</span> <span class='ocrx_word' id='word_1_556' title='bbox 1570 4899 1724 4978; x_wconf 90' lang='lat' dir='ltr'>deputatis</span> <span class='ocrx_word' id='word_1_557' title='bbox 1745 4919 1800 4965; x_wconf 89' lang='lat' dir='ltr'>seu</span> 
     </span>
     <span class='ocr_line' id='line_1_106' title="bbox 1053 4988 1799 5074; baseline 0.005 -22"><span class='ocrx_word' id='word_1_558' title='bbox 1053 4989 1245 5067; x_wconf 90' lang='lat' dir='ltr'>deputandis,</span> <span class='ocrx_word' id='word_1_559' title='bbox 1259 4995 1294 5074; x_wconf 33' lang='lat' dir='ltr'>et·</span> <span class='ocrx_word' id='word_1_560' title='bbox 1304 4988 1341 5050; x_wconf 91' lang='lat' dir='ltr'>ab</span> <span class='ocrx_word' id='word_1_561' title='bbox 1355 4989 1516 5052; x_wconf 85' lang='lat' dir='ltr'>Ordinario</span> <span class='ocrx_word' id='word_1_562' title='bbox 1530 4992 1702 5070; x_wconf 89' lang='lat' dir='ltr'>approbatis</span> <span class='ocrx_word' id='word_1_563' title='bbox 1717 5010 1799 5056; x_wconf 89' lang='lat' dir='ltr'>com·</span> 
     </span>
     <span class='ocr_line' id='line_1_107' title="bbox 1053 5082 1800 5165; baseline 0.009 -23"><span class='ocrx_word' id='word_1_564' title='bbox 1053 5082 1207 5143; x_wconf 89' lang='lat' dir='ltr'>mittimus</span> <span class='ocrx_word' id='word_1_565' title='bbox 1229 5089 1259 5143; x_wconf 91' lang='lat' dir='ltr'>et</span> <span class='ocrx_word' id='word_1_566' title='bbox 1281 5083 1514 5158; x_wconf 88' lang='lat' dir='ltr'>demandamus,</span> <span class='ocrx_word' id='word_1_567' title='bbox 1531 5099 1645 5163; x_wconf 91' lang='lat' dir='ltr'>eosque</span> <span class='ocrx_word' id='word_1_568' title='bbox 1666 5087 1698 5148; x_wconf 91' lang='lat' dir='ltr'>in</span> <span class='ocrx_word' id='word_1_569' title='bbox 1722 5087 1800 5165; x_wconf 92' lang='lat' dir='ltr'>ipso·</span> 
     </span>
     <span class='ocr_line' id='line_1_108' title="bbox 1052 5177 1799 5253; baseline 0.008 -17"><span class='ocrx_word' id='word_1_570' title='bbox 1052 5191 1124 5236; x_wconf 90' lang='lat' dir='ltr'>rum</span> <span class='ocrx_word' id='word_1_571' title='bbox 1145 5178 1289 5253; x_wconf 89' lang='lat' dir='ltr'>parocbos</span> <span class='ocrx_word' id='word_1_572' title='bbox 1311 5182 1343 5236; x_wconf 91' lang='lat' dir='ltr'>et</span> <span class='ocrx_word' id='word_1_573' title='bbox 1364 5177 1540 5237; x_wconf 90' lang='lat' dir='ltr'>animarum</span> <span class='ocrx_word' id='word_1_574' title='bbox 1559 5193 1687 5241; x_wconf 91' lang='lat' dir='ltr'>suarum</span> <span class='ocrx_word' id='word_1_575' title='bbox 1704 5189 1799 5243; x_wconf 87' lang='lat' dir='ltr'>recto·</span> 
     </span>
     <span class='ocr_line' id='line_1_109' title="bbox 1053 5268 1798 5351; baseline 0.011 -21"><span class='ocrx_word' id='word_1_576' title='bbox 1053 5285 1100 5330; x_wconf 89' lang='lat' dir='ltr'>res</span> <span class='ocrx_word' id='word_1_577' title='bbox 1122 5269 1358 5343; x_wconf 89' lang='lat' dir='ltr'>constituimus,</span> <span class='ocrx_word' id='word_1_578' title='bbox 1389 5268 1512 5346; x_wconf 91' lang='lat' dir='ltr'>illisque</span> <span class='ocrx_word' id='word_1_579' title='bbox 1532 5269 1565 5331; x_wconf 92' lang='lat' dir='ltr'>in</span> <span class='ocrx_word' id='word_1_580' title='bbox 1589 5270 1640 5344; x_wconf 90' lang='lat' dir='ltr'>iis,</span> <span class='ocrx_word' id='word_1_581' title='bbox 1663 5289 1740 5351; x_wconf 89' lang='lat' dir='ltr'>quae</span> <span class='ocrx_word' id='word_1_582' title='bbox 1762 5277 1798 5338; x_wconf 91' lang='lat' dir='ltr'>ad</span> 
     </span>
     <span class='ocr_line' id='line_1_110' title="bbox 1051 5360 1800 5429; baseline 0.011 -8"><span class='ocrx_word' id='word_1_583' title='bbox 1051 5360 1352 5424; x_wconf 90' lang='lat' dir='ltr'>administrationem</span> <span class='ocrx_word' id='word_1_584' title='bbox 1365 5361 1580 5425; x_wconf 88' lang='lat' dir='ltr'>Sanctissimae</span> <span class='ocrx_word' id='word_1_585' title='bbox 1590 5363 1800 5429; x_wconf 85' lang='lat' dir='ltr'>Eucharistiae</span> 
     </span>
     <span class='ocr_line' id='line_1_111' title="bbox 1051 5454 1797 5531; baseline 0.005 -15"><span class='ocrx_word' id='word_1_586' title='bbox 1051 5454 1145 5516; x_wconf 91' lang='lat' dir='ltr'>etiam</span> <span class='ocrx_word' id='word_1_587' title='bbox 1166 5469 1221 5531; x_wconf 94' lang='lat' dir='ltr'>pro</span> <span class='ocrx_word' id='word_1_588' title='bbox 1236 5455 1346 5517; x_wconf 91' lang='lat' dir='ltr'>viatico</span> <span class='ocrx_word' id='word_1_589' title='bbox 1361 5472 1395 5516; x_wconf 90' lang='lat' dir='ltr'>ac</span> <span class='ocrx_word' id='word_1_590' title='bbox 1409 5465 1568 5518; x_wconf 90' lang='lat' dir='ltr'>extremae</span> <span class='ocrx_word' id='word_1_591' title='bbox 1582 5458 1738 5520; x_wconf 91' lang='lat' dir='ltr'>unctionis</span> <span class='ocrx_word' id='word_1_592' title='bbox 1752 5477 1797 5522; x_wconf 88' lang='lat' dir='ltr'>sa-</span> 
     </span>
     <span class='ocr_line' id='line_1_112' title="bbox 1050 5549 1799 5627; baseline 0.008 -17"><span class='ocrx_word' id='word_1_593' title='bbox 1050 5555 1285 5610; x_wconf 88' lang='lat' dir='ltr'>cramentorum</span> <span class='ocrx_word' id='word_1_594' title='bbox 1296 5549 1536 5627; x_wconf 89' lang='lat' dir='ltr'>praedictorum,</span> <span class='ocrx_word' id='word_1_595' title='bbox 1549 5553 1678 5614; x_wconf 90' lang='lat' dir='ltr'>servatis</span> <span class='ocrx_word' id='word_1_596' title='bbox 1696 5561 1799 5616; x_wconf 90' lang='lat' dir='ltr'>tamen</span> 
     </span>
     <span class='ocr_line' id='line_1_113' title="bbox 1051 5641 1799 5709; baseline 0.009 -7"><span class='ocrx_word' id='word_1_597' title='bbox 1051 5644 1142 5704; x_wconf 91' lang='lat' dir='ltr'>sacris</span> <span class='ocrx_word' id='word_1_598' title='bbox 1163 5641 1274 5704; x_wconf 90' lang='lat' dir='ltr'>ritibus</span> <span class='ocrx_word' id='word_1_599' title='bbox 1296 5660 1330 5704; x_wconf 91' lang='lat' dir='ltr'>ac</span> <span class='ocrx_word' id='word_1_600' title='bbox 1350 5643 1553 5704; x_wconf 90' lang='lat' dir='ltr'>caeremoniis</span> <span class='ocrx_word' id='word_1_601' title='bbox 1575 5660 1590 5703; x_wconf 92' lang='lat' dir='ltr'>a</span> <span class='ocrx_word' id='word_1_602' title='bbox 1612 5643 1726 5708; x_wconf 80' lang='lat' dir='ltr'>llituali</span> <span class='ocrx_word' id='word_1_603' title='bbox 1741 5646 1799 5709; x_wconf 85' lang='lat' dir='ltr'>llo-</span> 
     </span>
     <span class='ocr_line' id='line_1_114' title="bbox 1052 5735 1800 5821; baseline 0.015 -28"><span class='ocrx_word' id='word_1_604' title='bbox 1052 5749 1143 5796; x_wconf 88' lang='lat' dir='ltr'>mano</span> <span class='ocrx_word' id='word_1_605' title='bbox 1164 5735 1368 5814; x_wconf 89' lang='lat' dir='ltr'>praescriptis,</span> <span class='ocrx_word' id='word_1_606' title='bbox 1391 5735 1520 5814; x_wconf 91' lang='lat' dir='ltr'>aliisque</span> <span class='ocrx_word' id='word_1_607' title='bbox 1542 5737 1701 5815; x_wconf 91' lang='lat' dir='ltr'>omnibus,</span> <span class='ocrx_word' id='word_1_608' title='bbox 1722 5758 1800 5821; x_wconf 90' lang='lat' dir='ltr'>quae</span> 
     </span>
     <span class='ocr_line' id='line_1_115' title="bbox 1050 5830 1800 5896; baseline 0.008 -7"><span class='ocrx_word' id='word_1_609' title='bbox 1050 5831 1088 5890; x_wconf 94' lang='lat' dir='ltr'>ad</span> <span class='ocrx_word' id='word_1_610' title='bbox 1109 5845 1216 5892; x_wconf 91' lang='lat' dir='ltr'>curam</span> <span class='ocrx_word' id='word_1_611' title='bbox 1237 5830 1416 5892; x_wconf 91' lang='lat' dir='ltr'>animarum</span> <span class='ocrx_word' id='word_1_612' title='bbox 1445 5847 1479 5892; x_wconf 89' lang='lat' dir='ltr'>ac</span> <span class='ocrx_word' id='word_1_613' title='bbox 1500 5831 1595 5893; x_wconf 91' lang='lat' dir='ltr'>etiam</span> <span class='ocrx_word' id='word_1_614' title='bbox 1617 5833 1651 5896; x_wconf 94' lang='lat' dir='ltr'>ad</span> <span class='ocrx_word' id='word_1_615' title='bbox 1681 5834 1729 5894; x_wconf 93' lang='lat' dir='ltr'>ius</span> <span class='ocrx_word' id='word_1_616' title='bbox 1750 5840 1800 5895; x_wconf 91' lang='lat' dir='ltr'>tu·</span> 
     </span>
     <span class='ocr_line' id='line_1_116' title="bbox 1050 5922 1800 6003; baseline 0.007 -20"><span class='ocrx_word' id='word_1_617' title='bbox 1050 5922 1188 5984; x_wconf 87' lang='lat' dir='ltr'>mulaudi</span> <span class='ocrx_word' id='word_1_618' title='bbox 1216 5930 1368 6000; x_wconf 90' lang='lat' dir='ltr'>spectant,</span> <span class='ocrx_word' id='word_1_619' title='bbox 1399 5924 1523 6003; x_wconf 90' lang='lat' dir='ltr'>penitus</span> <span class='ocrx_word' id='word_1_620' title='bbox 1542 5932 1575 5985; x_wconf 90' lang='lat' dir='ltr'>et</span> <span class='ocrx_word' id='word_1_621' title='bbox 1604 5925 1734 5987; x_wconf 90' lang='lat' dir='ltr'>omnino</span> <span class='ocrx_word' id='word_1_622' title='bbox 1756 5927 1800 5989; x_wconf 89' lang='lat' dir='ltr'>eis</span> 
     </span>
    </p>
   </div>
   <div class='ocr_carea' id='block_1_16' title="bbox 1667 6073 1694 6114">
    <p class='ocr_par' dir='ltr' id='par_1_26' title="bbox 1667 6073 1694 6114">
     <span class='ocr_line' id='line_1_117' title="bbox 1667 6073 1694 6114; baseline 0 0"><span class='ocrx_word' id='word_1_623' title='bbox 1667 6073 1694 6114; x_wconf 79' lang='grc'>46</span> 
     </span>
    </p>
   </div>
   <div class='ocr_carea' id='block_1_17' title="bbox 0 0 2392 6967">
    <p class='ocr_par' dir='ltr' id='par_1_27' title="bbox 0 0 2392 6967">
     <span class='ocr_line' id='line_1_118' title="bbox 0 0 2392 6967; baseline 0 0"><span class='ocrx_word' id='word_1_624' title='bbox 0 0 2392 6967; x_wconf 95' lang='lat' dir='ltr'> </span> 
     </span>
    </p>
   </div>
  </div>
 </body>
</html>
