4750 6980
340 543 438 605 tad.
461 549 530 603 rasa
580 541 638 612 tao

556 685 809 748 commendemus
829 680 945 748 scilicet
965 682 1021 746 tibi
1048 681 1213 746 catholicos
1234 695 1299 742 om·

556 794 611 840 nes
631 777 770 857 populos,
794 777 976 856 praesertim
1007 777 1061 856 qui
1082 783 1225 839 recenter
1245 790 1300 854 per

556 871 790 934 invictissimam
818 877 950 933 matrem
980 878 1065 933 tuam
1086 868 1230 932 llusslcae
1250 867 1300 930 ad·

555 965 652 1028 iuncti
674 971 749 1027 sunt
763 964 884 1028 ditioni.
908 963 977 1026 Nou
992 971 1095 1026 tamen
1111 962 1216 1025 minus
1230 977 1298 1040 gra-

555 1058 602 1119 vis
622 1057 803 1138 supervenit
832 1073 931 1144 causa,
954 1073 1033 1136 quae
1062 1055 1150 1118 nobis
1182 1055 1298 1132 agenda

556 1167 610 1231 pro
632 1152 703 1232 ipsis
725 1151 800 1228 lnit;
824 1150 947 1229 iamque
968 1149 1001 1210 in
1023 1164 1059 1211 eo
1074 1163 1197 1210 eramus
1213 1155 1247 1210 ut
1261 1148 1297 1210 ad

555 1245 645 1308 istam
667 1244 859 1325 imperialem
881 1243 995 1317 aulam,
1017 1242 1140 1320 qnando
1161 1240 1212 1303 illa
1234 1255 1297 1302 non

554 1339 756 1412 dissensisset,
779 1352 878 1400 unum
900 1353 917 1399 e
937 1335 1052 1400 nostris
1076 1334 1220 1414 praelatis
1240 1334 1296 1396 Le-

554 1438 660 1508 gatum
682 1429 961 1494 extraordinarium
986 1428 1195 1504 mitteremus,
1218 1428 1297 1490 Tne·

554 1523 661 1588 barum
677 1539 789 1603 nempe
803 1521 1087 1601 Archiepiscopum,
1100 1521 1298 1600 quemadmo-

554 1620 629 1682 dum
643 1625 731 1681 autea
745 1619 929 1680 miseramus
944 1615 977 1678 in
993 1630 1056 1677 non
1073 1612 1212 1676 dissimili
1228 1629 1296 1674 cau-

552 1713 585 1774 sa
605 1711 761 1775 andream
783 1709 966 1772 Archetium
988 1723 1071 1770 nunc
1089 1703 1294 1779 cardinalem,

552 1807 724 1885 plurimum
746 1803 829 1866 illius
849 1802 946 1864 animi
970 1799 1187 1877 magnitudine
1208 1815 1241 1862 ac
1262 1798 1296 1859 in

553 1917 610 1963 nos
631 1896 847 1961 benevolentia
867 1893 1055 1958 confidentes
1076 1893 1153 1970 lore,
1176 1901 1221 1970 ut,
1241 1908 1295 1971 pro

552 2009 674 2056 summa
694 1992 787 2055 etiam
809 2006 868 2069 qua
891 1987 1022 2068 pollebat
1044 1987 1158 2050 mentis
1180 1984 1295 2047 intelli·

553 2087 668 2164 gentia,
690 2085 830 2165 precibus
851 2081 964 2144 nostris
985 2097 1048 2144 nou
1075 2079 1291 2157 refragaretur.

552 2181 618 2260 lpsa
639 2179 749 2242 avinis
763 2176 892 2251 sublata,
910 2184 1002 2253 teque
1016 2175 1048 2235 in
1063 2189 1224 2236 summum
1237 2173 1294 2233 im·

551 2275 629 2353 perii
650 2273 774 2336 culmen
795 2269 988 2342 succedente,
1012 2269 1043 2329 in
1066 2273 1098 2328 te
1118 2267 1211 2329 etiarn
1225 2265 1295 2329 illae

551 2385 619 2448 spes
642 2373 763 2429 nostrae
784 2362 939 2437 recidunt,
960 2369 990 2422 at
1011 2367 1127 2438 quanto
1151 2362 1293 2436 maiores,

551 2476 624 2525 cum
654 2473 746 2538 quam
777 2454 891 2530 laeuos,
924 2469 1017 2532 quam
1045 2455 1191 2533 propensi
1222 2469 1294 2531 erga

552 2573 608 2618 nos
629 2558 731 2616 essent
752 2565 860 2612 sensus
876 2547 934 2622 tui,
949 2561 1104 2626 quamque
1119 2546 1248 2609 humani
1262 2555 1294 2608 et

551 2648 719 2712 clementes
740 2659 813 2720 erga
834 2649 951 2704 ceteros
979 2655 1098 2714 omnes,
1122 2639 1214 2702 iidem
1236 2657 1293 2702 nos

551 2755 653 2804 coram
674 2737 946 2818 perspexissemus,
969 2749 1002 2794 ac
1024 2733 1135 2796 intimo
1157 2749 1293 2796 essemus

549 2835 657 2913 plausu
678 2839 709 2894 et
729 2829 891 2909 praeconio
905 2827 1102 2907 prosequuti!
1118 2827 1224 2906 ltaque
1238 2842 1291 2888 no·

548 2929 594 2990 bis
611 2926 740 2988 omnino
754 2921 1067 3008 persuademus‚non
1081 2918 1184 2982 solum
1200 2936 1215 2981 a
1230 2934 1294 2981 ma·

549 3023 656 3084 iestate
688 3018 740 3081 tua
771 3017 904 3080 libenter
935 3021 1099 3093 exceptum
1127 3013 1166 3074 iri
1188 3012 1290 3089 illum,

548 3129 643 3195 quem
673 3111 845 3188 delegimus
876 3108 1028 3186 Legatum
1057 3115 1210 3183 nostrum,
1240 3110 1290 3171 sed

549 3209 642 3272 etiam
673 3211 852 3284 pergratum
882 3200 939 3264 tibi
967 3200 1110 3264 loturum
1137 3199 1176 3263 ob
1198 3202 1292 3281 ipsius

548 3300 728 3381 praeclaras,
751 3314 814 3360 non
842 3296 943 3358 solum
970 3294 1123 3374 splendidi
1154 3295 1289 3372 generis,

548 3397 600 3458 sed
621 3403 653 3457 et
673 3391 805 3470 ingenii,
827 3389 978 3463 candoris,
1001 3389 1195 3467 prudentiae,
1211 3396 1291 3452 cete·

548 3505 658 3568 raeque
679 3485 773 3548 animi
795 3485 893 3560 dotes,
909 3499 983 3563 quas
998 3481 1086 3545 nobis
1101 3483 1134 3544 in
1148 3482 1290 3545 maximis

546 3583 605 3645 sibi
626 3578 796 3644 commissis
823 3577 1008 3640 muneribus
1037 3592 1196 3656 nunquam
1225 3593 1288 3640 non

547 3676 672 3754 egregie
692 3669 915 3750 comprobavit.
931 3669 1037 3748 ltaque
1052 3678 1087 3732 ut
1101 3670 1173 3734 huic
1188 3673 1290 3735 decre·

546 3779 594 3833 tae
616 3769 677 3831 iam
696 3783 711 3828 a
727 3764 816 3828 nobis
829 3763 977 3842 legationi
991 3763 1143 3839 assentiri,
1159 3781 1288 3844 eamque

547 3861 770 3926 humanissime
791 3874 846 3937 pro
862 3867 912 3921 tua
927 3856 1135 3934 generositate
1148 3861 1290 3938 excipere

546 3958 636 4034 velis,
653 3962 683 4018 te
703 3955 797 4018 etiam
812 3960 904 4032 atque
919 3951 1010 4015 etiam
1026 3967 1181 4028 rogamus,
1197 3953 1290 4033 idque

547 4053 703 4131 geminam
725 4048 763 4112 ob
783 4062 915 4122 cansam,
937 4053 1030 4124 atque
1043 4051 1208 4126 utramque
1221 4062 1289 4124 gra-

546 4144 718 4209 vissimam:
743 4156 874 4218 quarum
894 4140 994 4218 prima
1008 4156 1041 4202 ac
1055 4141 1215 4220 praecipua
1229 4150 1287 4218 est,

547 4249 582 4304 nt
603 4240 635 4302 in
656 4233 834 4301 huiusmodi
865 4248 946 4296 novo
975 4232 1142 4296 deierando
1163 4251 1179 4297 a
1201 4237 1289 4299 nobis

547 4331 760 4412 gratulationis
788 4329 898 4404 officio,
927 4327 1048 4407 publice
1074 4329 1218 4394 omnibus
1239 4347 1288 4411 pa·

547 4436 613 4492 tere
633 4427 738 4506 possit,
761 4425 859 4504 qualis
879 4432 1055 4503 quantaque
1076 4436 1179 4488 nostra
1196 4425 1237 4488 sit
1250 4426 1288 4490 de

547 4527 599 4588 tua
619 4523 656 4586 ad
669 4534 851 4601 supremum
866 4519 898 4582 in
914 4517 1057 4580 humanis
1072 4520 1202 4594 gradum
1217 4536 1287 4582 eve-

545 4619 648 4680 ctione
661 4614 757 4678 animi
771 4612 965 4696 significatio,
980 4627 1135 4692 quamque
1149 4613 1288 4692 impense

545 4719 638 4790 atque
658 4710 755 4772 amice
776 4707 903 4786 gloriae,
923 4707 1046 4782 virtuti,
1061 4705 1199 4770 leticitati
1218 4714 1289 4771 tuae

545 4805 736 4868 studeamus:
761 4802 855 4864 altera
876 4816 950 4862 vero
970 4815 1058 4862 causa
1079 4808 1137 4876 est,
1153 4808 1188 4864 ut
1203 4817 1288 4881 prae·

545 4906 592 4961 sto
614 4897 680 4960 istic
699 4896 750 4971 sit,
773 4895 827 4975 qui
848 4893 950 4956 verbis
972 4894 1085 4956 nostris
1106 4895 1218 4956 excitet
1239 4911 1286 4956 re·

585 5153 614 5209 (1)
629 5151 748 5198 Nondum
768 5157 854 5195 annus
874 5147 1020 5202 affinxerat,
1034 5159 1064 5192 ex
1085 5159 1137 5204 quo
1157 5147 1184 5194 in
1199 5146 1286 5192 Antio·

543 5219 656 5266 ebenum
671 5217 863 5264 Maronitarum
883 5215 1065 5262 patriarcham
1086 5214 1184 5261 electus
1198 5215 1285 5260 iuerat

543 5288 627 5334 itriaus
641 5291 668 5332 D.
683 5285 819 5343 Philippus
834 5288 927 5330 Petrus
942 5283 1133 5339 societatemn
1143 5282 1186 5329 hic
1196 5295 1285 5340 repen·

544 5357 601 5402 tina
615 5352 750 5413 apoplexia
767 5354 914 5408 correptus,
928 5349 1013 5408 pridie
1032 5351 1091 5397 idus
1105 5350 1197 5408 aprilis
1212 5361 1285 5407 supe·

488 5445 491 5452 ·
545 5424 624 5470 rioris
644 5423 706 5470 anni
727 5431 866 5467 moccxcvr.
890 5423 974 5465 morte
994 5420 1124 5474 occubuit,
1142 5421 1284 5475 antequam

543 5492 601 5536 eius
614 5489 708 5535 electio
725 5486 886 5534 auctoritate
906 5486 1051 5542 apostolica
1071 5485 1283 5532 confirmaretur.

543 5561 609 5604 burn
630 5555 823 5613 archiepiscopi
843 5556 870 5600 et
889 5554 1008 5611 Episcopi
1028 5553 1145 5599 nationis
1163 5565 1194 5599 ex
1212 5563 1286 5610 prae-

543 5627 641 5682 scripto
656 5622 752 5680 synodi
771 5622 932 5677 Libanensis,
947 5623 974 5667 in
988 5621 1111 5667 coenobio
1132 5622 1285 5678 congregati

544 5695 568 5738 S.
584 5693 681 5738 Mariae
695 5692 726 5737 de
744 5691 871 5745 Bekorlte,
886 5703 921 5736 rv.
937 5691 988 5735 kal.
1004 5689 1067 5736 maii
1088 5687 1206 5734 eiusdem
1221 5688 1285 5734 anni

544 5761 648 5806 summa
658 5764 684 5806 et
694 5759 779 5805 libera
788 5759 924 5805 voluntate
932 5758 1034 5804 cunctis
1043 5757 1178 5814 suffragiis
1187 5755 1284 5802 ltrirum

542 5828 694 5873 Praesulem
715 5827 853 5883 losephum
875 5829 981 5870 Petrum
999 5825 1094 5880 Tisian,
1116 5825 1285 5870 patriarchae

543 5895 685 5950 Vicarium,
699 5895 726 5939 in
746 5904 922 5940 successorem
944 5893 1001 5938 eius
1014 5894 1160 5950 elegerunt.
1180 5894 1245 5937 Hinc
1259 5894 1286 5937 et

544 5963 643 6012 electus
656 5961 810 6010 patriarcba
824 5964 851 6007 et
868 5961 995 6008 electores
1016 5960 1067 6020 ipsi
1087 5959 1286 6008 observantissi-

1080 551 1146 610 tu'n.
1169 547 1261 608 toni.
1285 552 1325 605 oa
1346 557 1375 606 a.
1398 542 1428 604 i.
1451 555 1533 605 rans
1555 544 1576 604 i.

1353 677 1436 755 giam
1467 677 1665 743 clementiam
1698 687 1782 742 tuam
1803 673 1835 742 iu
1857 674 2020 743 catholicos
2042 679 2097 743 tibi

1351 770 1505 836 subiectos
1526 769 1669 850 populos,
1690 789 1751 851 qno
1773 773 1830 854 ipsi
1851 773 1884 836 in
1905 790 1973 849 suo,
1996 781 2031 837 ut
2045 791 2098 838 an·

1353 869 1412 938 tea,
1435 863 1595 942 religionis
1617 865 1705 928 culto
1726 881 1888 941 remanere
1910 883 2047 947 eumque
2061 867 2097 930 li-

1351 954 1424 1018 bere
1436 972 1580 1020 exercere
1593 958 1729 1034 valeant,
1742 959 1943 1040 caeterisque,
1954 967 1989 1022 ot
2000 960 2097 1038 prius,

1349 1048 1443 1112 rebus
1471 1051 1615 1113 omnibus
1643 1051 1706 1114 lrui
1733 1051 1770 1113 ad
1795 1068 1884 1115 suam
1912 1051 2098 1130 religionem

1350 1143 1569 1218 spectantibus.
1593 1145 1640 1207 nd
1659 1160 1753 1224 quam
1779 1143 2008 1210 concedendam
2030 1161 2097 1223 gra·

1351 1235 1437 1310 tiam,
1459 1252 1521 1315 quo
1553 1237 1782 1302 inclinatiorem
1812 1239 1976 1304 reddamus
2000 1255 2097 1317 augn-

1349 1335 1433 1391 stum
1454 1329 1596 1392 animum
1622 1339 1724 1408 tuum,
1747 1331 1824 1396 illud
1846 1332 1906 1394 iam
1927 1347 2013 1395 nnnc
2033 1349 2097 1398 cer·

1350 1421 1469 1484 tissime
1488 1438 1709 1499 asseveramus
1732 1425 1812 1504 ipsos
1833 1441 1873 1488 ex
1887 1425 1995 1490 divino
2009 1442 2094 1504 prae-

1349 1523 1437 1593 cepto
1458 1531 1491 1576 ac
1512 1531 1553 1578 ex
1575 1519 1687 1581 uostris
1708 1518 1802 1580 etiam
1824 1519 1951 1582 monitis
1972 1535 2095 1600 semper

1348 1604 1470 1668 loturos
1492 1615 1561 1671 tuae
1581 1625 1744 1689 supremae
1765 1613 1909 1688 potestati
1922 1613 2094 1692 morigeros

1348 1713 1382 1760 ac
1403 1698 1620 1778 obsequentes,
1643 1718 1744 1782 neque
1766 1702 1821 1766 ulli
1845 1722 1862 1769 e
1884 1706 1945 1768 tuis
1963 1705 2095 1771 immen-

1347 1791 1388 1852 sis
1409 1792 1529 1872 populis
1550 1793 1583 1856 in
1605 1795 1665 1858 tide
1679 1799 1828 1862 servanda
1845 1800 2094 1881 exequendisque

1349 1884 1481 1964 impigre
1502 1887 1591 1949 iussis
1614 1889 1673 1951 tuis
1695 1907 1834 1970 uuquam
1853 1909 1919 1958 esse
1932 1910 2094 1960 concesso·

1347 1994 1410 2040 ros.
1433 1976 1492 2042 sed
1512 1979 1546 2042 in
1567 1980 1615 2042 bis
1636 1983 1781 2046 omuibus
1806 2000 1879 2050 cum
1899 1994 1970 2050 tuae
1989 1990 2094 2070 aequi-

1347 2071 1415 2147 tati,
1436 2072 1614 2152 sapieutiae,
1631 2076 1879 2152 magnanimitati
1898 2081 2091 2158 satisfeceris,

1347 2163 1435 2228 valde
1456 2167 1598 2245 cupimus
1625 2168 1747 2232 accedat
1778 2173 1924 2235 nonnihil
1950 2175 2092 2251 ponderis

1347 2257 1384 2319 ab
1404 2258 1504 2320 enisis
1525 2259 1563 2322 de
1583 2261 1641 2324 boc
1662 2261 1856 2338 impetrando
1874 2263 2025 2330 beneficio
2040 2283 2093 2330 vo·

2130 535 2185 598 An.
2199 545 2229 598 0.
2250 540 2309 600 last

1348 2351 1385 2413 tis
1406 2353 1531 2429 nostris,
1553 2355 1660 2432 quiin
1684 2347 1739 2418 tua
1755 2351 1851 2420 animi
1875 2358 2092 2424 beneficientia
2180 2431 2184 2441 ,

1347 2446 1482 2509 manime
1494 2446 1672 2525 innitimur,
1683 2449 1844 2530 Deumque
1855 2461 2013 2532 praeterea
2025 2466 2088 2535 opt.

1347 2554 1428 2600 max.
1451 2555 1614 2620 precamur
1636 2550 1671 2604 ut
1698 2544 1889 2608 maiestatem
1917 2553 2003 2610 tuam
2025 2549 2091 2612 diu·

1346 2632 1462 2696 tissime
1483 2634 1610 2712 salvam,
1632 2637 1795 2700 llorentem
1819 2653 2004 2718 semperque
2025 2641 2093 2704 ieli-

1345 2743 1413 2792 cem
1434 2738 1569 2806 praestet
1590 2730 1626 2791 ad
1645 2734 1720 2794 tanti
1735 2731 1858 2809 imperii
1873 2732 2015 2810 gloriam,
2031 2741 2090 2798 tot-

1345 2837 1406 2901 que
1427 2821 1612 2901 populorum
1634 2822 1811 2900 utilitatem,
1828 2841 1886 2889 una
1903 2841 1974 2890 cum
1987 2843 2090 2892 aman·

1345 2915 1462 2978 tissima
1482 2917 1615 2994 coniuge
1637 2917 1689 2980 tua
1715 2917 1921 2995 imperatrice,
1943 2921 1976 2984 in
1996 2937 2090 3000 quam

1345 3009 1421 3073 item
1442 3011 1545 3073 omnia
1573 3017 1676 3073 nostra
1702 3027 1741 3073 es
1762 3012 1866 3074 animo
1894 3015 2090 3079 cumulamus

1344 3103 1464 3166 debitae
1484 3104 1699 3187 gratulativis
1721 3105 1976 3186 gratissimaeqoe
1989 3125 2089 3172 recor-

1344 3197 1474 3262 dationis
1504 3198 1613 3274 oilicia,
1637 3213 1777 3260 necnon
1799 3206 1923 3263 etcum
1950 3205 2089 3280 augustis

1345 3290 1460 3367 liberis,
1482 3297 1518 3354 ut
1539 3300 1590 3353 tua
1611 3306 1667 3370 per
1688 3308 1739 3354 eos
1768 3294 1920 3370 regnandi
1948 3296 2089 3375 exempla

1344 3385 1381 3448 ad
1402 3384 1545 3448 ultimam
1572 3385 1783 3463 posteritatem
1811 3401 1973 3466 nunquam
1993 3388 2088 3452 inter·

1344 3484 1436 3557 rupto
1458 3479 1604 3542 decorum
1625 3477 1789 3557 splendore
1809 3481 1999 3558 pertingant.

1383 3573 1495 3634 Datum
1517 3571 1643 3648 Romae,
1665 3571 1716 3634 die
1737 3588 1792 3634 vn.
1817 3573 1878 3637 ian.
1896 3589 2085 3640 mccxcvn.

1344 3665 1538 3747 pontificatus
1560 3667 1656 3728 nostri
1679 3681 1760 3729 anno
1782 3679 1863 3729 xxti.
1955 3711 1959 3720 .

1598 3921 1835 3934 m

1667 4197 1759 4262 CXX.

1604 4423 1822 4493 ΑΙ.Ι.0οϋῘΙῦ

1343 4613 1486 4678 Nunciot
1509 4618 1539 4675 ct
1561 4615 1728 4694 confirmat
1757 4617 1936 4680 electionem
1963 4619 2084 4697 Iosepba'

1386 4707 1489 4771 Tbioa
1504 4706 1695 4786 Episcopum
1710 4709 1871 4774 vicariam
1886 4712 2081 4776 Morcltulco.

1381 4802 1417 4862 in
1438 4800 1666 4864 Putriorcltom
1687 4802 1920 4866 Antiochenam
1942 4803 2084 4870 Moront-

1383 4901 1492 4957 turum
1514 4893 1587 4956 licet
1609 4909 1732 4959 xxxvia.
1755 4911 1855 4959 conoe
1875 4904 1990 4961 notum
2004 4898 2060 4980 (l).

1340 5145 1390 5192 mis
1404 5146 1492 5192 literis
1507 5145 1586 5192 ssriro
1599 5148 1626 5191 D.
1638 5149 1665 5190 N.
1680 5145 1726 5192 Pio
1740 5149 1823 5203 Papae
1835 5148 1874 5191 vl.
1890 5147 2082 5204 supplicarunt,

1339 5217 1369 5259 ut
1384 5214 1508 5270 suprema
1521 5215 1681 5260 auctoritate
1695 5213 1744 5259 sua
1757 5213 1912 5259 electionem
1924 5215 2082 5261 confirmare

1338 5281 1504 5339 dignaretur,
1511 5286 1539 5326 et
1548 5281 1660 5327 electum
1670 5281 1852 5328 Patriarcbam
1863 5282 1933 5328 sacri
1940 5282 2015 5332 Pallii
2025 5293 2079 5328 mu-

1339 5360 1401 5394 nere
1422 5349 1565 5396 decoraret.
1589 5349 1720 5395 Sanctitas
1741 5352 1868 5395 suarem
1890 5349 2080 5398 discutiendam

1338 5416 1471 5461 commisit
1493 5419 1516 5460 s.
1539 5415 1739 5472 congregationi
1760 5416 1792 5461 de
1813 5417 1983 5473 Propagandai
2004 5418 2080 5474 Fide,

1338 5493 1405 5538 quae
1420 5481 1499 5528 ssriao
1513 5483 1700 5530 consulendum
1715 5483 1830 5529 decrevit
1844 5493 1891 5540 pro
1905 5484 2081 5530 eonnrmsttc

1338 5561 1370 5595 ne
1384 5555 1411 5595 et
1426 5551 1496 5596 sacri
1509 5550 1585 5597 Pallii
1600 5551 1707 5604 bonore,
1721 5550 1828 5607 praevie
1837 5551 1984 5607 sanatione,
1993 5555 2081 5608 quate

1338 5629 1388 5662 nus
1408 5628 1473 5676 opus
1492 5627 1569 5674 esset,
1583 5629 1809 5675 quorumcumque
1830 5619 1978 5665 defectuum
2001 5619 2081 5666 etiam

1339 5685 1562 5732 substantialium.
1573 5689 1626 5732 flac
1635 5685 1727 5731 audita
1736 5685 1876 5740 sententia,
1887 5687 2018 5734 Sanctitas
2028 5690 2081 5733 sua

1338 5755 1449 5811 petitum
1464 5755 1598 5801 electionis
1613 5753 1839 5799 confirmationem
1854 5764 2012 5810 sacrumque
2026 5754 2082 5799 Pal·

1337 5822 1405 5868 lium
1427 5822 1537 5878 benigne
1557 5821 1686 5866 concessit
1705 5821 1731 5865 in
1746 5820 1903 5866 consistorio
1921 5822 2022 5866 secreto
2037 5821 2081 5866 ha·

1338 5888 1393 5935 bito
1406 5889 1447 5934 dte
1461 5897 1534 5934 xxrv.
1550 5887 1609 5933 iulii
1623 5887 1703 5933 huius
1719 5887 1782 5933 enni
1797 5897 1946 5933 unccxcvn.
