4776 6974
92 590 142 650 16.
154 591 188 644 G.
206 577 266 640 ttae

959 583 1101 642 166661.
1125 583 1168 640 16.

330 718 442 780 Datum
462 711 589 793 Romae,
611 715 689 794 apud
713 711 744 778 S.
763 711 890 776 Petrum
904 714 963 775 sub
983 727 1038 774 an-

294 811 367 875 nulo
383 810 503 888 piscat,
519 809 683 871 11666666.
700 808 765 870 166.
777 819 1037 880 6666666666,

293 903 486 984 pontificatus
501 901 599 965 nostri
614 917 697 964 anno
713 916 777 962 xxv.

590 1185 741 1249 LXXVll.

297 1373 454 1454 16161661,
482 1381 520 1435 at
543 1373 577 1434 16
598 1371 729 1434 ecclesia
757 1367 881 1447 collegii
901 1365 1039 1428 sanctis·

331 1467 404 1528 simi
437 1465 570 1528 Rasarii
601 1465 748 1526 civitatis
778 1462 916 1525 Sanctae
948 1456 1040 1519 Fidei

333 1563 368 1623 ia
383 1559 487 1624 ladiis
503 1560 623 1639 sestam
636 1555 838 1619 sanctissimi
854 1552 985 1614 Rescrii
999 1550 1041 1612 ad

334 1655 415 1718 diem
433 1668 524 1715 xvxn.
543 1650 714 1715 decembris
736 1647 911 1728 quotannis
934 1649 1041 1706 treas·

334 1748 416 1830 {arri
437 1747 548 1825 possit.

548 1912 788 1983 61666611.
840 1997 847 2012 .

434 2041 471 2108 61
497 2039 629 2108 1616666
656 2038 699 2104 661
723 2035 901 2103 memoriam.

121 2234 279 2282 66666666
335 2221 353 2295 g
376 2218 403 2280 1.
427 2217 520 2290 Cum,
536 2215 615 2276 61661
630 2212 733 2275 1116611
750 2211 806 2273 dlii
828 2214 978 2272 66616666
993 2207 1045 2268 de-

42 2343 43 2353 ,
105 2289 173 2336 sienis.

297 2311 392 2391 661611
413 2308 535 2384 collegii
565 2306 688 2368 maioris
716 2302 885 2380 nuncupati
914 2299 1045 2363 civitatis

296 2410 414 2468 sanctae
428 2401 513 2464 nicei
535 2401 573 2462 de
594 2399 706 2475 Rogata
728 2397 786 2459 sub
807 2395 900 2457 111616
920 2391 1044 2454 6666116-

296 2499 365 2560 simi
387 2495 508 2558 llosarii
528 2493 617 2555 nobis
639 2506 740 2568 nuper
761 2490 874 2568 exponi
891 2487 1043 2557 lecerunt,

298 2592 353 2670 ipsi
373 2605 430 2668 pro
457 2604 505 2662 66,
534 2601 629 2666 6666
659 2599 733 2661 erga
765 2584 885 2645 beatam
918 2580 1043 2644 Mariam

298 2685 454 2762 virginem
475 2683 513 2744 16
533 2681 659 2742 llosario
680 2685 795 2754 gerunt
817 2676 989 2738 1666116616
1004 2673 1045 2734 61-

298 2778 424 2851 166166,
446 2774 560 2837 166166
582 2773 723 2835 6166166
741 2771 847 2832 beatae
860 2767 971 2830 llariae
985 2769 1046 2830 vir·

299 2871 379 2949 ginis
399 2870 438 2932 16
458 2867 586 2931 11666616
606 2868 641 2930 61
664 2866 748 2928 1166
763 2879 855 2925 xvxix.
875 2863 1046 2925 decembris

297 2981 367 3027 cum
388 2961 596 3026 celebratione
624 2959 732 3021 missae
763 2958 886 3018 votivae
907 2955 1044 3018 eiusdem

298 3057 425 3120 1661116
452 3069 562 3118 eorum
594 3051 721 3116 ccclesia
752 3050 918 3130 quotannis
951 3056 1047 3109 trans·

298 3149 391 3224 16666,
414 3163 471 3211 666
493 3162 558 3209 666
580 3147 667 3208 6116
690 3145 799 3206 66166
820 3142 947 3205 66616616
968 3141 1048 3204 6616-

298 3244 378 3305 brari
399 3239 764 3319 66661166661116666616,
780 3243 847 3314 post
862 3236 986 3298 missam
1001 3251 1048 3296 so-

299 3335 448 3408 lemnem,
471 3333 528 3394 alia
551 3331 740 3393 6166616616
767 3331 817 3391 vel
838 3330 943 3390 votiva
968 3328 1048 3390 eius-

298 3428 368 3491 dem
390 3429 495 3490 beatae
516 3426 628 3488 llariae
643 3424 777 3501 virginis
792 3425 829 3485 16
844 3422 980 3495 timasio,
998 3420 1047 3482 vel

299 3522 408 3584 saitem
430 3522 469 3583 de
488 3527 639 3597 tempore,
656 3518 829 3596 plurimum
853 3516 1044 3580 desiderant:

299 3615 392 3679 Nobis
412 3619 575 3693 propterea
597 3610 760 3672 humiliter
780 3609 947 3688 supplicari
970 3607 1049 3670 lece-

299 3715 384 3783 runt,
401 3714 436 3769 ut
456 3705 514 3767 sibi
538 3705 569 3765 in
592 3703 767 3781 praemissis
789 3709 962 3780 opportune
978 3717 1047 3781 pro-

299 3803 415 3874 videre,
431 3806 509 3861 6161
527 3798 607 3859 inira
622 3797 788 3873 indulgere
802 3795 840 3856 16
857 3795 1047 3871 benignitate

297 3893 461 3974 6666161166
482 3890 695 3968 dignaremur.

139 4008 284 4053 6666666
358 3987 427 4064 52.
451 3983 513 4048 Nos
535 3985 632 4061 igitur
653 3983 749 4045 dictos
769 3992 960 4064 exponentes
981 3999 1047 4060 666-

128 4058 185 4104 nouis.

131 5863 285 5920 1666116666·

125 5916 224 5966 letdarum.

300 4081 426 4144 cialibus
455 4078 562 4155 gratiis
583 4083 613 4138 et
634 4075 790 4139 favoribus
820 4077 965 4156 prosequi
994 4091 1047 4138 vo-

301 4175 398 4238 lentes
418 4181 450 4235 et
469 4186 580 4233 eorum
601 4168 775 4245 singulares
789 4185 934 4248 personas
949 4185 965 4230 6
980 4170 1048 4248 qui·

301 4268 403 4330 busvis
438 4261 769 4327 excommunicationis
803 4269 834 4324 et
868 4262 1046 4336 interdicti,

301 4361 427 4438 aliisque
454 4356 667 4420 ecclesiasticis
697 4355 861 4430 censoriis,
884 4355 1049 4418 sententiis

301 4463 329 4518 et
350 4453 459 4534 poenis
485 4449 597 4530 quovis
625 4449 716 4510 modo
738 4456 770 4510 61
790 4463 987 4526 666666666
1011 4449 1047 4510 16

301 4563 387 4610 66666
407 4545 489 4620 16116,
505 4543 530 4604 61
546 4559 621 4622 6666
636 4540 715 4603 16616
730 4541 933 4616 16666666161,
953 4542 1047 4603 buius

302 4646 422 4703 166166
442 4639 487 4700 661
510 4635 607 4714 gratia
628 4635 823 4698 absolventes
845 4639 875 4696 et
894 4633 1048 4696 absolutos

301 4733 364 4795 lore
385 4737 558 4804 censentes,
581 4729 856 4808 supplicationibus
870 4727 1048 4792 huiusmodi

302 4824 454 4900 inclinati,
481 4832 514 4884 et
540 4829 656 4885 attenta
683 4823 834 4884 relatione
862 4821 964 4885 dilecti
993 4821 1049 4882 illii

300 4918 441 4996 magistri
462 4916 615 4979 Dominici
638 4915 772 4994 Coppola
794 4915 1050 4992 congregationis

301 5011 527 5076 venerabilium
558 5009 692 5072 fratrum
720 5014 900 5070 nostrorum
928 5017 1050 5071 sanctae

301 5104 455 5167 Romanae
476 5102 629 5166 Ecclesiae
644 5101 856 5166 cardinalium
877 5101 969 5163 sacris
984 5101 1050 5163 riti-

301 5197 356 5259 bus
378 5196 625 5277 praepositorum
646 5195 814 5269 secretarii,
836 5200 871 5255 ut
895 5194 927 5256 in
949 5201 1050 5272 poste-

301 5306 371 5352 rum
398 5289 510 5354 iestum
540 5286 755 5351 tantummodo
779 5287 965 5350 sanctissimi
991 5288 1050 5349 llo

301 5384 371 5445 sarii
402 5382 550 5462 praedicti
579 5382 616 5442 61
644 5381 727 5443 diem
757 5396 847 5443 66666.
879 5381 1050 5442 decembris

301 5478 466 5555 quotannis
492 5477 525 5538 in
554 5476 683 5539 ecclesia
710 5475 781 5538 11611
809 5473 932 5552 collegii
954 5481 1052 5536 trans·

301 5569 374 5632 16661
395 5576 426 5631 61
447 5569 596 5632 celebrari
618 5569 714 5631 libere
728 5575 760 5630 et
776 5568 858 5632 licite
873 5567 983 5643 661661,
999 5585 1051 5630 au·

301 5661 1050 5741 ctoritateapostolira,tenorepraesentinmcou-

301 5757 438 5817 cerlimus
459 5763 490 5818 61
514 5754 724 5830 indulgemus.

340 5850 359 5923 ἓ
380 5849 408 5909 3.
433 5848 502 5910 Ν66
525 5848 716 5909 obstantibus
731 5847 1005 5911 constitutionibus
1020 5856 1051 5909 et

301 5943 547 6005 ordinationibus
568 5941 752 6019 apostolicis,
776 5942 902 6002 aedisti
926 5942 1050 6016 crollegii

1763 565 1820 645 663
1871 569 1970 636 166.
1991 566 2060 634 6166

1091 713 1390 786 61166166666616,
1414 709 1651 778 confirmatione
1666 714 1839 794 apostolica,

1092 806 1140 868 661
1162 807 1271 884 666616
1293 808 1440 870 1161611616
1462 808 1519 870 6116
1540 809 1690 872 roboratis
1719 808 1842 872 statutis

1091 905 1121 961 et
1136 900 1412 964 consuetudinibus
1425 923 1434 977 3
1457 901 1629 982 privilegiis
1642 919 1778 983 quoqne,
1796 902 1842 964 in-

1092 991 1186 1053 dultis
1207 998 1238 1053 et
1262 992 1359 1054 literis
1384 994 1558 1073 apostolicis
1578 996 1790 1073 superioribus
1811 1004 1843 1057 61

1093 1085 1232 1160 66666616
1263 1086 1321 1147 sub
1348 1086 1597 1168 quibuscumque
1627 1091 1787 1153 tenoribus
1812 1099 1843 1152 et

1093 1173 1212 1250 lormis,
1233 1192 1267 1239 ac
1290 1194 1361 1240 cum
1382 1178 1543 1256 quibusvis
1568 1181 1660 1243 etiam
1684 1181 1844 1258 derogato-

1093 1267 1211 1330 riarum
1233 1271 1445 1347 derogatoriis,
1460 1273 1590 1352 aliisque
1611 1274 1842 1346 efficacioribus,

1094 1361 1319 1438 efficacissimis,
1341 1381 1374 1426 66
1396 1366 1526 1428 166611116
1541 1366 1698 1442 clausulis,
1722 1369 1845 1429 irritan-

1095 1455 1239 1534 tibusque
1260 1466 1291 1518 et
1311 1457 1379 1520 aliis
1399 1459 1529 1521 decretis
1551 1460 1584 1522 16
1604 1475 1720 1537 genere
1741 1461 1792 1522 vel
1813 1463 1845 1523 in

1094 1549 1205 1626 specie,
1221 1566 1254 1611 66
1267 1551 1334 1612 61116
1355 1551 1387 1612 16
1409 1555 1599 1616 contrarium
1614 1555 1846 1632 quomodolibet

1095 1644 1259 1719 concessis,
1282 1645 1454 1724 approbatis
1482 1653 1515 1708 61
1542 1647 1710 1710 166666116.
1730 1648 1847 1723 Quibus

1096 1737 1241 1799 omnibus
1262 1744 1293 1799 et
1314 1737 1445 1816 singulis
1466 1739 1593 1802 illorum
1615 1749 1739 1803 tenores
1761 1757 1846 1820 prae·

1097 1830 1237 1893 sentibus
1252 1847 1309 1909 666
1324 1831 1417 1910 61666
1431 1841 1461 1893 61
1476 1832 1668 1896 sufficienter
1683 1835 1844 1914 expressis,

1097 1940 1129 1985 ac
1144 1923 1182 1985 16
1203 1924 1299 1985 verbo
1321 1925 1355 1986 ad
1379 1926 1511 1988 verbum
1535 1927 1661 1990 insertis
1685 1927 1845 2001 babentes,

1097 2016 1158 2078 illis
1185 2017 1259 2078 alias
1285 2018 1317 2079 16
1345 2034 1400 2080 666
1423 2019 1533 2080 robore
1558 2022 1780 2097 permansuris,
1810 2022 1847 2082 ad

1098 2111 1336 2188 praemissorum
1359 2111 1517 2186 ellectum,
1534 2113 1589 2174 bac
1605 2114 1674 2176 6166
1687 2115 1847 2176 16616661

1097 2203 1271 2282 specialiter
1297 2209 1328 2265 et
1354 2217 1497 2281 expresse
1525 2205 1721 2282 derogamus,
1750 2215 1847 2267 caete·

1099 2298 1202 2376 risque
1224 2300 1387 2359 contrariis
1409 2298 1672 2377 quibuscumque.

1139 2391 1250 2452 Datum
1275 2391 1406 2466 Romae,
1433 2391 1512 2470 apud
1541 2391 1572 2454 S.
1602 2391 1729 2454 Mariam
1758 2391 1847 2454 111616-

1101 2500 1179 2558 666,
1202 2485 1260 2546 sub
1282 2484 1398 2546 annulo
1421 2484 1592 2559 Piscatoris,
1615 2484 1665 2546 die
1686 2500 1777 2546 xxxx.
1802 2484 1849 2546 16-

1100 2577 1133 2638 111
1155 2592 1413 2652 6666666666,
1438 2578 1574 2658 pontific.
1600 2579 1697 2640 nostri
1713 2595 1763 2640 66.
1781 2593 1846 2640 666.

1353 2781 1414 2788 n-——o
1422 2782 1433 2787 -
1442 2780 1500 2788 ..n-0-
1513 2781 1559 2787 --.
1566 2779 1603 2787 ...ι-

1391 2955 1554 3019 lxxviii.

1104 3143 1241 3224 derogat
1263 3145 1403 3206 statutis
1425 3146 1573 3226 [cairam
1589 3143 1714 3206 ardiais
1729 3143 1852 3207 Bctble·

1143 3237 1348 3301 oriturarum
1363 3238 1464 3301 labiis
1480 3237 1733 3301 accidcatelibas
1748 3238 1852 3316 qaoad

1141 3332 1345 3395 sacerdotare
1366 3331 1505 3394 eiusdem
1533 3330 1658 3393 ardicis
1678 3331 1853 3408 promotio·

1143 3441 1223 3486 aem.

1353 3593 1441 3662 etus
1464 3594 1524 3661 PP.
1549 3593 1596 3661 vt.
1657 3665 1662 3675 ,

1221 3719 1257 3785 61
1281 3722 1455 3803 perpetuam
1481 3719 1523 3785 rei
1547 3719 1727 3786 66666166.

1143 3895 1212 3971 51.
1236 3895 1329 3956 Decet
1349 3893 1526 3955 Romanum
1554 3894 1737 3957 Pontificem
1760 3896 1792 3958 in
1816 3895 1853 3957 iis
1900 3912 2071 3962 prccantum.

1103 3989 1292 4052 auctoritatis
1322 4003 1395 4050 suae
1426 3995 1529 4066 parter
1559 3988 1695 4051 libenter
1717 3991 1854 4068 1616666

1104 4097 1191 4155 6666,
1207 4098 1262 4161 666
1282 4098 1360 4160 6666
1382 4089 1413 4143 61
1434 4081 1559 4143 1161666
1580 4089 1732 4158 augeatur
1752 4083 1855 4146 cultus

1104 4184 1135 4238 et
1162 4175 1381 4252 religiosorum
1402 4174 1495 4236 statui
1517 4188 1690 4252 eorumque
1712 4176 1854 4237 instituto

1105 4269 1314 4348 promovendo
1336 4274 1511 4347 opportune
1532 4268 1716 4331 consulitur.

1143 4363 1162 4437 ε
1183 4361 1213 4423 2.
1237 4361 1317 4424 Sane
1340 4376 1394 4438 pro
1416 4369 1501 4440 parte
1517 4360 1623 4423 dilecti
1639 4362 1695 4423 illii
1711 4363 1853 4440 Gregorii
1912 4364 2087 4430 ,Declaratur

1105 4473 1120 4516 6
1142 4455 1350 4533 conceptione
1372 4455 1579 4532 procuratoris
1602 4455 1755 4531 generalis
1773 4456 1855 4518 ordi·
1873 4420 2088 4536 didacidi&

1105 4549 1152 4610 nis
1174 4547 1306 4609 iratrum
1328 4545 1585 4608 Bethlemitarum
1603 4555 1854 4624 nuncupatorum
1874 4525 2023 4626 {ffim‘u‘
2054 4524 2088 4572 ’ά

1104 4642 1137 4702 16
1158 4639 1253 4702 161116
1274 4638 1512 4702 occidentalibus
1528 4638 1664 4702 instituti
1679 4641 1854 4718 expositum

1105 4733 1194 4796 nobis
1215 4733 1285 4807 1611,
1308 4731 1389 4810 6661
1411 4743 1467 4811 661·
1488 4739 1602 4794 6161616
1625 4749 1680 4794 666
1705 4735 1856 4796 66661116-

1107 4829 1204 4891 116666
1233 4827 1307 4891 11611
1332 4825 1450 4888 ordinis
1480 4826 1663 4889 auctoritate
1693 4827 1856 4904 apostolica

1104 4922 1285 4983 confirmata
1313 4919 1397 4980 inter
1422 4909 1555 4996 caetera,
1578 4933 1657 4997 quae
1685 4920 1763 4981 circa
1787 4937 1858 4998 pro-

1105 5013 1275 5074 movendos
1297 5013 1333 5074 ad
1358 5012 1564 5074 sacerdotium
1585 5019 1780 5088 statuuntur,
1804 5029 1858 5074 ex·

1106 5119 1208 5184 presse
1229 5111 1368 5178 6666166,
1386 5118 1426 5165 66
1441 5103 1509 5181 6616
1531 5103 1566 5164 61
1588 5120 1710 5167 666666
1732 5106 1858 5183 presby·

1106 5205 1222 5259 teratus
1253 5195 1396 5259 ordinem
1427 5203 1665 5277 promoveatur,
1698 5199 1758 5260 nisi
1790 5206 1858 5277 6661

1106 5290 1225 5369 lapsum
1247 5289 1436 5352 decennium
1458 5306 1474 5350 a
1496 5290 1546 5352 die
1574 5291 1733 5367 ingressus
1755 5292 1787 5352 in
1810 5306 1858 5353 re·

1107 5382 1268 5459 ligionem.

1146 5477 1165 5551 5
1186 5476 1216 5537 3.
1240 5477 1318 5540 Cum
1340 5483 1457 5551 autem,
1477 5476 1557 5538 sicut
1578 5474 1685 5539 eadem
1707 5475 1858 5556 expositio
1911 5492 1986 5539 narro
2005 5493 2092 5548 66166-

1106 5569 1323 5645 subiungebat,
1337 5567 1411 5631 ordo
1427 5568 1603 5631 huiusmodi
1618 5569 1786 5632 sufficienti
1800 5569 1858 5630 ira·
1878 5545 2092 5646 flfffflgssffl

1107 5669 1191 5723 trum
1221 5660 1415 5723 sacerdotum
1443 5677 1577 5723 numero
1603 5661 1734 5738 deliciet,
1758 5662 1799 5723 ita
1825 5669 1861 5725 ut
1921 5737 1923 5740 ¹

1108 5769 1171 5816 non
1194 5771 1263 5816 6666
1284 5755 1477 5816 6666616166
1498 5752 1684 5816 secularium
1713 5769 1803 5831 opera
1826 5755 1859 5815 in

1107 5845 1379 5910 sacramentorum
1407 5845 1674 5909 administratione
1703 5862 1767 5908 666
1792 5847 1860 5907 6166

1109 5942 1195 6016 gravi
1217 5941 1355 6002 eiusdem
1378 5940 1495 6003 ordinis
1525 5941 1722 6002 incommodo
1744 5940 1790 6004 uti
1812 5955 1860 6018 tt·
