4734 7004
354 543 541 612 3333331
593 547 631 611 dt

355 2851 508 2900 Pontilexsu

342 2907 556 3006 ῐθωοῗιῗωῖῗξιο-
575 2938 626 3009 331,
650 2955 711 3017 quo
733 2939 893 3000 decretum
915 2938 1090 3000 huiusmodi
1113 2939 1320 3002 3333133333-

342 3023 448 3124 ῗὲιῗῗι
460 3013 555 3126 3&ssssss
573 3035 659 3096 sistat
680 3043 710 3098 et
732 3041 876 3095 servetur
891 3035 1036 3109 exactius,
1053 3035 1233 3114 apostolicae
1249 3053 1319 3098 con-

343 3121 395 3168 bat

355 4916 484 4974 Quidquid
499 4927 556 4964 eon·

343 4975 382 5018 tra
410 4974 555 5026 praesentes

343 5025 431 5070 literas
455 5027 555 5080 gestum

343 5077 555 5142 luerit,annnllat

343 5136 368 5178 ot
383 5135 475 5178 arntat.

574 684 669 746 santi:
695 668 894 746 inhaerentes
910 699 1034 760 quoque
1049 682 1209 744 sententiis
1225 687 1255 742 et
1270 680 1321 741 de-

575 779 666 839 cretis
687 778 837 838 emanatis
859 794 875 837 a
897 775 1114 840 Tribunalibus
1130 775 1249 839 Siciliae
1264 789 1320 854 pro

573 870 681 932 eodem
704 871 890 934 monasterio
915 869 1104 946 caeterisque
1125 876 1182 930 etc.
1208 868 1321 931 Statui-

573 981 654 1040 mus,
667 965 822 1026 sancimus
837 973 867 1026 33
879 965 1080 1038 declaramus,
1094 963 1318 1025 monasterium

573 1056 1049 1134 Graeco-,albanenseltledijusti
1071 1072 1155 1118 3333
1175 1063 1203 1118 et
1220 1057 1320 1137 1333

572 1161 692 1214 sterum
713 1152 842 1214 omnino
869 1158 1049 1228 exemptum
1071 1168 1087 1210 a
1109 1150 1320 1212 iurisdictione

573 1253 635 1307 tam
663 1246 827 1325 spirituali,
850 1261 942 1323 quam
975 1244 1135 1324 temporali
1165 1246 1318 1307 dictorum

573 1341 797 1402 monachorum
817 1338 983 1402 latinorum
999 1339 1097 1400 nostri
1112 1338 1236 1402 Ordinis
1251 1353 1320 1416 pro-

574 1434 694 1496 vinciae
725 1433 858 1508 Siciliae,
888 1441 919 1494 et
946 1434 1033 1496 nobis
1060 1451 1092 1496 ac
1121 1433 1321 1510 generalitiae

572 1527 751 1589 immediate
780 1527 983 1590 iurisdictioni
1004 1528 1189 1603 subiectum,
1213 1529 1320 1590 distra-

573 1628 658 1683 ctum
680 1621 774 1682 etiam
796 1639 810 1682 3
833 1621 959 1683 caeteris
980 1622 1174 1684 monasteriis
1194 1621 1321 1700 provin-

574 1714 637 1776 ciae
658 1714 798 1790 Siciliae3
831 1722 923 1793 atque
954 1716 1128 1776 uniendum
1150 1715 1199 1776 331
1221 1717 1320 1776 13333-

573 1808 746 1885 parandum
767 1823 837 1869 cum
863 1807 964 1886 aliqua
986 1826 1023 1870 ex
1045 1809 1158 1870 nostris
1185 1807 1320 1887 hispanis

574 1901 741 1979 provinciis
763 1903 798 1964 ad
820 1909 971 1976 mentem,
999 1902 1090 1970 salvis
1121 1919 1243 1981 semper
1263 1904 1320 1965 sal·

574 1996 693 2069 randis,
711 2011 822 2074 nempe
844 1996 907 2057 ritu
930 2011 1038 2072 graeco
1058 1997 1199 2059 orientali
1214 2005 1245 2059 et
1260 1999 1321 2076 pri-

574 2089 716 2151 mordiali
746 2089 839 2168 ipsius
868 2090 1059 2165 monasterii,
1084 2107 1139 2153 nec
1162 2093 1323 2154 3331331-

573 2186 641 2259 bus,
663 2183 809 2246 clausulis
829 2191 860 2244 ot
874 2183 1102 2246 conditionibus
1116 2187 1271 2247 contentis
1288 2186 1319 2248 in

574 2286 759 2341 testamento
790 2276 972 2348 fundatoris,
995 2279 1080 2339 etin
1109 2277 1248 2341 lavarem
1271 2280 1320 2341 nl·

573 2371 766 2434 benensium.
798 2372 908 2433 ilatum
931 2371 963 2432 in
989 2370 1119 2448 collegio
1141 2371 1246 2436 Sancti
1267 2373 1320 2434 Bn-

572 2464 633 2526 silii
663 2465 765 2541 Magni
797 2463 835 2526 de
864 2465 946 2528 Urbe
978 2466 1027 2526 die
1048 2482 1097 2526 ιιι.
1121 2466 1224 2544 aprilis
1246 2469 1320 2530 anni

573 2575 725 2621 nucetxr.
749 2591 787 2604 -
809 2558 983 2620 Alexander
1003 2559 1092 2622 abbas
1113 2561 1267 2636 generalis
1282 2593 1319 2607 -

573 2652 650 2715 abb.
674 2653 707 2714 b.
730 2653 848 2716 Blasius
868 2652 958 2715 liudo
980 2652 1096 2716 Secrot.
1115 2654 1266 2729 generalis
1282 2688 1320 2703 -

574 2747 654 2808 Loco
667 2745 689 2825 †
703 2745 802 2822 Signi.
818 2765 837 2806 a

527 2862 556 2899 ra
613 2841 683 2916 §2-
707 2841 857 2915 Quoniam
879 2851 983 2904 autem
999 2854 1188 2921 exponentes
1203 2845 1319 2922 praedi·

574 3127 758 3189 drmationis
789 3135 912 3188 nostrae
940 3128 1110 3206 patrocinio
1132 3129 1320 3191 communiri

574 3235 772 3299 summopere
789 3220 976 3296 desiderent,
992 3220 1055 3283 Nos
1070 3222 1148 3300 ipsos
1164 3238 1320 3300 exponen·

575 3322 619 3376 tes
640 3314 821 3392 specialibus
837 3315 943 3391 gratiis
959 3322 989 3376 et
1005 3314 1161 3378 favoribus
1175 3317 1319 3394 prosequi

575 3406 724 3483 volentes,
751 3415 782 3469 et
803 3421 912 3470 eorum
943 3407 1116 3484 singulares
1137 3423 1283 3485 personas
1304 3426 1320 3470 3

574 3501 734 3580 quibusvis
756 3501 1084 3564 excommunicationis
1099 3511 1130 3566 33
1149 3503 1318 3580 interdicti,

574 3595 701 3673 aliisque
730 3595 941 3659 ecclesiasticis
971 3597 1123 3672 censuris,
1155 3599 1320 3660 sententiis

574 3695 605 3749 et
625 3686 732 3766 poenis
760 3689 869 3766 quovis
897 3687 988 3750 modo
1015 3696 1046 3750 et
1067 3705 1261 3767 quacumque
1283 3689 1320 3752 de

574 3781 762 3855 3333313313,
784 3782 809 3841 si
832 3798 906 3859 quas
927 3781 1004 3842 iorte
1032 3780 1245 3857 incurrerunt,
1262 3783 1318 3844 bu-

574 3875 622 3936 133
645 3880 766 3935 tantum
789 3875 833 3935 331
857 3875 952 3950 333313
968 3875 1172 3947 absolventes,
1190 3883 1220 3936 et
1235 3875 1321 3936 abso-

573 3967 655 4030 lutos
677 3966 742 4028 1333
769 3977 945 4043 censentes,
975 3966 1247 4048 supplicationibus
1269 3985 1319 4030 eo·

574 4077 643 4122 rum
667 4060 794 4123 nomine
815 4061 904 4123 nobis
925 4062 1088 4124 humiliter
1109 4062 1257 4141 porrectis
1272 4063 1320 4124 in-

573 4156 695 4230 clinati,
728 4155 954 4234 praeinsertum
985 4157 1121 4218 eiusdem
1153 4156 1319 4219 Alexandri

573 4249 689 4312 abbatis
710 4250 863 4326 generalis
885 4250 957 4312 dicti
978 4250 1098 4314 Ordinis
1120 4248 1223 4314 Sancti
1239 4253 1318 4313 Basi-

573 4342 607 4404 lii
628 4342 730 4418 llagni
752 4343 922 4416 decretum,
945 4345 1126 4405 auctoritate
1141 4346 1317 4423 apostolica,

574 4445 681 4498 tenore
702 4438 922 4515 praesentium,
938 4439 1140 4516 approbamus
1155 4447 1187 4501 et
1207 4443 1317 4503 confir·

573 4545 703 4604 mamus,
726 4529 834 4608 illique
857 4530 1043 4592 inviolabilis
1065 4531 1245 4609 apostolieae
1269 4534 1320 4596 irr-

573 4622 688 4684 mitatis
710 4623 804 4684 robur
825 4622 996 4697 adiicimus,
1019 4639 1190 4704 omnesque
1212 4634 1243 4688 et
1256 4627 1318 4688 sin-

574 4715 662 4791 gulos
685 4715 760 4778 iuris
781 4724 813 4777 et
831 4715 900 4777 lacti
916 4714 1063 4791 delectus,
1080 4717 1173 4796 siqui
1189 4720 1320 4798 desuper

574 4810 814 4885 intervenerint,
830 4809 1011 4887 supplemus
1032 4818 1062 4872 et
1076 4827 1231 4874 sanamus.

613 4902 681 4978 §3-
706 4903 912 4965 Decernentes
934 4905 1055 4966 easdem
1077 4912 1253 4982 praesentes
1271 4905 1320 4967 lit-

576 5005 654 5058 teras
668 5012 791 5075 semper
806 4997 919 5072 firmas,
933 4997 1046 5058 validas
1062 5007 1091 5060 et
1107 4999 1241 5062 efficaces
1258 5001 1320 5062 exi-

574 5100 656 5153 stere
677 5096 707 5152 et
728 5091 805 5164 iore,
821 5107 953 5169 suosque
968 5091 1121 5168 plenarios
1136 5100 1166 5154 et
1182 5094 1320 5170 integros

575 5185 701 5246 allectus
722 5184 827 5246 sortiri
843 5191 873 5246 et
887 5185 1040 5260 obtinere,
1057 5203 1089 5248 33
1103 5186 1175 5260 11113,
1193 5188 1228 5248 ad
1244 5204 1320 5265 quos

574 5285 700 5356 spectat,
723 5287 754 5338 et
777 5293 830 5356 pro
854 5283 993 5356 tempore
1009 5279 1239 5355 quomodolibet
1252 5295 1319 5358 spe-

574 5371 668 5434 etabit
690 5372 722 5432 in
738 5370 894 5446 loturum,
909 5371 1087 5449 plenissime
1101 5371 1273 5449 suflragari,
1290 5381 1320 5434 et

574 5467 611 5527 ab
632 5466 675 5526 eis
704 5463 925 5526 inviolabiliter
951 5475 981 5528 33
1006 5467 1190 5529 1333333333
1219 5467 1319 5528 obser-

575 5558 652 5632 vari,
674 5559 779 5636 sicque
801 5558 833 5618 in
849 5559 1022 5635 praemissis
1039 5577 1092 5638 per
1107 5575 1320 5638 quoscumque

574 5651 690 5714 iudices
712 5650 894 5727 ordinarios,
911 5659 941 5713 et
958 5652 1123 5729 delegatos,
1141 5654 1236 5714 etiam
1251 5671 1319 5732 cau-

574 5759 680 5805 sarum
701 5743 805 5821 palatii
826 5745 982 5822 apostolici
1005 5746 1170 5821 auditores,
1194 5747 1319 5807 iudicari

575 5843 606 5896 33
628 5836 751 5897 definiri
772 5835 895 5911 debere,
919 5853 952 5899 33
973 5837 1098 5899 irritum
1120 5845 1150 5899 et
1174 5839 1279 5913 inane,
1295 5839 1320 5900 si

576 5943 663 5988 secus
682 5944 776 6006 super
792 5928 839 5990 bis
855 5947 869 5990 a
885 5945 1081 6007 quocumque
1096 5931 1203 6010 quavis
1218 5941 1320 5995 aueto-

1095 562 1157 608 ibit.
1182 562 1273 606 PONT·
1298 562 1337 605 DE
1359 562 1387 606 Ρ.
1412 561 1441 606 F·
1466 563 1548 608 PARS
1569 563 1590 608 1.

2163 542 2219 598 An.
2233 547 2262 598 O.
2284 551 2341 604 1761
2355 557 2356 614 ζ

1374 680 1464 742 ritate
1485 681 1619 743 scienter
1633 683 1682 746 vel
1698 683 1879 760 ignoranter
1895 682 2067 760 contigerit
2084 683 2131 742 at-

1376 774 1496 834 tentari.

1413 868 1432 941 ἓ
1453 869 1481 930 l.
1500 869 1677 932 Mandantes
1691 877 1852 950 propterea
1869 873 1900 934 in
1917 872 2037 934 virtute
2056 886 2130 931 san·
2164 929 2168 938 ,
2190 877 2356 930 triennium¹

1374 969 1438 1023 3333
1460 963 1665 1040 obedientiae,
1688 982 1721 1027 33
1742 965 1799 1027 sub
1825 965 2049 1043 indignationis
2073 978 2130 1026 no-
2150 929 2356 1032 ἑῗῗιῗῖιῗὲωοεῗιῖ

1373 1063 1453 1117 strae
1481 1055 1610 1133 aliisque
1638 1057 1765 1119 arbitrio
1798 1068 1902 1120 nostro
1924 1055 2130 1136 imponendis
2150 1037 2356 1141 ffiffi'fflffqffi

1373 1151 1491 1228 poenis,
1515 1151 1659 1214 omnibus
1680 1159 1710 1212 et
1731 1153 1863 1228 singulis
1883 1153 1979 1216 dietae
1994 1149 2130 1229 provin·
2150 1145 2356 1248 'vissc‘ffli's'irii'issi

1374 1244 1438 1306 3133
1457 1245 1670 1323 superioribus
1692 1253 1723 1307 et
1745 1245 2130 1326 monacbis,eaeterisque
2150 1254 2356 1314 expresseiniun·

1375 1338 1409 1399 ad
1432 1352 1507 1415 quos
1537 1345 1653 1416 spectat
1674 1347 1705 1400 et
1726 1340 1873 1417 spectabit
1904 1341 1936 1400 in
1964 1340 2128 1414 luterum,
2149 1311 2198 1362 “¹‘'
2355 1343 2356 1354 ²

1374 1438 1408 1492 ut
1432 1433 1657 1495 monasterium
1675 1432 1877 1510 praedictum,
1895 1433 2042 1512 illiusque
2060 1449 2130 1494 mo·

1375 1525 1485 1586 3331333
1506 1525 1707 1600 3113333333,
1723 1527 1893 1604 praesentis
1909 1528 2025 1604 gratiae
2041 1541 2130 1590 com·

1376 1618 1465 1679 modo
1486 1626 1518 1680 et
1545 1617 1657 1681 ellectu
1686 1620 1810 1698 pacifice
1840 1619 1902 1682 irui
1928 1630 1960 1683 et
1989 1622 2131 1698 gaudere

1374 1712 1477 1775 sinant
1500 1721 1530 1775 et
1552 1712 1675 1788 iaciant,
1699 1729 1756 1776 nec
1777 1713 1846 1776 illos
1868 1715 1999 1794 desuper
2016 1733 2032 1776 3
2049 1731 2131 1792 quo-

1374 1823 1467 1884 quam
1489 1807 1597 1885 quavis
1618 1807 1800 1870 auctoritate
1821 1807 2056 1886 quomodolibet
2080 1809 2130 1870 in-

1374 1899 1477 1961 debite
1498 1899 1666 1974 molestari,
1682 1900 1859 1977 perturbari
1880 1900 1931 1962 vel
1953 1901 2131 1979 inquietari

1374 1992 1568 2069 permittant.
1595 1993 1847 2072 Quibuscumque
1876 1994 1907 2056 in
1929 1995 2130 2056 eontrarium

1375 2084 1555 2149 iacientibus
1578 2102 1641 2149 non
1664 2087 1866 2151 obstantibus.

1415 2180 1526 2241 ilatum
1554 2179 1684 2256 Romae,
1713 2182 1793 2260 apud
1821 2181 1850 2244 S.
1874 2181 1999 2244 Mariam
2029 2181 2131 2242 111313-

1376 2289 1454 2347 rem,
1476 2273 1534 2335 sub
1556 2271 1672 2334 annulo
1694 2274 1866 2350 Piseatoris,
1882 2276 1931 2338 die
1948 2291 2026 2336 333.
2045 2276 2129 2355 3331-

1377 2367 1414 2428 lis
1435 2383 1602 2442 unacum,
1626 2369 1822 2446 pontificatus
1848 2370 1945 2431 nostri
1968 2386 2051 2432 anno
2075 2387 2127 2432 ιιι.

1694 2933 1804 3000 tiltltt.

1375 3119 1464 3185 lubet
1492 3119 1638 3184 omatibus
1667 3121 1874 3185 ecclesiaram
1903 3127 2125 3202 praesulibus,

1414 3212 1620 3292 omnibusque
1642 3215 1845 3293 3333133133
1865 3219 2015 3281 ordinnrn
2030 3237 2128 3300 3333-

1415 3305 1558 3370 rioribns
1574 3306 1786 3386 generalibus
1804 3310 1885 3387 qnod
1900 3328 2016 3374 333333
2032 3319 2064 3374 et
2080 3317 2128 3395 ef·

1414 3402 1504 3481 ficere
1526 3401 1668 3472 debeant,
1685 3409 1723 3464 nt
1746 3401 1792 3465 bis
1813 3406 1926 3467 saltent
1949 3411 2127 3484 quotannis

1415 3495 1618 3557 lreaessitates
1640 3501 1830 3558 sanctornm
1852 3497 2059 3562 Palaestinae
2082 3500 2127 3562 lo·

1416 3603 1526 3650 333333
1546 3590 1662 3666 333313
1683 3597 1908 3666 proponantur
1923 3600 1953 3654 et
1970 3609 2127 3655 commen-

1415 3683 1545 3746 dentur,

1565 3878 1752 3946 attritus
1776 3880 1836 3946 ΡΡ.
1860 3881 1929 3950 ΧΙΙΙ.

1515 4041 1552 4108 ad
1572 4041 1702 4109 loturam
1730 4043 1774 4110 rei
1800 4042 1980 4111 memorien.

1415 4247 1483 4320 Sl.
1509 4245 1672 4310 Salvatoris
1704 4255 1735 4311 31
1767 4250 1889 4313 Domini
1921 4252 2026 4314 Nostri
2053 4254 2127 4316 1333
2175 4265 2314 4314 uxoratum.

1377 4338 1503 4414 Christi,
1527 4340 1579 4418 qui
1603 4356 1655 4418 pro
1687 4343 1816 4404 bumani
1847 4345 1970 4420 generis
2002 4349 2126 4410 redem-

1377 4432 1481 4510 ptione
1501 4446 1532 4492 se
1553 4432 1655 4510 ipsum
1670 4435 1855 4511 exinanivit,
1866 4437 1963 4500 iactus
1974 4441 2124 4506 obediens

1377 4539 1475 4600 usque
1506 4523 1540 4584 ad
1563 4533 1708 4601 mortem,
1732 4528 1824 4604 vices,
1856 4531 1927 4594 licet
1959 4532 2124 4612 immeriti,

1377 4624 1520 4693 gerentes
1542 4615 1574 4678 in
1598 4619 1700 4694 terris,
1730 4620 1812 4683 inter
1838 4624 2026 4704 multiplices
2054 4644 2124 4704 gra-

1377 4711 1578 4789 vissimasque
1599 4713 1780 4788 apostolicae
1801 4719 1960 4781 servitutis
1975 4739 2073 4794 curas,
2091 4724 2126 4784 in

1377 4820 1449 4866 eum
1470 4807 1633 4887 praecipue
1653 4811 1811 4886 pastoralis
1838 4812 2055 4876 sollicitudinis
2078 4817 2127 4876 vi·

1377 4907 1501 4983 31133313
1527 4907 1750 4981 incumbimus,
1780 4915 1814 4969 ut
1836 4909 1911 4971 tanti
1940 4917 1971 4970 et
1993 4919 2056 4971 tam
2077 4927 2124 4972 sa-

1377 4999 1485 5060 lutaris
1507 4999 1645 5077 mysterii
1666 5006 1882 5074 monumenta,
1898 5018 1974 5079 quae
1996 5001 2028 5063 in
2047 5005 2125 5066 civi-

1377 5099 1439 5154 tate
1454 5093 1645 5154 Hierusalem
1661 5101 1692 5154 et
1709 5093 1781 5156 locis
1796 5093 2123 5172 circumvicinissunt,

1376 5192 1614 5261 conserventur,
1640 5195 1670 5248 et
1691 5187 1788 5262 omni,
1812 5204 1870 5265 qua
1900 5188 1968 5250 fieri
1995 5190 2122 5267 poterit,

1377 5279 1485 5340 maiori
1507 5279 1742 5341 honoriticentia
1765 5281 1952 5344 recolantur.

1416 5375 1434 5449 5
1455 5371 1484 5433 2.
1510 5373 1588 5435 Cum
1610 5373 1712 5450 itaque
1734 5373 1806 5436 alias
1827 5373 1923 5436 ielieis
1939 5375 2123 5438 reeordatio-
2183 5386 2205 5430 S·
2221 5386 2249 5429 u.
2265 5379 2339 5440 urua-

1377 5467 1425 5528 nis
1447 5465 1572 5530 Urbano
1595 5465 1670 5530 lllll.
1696 5468 1921 5546 praedecessori
1944 5478 2049 5532 nostro
2071 5487 2122 5532 ex·
2142 5438 2341 5540 Ἀῗωᾞιιιῐιεὲἶῖᾞ

1376 5559 1486 5636 posue,
1509 5562 1591 5637 3333
1621 5561 1766 5624 eceterae
1788 5563 1897 5624 ecana
1927 5564 1991 5625 333
2018 5563 2066 5643 pta
2089 5565 2120 5626 3
2141 5542 2341 5647 aeditimi

1376 5652 1501 5714 civitate
1532 5653 1723 5716 Hierusalem
1753 5663 1783 5716 et
1812 5655 1878 5718 aliis
1908 5656 1981 5719 locis
2010 5651 2124 5720 Terrae
2141 5655 2341 5753 ffiiifflgs

1378 5744 1506 5809 Sarretae
1535 5749 1697 5810 existentia
1728 5749 1793 5810 1333
1824 5751 1924 5812 diruta
1956 5758 2062 5826 erant,
2091 5762 2121 5813 et
2140 5759 2259 5806 uaesanae
2276 5762 2340 5798 com-

1376 5854 1455 5916 quae
1477 5840 1574 5902 adbuc
1596 5841 1637 5902 ibi
1652 5842 1824 5905 existebant
1839 5843 2036 5918 monasteria,
2053 5859 2122 5905 aere
2140 5810 2356 5916 ffifflafisspu'

1378 5930 1490 6010 alieno,
1513 5932 1551 5995 ob
1579 5933 1705 6013 impiam
1739 5935 1921 6012 Turcarum,
1950 5936 2123 6000 Haeretico-
