4754 6966
911 600 1053 646 oteness
1076 599 1139 646 xlv.

440 738 626 807 CLEMENS
649 740 710 807 ΡΡ.
734 740 804 808 xil.

305 907 458 975 llniuersis
480 905 733 975 christifidelibus
757 912 939 990 praesentes

465 1000 571 1070 literas
594 1003 775 1085 inspecturis

285 1093 412 1162 salutern
435 1099 467 1160 el
487 1094 684 1178 apostolicam
711 1093 958 1162 benedictionem.

86 1293 233 1354 amitinus
291 1287 360 1362 §h
390 1287 578 1352 caelestium
613 1302 782 1349 munerum
815 1287 993 1360 thesauros,

76 1363 112 1402 ppm
128 1345 233 1406 miiitia-

77 1419 116 1454 iffi

99 2509 180 2562 facultas
194 2519 232 2555 eu-

79 2567 162 2628 pastulata
178 2573 232 2608 ran-

79 2624 148 2669 nditnr.
167 2627 232 2661 arce-

80 2679 108 2734 pn's
119 2677 185 2734 nmen·
198 2669 233 2714 lo·

81 2737 137 2840 itti
151 2723 233 2822 altit?

81 2835 117 2880 nah
126 2833 148 2876 de
154 2833 232 2892 ¹impa-

83 2888 130 2934 nndc
139 2883 191 2930 lida.

98 5316 242 5374 lunanturdpi·

91 5377 114 5411 sn
126 5381 142 5432 r,
162 5369 242 5428 aliique

91 5433 113 5464 ur
130 5435 201 5470 :mum
212 5435 242 5471 re·

90 5478 140 5520 dares
154 5482 177 5522 nt
192 5477 242 5524 lits·

91 5535 117 5589 ra¹
141 5528 243 5582 publicare

92 5581 156 5641 Erant,
170 5589 188 5628 el
206 5595 244 5630 att·

92 5633 148 5679 urlrun
164 5637 245 5693 religio

251 1396 386 1458 quorum
411 1382 638 1460 dispensatores
660 1395 801 1442 essenos
823 1378 923 1440 voluit
943 1377 994 1440 ht-

251 1475 399 1549 tissimus,
416 1473 550 1537 libenter
572 1474 608 1536 iis
623 1474 833 1552 impertimur,
849 1489 924 1552 quos
939 1488 994 1551 pro

248 1567 346 1628 suain
356 1568 454 1630 Mum
467 1574 498 1628 et
514 1567 668 1645 proximos
679 1567 805 1628 caritate
815 1575 847 1628 et
857 1565 995 1628 christia-

250 1676 308 1723 nae
320 1659 479 1737 religionis
495 1659 560 1722 zelo
575 1660 751 1722 animarum
765 1659 897 1721 salutem
909 1659 994 1720 omni

249 1756 353 1818 studio
373 1769 540 1833 procurare
563 1753 784 1829 intelligimus3
807 1768 867 1830 quo
888 1751 921 1812 in
943 1767 996 1828 ge-

250 1867 328 1912 nere
349 1865 422 1911 cum
443 1847 602 1912 Societatis
622 1847 690 1909 iesu
706 1845 865 1923 religiosos
886 1846 995 1908 habea-

250 1961 333 2017 mus,
356 1959 469 2022 eosque
484 1943 516 2003 in
531 1941 650 2020 primis,
672 1957 748 2021 quos
769 1939 899 2003 dilectus
914 1939 995 2002 filius

249 2037 438 2100 Laurentius
465 2035 547 2098 Rlaci
578 2035 716 2096 eiusdem
744 2033 903 2098 Societatis
928 2033 996 2094 lesu

249 2130 441 2210 praepositus
464 2128 615 2206 generalis
638 2128 675 2190 ob
696 2127 774 2192 hana
795 2140 917 2189 causam
938 2125 996 2187 hoc

1718 586 1774 649 {59
1824 583 1878 639 An.
1892 587 1922 640 O.
1944 585 2012 638 1769

1051 726 1217 796 praestent.
1234 720 1388 784 Volumus
1408 731 1525 798 autem,
1548 726 1627 800 quod
1650 739 1794 802 praesen-

1050 817 1131 878 tium
1153 819 1355 896 transumptis
1375 835 1431 880 seu
1451 821 1600 900 exemplis
1622 821 1715 883 etiam
1737 821 1794 882 im·

1051 910 1173 987 pressis,
1203 927 1298 973 manu
1321 911 1449 975 alicuius
1470 913 1582 975 notarii
1603 913 1716 992 publici
1739 926 1794 974 seu

1051 1003 1148 1066 dictae
1175 1005 1334 1070 societatis
1363 1006 1518 1068 secretarii
1545 1005 1740 1083 subscriptis,
1763 1011 1794 1067 et

1050 1095 1152 1173 sigillo
1181 1113 1328 1174 personae
1349 1099 1382 1160 in
1413 1099 1614 1160 ecclesiastici
1645 1099 1795 1176 dignitate

1051 1191 1248 1266 constitutae,
1271 1206 1326 1253 seu
1349 1190 1513 1269 praepositi
1534 1191 1686 1268 generalis
1714 1191 1795 1254 eius-

1052 1287 1122 1347 dem
1144 1283 1303 1346 Societatis
1332 1283 1520 1360 obsignatis,
1543 1283 1650 1346 eadem
1673 1301 1796 1362 prorsus

1053 1378 1126 1440 fides
1147 1377 1306 1453 habeatur,
1329 1393 1407 1456 quae
1431 1379 1596 1440 haberetur
1614 1375 1689 1457 'ipsis
1710 1395 1796 1457 prae-

1051 1471 1200 1542 sentibus,
1224 1469 1249 1531 si
1270 1469 1374 1532 forent
1395 1469 1548 1532 exhibitae
1570 1470 1619 1533 uel
1642 1478 1793 1533 ostensae.

1052 1562 1269 1625 Praesentibus
1293 1564 1330 1626 ad
1350 1565 1549 1642 septennium
1578 1572 1699 1628 tantum
1722 1565 1798 1626 rali-

1054 1657 1143 1720 toris.

1091 1752 1201 1816 [latum
1229 1754 1355 1828 Rornae,
1386 1753 1466 1830 apud
1495 1752 1525 1815 S.
1549 1752 1675 1814 ildariam
1703 1753 1797 1814 hlain-

1052 1864 1131 1923 rem,
1156 1847 1214 1910 suh
1231 1843 1348 1910 annulo
1371 1845 1543 1920 PiscatoriS,
1571 1845 1620 1908 die
1645 1862 1701 1907 xrr.
1731 1846 1797 1908 iulii

1052 1956 1242 2016 succurra,
1267 1941 1461 2019 pontificatus
1484 1939 1582 2002 nostri
1605 1956 1687 2002 annu
1712 1957 1734 2002 r.

1305 2141 1544 2150 a—-a-——n—-n

249 2228 317 2304 ipso
339 2233 370 2289 el
391 2223 651 2301 consequentibus
681 2221 770 2285 annis
800 2223 832 2284 in
860 2222 996 2284 diversas
1062 2269 1064 2272 -

249 2317 425 2400 provincias
445 2316 629 2380 christianae
658 2315 843 2395 reipublicae
871 2316 996 2378 mittere

249 2413 424 2478 constituit.

265 2508 362 2582 §2-
387 2505 448 2568 Nos
470 2522 543 2568 sane
570 2505 751 2567 eorumdem
777 2503 995 2582 religiosorum

252 2603 399 2682 pietatem
422 2611 453 2662 et
481 2615 622 2678 operam,
646 2613 833 2676 eorumque,
857 2598 892 2658 ad
919 2613 996 2674 quos

249 2696 296 2758 illi
320 2692 465 2756 mittendi
479 2700 585 2766 erunt,
600 2691 787 2767 religionem
808 2707 841 2752 ac
862 2691 996 2753 devotio·

251 2805 327 2850 nem
347 2785 559 2867 spiritualibus
586 2783 692 2860 gratiis
714 2783 879 2845 confovere
905 2792 997 2862 atque

250 2895 369 2958 augere
390 2877 561 2957 cupientes,
577 2877 716 2938 eiusdem
737 2875 897 2937 Laurentii
913 2890 996 2952 prae-

248 2973 343 3052 positi
366 2970 518 3048 generalis
544 2970 686 3048 precibus
708 2970 797 3032 nohis
825 2985 920 3046 super
941 2968 997 3030 hoa

249 3066 416 3129 humiliter
443 3063 594 3143 porrectis
618 3063 770 3136 inclinati,
799 3064 941 3142 piamque
962 3062 998 3122 il-

249 3163 311 3226 lius
328 3159 596 3232 deliberationem,
612 3162 765 3235 quantum
781 3171 852 3219 cum
867 3157 998 3218 Domino

249 3271 427 3336 possumus,
449 3267 634 3331 promovere
659 3251 815 3324 volentes,
838 3249 876 3310 de
898 3249 998 3311 omni-

248 3349 386 3428 potentis
410 3346 463 3408 [lei
483 3343 706 3419 misericordia,
730 3359 764 3406 ac
785 3344 845 3405 ΒΒ.
863 3345 946 3406 Petri
967 3353 998 3406 et

248 3442 337 3504 Pauli
359 3438 577 3519 Apostolorum
593 3437 657 3500 eius
672 3438 854 3500 auctoritate
877 3438 996 3511 confusi,

248 3535 396 3598 omnibus
417 3539 449 3594 et
469 3530 601 3608 singulis
623 3531 720 3592 dictae
746 3529 906 3593 societatis
928 3530 998 3592 reli-

248 3629 343 3707 giosis
358 3624 518 3691 mittendis
533 3623 598 3704 (ubi
617 3631 719 3685 tamen
736 3639 801 3684 non
817 3630 912 3684 erunt
927 3624 999 3684 mis·

248 3721 377 3783 sinnarii
400 3715 659 3796 congregationis
680 3717 718 3778 de
739 3715 934 3794 Propagandi
950 3715 998 3778 Fi·

249 3813 315 3894 de),
337 3822 368 3876 et
389 3812 456 3873 aliis
483 3811 646 3888 utriusque
673 3825 765 3871 serus
793 3808 998 3871 christifideli-

250 3905 368 3982 hu5,ad
390 3920 467 3984 quus
489 3903 545 3981 ipsi
567 3902 710 3965 mittendi
733 3903 928 3977 accesserint,
946 3919 1000 3964 no-

250 4009 348 4061 stram
373 4007 406 4060 et
436 3996 632 4075 apostolicam
663 3995 913 4057 benedictionem
945 4011 1000 4072 per

251 4099 429 4171 praesentes
461 4090 679 4167 impertimur,
711 4104 860 4150 necnon
890 4089 999 4151 iisdem

252 4201 327 4248 uere
356 4183 587 4264 poenitentibus
621 4191 651 4244 el
683 4181 828 4244 confessis
856 4200 890 4246 aa
917 4184 1000 4245 saura

251 4277 476 4341 communione
498 4275 698 4354 refectis,qui
713 4291 768 4353 pro
791 4276 821 4339 S.
847 4276 1000 4338 Romanae

252 4371 407 4434 Ecclesiae
433 4369 634 4444 exaltatione,
659 4368 834 4447 principum
862 4369 999 4432 christia·

253 4481 369 4528 norum
391 4465 519 4537 unione,
542 4461 716 4524 infidelium
737 4464 951 4538 conversione,
968 4480 1000 4525 ar

254 4560 419 4621 haeresum
449 4556 672 4633 extirpatione,
707 4563 799 4634 prout
830 4555 1000 4634 unicuique

253 4656 401 4730 suggeret
422 4648 558 4724 deuotio,
581 4649 644 4727 pias
665 4649 699 4710 ad
718 4650 817 4711 ileum
840 4666 942 4728 preces
959 4649 1002 4711 ef·

255 4744 406 4819 fuderint,
437 4741 608 4820 plenariam
635 4741 778 4804 omnium
806 4749 1001 4820 peccatorum

255 4853 385 4900 suorum
407 4834 633 4912 indulgentiam
655 4843 685 4896 et
707 4835 922 4906 remissionom
944 4837 1001 4897 mi-

255 4929 452 4994 sericorditer
474 4929 506 4989 in
521 4929 666 5003 Domino,
682 4929 863 4991 auctoritate
883 4936 1001 5008 aposlo-

244 5013 312 5085 'licai
326 5031 434 5085 tenore
448 5024 671 5101 praesentium,
684 5037 740 5100 pro
757 5022 815 5082 unit
832 5023 898 5084 rice
913 5021 1001 5084 dunt-

258 5124 352 5190 tanat,
364 5132 420 5195 pro
433 5130 618 5193 unaquaque
633 5115 791 5190 missione,
804 5115 1001 5178 concedimus

258 5218 287 5270 et
308 5209 490 5286 elargimur.

296 5295 318 5377 ἓ
337 5302 366 5364 3.
390 5302 553 5364 iiortantes
575 5317 647 5363 ven.
671 5303 780 5365 iratres
802 5301 1000 5378 Patriarchas,

258 5395 419 5470 Primates,
442 5393 691 5474 hrchiepiscopos
713 5405 743 5458 et
764 5396 837 5458 alins
865 5395 1002 5458 ecclesia·

261 5502 330 5550 rum
361 5487 510 5565 praelatos
534 5495 565 5549 et
594 5497 744 5566 rectores,
771 5508 803 5552 ac
831 5491 918 5551 verbi
949 5489 1002 5551 liei

261 5580 544 5662 praedicatonem
565 5585 597 5643 in
620 5583 683 5644 suis
705 5584 834 5662 quisque
855 5583 1002 5658 ecclesiis,

92 5687 223 5743 arpason
261 5691 332 5738 rum
353 5674 483 5754 populus
511 5675 705 5756 frequentior
735 5676 840 5752 fuerit,
863 5693 1003 5755 praesen-

262 5775 305 5830 tes
326 5769 430 5831 literas
451 5788 485 5833 ac
505 5773 609 5832 omnia
632 5771 719 5833 ineis
740 5779 884 5833 contenta
905 5772 1003 5849 puhli-

262 5871 332 5924 cent
353 5881 385 5926 ac
400 5864 548 5943 publicari
570 5865 693 5939 iaciant,
707 5872 737 5926 et
753 5880 878 5926 ornnem
893 5864 1004 5927 iisdem

264 5956 411 6035 religiosis
422 5957 559 6020 fauorem
573 5965 606 6020 et
617 5958 767 6022 auxilium
784 5959 816 6020 io
832 5959 1004 6036 praemissis

1396 2316 1445 2380 tv.

1054 2505 1190 2568 Praevia
1212 2505 1396 2566 rra->oratione
1417 2519 1544 2575 aurursus,
1568 2503 1797 2564 commissariis

1092 2594 1294 2676 patremfilias
1312 2595 1481 2658 indiarum
1504 2595 1637 2658 Ordinis
1655 2595 1685 2657 S.
1698 2596 1800 2656 Fran-

1093 2690 1170 2750 cisci
1192 2689 1227 2750 dc
1252 2689 1463 2750 Obseruantia
1487 2687 1520 2748 in
1542 2695 1699 2750 conuentu
1715 2690 1798 2749 cius-

1094 2784 1161 2844 dem
1188 2783 1299 2846 Sancti
1332 2782 1499 2844 Frnracisei
1529 2781 1638 2859 oppidi
1668 2780 1798 2844 Matritu'

1098 2877 1265 2938 Toletanae
1298 2875 1445 2936 dioecesis
1472 2889 1528 2951 pra
1559 2879 1694 2952 tempore
1720 2891 1799 2934 aara-

1094 2967 1297 3031 annualibus
1313 2966 1458 3047 indulget
1476 2967 1711 3028 communicare
1725 2984 1799 3030 sans

1093 3061 1238 3126 subditas
1261 3061 1346 3139 seria
1371 3060 1402 3120 V.
1426 3061 1462 3120 in
1487 3057 1589 3122 Caetra
1613 3057 1742 3120 Doraiai
1764 3061 1800 3120 in

1095 3155 1236 3235 cappella
1257 3155 1387 3232 privata
1410 3153 1490 3214 dicti
1513 3159 1695 3224 conuentus,
1720 3168 1800 3230 quae

1094 3248 1224 3328 publica
1246 3248 1444 3309 declarantur.

1245 3413 1430 3484 caeneus
1453 3415 1512 3483 PP.
1538 3414 1610 3482 lllll.

1194 3539 1659 3609 mmmmmmm

1095 3721 1115 3794 ἓ
1138 3720 1164 3780 l.
1188 3717 1378 3783 Sacrosancui
1399 3717 1584 3794 apostolatus
1601 3716 1733 3779 cilicium
1750 3733 1800 3778 su·

1056 3815 1143 3896 peruri
1164 3812 1363 3891 dispositione
1377 3809 1496 3872 consilii
1512 3809 1609 3885 nohis,
1626 3808 1714 3872 nullo
1730 3809 1800 3870 licet

1057 3908 1241 3971 meritorum
1275 3903 1432 3979 suffr-agio,
1463 3903 1643 3980 impositum
1674 3902 1802 3965 salubri-

1056 4009 1103 4065 ter
1118 3998 1241 4078 exequi,
1258 3997 1423 4060 adiuuante
1439 3996 1582 4072 Domino,
1595 3997 1709 4074 iugiter
1724 4003 1802 4059 sata·

1057 4102 1176 4174 gentes,
1199 4099 1304 4154 exorta
1326 4089 1408 4152 inter
1429 4089 1587 4166 religiosos
1611 4091 1706 4167 uiros,
1727 4104 1802 4169 quos

1056 4194 1126 4249 uota
1148 4201 1201 4246 sua
1217 4183 1375 4246 utilissimo
1397 4183 1430 4243 in
1452 4183 1612 4244 sanctitate
1633 4190 1664 4245 et
1685 4181 1802 4246 iustitia

1057 4293 1190 4360 paceque
1210 4277 1345 4340 fraterna
1362 4275 1489 4339 reddere
1510 4275 1609 4352 decet,
1624 4277 1803 4339 animorum
1825 4357 1828 4364 γ

1056 4374 1179 4437 dissidia
1199 4371 1381 4449 opportunis
1397 4369 1572 4432 rationibus
1593 4371 1751 4444 dirimere,
1767 4369 1802 4430 il-

1057 4469 1166 4546 lisque,
1190 4481 1230 4528 ne
1251 4481 1359 4526 rursus
1390 4465 1649 4542 quandocumque
1676 4463 1802 4526 excitari

1057 4562 1179 4625 ualeam
1194 4575 1298 4620 aursana
1311 4566 1432 4620 mature
1444 4557 1619 4635 praecidere
1629 4557 1801 4631 studemus,

1057 4657 1136 4718 sicut
1167 4653 1311 4716 omnihus
1336 4659 1458 4713 mature
1483 4651 1644 4728 perpensis
1676 4649 1804 4712 arbitra·

1058 4765 1130 4810 mur
1150 4749 1181 4808 in
1205 4745 1338 4808 Domino
1359 4743 1514 4821 expedire.

1097 4845 1115 4918 5
1137 4843 1164 4905 2.
1190 4840 1310 4916 Experti
1331 4837 1485 4916 siquidem
1508 4837 1594 4898 nobis
1609 4853 1711 4916 nuper
1731 4838 1803 4900 fecit
1828 4850 2034 4906 exponamque

1057 4936 1187 4998 dilectus
1209 4933 1290 4995 lilius
1313 4932 1500 4994 Emmanuel
1515 4935 1552 4994 de
1568 4932 1594 4992 la
1610 4930 1693 5008 liega
1709 4931 1802 4994 frater
1821 4904 1897 5004 ῗὲῖᾰὲ
1909 4913 2034 5003 ῃῖἶῐὲνοῗὲοῐ

1057 5044 1201 5107 expresse
1224 5025 1377 5105 professus
1398 5025 1520 5089 Ordinis
1546 5026 1702 5088 hlinorum
1727 5025 1802 5124 sqn-
1821 5066 1892 5110 stone
1915 5074 2034 5111 commu-

1057 5123 1098 5185 cti
1118 5120 1270 5183 Francisci
1292 5119 1329 5181 de
1350 5119 1548 5182 Obseruantia
1569 5128 1752 5197 nuncupat,
1770 5137 1802 5182 ac
1822 5118 1926 5164 nicanor
1948 5117 2034 5164 sunct-

1822 5177 1861 5218 tos
1887 5171 2027 5218 uolibetan

1058 5213 1286 5278 commissarius
1308 5213 1461 5290 gerneralis
1479 5213 1647 5290 initiarum,
1671 5215 1750 5291 quod
1768 5213 1802 5275 li·
1822 5237 1855 5272 no
1869 5183 1940 5270 iana
1960 5227 1993 5288 r„
2007 5195 2036 5270 rn'

1057 5317 1106 5372 cet
1120 5323 1228 5370 omnes
1242 5306 1290 5368 sui
1305 5305 1337 5368 in
1350 5306 1449 5368 officio
1464 5306 1641 5368 huiusmodi
1656 5322 1710 5386 pro
1725 5314 1804 5368 tem·
1821 5278 2035 5394 ffifflffii

1059 5417 1132 5480 pore
1154 5399 1321 5462 existentes
1333 5398 1576 5477 praedecessores
1590 5398 1623 5459 in
1645 5407 1804 5462 conuentu
1822 5395 2035 5496 {giiffffssgssni'il

1059 5495 1162 5558 Sancti
1184 5493 1337 5556 Francisci
1349 5493 1489 5554 eiusdem
1510 5493 1632 5556 Ordinis
1647 5493 1749 5571 oppidi
1764 5493 1803 5556 ci·
1823 5492 2034 5593 fietnearaffiffli‘ff

1059 5587 1161 5650 uitatis
1174 5595 1343 5664 nuncupat.
1357 5585 1470 5649 hlatriti
1486 5585 1649 5648 toletanae
1660 5586 1804 5650 dioecesis
1822 5557 1869 5646 {a

1059 5697 1141 5742 anno
1162 5680 1300 5759 quolibet
1327 5680 1403 5743 feria
1432 5679 1470 5742 t.
1495 5681 1527 5741 in
1550 5681 1653 5745 Coena
1680 5682 1802 5743 Domini

1059 5774 1288 5836 sanctissimum
1324 5773 1533 5862 Eucharistiae
1569 5774 1804 5838 Sacramentum

1060 5867 1191 5944 propriis
1211 5866 1342 5929 subditis
1364 5873 1394 5928 et
1408 5867 1608 5952 familiaribus
1622 5866 1655 5928 in
1670 5868 1803 5947 cappella

1061 5967 1234 6022 conuentus
1255 5959 1418 6040 praedicti,
1442 5961 1476 6024 ad
1499 5976 1592 6040 quam
1613 5977 1667 6040 per
1687 5961 1804 6026 scholas

1847 3734 2015 3781 Prooemium.

1821 5013 1888 5057 esset
1901 5011 1927 5056 in
1938 5021 2034 5068 posses·
2109 5007 2112 5014 ’
