4722 6976
334 533 389 590 An.
403 534 433 590 0.
455 533 524 590 teta
572 536 632 600 560

553 675 655 738 ctione
682 689 737 736 seu
763 673 967 752 postulatione
994 673 1172 738 huiusmodi
1194 673 1296 736 forsan

553 767 783 847 quomodolibet
805 769 1045 845 intervenerint,
1061 779 1092 832 et
1112 770 1296 833 substantia-

553 861 597 922 les
607 861 754 936 defectus,
764 870 917 941 quatenus
928 879 1004 940 opus
1015 864 1065 938 sit,
1074 863 1235 942 apostolica
1249 869 1298 926 ea-

525 1014 529 1024 .
552 957 623 1020 dem
644 957 825 1020 auctoritate
840 964 981 1018 sanantes
995 966 1026 1020 et
1046 959 1235 1036 supplentes,
1251 961 1296 1022 iu-

552 1059 603 1112 xta
616 1051 772 1114 decretum
784 1067 800 1111 a
811 1051 1059 1128 congregatione
1071 1053 1296 1118 venerabilium

553 1145 685 1208 fratrum
713 1152 891 1206 nostrorum
914 1146 945 1210 S.
966 1145 1001 1206 lt.
1023 1146 1057 1206 Ε.
1087 1148 1295 1211 cardinalium

552 1241 684 1318 negotiis
705 1239 742 1300 de
758 1239 950 1318 Propagandi
966 1240 1037 1302 l'ide
1052 1243 1295 1321 praepositorum

552 1341 729 1397 emanatum
758 1340 789 1395 et
810 1348 864 1410 per
891 1349 946 1395 nos
972 1321 1065 1395 e'tiam
1093 1337 1295 1414 approbatum

551 1429 648 1490 dietae
664 1425 855 1504 patriarchali
877 1425 1020 1488 ecclesiae
1035 1427 1218 1491 Antiochen.
1243 1447 1296 1492 na-

553 1522 644 1584 tionis
665 1516 1014 1583 Graeeo-blelcbitarum
1035 1522 1073 1583 de
1095 1537 1224 1601 persona
1243 1532 1295 1586 tua

552 1617 642 1680 nobis
663 1622 692 1676 et
720 1613 835 1675 eisdem
857 1611 1003 1676 fratribus
1027 1617 1139 1677 nostris
1168 1616 1207 1678 ub
1229 1625 1295 1680 tuc-

551 1729 622 1776 rum
642 1701 1026 1786 exigentiammeritoium
1048 1719 1178 1788 accepta,
1194 1711 1231 1772 de
1246 1726 1295 1771 ec·

553 1807 694 1870 rumdam
706 1804 838 1864 fratrum
859 1802 998 1877 consilio,
1014 1803 1174 1880 apostolica
1193 1811 1294 1866 aucto·

551 1902 640 1964 ritate
672 1897 802 1978 praefata
832 1897 1042 1974 providemus,
1075 1905 1167 1977 teque
1193 1899 1293 1960 eidem

551 1991 742 2073 patriarchali
764 1989 908 2053 ecclesiae
929 1989 961 2050 in
982 1990 1188 2053 Patriarclram
1210 2007 1294 2069 prae·

551 2088 671 2152 ficimus
692 2093 723 2146 et
743 2091 908 2162 pastorem,
931 2099 1036 2144 curam
1056 2090 1087 2147 et
1101 2085 1295 2148 administra-

552 2185 668 2245 tionem
684 2179 780 2242 dictae
801 2177 1009 2257 patriarchalis
1023 2178 1167 2240 ecclesiae
1190 2178 1244 2241 tibi
1258 2180 1291 2241 in

549 2272 758 2354 spiritualibus
773 2280 803 2334 et
819 2272 1038 2348 temporalibus
1059 2271 1197 2351 plenarie
1211 2289 1293 2336 com-

550 2368 713 2441 mittendo,
735 2367 767 2427 in
794 2363 858 2438 illo,
880 2365 933 2443 qui
955 2366 1004 2427 dat
1026 2366 1153 2442 gratiam
1183 2373 1213 2428 et
1234 2368 1294 2430 lar·

550 2465 635 2540 gitur
656 2460 800 2541 praemia,
817 2457 1016 2534 confidentes,
1038 2463 1118 2540 quod
1141 2461 1293 2539 dirigente

550 2557 680 2620 Domino
712 2559 796 2616 actus
827 2559 894 2615 tuos
921 2554 1055 2629 praefata
1083 2555 1292 2632 patriarchalis

549 2651 675 2714 ecclesia
689 2649 746 2710 sub
761 2655 813 2709 tuo
829 2647 908 2710 felici
925 2647 1077 2724 regimine
1092 2654 1219 2724 regetur
1233 2649 1291 2710 uti-

549 2745 620 2808 liter
634 2751 665 2806 et
680 2755 825 2821 prospere
846 2741 1010 2816 dirigetur,
1027 2755 1060 2802 ac
1081 2747 1165 2816 grata
1187 2743 1219 2802 in
1234 2743 1293 2804 eis-

549 2839 619 2903 dem
641 2835 852 2916 spiritualibus
867 2841 898 2895 et
913 2833 1134 2912 temporalibus
1147 2835 1292 2914 suscipiet

548 2931 750 2996 incrementa.

350 3033 472 3082 ιιιιιιιιιιι
488 3043 529 3090 ιιι-
588 3025 656 3103 gl.
680 3025 792 3100 iugum
817 3023 914 3098 igitur
934 3021 1057 3083 Domini
1080 3022 1142 3084 tuis
1168 3022 1291 3099 imposi-

317 3088 463 3134 triarclralis
478 3087 529 3134 o·fss

317 3142 355 3188 ιιι
370 3143 443 3189 coeca
457 3142 498 3188 et
492 3152 529 3192 ιιι-
549 3131 616 3186 tum
628 3119 767 3182 humeris
782 3121 921 3196 prompta
936 3114 1102 3178 devotione
1122 3116 1291 3195 suscipiens

547 3231 652 3280 curam
679 3221 710 3275 et
740 3209 1040 3272 administrationem
1072 3210 1220 3288 praefatas
1248 3215 1290 3273 sic

547 3324 692 3373 exercere
713 3307 833 3368 studeas
855 3303 994 3380 sollicite,
1011 3304 1144 3367 fideliter
1166 3316 1196 3370 et
1219 3324 1291 3386 pru-

547 3406 666 3477 denter,
690 3398 771 3479 qnod
793 3397 904 3460 exinde
927 3352 1040 3475 sperati
1062 3397 1181 3461 fructus
1201 3400 1290 3462 adve-

547 3497 645 3570 niant,
668 3501 793 3556 aetnae
824 3491 921 3554 bonae
944 3489 1041 3552 famae
1069 3492 1145 3553 odor
1171 3509 1208 3555 ex
1231 3495 1291 3557 tuis

546 3587 741 3652 laudabiliter
755 3584 872 3647 actibus
887 3583 977 3645 latius
996 3582 1198 3662 diffundatur,
1215 3587 1290 3666 ipsa·

546 3699 606 3762 que
628 3678 835 3762 patriarchalis
855 3676 980 3740 ecclesia
1003 3679 1201 3755 gubernatori
1222 3698 1290 3760 pro-

546 3778 617 3840 vido
632 3793 665 3838 ac
679 3773 836 3836 fructuoso
856 3771 1099 3834 administratori
1115 3773 1244 3848 gaudeat
1258 3793 1291 3838 se

546 3869 752 3941 commissam,
775 3872 872 3944 tuque
894 3871 1015 3941 practer
1035 3872 1179 3928 aeternae
1200 3870 1291 3930 retri-

545 3961 682 4027 butionis
702 3960 874 4040 praemium
889 3967 1027 4020 nostram
1048 3967 1079 4021 et
1093 3961 1190 4023 dictae
1205 3961 1291 4025 Sedis

546 4057 797 4121 benedictionem
817 4060 848 4114 et
870 4051 998 4129 gratiam
1025 4053 1136 4116 exinde
1164 4056 1290 4120 uberius

545 4149 690 4228 consequi
713 4146 869 4210 merearis.
886 4148 1043 4224 Quocirca,
1062 4153 1290 4216 venerabilibus

546 4245 637 4307 etiam
659 4241 803 4305 fratribus
826 4241 940 4303 nostris
968 4243 1118 4306 universis
1146 4246 1291 4324 suflraga-

547 4339 624 4412 neis,
646 4334 823 4400 orthodoxis
844 4353 876 4397 ac
891 4335 1009 4397 dilectis
1025 4336 1095 4397 filiis
1110 4338 1243 4414 capitulo
1258 4348 1289 4402 et

546 4430 682 4494 vassallis
691 4431 788 4493 dictae
798 4427 1004 4508 patriarchalis
1015 4428 1289 4496 ecclesiaeetclero

546 4534 577 4589 et
598 4524 711 4604 populo
731 4524 832 4586 eidem
847 4522 1041 4600 patriarchali
1061 4524 1205 4587 ecclesiae
1220 4527 1291 4588 sub-

547 4619 633 4682 iectis
654 4634 709 4698 per
730 4617 890 4694 apostolica
911 4616 1023 4694 scripta
1045 4619 1236 4694 mandamus,
1255 4629 1289 4684 nt

546 4711 728 4788 suffraganei
746 4709 800 4771 tibi
816 4717 971 4788 tamquam
983 4709 1122 4772 membra
1136 4713 1225 4790 capiti
1237 4713 1289 4775 ob

546 4813 723 4883 sequentes,
737 4810 767 4864 et
782 4802 952 4882 capitulum
970 4803 1024 4865 tibi
1041 4811 1195 4882 tamquam
1210 4807 1287 4884 patri

547 4906 578 4960 et
592 4899 704 4976 pastori
727 4897 903 4959 animarum
922 4911 1049 4958 suarum
1067 4895 1227 4960 humiliter
1243 4899 1287 4959 in·

547 4993 721 5065 tendentes,
734 4989 900 5052 exhibeant
910 4988 966 5050 tibi
980 4988 1187 5050 obedientiam
1202 4997 1232 5052 et
1243 5007 1289 5052 re·

1076 551 1139 600 titia.
1164 548 1255 598 PONT·
1279 546 1319 598 DE
1341 553 1370 598 P·
1394 547 1422 599 F.
1447 555 1529 601 PARS
1552 553 1572 601 Ι.

1352 689 1490 752 suarum,
1513 678 1623 740 devote
1645 677 1846 758 suscipientes
1868 683 1899 741 et
1919 677 2022 740 debita
2043 681 2097 740 bo-

1353 769 1546 831 norificentia
1568 779 1804 850 prosequentes,
1831 772 1892 834 tuis
1914 771 2040 833 monitis
2066 781 2097 834 et

1352 863 1503 924 mandatis
1532 863 1708 926 salubribus
1728 862 1891 927 humiliter
1920 865 2095 940 intendant,

1353 957 1393 1018 ita
1414 960 1494 1035 quod
1517 967 1551 1040 tu
1574 959 1605 1020 in
1621 959 1666 1020 eis
1687 959 1860 1021 devotionis
1882 960 1971 1036 tilios,
1995 967 2025 1022 et
2041 960 2096 1039 ipsi

1353 1051 1384 1111 in
1407 1059 1438 1112 te
1461 1066 1517 1129 per
1543 1067 1734 1131 consequens
1761 1061 1881 1130 patrem
1909 1055 2096 1117 benevolum

1352 1145 1509 1208 invenisse
1535 1145 1698 1222 gaudeatis.
1730 1145 1854 1209 llassalli
1879 1155 1984 1210 autem
2013 1165 2097 1226 prae-

1351 1241 1421 1315 fati,
1445 1251 1475 1304 te
1503 1242 1604 1304 debito
1625 1241 1743 1303 bonore
1773 1248 2009 1320 prosequentes,
2041 1243 2094 1303 tibi

1353 1334 1532 1398 fidelitatem
1552 1333 1685 1409 solitam,
1709 1351 1766 1398 nec
1787 1351 1849 1396 non
1868 1343 2013 1398 consueta
2033 1351 2097 1398 ser·

1352 1429 1426 1489 vitia
1447 1437 1478 1490 et
1500 1429 1566 1490 iura
1587 1428 1642 1489 tibi
1663 1428 1701 1490 ab
1722 1428 1766 1490 eis
1787 1428 1886 1491 debita
1908 1430 2029 1504 integre
2044 1445 2097 1490 ex-

1352 1521 1458 1583 hibere
1472 1528 1652 1598 procurent,
1668 1519 1803 1600 alioquin
1819 1524 2018 1598 sententiam,
2029 1525 2096 1584 sive

1351 1629 1501 1692 poenam,
1532 1629 1624 1693 quam
1650 1615 1710 1675 rite
1737 1614 1845 1676 tuleris
1871 1631 1925 1676 scu
1953 1617 2095 1678 statueris

1352 1707 1382 1768 in
1406 1707 1548 1783 rebelles,
1568 1718 1662 1769 ratam
1683 1706 1864 1769 habebimus
1885 1715 1916 1769 et
1937 1707 2093 1784 faciemus,

1350 1808 1474 1864 auctore
1502 1799 1645 1876 Domino,
1674 1805 1831 1880 usquead
1858 1802 2095 1866 satisfactionem

1351 1896 1535 1970 condignam
1547 1894 1766 1956 inviolabiliter
1780 1896 1945 1958 observari.
1957 1897 1999 1959 bc
2011 1898 2094 1960 insu-

1350 2003 1405 2066 per
1427 1990 1462 2052 ad
1484 2005 1529 2063 ea,
1546 2005 1624 2067 quae
1645 1989 1676 2050 in
1698 1999 1769 2051 tuae
1783 1991 2007 2053 commoditatis
2021 2008 2094 2068 aug·

1349 2089 1494 2144 mentum
1508 2083 1617 2143 cedere
1629 2081 1762 2156 valeant,
1775 2082 1981 2146 favorabiliter
1994 2084 2096 2146 inten-

1349 2177 1468 2247 dentes,
1493 2175 1552 2236 tuis
1579 2176 1634 2236 bac
1654 2176 1687 2236 in
1709 2182 1796 2254 parte
1819 2175 2094 2255 supplicationibus

1350 2269 1499 2345 inclinati,
1513 2270 1568 2331 tibi
1579 2285 1595 2330 a
1607 2285 1816 2348 quocumque,
1828 2286 1921 2350 quem
1935 2271 2093 2349 malueris,

1349 2363 1496 2425 catholico
1517 2363 1675 2437 Antistite,
1699 2365 1828 2441 gratiam
1850 2372 1882 2427 et
1902 2368 2095 2428 communio-

1349 2472 1422 2519 nem
1449 2457 1536 2520 Sedis
1557 2457 1746 2536 Apostolicae
1776 2458 1927 2536 praefatae
1948 2460 2092 2536 habente,

1349 2550 1454 2626 accito,
1477 2557 1509 2612 et
1531 2549 1561 2611 in
1584 2551 1642 2612 boc
1663 2551 1718 2612 tibi
1740 2551 1949 2616 assistentibus
1974 2555 2094 2617 duobus

1348 2645 1414 2706 aliis
1435 2644 1590 2723 Episcopis
1611 2646 1675 2706 sive
1697 2643 1937 2724 archiepiscopis
1958 2646 2094 2709 similem

1348 2740 1477 2816 gratiam
1499 2746 1531 2801 et
1552 2738 1806 2800 communionem
1828 2739 1924 2801 dictae
1946 2738 2033 2802 Sedis
2054 2745 2092 2802 Α·

1348 2833 1511 2912 postolioae
1535 2831 1729 2906 habentibus,
1752 2846 1868 2896 munus
1888 2837 2092 2899 consecratio·

1348 2927 1395 2987 nis
1410 2926 1546 3003 recipere
1560 2924 1657 2986 libere
1671 2932 1702 2986 et
1717 2924 1800 2990 licite
1817 2927 1927 3000 valeas,
1943 2945 1977 2990 ac
1990 2930 2092 2994 eidem

1347 3019 1498 3093 antistiti,
1528 3025 1562 3080 ut
1589 3026 1712 3097 recepto
1738 3019 1823 3097 prius
1851 3035 1906 3099 per
1926 3038 2000 3086 eum
2021 3043 2036 3086 a
2059 3033 2090 3088 te

1347 3123 1452 3176 nostro
1473 3119 1503 3176 et
1525 3113 1679 3174 Romanae
1700 3111 1852 3175 Ecclesiae
1870 3117 1997 3179 nomine
2019 3119 2092 3182 fide·

1347 3207 1439 3270 litatis
1460 3205 1580 3268 debitae
1601 3206 1691 3267 solito
1708 3206 1893 3290 iuramento
1923 3210 2007 3274 iuxta
2029 3212 2091 3275 for-

1346 3319 1428 3365 mam
1448 3300 1659 3379 praesentibus
1673 3298 1861 3375 adnotatam,
1874 3318 1991 3367 munus
2005 3323 2092 3386 prae·
2117 3315 2119 3324 ’

1346 3397 1442 3459 fatum
1465 3395 1521 3459 tibi
1542 3392 1722 3471 impendere
1748 3394 1844 3457 libere
1866 3403 1896 3458 et
1918 3396 2001 3461 licite
2025 3415 2091 3478 pos·

1346 3493 1396 3567 sit,
1420 3491 1596 3554 facultatem
1607 3489 1805 3553 concedimus
1826 3507 1881 3568 per
1902 3502 2089 3569 praesentes.

1347 3585 1499 3648 Volumus
1526 3591 1630 3648 autem
1652 3592 1683 3645 et
1703 3582 1810 3645 eadem
1831 3587 2012 3649 auctoritate
2031 3596 2093 3652 sta-

1347 3681 1464 3743 tuimus
1485 3685 1577 3756 atque
1598 3676 1804 3751 decernimus,
1821 3678 1903 3754 quod
1926 3679 1985 3741 nisi
2006 3697 2090 3744 rece·

1346 3780 1398 3852 pto
1419 3773 1503 3851 prius
1518 3789 1534 3832 a
1549 3778 1580 3834 te
1600 3786 1655 3848 per
1676 3771 1792 3834 dictum
1808 3772 1987 3834 antistitem
2009 3774 2091 3837 iura·

1347 3874 1453 3930 mento
1471 3865 1605 3945 praefato
1628 3866 1708 3928 idem
1723 3865 1859 3928 Antistes
1874 3883 1990 3932 munus
2005 3885 2091 3948 prae-

1325 3963 1446 4025 'fatum
1469 3961 1525 4024 tibi
1545 3961 1736 4039 impendere,
1753 3967 1784 4020 et
1799 3966 1833 4022 tu
1856 3960 1932 4023 illud
1954 3963 2091 4040 recipere

1348 4065 1465 4117 temere
1491 4052 1773 4132 praesumpseritis,
1796 4053 1895 4115 dictus
1917 4053 2053 4116 antistes
2074 4074 2090 4117 a

1346 4145 1528 4226 pontificalis
1560 4145 1650 4207 officii
1681 4146 1841 4220 exercitio,
1863 4154 1894 4208 et
1919 4153 1981 4208 tam
2012 4148 2089 4226 ipse,

1346 4258 1438 4322 quam
1461 4249 1495 4304 tu
1516 4258 1532 4302 a
1554 4239 1707 4315 regimine
1728 4251 1759 4301 et
1780 4239 2012 4304 admistratione
2027 4251 2089 4305 tam

1345 4334 1564 4414 spiritualium,
1587 4349 1680 4411 quam
1706 4333 1925 4409 temporalium
1950 4336 2089 4398 ecclesia-

1346 4446 1417 4493 rum
1438 4436 1612 4491 vestrarum
1632 4428 1773 4505 suspensi
1793 4427 1858 4490 sitis
1880 4442 1916 4489 eo
1937 4429 2012 4506 ipso.

1386 4525 1404 4598 ἓ
1425 4525 1453 4585 3.
1479 4521 1630 4584 Volumus
1641 4521 1734 4583 etiam
1750 4523 1852 4600 quod
1844 4525 2013 4587 iuramenti
2027 4543 2043 4586 a
2059 4536 2090 4590 te

1347 4627 1420 4680 tnnc
1442 4616 1589 4693 praestiti,
1613 4621 1643 4676 et
1672 4615 1868 4695 professionis
1895 4617 1966 4680 fidei
1987 4621 2090 4683 catbo-

1345 4710 1420 4773 licae
1441 4709 1646 4773 Orientalibus
1667 4727 1682 4771 a
1704 4709 1783 4774 Sede
1810 4710 1982 4788 Apostolioa
2002 4728 2089 4791 prae·

1345 4807 1475 4883 scriptae
1496 4819 1550 4883 per
1572 4810 1603 4866 te
1623 4805 1763 4880 emissae,
1777 4805 1888 4868 formas
1912 4806 2088 4871 huiusmodi

1346 4901 1446 4962 eidem
1473 4896 1711 4975 Congregationi
1739 4899 1775 4959 de
1797 4899 1992 4976 Propaganda
2015 4901 2089 4963 lide

1345 4994 1383 5056 de
1404 4994 1499 5055 verbo
1520 4993 1555 5054 ad
1577 4991 1708 5053 verbum
1729 5007 1783 5069 per
1798 4997 1863 5054 tuas
1886 5000 2024 5072 patentes
2039 4995 2089 5056 lit-

547 5082 1288 5160 verentiamdebitasetdevotas.ltaqu0dmutua
1345 5093 1425 5148 teras
1457 5091 1510 5147 tuo
1540 5083 1642 5160 sigillo
1674 5085 1810 5147 munitas
1841 5100 1895 5162 per
1927 5089 2089 5164 proprium

546 5180 631 5242 inter
642 5185 673 5240 te
687 5185 718 5240 et
732 5179 812 5256 ipsos
828 5176 923 5252 gratia
939 5185 1038 5252 gratos
1056 5175 1202 5238 sortiatur
1217 5177 1290 5240 effe·
1346 5177 1502 5241 Nuncinm
1528 5178 1734 5255 quantocitius
1755 5179 1967 5241 transmittere
1987 5183 2089 5244 omni·-

546 5281 631 5347 ctus,
654 5280 685 5334 et
708 5287 893 5333 noseorum
915 5269 1113 5333 devotionem
1137 5271 1288 5348 possimus
1345 5288 1386 5334 no
1400 5270 1543 5334 tenearis.
1561 5269 1671 5331 Forma
1686 5278 1789 5332 autem
1812 5271 1991 5348 iuramenti,
2007 5274 2089 5353 quod

547 5373 705 5446 propterea
715 5363 885 5426 inbomino
897 5363 1008 5426 merito
1017 5366 1247 5438 commendare,
1257 5381 1289 5428 ac
1345 5365 1509 5446 praestabis
1532 5361 1598 5425 talis
1620 5367 1681 5424 est:
1699 5363 1813 5439 -Ego
1829 5365 1965 5441 ignatius
1980 5367 2088 5431 Gattan

546 5460 645 5522 clerus
666 5466 696 5520 te
718 5473 773 5537 pro
791 5463 894 5520 nostra
913 5467 944 5518 et
959 5457 1044 5521 Sedis
1058 5457 1196 5519 eiusdem
1212 5460 1290 5535 Apo·
1345 5460 1462 5523 electus
1484 5457 1657 5521 Patriarcba
1671 5456 1855 5518 bntiocben.
1879 5458 2089 5523 Graeco-blel-

545 5553 667 5615 stolicae
696 5551 869 5614 reverentia
890 5550 1025 5628 benigne
1052 5552 1237 5628 recipientes
1258 5560 1289 5614 et
1345 5553 1497 5616 cbitarum
1520 5551 1652 5613 nationis
1674 5550 1710 5612 ab
1730 5551 1785 5612 bac
1806 5551 1880 5614 hora
1902 5552 2038 5616 inantea
2054 5555 2088 5616 fr-

546 5646 715 5710 honorifice
744 5652 973 5724 pertractantes,
997 5652 1048 5706 tua
1072 5645 1203 5708 salubria
1224 5662 1290 5708 mo
1345 5645 1420 5708 delis
1440 5653 1471 5708 et
1492 5644 1638 5707 obediens
1660 5659 1713 5705 ero
1734 5644 1827 5708 Beato
1848 5645 1938 5708 Petro
1960 5653 1989 5708 et
2012 5645 2089 5710 San·

546 5741 611 5801 nita
632 5747 663 5801 et
684 5740 824 5801 mandata
837 5737 1003 5817 suscipiant
1024 5739 1186 5801 humiliter
1201 5748 1231 5801 et
1246 5739 1288 5802 ef·
1344 5748 1409 5802 ctae
1431 5738 1621 5816 Apostolicae
1641 5737 1796 5799 Romanae
1817 5737 1969 5801 Ecclesiae
1984 5758 2017 5802 ac
2030 5743 2087 5803 no-

547 5832 680 5894 ficaeiter
690 5830 857 5910 adimplere
869 5838 1045 5910 procurent.
1063 5831 1197 5912 Populus
1214 5850 1288 5896 vero
1344 5833 1431 5895 mino
1443 5832 1688 5894 nostrobomino
1704 5830 1755 5893 Pio
1769 5831 1865 5910 Papae
1880 5829 1943 5894 vil.
1960 5835 2088 5914 suisque

546 5933 589 6008 te,
606 5935 761 6004 tamqnam
776 5934 894 6008 patrem
909 5933 939 5989 et
951 5934 1103 6006 pastorem
1115 5928 1289 5992 animarum
1344 5925 1568 5989 successoribus
1578 5924 1725 5988 canonice
1736 5925 1930 5990 intrantibus.
1949 5925 2017 5991 Non
2032 5944 2088 5994 ero

2126 537 2176 598 aa.
2189 545 2216 596 0.
2235 547 2288 602 1817

2121 4539 2247 4585 iuramenti
2258 4538 2293 4582 for

2108 4591 2200 4638 mulam
2212 4593 2282 4638 tradit.
