4740 6962
909 545 978 602 PIUS
1001 551 1051 600 1³1².
1074 549 1118 600 VI.

279 674 298 749 ἓ
318 673 347 735 3.
372 672 426 736 llla
448 673 511 752 ipso
537 674 659 738 decreta
685 674 854 750 diligenter
874 675 908 736 ad
931 688 988 736 nos

243 767 347 830 retulit
375 767 459 830 idem
490 767 694 844 Secretarins,
723 783 842 846 nosque
868 766 986 840 eadem,

243 877 308 922 oea
325 861 413 922 vobis
435 863 634 938 ignorentur,
650 862 733 924 bisce
755 859 869 922 nostris
890 858 988 921 literis

241 955 404 1018 inserenda
425 955 641 1018 iudicavimus.

487 1143 700 1207 DECRE'IUM
722 1143 744 1204 I.

260 1348 285 1390 S.
308 1345 423 1392 nonon-
447 1347 688 1394 nnnrtctttnnls
714 1346 755 1392 DE
776 1343 867 1391 anon.
892 1343 967 1388 FIDE

298 1441 443 1499 nnnlrnn
463 1442 517 1489 DIE
537 1440 611 1486 xxv.
629 1440 709 1487 toltit
726 1435 925 1486 Mncotxxtx.

279 1613 309 1677 S.
333 1615 542 1693 congregatio
556 1613 749 1692 particularis
764 1611 802 1672 de
816 1609 989 1688 Propagan-

241 1711 273 1772 da
295 1709 370 1772 llide
391 1724 407 1769 a
430 1707 582 1772 88111011.
605 1707 643 1768 N.
666 1705 721 1768 Pio
741 1705 797 1767 PP.
822 1702 871 1766 111.
895 1717 989 1780 super

241 1802 331 1865 rebus
352 1801 573 1864 Maronitarum
588 1798 761 1878 specialiter
782 1798 936 1874 deputata,
952 1795 986 1856 ad

240 1896 423 1958 relationem
445 1894 514 1957 Enii
537 1899 568 1956 et
589 1885 716 1956 nni'n.
741 1887 911 1953 cardinalis
931 1887 987 1948 Bo

206 2055 208 2062 ,
239 1988 301 2050 sciri
324 1987 468 2066 ponentis
482 1987 603 2049 censuit
614 1994 645 2048 et
656 1983 805 2058 decrevit,
819 1980 987 2043 monialem

241 2082 338 2144 Endie
359 2082 427 2143 sive
448 2081 568 2142 Annam
597 2079 718 2156 dgemi,
742 2074 921 2140 monasterii
949 2073 987 2134 de

240 2175 392 2236 Becorcbe
414 2174 446 2234 in
469 2173 666 2236 Ghesrovano
688 2180 718 2233 et
739 2169 876 2233 lnstltuti
898 2164 986 2229 ssmt

240 2269 347 2330 Cordis
359 2269 427 2330 lesu
442 2275 590 2329 assertam
601 2264 820 2338 lundatricem,
832 2261 988 2324 declaran-

239 2363 306 2424 dam
328 2369 511 2439 esse,proot
527 2359 660 2422 ‹teclarat
682 2356 835 2436 praesenti
851 2355 986 2428 decreto,

240 2454 401 2517 manifeste
424 2460 455 2515 et
469 2451 735 2516 contumaclaliter
756 2449 890 2524 illusam,
906 2449 987 2510 eius·

238 2546 298 2628 que
312 2547 560 2623 imaginationes,
573 2551 747 2624 praetensae
769 2541 985 2616 revelationes,

239 2660 333 2706 novas
348 2651 379 2704 et
393 2639 651 2704 extraordinarias
673 2638 866 2715 opinationes
887 2638 924 2701 de
935 2651 987 2697 re-

238 2740 294 2800 bus
313 2736 419 2810 sacris,
443 2743 473 2796 et
495 2733 659 2812 praecipue
681 2731 828 2793 unionem
850 2729 898 2792 sui
920 2745 985 2791 cor-

238 2833 318 2908 poris
346 2837 378 2892 et
406 2827 527 2889 animae
549 2841 621 2888 curn
652 2826 789 2902 Corpore
815 2830 846 2884 et
873 2822 986 2885 Anime

237 2923 359 2986 Domini
372 2923 470 2985 nostri
485 2921 552 2984 lesu
568 2919 694 2994 Christi,
705 2934 776 2980 esse
791 2917 890 2991 laisas,
903 2932 986 2979 com·

238 3017 407 3091 mentitias,
430 3013 623 3088 temerarias,
646 3027 791 3074 erroneas
812 3017 844 3072 et
865 3011 901 3073 ad
928 3009 984 3072 mi-

238 3128 296 3174 nus
306 3109 460 3188 sapientes
476 3107 644 3181 baeresim3
668 3105 860 3183 proindeque
874 3119 985 3180 cogen-

238 3205 306 3267 dam
327 3220 393 3266 esse
408 3201 467 3264 sub
480 3200 577 3278 poena
599 3197 930 3262 excommunicationis
946 3196 987 3257 la-

239 3310 287 3362 tae
317 3296 493 3360 sententiae
521 3293 558 3355 ad
584 3309 634 3356 eas
662 3307 770 3355 omnes
797 3300 828 3354 et
859 3307 934 3352 voce
955 3297 986 3352 et

238 3393 351 3470 scripto
378 3389 588 3452 retractandas
610 3387 642 3448 in
669 3386 811 3448 manibus
838 3386 912 3446 novi
935 3383 987 3447 Vi-

239 3486 308 3548 carii
331 3481 557 3556 PatriarohaMs,
579 3495 653 3543 cum
679 3487 840 3558 praecepto
860 3479 919 3541 sub
939 3479 987 3539 eai-

239 3581 308 3644 dem
329 3577 428 3655 poena
450 3573 579 3652 aliisque
603 3572 731 3636 arbitrio
753 3571 784 3635 8.
809 3573 988 3650 Congrege-

240 3672 343 3745 tionis,
360 3678 395 3732 ut
411 3670 443 3730 in
466 3674 626 3744 posterum
639 3683 655 3726 a
669 3665 823 3730 similibus
844 3673 985 3746 praeten-

238 3767 277 3826 sis
297 3763 406 3843 gratiis
427 3769 481 3824 aut
496 3760 644 3824 doctrinis
665 3758 899 3823 disseminandis
921 3776 986 3822 om-

238 3859 312 3922 nino
334 3857 496 3920 abstineat.
532 3853 662 3930 Insuper
683 3852 793 3915 statuit
820 3854 986 3931 praelamm

239 3952 336 4015 Eudie
356 3966 411 4029 per
433 3948 590 4010 llicarium
611 3947 848 4010 Patriarohalem
868 3949 986 4025 praedi·

238 4055 322 4109 ctum
345 4045 469 4122 longius
484 4059 499 4102 a
516 4043 668 4106 Becorche
682 4040 906 4103 amandandam
921 4057 986 4106 esse

238 4141 269 4201 in
283 4137 366 4201 aliud
383 4135 622 4209 monasterium,
634 4133 689 4195 nbi
703 4141 852 4211 perpetuo
867 4136 985 4198 reclusa

237 4239 395 4295 remaneat
410 4229 468 4292 sub
489 4228 661 4292 directione
675 4227 762 4305 probi
777 4235 807 4289 et
823 4229 985 4305 prudentis

236 4324 414 4389 confessarii
442 4323 479 4384 ab
508 4324 619 4386 eodem
651 4320 770 4384 llicario
799 4322 982 4400 deputandi,

236 4419 364 4483 arbitrio
397 4415 428 4480 S.
461 4415 730 4494 congregationis.
765 4415 843 4477 item
875 4417 984 4478 eodem

236 4515 374 4577 modoet
389 4511 487 4574 lorma
508 4511 733 4572 detrudendam
754 4509 848 4570 etiam
869 4525 936 4571 esse
951 4510 982 4571 in

235 4608 318 4670 aliud
339 4613 517 4685 separatum
535 4602 760 4666 monasterium
773 4618 913 4664 sororem
927 4602 984 4665 Ca-

236 4701 392 4762 tharinam
423 4704 619 4777 praetensam
648 4695 747 4758 Endie
779 4696 924 4758 vicariam
951 4704 982 4759 et

235 4794 432 4874 praecipuam
459 4791 525 4853 eins
553 4789 722 4868 hypocrisis
750 4789 981 4865 administram,

235 4895 342 4969 utpote
372 4888 520 4950 falsarum
552 4883 780 4946 revelationum
810 4891 841 4946 et
871 4883 982 4960 gratia-

234 4999 305 5047 rum
327 4979 616 5054 disseminatrlcem,
632 4984 663 5041 et
684 4993 768 5040 ream
782 4979 982 5044 convinctam

235 5078 367 5140 aliorum
388 5074 593 5150 delictorum3
615 5072 665 5134 cui
688 5085 797 5148 graves
821 5079 852 5134 et
873 5088 981 5151 perpe·

234 5177 304 5233 tuae
335 5168 547 5248 poenitentiae
577 5169 789 5246 imponantur.
823 5166 981 5230 Praeterea

233 5263 345 5342 scripta
374 5261 479 5325 omnia
505 5260 657 5338 praelatae
682 5260 780 5324 Mndie
800 5267 831 5323 et
852 5261 923 5346 libri
945 5263 982 5324 ab

234 5471 260 5514 et
272 5463 379 5526 publico
394 5470 482 5513 vestro
496 5463 571 5522 bono,
586 5463 618 5511 de
632 5477 683 5522 quo
698 5477 767 5512 nunc
777 5467 918 5524 praecipue
927 5468 981 5525 agi·

234 5539 285 5592 tur,
298 5535 437 5592 praeclare
451 5533 626 5592 prospicietis,
640 5537 667 5579 et
682 5533 788 5581 iMuatre
798 5536 873 5581 nobis
883 5535 980 5582 dabilis

233 5611 336 5654 vestrae
346 5607 374 5653 in
384 5609 453 5654 hano
463 5609 488 5651 S.
499 5607 591 5652 sedern
602 5605 749 5651 devotionis
760 5605 900 5662 specimen,
910 5615 980 5650 arno

232 5687 341 5734 remque
358 5677 384 5721 in
398 5687 445 5722 vos
465 5677 586 5722 nostrum
608 5673 742 5732 vestrique
762 5673 877 5718 nominis
892 5671 980 5718 existi·

233 5743 376 5790 mationem
391 5743 499 5800 egregie
512 5739 719 5799 amplificabitis.
734 5743 816 5786 Deum
830 5750 981 5797 precamur,

234 5815 262 5857 ut
275 5811 351 5857 nobis
364 5811 397 5856 de
410 5811 484 5856 vobis
499 5812 560 5856 vota
573 5810 638 5867 ipse.
653 5809 700 5866 qui
714 5812 806 5865 potens
821 5808 980 5863 3313111113-

233 5879 364 5936 nignitate
377 5882 556 5938 prosequatur
570 5881 597 5923 et
611 5877 750 5934 compleat,
759 5887 790 5922 ac
803 5887 851 5934 per
863 5876 979 5934 spiritns

234 5947 320 5996 Sancti
333 5948 404 5994 dona
416 5957 521 5994 omnem
531 5945 690 5993 discordiam
699 5943 979 6004 perturbationemque

1043 674 1105 750 ipsa
1126 675 1285 754 compositi
1316 680 1370 737 aut
1398 675 1466 737 eius
1498 675 1625 737 nomine
1653 673 1788 750 evulgati

1042 782 1097 844 per
1118 767 1275 832 VicarIum
1297 769 1533 832 Patriarohalem
1555 769 1723 846 diligenter
1743 771 1791 832 in·

1042 863 1207 940 quirentur
1228 869 1259 924 et
1280 863 1479 939 colligantur,
1496 865 1633 940 cogendo
1649 865 1789 927 detento

1042 971 1091 1016 res
1112 955 1145 1016 in
1165 957 1282 1018 virtute
1296 964 1416 1020 sanctae
1431 955 1634 1028 obedientiae,
1651 964 1682 1019 et
1696 958 1789 1020 etiarn

1041 1047 1099 1110 sub
1109 1051 1208 1125 poena
1223 1051 1561 1125 excommunicationis,
1573 1050 1609 1113 ad
1620 1067 1672 1112 eos
1686 1066 1790 1128 prom·

1042 1149 1095 1218 pte
1115 1150 1147 1203 et
1168 1142 1303 1205 lideliter
1324 1143 1499 1205 tradendos.
1525 1143 1657 1206 Demum
1683 1146 1789 1206 eadem

1043 1232 1075 1296 8.
1102 1235 1309 1312 congregatio
1330 1236 1508 1313 declaravit,
1526 1237 1713 1301 calumniam
1735 1254 1788 1300 ne·

1043 1326 1119 1388 larie
1140 1328 1303 1392 inventam
1324 1331 1361 1393 de
1383 1330 1615 1394 introductione
1636 1332 1668 1394 in
1690 1333 1788 1395 natio-

1043 1435 1116 1482 nem
1148 1421 1382 1499 Maronitarum,
1405 1432 1498 1504 atqne
1525 1423 1600 1487 adeo
1625 1426 1658 1486 in
1687 1427 1788 1505 ipsum

1043 1513 1264 1578 Becorcbiense
1292 1518 1534 1593 monasterium,
1561 1520 1723 1582 damnatae
1742 1536 1788 1582 se·

1043 1614 1107 1670 ctae
1132 1607 1318 1672 Liberorum
1346 1611 1538 1674 Muratorum
1565 1629 1631 1675 esse
1659 1614 1788 1676 omnino

1043 1699 1160 1778 lalsam,
1176 1703 1445 1780 insubsistentem,
1462 1707 1677 1782 imaginariam
1693 1713 1723 1768 et
1737 1708 1788 1770 de·

1043 1793 1222 1871 nigrantem
1238 1797 1351 1859 lamam
1366 1807 1397 1860 et
1412 1799 1524 1860 iustam
1540 1801 1788 1863 aestimationem

1042 1889 1186 1952 virorum
1207 1890 1301 1953 etiam
1329 1892 1510 1968 proborum,
1533 1900 1564 1955 et
1585 1909 1788 1972 personarum

1042 1981 1075 2044 in
1088 1984 1239 2060 dignitate
1254 1985 1348 2048 etiam
1361 1986 1521 2064 episcopali
1534 1987 1785 2051 constitutarum:

1042 2075 1081 2136 de
1101 2093 1159 2154 qua
1183 2078 1343 2140 teterrima
1369 2079 1524 2142 calumnia
1547 2089 1614 2143 tum
1643 2083 1705 2159 ipsa
1727 2083 1789 2144 Mn·

1042 2170 1102 2246 die,
1125 2177 1193 2232 tum
1215 2171 1282 2233 eius
1303 2179 1416 2234 asserta
1437 2171 1550 2236 vicaria
1571 2189 1660 2236 soror
1681 2174 1788 2237 (latha-

1041 2263 1122 2338 rina,
1145 2265 1221 2325 etsi
1244 2263 1298 2342 qui
1319 2265 1371 2326 alii
1392 2265 1493 2326 eidem
1518 2267 1697 2328 conllandae
1717 2284 1787 2347 ope·

1041 2373 1110 2418 ram
1129 2357 1353 2434 praestiterint,
1368 2374 1400 2420 se
1422 2366 1588 2422 retractare
1610 2369 1640 2423 et
1661 2377 1737 2425 voce
1757 2371 1788 2424 et

1040 2451 1153 2529 scrIpto
1173 2451 1304 2513 omnino
1323 2452 1464 2515 debeant.

1079 2543 1187 2622 Ioscplt
1210 2545 1317 2609 Murio
1338 2545 1525 2608 cordinello
1543 2548 1676 2610 Castelli
1690 2548 1787 2611 Proc-

1039 2639 1154 2717 sectus.
1170 2671 1192 2684 —
1205 2636 1284 2701 Loco
1294 2641 1330 2712 tx<
1341 2638 1422 2716 signi
1433 2673 1453 2684 -
1468 2637 1651 2718 Steptooos
1666 2643 1785 2722 Borqiu

1041 2729 1253 2795 Secretort'tts.
1507 2751 1510 2757 ’

1277 2921 1493 2985 DECRE'IUM
1516 2921 1550 2984 11.

1060 3123 1085 3167 8.
1112 3123 1227 3169 conon.
1251 3125 1489 3172 rnnrtontants
1515 3125 1556 3172 DE
1578 3125 1668 3174 bnon.
1692 3127 1767 3174 ntnn

1100 3217 1245 3263 IIABI'IAE
1265 3219 1319 3266 DIE
1338 3219 1724 3268 xxv.1nttrtntncctxx1x.

1079 3388 1110 3452 S.
1145 3389 1352 3466 Congregatio
1386 3390 1578 3469 particularis
1608 3392 1646 3456 de
1677 3393 1787 3470 Propa-

1040 3482 1139 3558 gandi
1159 3481 1234 3545 Fide
1255 3500 1270 3544 a
1294 3482 1392 3547 SSmo
1413 3485 1448 3547 D.
1466 3485 1502 3547 N.
1520 3486 1573 3547 Pio
1595 3487 1650 3548 PP.
1667 3483 1719 3548 Vl.
1736 3505 1786 3549 su-

1039 3593 1094 3656 per
1116 3577 1206 3639 rebus
1240 3579 1464 3642 Maronitarum
1490 3581 1665 3659 specialiter
1692 3581 1787 3661 depu-

1041 3679 1111 3746 tata,
1133 3672 1170 3733 ad
1192 3672 1376 3734 relationem
1398 3671 1468 3735 Emi
1491 3681 1522 3735 et
1543 3673 1613 3752 111111
1628 3675 1663 3736 D.
1682 3676 1786 3739 Cardi-

1041 3764 1118 3826 nalis
1140 3764 1249 3827 Boscbi
1270 3765 1417 3828 Ponentis
1442 3768 1615 3830 consultet
1636 3768 1786 3846 decrevit,

1040 3865 1239 3938 praetensum
1251 3859 1432 3921 institutum
1447 3863 1654 3924 monasticum
1665 3862 1723 3925 sub
1737 3876 1788 3943 ap·

1040 3953 1206 4031 pelletione
1227 3951 1316 4015 SSrni
1337 3952 1445 4016 Cordis
1465 3953 1532 4016 lesu
1550 3971 1565 4014 a
1581 3955 1710 4018 moniali
1725 3956 1788 4018 En-

1040 4047 1089 4108 die
1105 4046 1173 4109 sive
1188 4047 1277 4108 Inna
1291 4046 1402 4123 ngami
1416 4047 1450 4110 in
1465 4048 1570 4111 Monte
1583 4049 1702 4111 bibano
1715 4048 1787 4113 lun-

1040 4142 1158 4216 datum,
1175 4142 1300 4220 penitus
1315 4156 1380 4203 esse
1395 4141 1593 4218 abolendum,
1608 4151 1702 4220 prout
1716 4143 1787 4206 abo-

1039 4233 1082 4296 let
1102 4234 1258 4313 praesenti
1288 4236 1429 4311 decret03
1459 4235 1534 4297 item
1566 4243 1698 4315 quatuor
1719 4234 1786 4298 eius

1040 4328 1174 4391 instituti
1189 4328 1387 4404 monasteria,
1399 4328 1642 4392 Becorcbianum
1656 4330 1784 4403 scilicet,

1039 4421 1070 4486 S.
1094 4422 1219 4498 Georgii
1239 4420 1278 4484 de
1298 4420 1535 4497 Sabbel-nama,
1552 4418 1583 4483 S.
1601 4421 1708 4500 loseph
1724 4424 1786 4486 Au·

1039 4523 1148 4594 gustae
1169 4523 1200 4579 et
1221 4513 1255 4576 Β.
1280 4514 1420 4592 Virginis
1440 4515 1478 4578 de
1499 4513 1607 4591 Sinne,
1624 4518 1703 4594 quod
1718 4531 1785 4577 ere·

1037 4617 1085 4673 ota
1106 4609 1224 4671 luerint
1243 4615 1349 4672 contra
1365 4609 1589 4687 praescriptum
1604 4607 1785 4688 8111011111-

1038 4703 1180 4765 banensis
1211 4720 1227 4763 a
1258 4701 1338 4768 Sede
1368 4703 1541 4780 apostolica
1577 4705 1783 4784 approbante,

1038 4797 1167 4858 omnino
1188 4813 1255 4858 esse
1277 4795 1512 4874 supprimenda:
1540 4797 1784 4862 Becorcbianum

1037 4889 1163 4969 quidem
1185 4905 1259 4952 cnm
1279 4889 1343 4951 suis
1372 4888 1504 4967 praediis
1524 4898 1557 4952 et
1578 4892 1728 4956 reditibus
1750 4894 1783 4956 in

1037 4981 1200 5044 mellonem
1215 4997 1310 5045 usum
1323 4982 1458 5044 nationis
1473 4983 1695 5048 Maronitarum
1711 5002 1784 5049 con·

1038 5076 1225 5139 vertendum
1246 5075 1376 5137 arbitrio
1391 5075 1422 5138 S.
1440 5077 1709 5154 congregationis,
1725 5082 1784 5143 tria

1037 5184 1112 5231 vero
1133 5169 1253 5248 reliqua
1274 5168 1465 5248 dispositioni
1492 5170 1698 5250 relinquenda
1714 5173 1784 5254 Epi-

1037 5278 1202 5341 scoporum
1233 5263 1393 5326 localium:
1429 5265 1586 5328 monacbis
1618 5274 1721 5330 autem
1751 5276 1784 5331 et
1853 5282 1857 5288 ’

1035 5479 1051 5514 a
1066 5468 1139 5514 vobis
1159 5479 1293 5524 amovens,
1308 5468 1335 5514 in
1350 5469 1399 5515 eut
1413 5477 1458 5514 voe
1477 5479 1540 5525 pace
1560 5469 1720 5516 constitutos
1734 5469 1783 5516 sua

1035 5537 1135 5583 virtute
1156 5536 1296 5582 custodiat.
1316 5537 1427 5581 Demum
1445 5535 1474 5581 in
1488 5535 1635 5593 singularia
1655 5541 1782 5594 paternae

1034 5604 1157 5650 caritatis
1170 5605 1275 5661 pignus,
1289 5603 1462 5661 apostolicam
1477 5603 1686 5650 benedictionem
1700 5605 1782 5662 vobin,

1034 5685 1110 5718 venn.
1129 5672 1227 5719 fratres
1240 5683 1273 5718 ae
1286 5672 1376 5718 dilecti
1390 5672 1447 5727 filli,
1469 5673 1661 5730 universaeque
1681 5671 1783 5720 nationi

1035 5743 1139 5786 vestrae
1154 5742 1323 5798 peramanter
1337 5739 1515 5796 impertimur.

1074 5810 1169 5854 Datum
1190 5811 1297 5864 Romae,
1312 5807 1382 5864 apud
1403 5810 1426 5852 S.
1450 5805 1561 5854 Mariam
1584 5808 1719 5865 Maiorem,
1734 5810 1782 5854 sub

1033 5875 1132 5922 annulo
1149 5874 1300 5929 piscatoris,
1316 5873 1358 5919 dle
1375 5883 1440 5920 xvir.
1458 5874 1519 5920 iulii
1536 5885 1708 5932 unccuxxrx,
1722 5887 1782 5936 pon-

1033 5943 1151 5991 tificatus
1165 5943 1250 5990 nostri
1261 5947 1335 5991 'enno
1348 5953 1373 5990 v.

1711 528 1769 602 913
1820 485 2010 597 13111111
