<?xml version="1.0" encoding="UTF-8"?>
<!DOCTYPE html PUBLIC "-//W3C//DTD XHTML 1.0 Transitional//EN"
    "http://www.w3.org/TR/xhtml1/DTD/xhtml1-transitional.dtd">
<html xmlns="http://www.w3.org/1999/xhtml" xml:lang="en" lang="en">
 <head>
  <title>
</title>
<meta http-equiv="Content-Type" content="text/html;charset=utf-8" />
  <meta name='ocr-system' content='tesseract 3.04.00' />
  <meta name='ocr-capabilities' content='ocr_page ocr_carea ocr_par ocr_line ocrx_word'/>
</head>
<body>
  <div class='ocr_page' id='page_1' title='image "./iurispontificii00martgoog_0502.png"; bbox 0 0 4722 6976; ppageno 0'>
   <div class='ocr_carea' id='block_1_1' title="bbox 920 563 1141 625">
    <p class='ocr_par' dir='ltr' id='par_1_1' title="bbox 920 563 1141 625">
     <span class='ocr_line' id='line_1_1' title="bbox 920 563 1141 625; baseline -0.014 -1"><span class='ocrx_word' id='word_1_1' title='bbox 920 573 991 625; x_wconf 76' lang='lat' dir='ltr'><strong>tuus</strong></span> <span class='ocrx_word' id='word_1_2' title='bbox 1012 575 1062 623; x_wconf 77' lang='lat' dir='ltr'><strong>nn.</strong></span> <span class='ocrx_word' id='word_1_3' title='bbox 1085 563 1141 625; x_wconf 82' lang='lat' dir='ltr'><strong>tn.</strong></span> 
     </span>
    </p>
   </div>
   <div class='ocr_carea' id='block_1_2' title="bbox 189 695 1004 3660">
    <p class='ocr_par' dir='ltr' id='par_1_2' title="bbox 189 695 1004 3660">
     <span class='ocr_line' id='line_1_2' title="bbox 258 695 1004 775; baseline -0.001 -17"><span class='ocrx_word' id='word_1_4' title='bbox 258 695 330 758; x_wconf 90' lang='lat' dir='ltr'><strong>Pius</strong></span> <span class='ocrx_word' id='word_1_5' title='bbox 351 697 407 759; x_wconf 89' lang='lat' dir='ltr'><strong>PP.</strong></span> <span class='ocrx_word' id='word_1_6' title='bbox 421 695 521 762; x_wconf 75' lang='lat' dir='ltr'><strong>tuae</strong></span> <span class='ocrx_word' id='word_1_7' title='bbox 540 698 861 761; x_wconf 87' lang='lat' dir='ltr'><strong>eminentissimorum</strong></span> <span class='ocrx_word' id='word_1_8' title='bbox 880 703 1004 775; x_wconf 90' lang='lat' dir='ltr'><strong>patrum</strong></span> 
     </span>
     <span class='ocr_line' id='line_1_3' title="bbox 257 789 1003 870; baseline 0 -20"><span class='ocrx_word' id='word_1_9' title='bbox 257 789 350 851; x_wconf 89' lang='lat' dir='ltr'><strong>buius</strong></span> <span class='ocrx_word' id='word_1_10' title='bbox 371 806 474 853; x_wconf 87' lang='lat' dir='ltr'><strong>sacrae</strong></span> <span class='ocrx_word' id='word_1_11' title='bbox 486 791 740 870; x_wconf 78' lang='lat' dir='ltr'><strong>dongrcgatianis</strong></span> <span class='ocrx_word' id='word_1_12' title='bbox 755 789 884 853; x_wconf 92' lang='lat' dir='ltr'><strong>consilio</strong></span> <span class='ocrx_word' id='word_1_13' title='bbox 905 789 1003 852; x_wconf 89' lang='lat' dir='ltr'><strong>literis</strong></span> 
     </span>
     <span class='ocr_line' id='line_1_4' title="bbox 189 883 1003 964; baseline 0.006 -23"><span class='ocrx_word' id='word_1_14' title='bbox 189 961 191 964; x_wconf 15' lang='grc' dir='ltr'>Ι</span> <span class='ocrx_word' id='word_1_15' title='bbox 257 883 429 959; x_wconf 88' lang='lat' dir='ltr'><strong>apostolicis</strong></span> <span class='ocrx_word' id='word_1_16' title='bbox 451 884 483 944; x_wconf 92' lang='lat' dir='ltr'><strong>in</strong></span> <span class='ocrx_word' id='word_1_17' title='bbox 505 883 604 946; x_wconf 92' lang='lat' dir='ltr'><strong>forma</strong></span> <span class='ocrx_word' id='word_1_18' title='bbox 624 884 727 946; x_wconf 89' lang='lat' dir='ltr'><strong>brevis</strong></span> <span class='ocrx_word' id='word_1_19' title='bbox 750 901 797 946; x_wconf 90' lang='lat' dir='ltr'><strong>tn.</strong></span> <span class='ocrx_word' id='word_1_20' title='bbox 820 883 1003 961; x_wconf 80' lang='lat' dir='ltr'><strong>septembris</strong></span> 
     </span>
     <span class='ocr_line' id='line_1_5' title="bbox 256 975 1003 1054; baseline 0.003 -20"><span class='ocrx_word' id='word_1_21' title='bbox 256 975 331 1036; x_wconf 90' lang='lat' dir='ltr'><strong>anni</strong></span> <span class='ocrx_word' id='word_1_22' title='bbox 347 991 504 1039; x_wconf 78' lang='lat' dir='ltr'><strong>unccrcr.</strong></span> <span class='ocrx_word' id='word_1_23' title='bbox 522 978 610 1053; x_wconf 90' lang='lat' dir='ltr'><strong>datis,</strong></span> <span class='ocrx_word' id='word_1_24' title='bbox 626 976 802 1041; x_wconf 74' lang='lat' dir='ltr'><strong>facultatem</strong></span> <span class='ocrx_word' id='word_1_25' title='bbox 817 975 917 1040; x_wconf 89' lang='lat' dir='ltr'><strong>cidem</strong></span> <span class='ocrx_word' id='word_1_26' title='bbox 933 976 1003 1054; x_wconf 84' lang='lat' dir='ltr'><strong>Epi·</strong></span> 
     </span>
     <span class='ocr_line' id='line_1_6' title="bbox 256 1068 1003 1149; baseline 0.003 -21"><span class='ocrx_word' id='word_1_27' title='bbox 256 1083 347 1146; x_wconf 89' lang='lat' dir='ltr'><strong>scopo</strong></span> <span class='ocrx_word' id='word_1_28' title='bbox 367 1068 547 1146; x_wconf 90' lang='lat' dir='ltr'><strong>impertitos</strong></span> <span class='ocrx_word' id='word_1_29' title='bbox 567 1076 624 1145; x_wconf 91' lang='lat' dir='ltr'><strong>est,</strong></span> <span class='ocrx_word' id='word_1_30' title='bbox 642 1077 918 1149; x_wconf 82' lang='lat' dir='ltr'><strong>supramemoratas</strong></span> <span class='ocrx_word' id='word_1_31' title='bbox 940 1068 1003 1147; x_wconf 90' lang='lat' dir='ltr'><strong>pias</strong></span> 
     </span>
     <span class='ocr_line' id='line_1_7' title="bbox 257 1159 1004 1238; baseline -0.001 -17"><span class='ocrx_word' id='word_1_32' title='bbox 257 1159 365 1221; x_wconf 92' lang='lat' dir='ltr'><strong>domos</strong></span> <span class='ocrx_word' id='word_1_33' title='bbox 390 1177 447 1223; x_wconf 90' lang='lat' dir='ltr'><strong>seu</strong></span> <span class='ocrx_word' id='word_1_34' title='bbox 468 1162 596 1238; x_wconf 89' lang='lat' dir='ltr'><strong>collegia</strong></span> <span class='ocrx_word' id='word_1_35' title='bbox 623 1163 716 1224; x_wconf 91' lang='lat' dir='ltr'><strong>etiam</strong></span> <span class='ocrx_word' id='word_1_36' title='bbox 738 1163 771 1223; x_wconf 96' lang='lat' dir='ltr'><strong>in</strong></span> <span class='ocrx_word' id='word_1_37' title='bbox 792 1161 857 1222; x_wconf 89' lang='lat' dir='ltr'><strong>aliis</strong></span> <span class='ocrx_word' id='word_1_38' title='bbox 885 1160 1004 1221; x_wconf 92' lang='lat' dir='ltr'><strong>dioece-</strong></span> 
     </span>
     <span class='ocr_line' id='line_1_8' title="bbox 256 1251 1004 1332; baseline 0.003 -20"><span class='ocrx_word' id='word_1_39' title='bbox 256 1251 342 1314; x_wconf 86' lang='lat' dir='ltr'><strong>sibus</strong></span> <span class='ocrx_word' id='word_1_40' title='bbox 363 1253 543 1332; x_wconf 91' lang='lat' dir='ltr'><strong>(dummodo</strong></span> <span class='ocrx_word' id='word_1_41' title='bbox 564 1270 732 1318; x_wconf 88' lang='lat' dir='ltr'><strong>consensus</strong></span> <span class='ocrx_word' id='word_1_42' title='bbox 757 1254 913 1316; x_wconf 86' lang='lat' dir='ltr'><strong>accederet</strong></span> <span class='ocrx_word' id='word_1_43' title='bbox 934 1268 1004 1330; x_wconf 91' lang='lat' dir='ltr'><strong>pro-</strong></span> 
     </span>
     <span class='ocr_line' id='line_1_9' title="bbox 257 1345 1002 1428; baseline 0.003 -23"><span class='ocrx_word' id='word_1_44' title='bbox 257 1345 317 1422; x_wconf 92' lang='lat' dir='ltr'><strong>prii</strong></span> <span class='ocrx_word' id='word_1_45' title='bbox 337 1345 506 1428; x_wconf 80' lang='lat' dir='ltr'><strong>Ordinarii)</strong></span> <span class='ocrx_word' id='word_1_46' title='bbox 526 1347 681 1426; x_wconf 88' lang='lat' dir='ltr'><strong>erigendi,</strong></span> <span class='ocrx_word' id='word_1_47' title='bbox 698 1366 732 1410; x_wconf 90' lang='lat' dir='ltr'><strong>ac</strong></span> <span class='ocrx_word' id='word_1_48' title='bbox 753 1347 948 1421; x_wconf 90' lang='lat' dir='ltr'><strong>instituendi,</strong></span> <span class='ocrx_word' id='word_1_49' title='bbox 970 1347 1002 1407; x_wconf 96' lang='lat' dir='ltr'><strong>in</strong></span> 
     </span>
     <span class='ocr_line' id='line_1_10' title="bbox 257 1437 1004 1522; baseline 0.004 -22"><span class='ocrx_word' id='word_1_50' title='bbox 257 1437 427 1519; x_wconf 89' lang='lat' dir='ltr'><strong>eademque</strong></span> <span class='ocrx_word' id='word_1_51' title='bbox 442 1442 590 1518; x_wconf 80' lang='lat' dir='ltr'><strong>virgines,</strong></span> <span class='ocrx_word' id='word_1_52' title='bbox 606 1459 683 1522; x_wconf 87' lang='lat' dir='ltr'><strong>quae</strong></span> <span class='ocrx_word' id='word_1_53' title='bbox 699 1441 831 1521; x_wconf 89' lang='lat' dir='ltr'><strong>praefata</strong></span> <span class='ocrx_word' id='word_1_54' title='bbox 846 1457 940 1504; x_wconf 90' lang='lat' dir='ltr'><strong>onera</strong></span> <span class='ocrx_word' id='word_1_55' title='bbox 954 1458 1004 1503; x_wconf 90' lang='lat' dir='ltr'><strong>su·</strong></span> 
     </span>
     <span class='ocr_line' id='line_1_11' title="bbox 256 1530 1003 1614; baseline 0.005 -23"><span class='ocrx_word' id='word_1_56' title='bbox 256 1530 375 1594; x_wconf 87' lang='lat' dir='ltr'><strong>stinere</strong></span> <span class='ocrx_word' id='word_1_57' title='bbox 403 1534 547 1607; x_wconf 88' lang='lat' dir='ltr'><strong>debeant,</strong></span> <span class='ocrx_word' id='word_1_58' title='bbox 571 1536 755 1612; x_wconf 89' lang='lat' dir='ltr'><strong>recipiendi;</strong></span> <span class='ocrx_word' id='word_1_59' title='bbox 781 1551 860 1614; x_wconf 86' lang='lat' dir='ltr'><strong>quae</strong></span> <span class='ocrx_word' id='word_1_60' title='bbox 881 1536 1003 1613; x_wconf 79' lang='lat' dir='ltr'><strong>expleto</strong></span> 
     </span>
     <span class='ocr_line' id='line_1_12' title="bbox 256 1624 1003 1707; baseline 0.005 -21"><span class='ocrx_word' id='word_1_61' title='bbox 256 1624 447 1702; x_wconf 90' lang='lat' dir='ltr'><strong>probationis</strong></span> <span class='ocrx_word' id='word_1_62' title='bbox 459 1634 597 1706; x_wconf 90' lang='lat' dir='ltr'><strong>tempore</strong></span> <span class='ocrx_word' id='word_1_63' title='bbox 609 1630 666 1691; x_wconf 89' lang='lat' dir='ltr'><strong>tria</strong></span> <span class='ocrx_word' id='word_1_64' title='bbox 681 1629 830 1707; x_wconf 90' lang='lat' dir='ltr'><strong>simplicia</strong></span> <span class='ocrx_word' id='word_1_65' title='bbox 844 1637 915 1691; x_wconf 89' lang='lat' dir='ltr'><strong>vota</strong></span> <span class='ocrx_word' id='word_1_66' title='bbox 929 1644 1003 1706; x_wconf 89' lang='lat' dir='ltr'><strong>pau-</strong></span> 
     </span>
     <span class='ocr_line' id='line_1_13' title="bbox 257 1719 1002 1799; baseline 0.005 -19"><span class='ocrx_word' id='word_1_67' title='bbox 257 1719 395 1798; x_wconf 91' lang='lat' dir='ltr'><strong>pertatis,</strong></span> <span class='ocrx_word' id='word_1_68' title='bbox 409 1721 553 1783; x_wconf 88' lang='lat' dir='ltr'><strong>castitatis</strong></span> <span class='ocrx_word' id='word_1_69' title='bbox 564 1732 595 1784; x_wconf 92' lang='lat' dir='ltr'><strong>et</strong></span> <span class='ocrx_word' id='word_1_70' title='bbox 606 1721 799 1785; x_wconf 90' lang='lat' dir='ltr'><strong>obedientiae</strong></span> <span class='ocrx_word' id='word_1_71' title='bbox 810 1723 1002 1799; x_wconf 79' lang='lat' dir='ltr'><strong>emitterent3</strong></span> 
     </span>
     <span class='ocr_line' id='line_1_14' title="bbox 257 1813 1004 1894; baseline 0.003 -20"><span class='ocrx_word' id='word_1_72' title='bbox 257 1828 429 1892; x_wconf 88' lang='lat' dir='ltr'><strong>amnesque</strong></span> <span class='ocrx_word' id='word_1_73' title='bbox 455 1813 664 1892; x_wconf 79' lang='lat' dir='ltr'><strong>indulgentias</strong></span> <span class='ocrx_word' id='word_1_74' title='bbox 685 1831 719 1878; x_wconf 90' lang='lat' dir='ltr'><strong>ac</strong></span> <span class='ocrx_word' id='word_1_75' title='bbox 738 1815 914 1894; x_wconf 83' lang='lat' dir='ltr'><strong>spirituales</strong></span> <span class='ocrx_word' id='word_1_76' title='bbox 936 1831 1004 1891; x_wconf 90' lang='lat' dir='ltr'><strong>gra-</strong></span> 
     </span>
     <span class='ocr_line' id='line_1_15' title="bbox 256 1905 1003 1988; baseline 0.005 -22"><span class='ocrx_word' id='word_1_77' title='bbox 256 1905 313 1966; x_wconf 92' lang='lat' dir='ltr'><strong>tias</strong></span> <span class='ocrx_word' id='word_1_78' title='bbox 335 1907 520 1969; x_wconf 87' lang='lat' dir='ltr'><strong>monialibus</strong></span> <span class='ocrx_word' id='word_1_79' title='bbox 541 1907 706 1984; x_wconf 89' lang='lat' dir='ltr'><strong>Ursulinis,</strong></span> <span class='ocrx_word' id='word_1_80' title='bbox 723 1923 891 1988; x_wconf 89' lang='lat' dir='ltr'><strong>earumque</strong></span> <span class='ocrx_word' id='word_1_81' title='bbox 912 1907 1003 1971; x_wconf 87' lang='lat' dir='ltr'><strong>colle-</strong></span> 
     </span>
     <span class='ocr_line' id='line_1_16' title="bbox 258 1999 1003 2075; baseline 0.008 -16"><span class='ocrx_word' id='word_1_82' title='bbox 258 1999 314 2075; x_wconf 88' lang='lat' dir='ltr'><strong>giis</strong></span> <span class='ocrx_word' id='word_1_83' title='bbox 329 2009 361 2061; x_wconf 92' lang='lat' dir='ltr'><strong>et</strong></span> <span class='ocrx_word' id='word_1_84' title='bbox 375 1999 509 2063; x_wconf 90' lang='lat' dir='ltr'><strong>ecclesiis</strong></span> <span class='ocrx_word' id='word_1_85' title='bbox 529 2000 590 2062; x_wconf 91' lang='lat' dir='ltr'><strong>iam</strong></span> <span class='ocrx_word' id='word_1_86' title='bbox 612 2010 803 2064; x_wconf 86' lang='lat' dir='ltr'><strong>concesserat</strong></span> <span class='ocrx_word' id='word_1_87' title='bbox 824 2002 906 2064; x_wconf 91' lang='lat' dir='ltr'><strong>idem</strong></span> <span class='ocrx_word' id='word_1_88' title='bbox 920 2019 1003 2066; x_wconf 90' lang='lat' dir='ltr'><strong>sum·</strong></span> 
     </span>
     <span class='ocr_line' id='line_1_17' title="bbox 258 2093 1003 2173; baseline 0.009 -20"><span class='ocrx_word' id='word_1_89' title='bbox 258 2107 346 2154; x_wconf 91' lang='lat' dir='ltr'><strong>mum</strong></span> <span class='ocrx_word' id='word_1_90' title='bbox 367 2093 509 2156; x_wconf 76' lang='lat' dir='ltr'><strong>Pontifex</strong></span> <span class='ocrx_word' id='word_1_91' title='bbox 531 2094 588 2173; x_wconf 93' lang='lat' dir='ltr'><strong>ipsi</strong></span> <span class='ocrx_word' id='word_1_92' title='bbox 608 2111 690 2159; x_wconf 84' lang='lat' dir='ltr'><strong>novo</strong></span> <span class='ocrx_word' id='word_1_93' title='bbox 710 2096 854 2160; x_wconf 91' lang='lat' dir='ltr'><strong>instituto</strong></span> <span class='ocrx_word' id='word_1_94' title='bbox 868 2097 1003 2160; x_wconf 90' lang='lat' dir='ltr'><strong>clemen-</strong></span> 
     </span>
     <span class='ocr_line' id='line_1_18' title="bbox 258 2184 1004 2268; baseline 0.008 -23"><span class='ocrx_word' id='word_1_95' title='bbox 258 2191 304 2246; x_wconf 92' lang='lat' dir='ltr'><strong>ter</strong></span> <span class='ocrx_word' id='word_1_96' title='bbox 325 2184 493 2264; x_wconf 88' lang='lat' dir='ltr'><strong>impertiit;</strong></span> <span class='ocrx_word' id='word_1_97' title='bbox 518 2187 728 2267; x_wconf 85' lang='lat' dir='ltr'><strong>Episcopoque</strong></span> <span class='ocrx_word' id='word_1_98' title='bbox 743 2189 936 2268; x_wconf 75' lang='lat' dir='ltr'><strong>corcagiensi</strong></span> <span class='ocrx_word' id='word_1_99' title='bbox 956 2191 1004 2252; x_wconf 90' lang='lat' dir='ltr'><strong>in·</strong></span> 
     </span>
     <span class='ocr_line' id='line_1_19' title="bbox 256 2275 1003 2356; baseline 0.011 -19"><span class='ocrx_word' id='word_1_100' title='bbox 256 2275 372 2352; x_wconf 81' lang='lat' dir='ltr'><strong>iunxit,</strong></span> <span class='ocrx_word' id='word_1_101' title='bbox 388 2285 423 2341; x_wconf 91' lang='lat' dir='ltr'><strong>ut</strong></span> <span class='ocrx_word' id='word_1_102' title='bbox 445 2279 567 2356; x_wconf 90' lang='lat' dir='ltr'><strong>regulas</strong></span> <span class='ocrx_word' id='word_1_103' title='bbox 588 2296 621 2343; x_wconf 90' lang='lat' dir='ltr'><strong>aa</strong></span> <span class='ocrx_word' id='word_1_104' title='bbox 641 2283 878 2346; x_wconf 86' lang='lat' dir='ltr'><strong>constitutiones</strong></span> <span class='ocrx_word' id='word_1_105' title='bbox 900 2284 935 2345; x_wconf 94' lang='lat' dir='ltr'><strong>ad</strong></span> <span class='ocrx_word' id='word_1_106' title='bbox 957 2283 1003 2345; x_wconf 92' lang='lat' dir='ltr'><strong>in-</strong></span> 
     </span>
     <span class='ocr_line' id='line_1_20' title="bbox 255 2370 1003 2439; baseline 0.012 -10"><span class='ocrx_word' id='word_1_107' title='bbox 255 2370 403 2434; x_wconf 87' lang='lat' dir='ltr'><strong>stitutum</strong></span> <span class='ocrx_word' id='word_1_108' title='bbox 419 2371 636 2436; x_wconf 90' lang='lat' dir='ltr'><strong>Ursulinarum</strong></span> <span class='ocrx_word' id='word_1_109' title='bbox 650 2375 824 2438; x_wconf 86' lang='lat' dir='ltr'><strong>conformes</strong></span> <span class='ocrx_word' id='word_1_110' title='bbox 839 2377 1003 2439; x_wconf 92' lang='lat' dir='ltr'><strong>concinna·</strong></span> 
     </span>
     <span class='ocr_line' id='line_1_21' title="bbox 256 2463 1003 2543; baseline 0.008 -19"><span class='ocrx_word' id='word_1_111' title='bbox 256 2468 316 2539; x_wconf 90' lang='lat' dir='ltr'><strong>ret,</strong></span> <span class='ocrx_word' id='word_1_112' title='bbox 325 2479 399 2541; x_wconf 86' lang='lat' dir='ltr'><strong>quas</strong></span> <span class='ocrx_word' id='word_1_113' title='bbox 410 2463 564 2542; x_wconf 88' lang='lat' dir='ltr'><strong>praelatae</strong></span> <span class='ocrx_word' id='word_1_114' title='bbox 575 2466 713 2543; x_wconf 82' lang='lat' dir='ltr'><strong>virgines</strong></span> <span class='ocrx_word' id='word_1_115' title='bbox 724 2485 739 2528; x_wconf 94' lang='lat' dir='ltr'><strong>a</strong></span> <span class='ocrx_word' id='word_1_116' title='bbox 752 2469 1003 2530; x_wconf 88' lang='lat' dir='ltr'><strong>Praesentatione</strong></span> 
     </span>
     <span class='ocr_line' id='line_1_22' title="bbox 256 2555 1000 2638; baseline 0.007 -21"><span class='ocrx_word' id='word_1_117' title='bbox 256 2556 365 2618; x_wconf 88' lang='lat' dir='ltr'><strong>Beatae</strong></span> <span class='ocrx_word' id='word_1_118' title='bbox 386 2555 526 2632; x_wconf 81' lang='lat' dir='ltr'><strong>virginis</strong></span> <span class='ocrx_word' id='word_1_119' title='bbox 547 2559 659 2621; x_wconf 83' lang='lat' dir='ltr'><strong>itariae</strong></span> <span class='ocrx_word' id='word_1_120' title='bbox 679 2561 817 2638; x_wconf 86' lang='lat' dir='ltr'><strong>profiteri</strong></span> <span class='ocrx_word' id='word_1_121' title='bbox 840 2563 1000 2626; x_wconf 89' lang='lat' dir='ltr'><strong>deberent.</strong></span> 
     </span>
     <span class='ocr_line' id='line_1_23' title="bbox 255 2648 1001 2733; baseline 0.012 -23"><span class='ocrx_word' id='word_1_122' title='bbox 255 2648 334 2711; x_wconf 89' lang='lat' dir='ltr'><strong>llinc</strong></span> <span class='ocrx_word' id='word_1_123' title='bbox 355 2649 392 2711; x_wconf 92' lang='lat' dir='ltr'><strong>ab</strong></span> <span class='ocrx_word' id='word_1_124' title='bbox 413 2665 450 2712; x_wconf 93' lang='lat' dir='ltr'><strong>eo</strong></span> <span class='ocrx_word' id='word_1_125' title='bbox 472 2655 626 2731; x_wconf 90' lang='lat' dir='ltr'><strong>tempore,</strong></span> <span class='ocrx_word' id='word_1_126' title='bbox 652 2669 714 2730; x_wconf 87' lang='lat' dir='ltr'><strong>quo</strong></span> <span class='ocrx_word' id='word_1_127' title='bbox 741 2655 933 2733; x_wconf 88' lang='lat' dir='ltr'><strong>praedictum</strong></span> <span class='ocrx_word' id='word_1_128' title='bbox 954 2655 1001 2718; x_wconf 91' lang='lat' dir='ltr'><strong>in-</strong></span> 
     </span>
     <span class='ocr_line' id='line_1_24' title="bbox 254 2741 1002 2827; baseline 0.009 -24"><span class='ocrx_word' id='word_1_129' title='bbox 254 2741 400 2804; x_wconf 89' lang='lat' dir='ltr'><strong>stitutum</strong></span> <span class='ocrx_word' id='word_1_130' title='bbox 422 2744 617 2820; x_wconf 89' lang='lat' dir='ltr'><strong>apostolicam</strong></span> <span class='ocrx_word' id='word_1_131' title='bbox 632 2747 884 2825; x_wconf 89' lang='lat' dir='ltr'><strong>approbationem</strong></span> <span class='ocrx_word' id='word_1_132' title='bbox 897 2764 1002 2827; x_wconf 91' lang='lat' dir='ltr'><strong>repor·</strong></span> 
     </span>
     <span class='ocr_line' id='line_1_25' title="bbox 255 2835 1002 2918; baseline 0.012 -24"><span class='ocrx_word' id='word_1_133' title='bbox 255 2835 346 2909; x_wconf 87' lang='lat' dir='ltr'><strong>tavit,</strong></span> <span class='ocrx_word' id='word_1_134' title='bbox 367 2835 538 2914; x_wconf 91' lang='lat' dir='ltr'><strong>impensius</strong></span> <span class='ocrx_word' id='word_1_135' title='bbox 559 2837 642 2900; x_wconf 93' lang='lat' dir='ltr'><strong>idem</strong></span> <span class='ocrx_word' id='word_1_136' title='bbox 658 2837 715 2901; x_wconf 92' lang='lat' dir='ltr'><strong>coli</strong></span> <span class='ocrx_word' id='word_1_137' title='bbox 737 2840 836 2918; x_wconf 90' lang='lat' dir='ltr'><strong>coepit</strong></span> <span class='ocrx_word' id='word_1_138' title='bbox 859 2841 890 2902; x_wconf 94' lang='lat' dir='ltr'><strong>in</strong></span> <span class='ocrx_word' id='word_1_139' title='bbox 911 2842 1002 2903; x_wconf 92' lang='lat' dir='ltr'><strong>domo</strong></span> 
     </span>
     <span class='ocr_line' id='line_1_26' title="bbox 255 2929 1001 3012; baseline 0.008 -22"><span class='ocrx_word' id='word_1_140' title='bbox 255 2929 378 2990; x_wconf 88' lang='lat' dir='ltr'><strong>matrici</strong></span> <span class='ocrx_word' id='word_1_141' title='bbox 400 2929 607 3006; x_wconf 75' lang='lat' dir='ltr'><strong>corcagiensi,</strong></span> <span class='ocrx_word' id='word_1_142' title='bbox 623 2937 653 2993; x_wconf 92' lang='lat' dir='ltr'><strong>et</strong></span> <span class='ocrx_word' id='word_1_143' title='bbox 667 2932 815 3008; x_wconf 90' lang='lat' dir='ltr'><strong>paulatim</strong></span> <span class='ocrx_word' id='word_1_144' title='bbox 829 2935 1001 3012; x_wconf 87' lang='lat' dir='ltr'><strong>propagari,</strong></span> 
     </span>
     <span class='ocr_line' id='line_1_27' title="bbox 256 3021 1003 3091; baseline 0.012 -9"><span class='ocrx_word' id='word_1_145' title='bbox 256 3027 291 3083; x_wconf 93' lang='lat' dir='ltr'><strong>nt</strong></span> <span class='ocrx_word' id='word_1_146' title='bbox 311 3022 374 3083; x_wconf 90' lang='lat' dir='ltr'><strong>iam</strong></span> <span class='ocrx_word' id='word_1_147' title='bbox 395 3021 431 3082; x_wconf 93' lang='lat' dir='ltr'><strong>ad</strong></span> <span class='ocrx_word' id='word_1_148' title='bbox 452 3023 593 3086; x_wconf 84' lang='lat' dir='ltr'><strong>civitates</strong></span> <span class='ocrx_word' id='word_1_149' title='bbox 614 3033 645 3087; x_wconf 90' lang='lat' dir='ltr'><strong>et</strong></span> <span class='ocrx_word' id='word_1_150' title='bbox 665 3023 818 3089; x_wconf 90' lang='lat' dir='ltr'><strong>dioeceses</strong></span> <span class='ocrx_word' id='word_1_151' title='bbox 833 3027 1003 3091; x_wconf 88' lang='lat' dir='ltr'><strong>Dublinen-</strong></span> 
     </span>
     <span class='ocr_line' id='line_1_28' title="bbox 255 3113 1002 3192; baseline 0.011 -17"><span class='ocrx_word' id='word_1_152' title='bbox 255 3129 334 3190; x_wconf 88' lang='lat' dir='ltr'><strong>sem,</strong></span> <span class='ocrx_word' id='word_1_153' title='bbox 358 3113 666 3192; x_wconf 88' lang='lat' dir='ltr'><strong>Waterfordienscm,</strong></span> <span class='ocrx_word' id='word_1_154' title='bbox 689 3119 949 3184; x_wconf 87' lang='lat' dir='ltr'><strong>Kilkennicnsem</strong></span> <span class='ocrx_word' id='word_1_155' title='bbox 970 3129 1002 3183; x_wconf 90' lang='lat' dir='ltr'><strong>et</strong></span> 
     </span>
     <span class='ocr_line' id='line_1_29' title="bbox 256 3208 1002 3292; baseline 0.011 -24"><span class='ocrx_word' id='word_1_156' title='bbox 256 3209 293 3270; x_wconf 93' lang='lat' dir='ltr'><strong>ad</strong></span> <span class='ocrx_word' id='word_1_157' title='bbox 314 3208 462 3288; x_wconf 90' lang='lat' dir='ltr'><strong>oppidum</strong></span> <span class='ocrx_word' id='word_1_158' title='bbox 483 3210 626 3288; x_wconf 76' lang='lat' dir='ltr'><strong>Killaneg</strong></span> <span class='ocrx_word' id='word_1_159' title='bbox 649 3227 682 3273; x_wconf 89' lang='lat' dir='ltr'><strong>se</strong></span> <span class='ocrx_word' id='word_1_160' title='bbox 702 3228 737 3274; x_wconf 89' lang='lat' dir='ltr'><strong>se</strong></span> <span class='ocrx_word' id='word_1_161' title='bbox 757 3215 944 3292; x_wconf 87' lang='lat' dir='ltr'><strong>extenderit,</strong></span> <span class='ocrx_word' id='word_1_162' title='bbox 966 3231 1002 3278; x_wconf 90' lang='lat' dir='ltr'><strong>eo</strong></span> 
     </span>
     <span class='ocr_line' id='line_1_30' title="bbox 256 3299 1002 3387; baseline 0.012 -25"><span class='ocrx_word' id='word_1_163' title='bbox 256 3317 330 3363; x_wconf 87' lang='lat' dir='ltr'><strong>sane</strong></span> <span class='ocrx_word' id='word_1_164' title='bbox 351 3299 432 3364; x_wconf 90' lang='lat' dir='ltr'><strong>felici</strong></span> <span class='ocrx_word' id='word_1_165' title='bbox 459 3319 613 3378; x_wconf 89' lang='lat' dir='ltr'><strong>successu,</strong></span> <span class='ocrx_word' id='word_1_166' title='bbox 637 3311 670 3366; x_wconf 92' lang='lat' dir='ltr'><strong>ut</strong></span> <span class='ocrx_word' id='word_1_167' title='bbox 695 3321 759 3368; x_wconf 91' lang='lat' dir='ltr'><strong>non</strong></span> <span class='ocrx_word' id='word_1_168' title='bbox 785 3307 887 3370; x_wconf 89' lang='lat' dir='ltr'><strong>solum</strong></span> <span class='ocrx_word' id='word_1_169' title='bbox 908 3323 1002 3387; x_wconf 91' lang='lat' dir='ltr'><strong>quam</strong></span> 
     </span>
     <span class='ocr_line' id='line_1_31' title="bbox 257 3395 1002 3479; baseline 0.008 -23"><span class='ocrx_word' id='word_1_170' title='bbox 257 3395 410 3474; x_wconf 87' lang='lat' dir='ltr'><strong>plurimae</strong></span> <span class='ocrx_word' id='word_1_171' title='bbox 432 3395 565 3473; x_wconf 89' lang='lat' dir='ltr'><strong>puellae,</strong></span> <span class='ocrx_word' id='word_1_172' title='bbox 581 3395 633 3458; x_wconf 91' lang='lat' dir='ltr'><strong>sed</strong></span> <span class='ocrx_word' id='word_1_173' title='bbox 654 3406 685 3458; x_wconf 92' lang='lat' dir='ltr'><strong>et</strong></span> <span class='ocrx_word' id='word_1_174' title='bbox 707 3398 828 3462; x_wconf 89' lang='lat' dir='ltr'><strong>adultae</strong></span> <span class='ocrx_word' id='word_1_175' title='bbox 843 3408 873 3462; x_wconf 93' lang='lat' dir='ltr'><strong>et</strong></span> <span class='ocrx_word' id='word_1_176' title='bbox 889 3409 1002 3479; x_wconf 88' lang='lat' dir='ltr'><strong>nuptae</strong></span> 
     </span>
     <span class='ocr_line' id='line_1_32' title="bbox 258 3489 1003 3574; baseline 0.007 -23"><span class='ocrx_word' id='word_1_177' title='bbox 258 3489 415 3551; x_wconf 89' lang='lat' dir='ltr'><strong>doctrinae</strong></span> <span class='ocrx_word' id='word_1_178' title='bbox 443 3489 516 3552; x_wconf 90' lang='lat' dir='ltr'><strong>fidei</strong></span> <span class='ocrx_word' id='word_1_179' title='bbox 543 3505 722 3553; x_wconf 86' lang='lat' dir='ltr'><strong>aemorum</strong></span> <span class='ocrx_word' id='word_1_180' title='bbox 750 3492 936 3574; x_wconf 85' lang='lat' dir='ltr'><strong>plerumque</strong></span> <span class='ocrx_word' id='word_1_181' title='bbox 955 3495 1003 3556; x_wconf 93' lang='lat' dir='ltr'><strong>in·</strong></span> 
     </span>
     <span class='ocr_line' id='line_1_33' title="bbox 257 3581 1004 3660; baseline 0.011 -17"><span class='ocrx_word' id='word_1_182' title='bbox 257 3583 337 3644; x_wconf 86' lang='lat' dir='ltr'><strong>seiae</strong></span> <span class='ocrx_word' id='word_1_183' title='bbox 350 3583 384 3645; x_wconf 94' lang='lat' dir='ltr'><strong>iu</strong></span> <span class='ocrx_word' id='word_1_184' title='bbox 399 3581 537 3660; x_wconf 88' lang='lat' dir='ltr'><strong>collegiis</strong></span> <span class='ocrx_word' id='word_1_185' title='bbox 552 3584 688 3646; x_wconf 89' lang='lat' dir='ltr'><strong>eiusdem</strong></span> <span class='ocrx_word' id='word_1_186' title='bbox 704 3586 840 3650; x_wconf 89' lang='lat' dir='ltr'><strong>instituti</strong></span> <span class='ocrx_word' id='word_1_187' title='bbox 862 3589 1004 3651; x_wconf 91' lang='lat' dir='ltr'><strong>erudian-</strong></span> 
     </span>
    </p>
   </div>
   <div class='ocr_carea' id='block_1_3' title="bbox 258 3677 1004 3849">
    <p class='ocr_par' dir='ltr' id='par_1_3' title="bbox 258 3677 1004 3849">
     <span class='ocr_line' id='line_1_34' title="bbox 258 3677 1003 3759; baseline 0.005 -21"><span class='ocrx_word' id='word_1_188' title='bbox 258 3683 319 3739; x_wconf 90' lang='lat' dir='ltr'><strong>tur.</strong></span> <span class='ocrx_word' id='word_1_189' title='bbox 343 3677 405 3751; x_wconf 87' lang='lat' dir='ltr'><strong>Qua</strong></span> <span class='ocrx_word' id='word_1_190' title='bbox 420 3677 458 3738; x_wconf 90' lang='lat' dir='ltr'><strong>de</strong></span> <span class='ocrx_word' id='word_1_191' title='bbox 476 3691 509 3737; x_wconf 91' lang='lat' dir='ltr'><strong>re</strong></span> <span class='ocrx_word' id='word_1_192' title='bbox 525 3693 594 3738; x_wconf 92' lang='lat' dir='ltr'><strong>cum</strong></span> <span class='ocrx_word' id='word_1_193' title='bbox 610 3677 823 3756; x_wconf 85' lang='lat' dir='ltr'><strong>praelaudatus</strong></span> <span class='ocrx_word' id='word_1_194' title='bbox 838 3679 1003 3759; x_wconf 83' lang='lat' dir='ltr'><strong>Episcopus</strong></span> 
     </span>
     <span class='ocr_line' id='line_1_35' title="bbox 258 3768 1004 3849; baseline 0.007 -20"><span class='ocrx_word' id='word_1_195' title='bbox 258 3768 380 3844; x_wconf 86' lang='lat' dir='ltr'><strong>regulas</strong></span> <span class='ocrx_word' id='word_1_196' title='bbox 395 3768 697 3849; x_wconf 85' lang='lat' dir='ltr'><strong>constitutionesque</strong></span> <span class='ocrx_word' id='word_1_197' title='bbox 724 3771 919 3848; x_wconf 86' lang='lat' dir='ltr'><strong>condidisset,</strong></span> <span class='ocrx_word' id='word_1_198' title='bbox 946 3774 1004 3836; x_wconf 93' lang='lat' dir='ltr'><strong>mi-</strong></span> 
     </span>
    </p>
   </div>
   <div class='ocr_carea' id='block_1_4' title="bbox 257 3861 1005 4035">
    <p class='ocr_par' dir='ltr' id='par_1_4' title="bbox 257 3861 1005 4035">
     <span class='ocr_line' id='line_1_36' title="bbox 257 3861 1005 3944; baseline 0.009 -22"><span class='ocrx_word' id='word_1_199' title='bbox 257 3862 405 3940; x_wconf 88' lang='lat' dir='ltr'><strong>sissetque</strong></span> <span class='ocrx_word' id='word_1_200' title='bbox 420 3862 457 3924; x_wconf 98' lang='lat' dir='ltr'><strong>ad</strong></span> <span class='ocrx_word' id='word_1_201' title='bbox 475 3861 556 3924; x_wconf 89' lang='lat' dir='ltr'><strong>banc</strong></span> <span class='ocrx_word' id='word_1_202' title='bbox 576 3862 716 3926; x_wconf 92' lang='lat' dir='ltr'><strong>eamdem</strong></span> <span class='ocrx_word' id='word_1_203' title='bbox 737 3880 852 3926; x_wconf 87' lang='lat' dir='ltr'><strong>sacram</strong></span> <span class='ocrx_word' id='word_1_204' title='bbox 868 3867 1005 3944; x_wconf 79' lang='lat' dir='ltr'><strong>Congre-</strong></span> 
     </span>
     <span class='ocr_line' id='line_1_37' title="bbox 259 3955 1004 4035; baseline 0.011 -21"><span class='ocrx_word' id='word_1_205' title='bbox 259 3955 416 4032; x_wconf 92' lang='lat' dir='ltr'><strong>gationem</strong></span> <span class='ocrx_word' id='word_1_206' title='bbox 443 3970 498 4033; x_wconf 89' lang='lat' dir='ltr'><strong>pro</strong></span> <span class='ocrx_word' id='word_1_207' title='bbox 525 3955 742 4033; x_wconf 88' lang='lat' dir='ltr'><strong>approbatione</strong></span> <span class='ocrx_word' id='word_1_208' title='bbox 769 3958 945 4035; x_wconf 89' lang='lat' dir='ltr'><strong>apostolica,</strong></span> <span class='ocrx_word' id='word_1_209' title='bbox 970 3979 1004 4022; x_wconf 90' lang='lat' dir='ltr'><strong>ac</strong></span> 
     </span>
    </p>
   </div>
   <div class='ocr_carea' id='block_1_5' title="bbox 258 4045 1017 4126">
    <p class='ocr_par' dir='ltr' id='par_1_5' title="bbox 258 4045 1017 4126">
     <span class='ocr_line' id='line_1_38' title="bbox 258 4045 1017 4126; baseline 0.008 -18"><span class='ocrx_word' id='word_1_210' title='bbox 258 4055 396 4125; x_wconf 86' lang='lat' dir='ltr'><strong>precatus</strong></span> <span class='ocrx_word' id='word_1_211' title='bbox 410 4051 501 4121; x_wconf 86' lang='lat' dir='ltr'><strong>esset,</strong></span> <span class='ocrx_word' id='word_1_212' title='bbox 517 4055 553 4107; x_wconf 90' lang='lat' dir='ltr'><strong>ut</strong></span> <span class='ocrx_word' id='word_1_213' title='bbox 568 4045 634 4109; x_wconf 91' lang='lat' dir='ltr'><strong>loco</strong></span> <span class='ocrx_word' id='word_1_214' title='bbox 653 4047 842 4126; x_wconf 86' lang='lat' dir='ltr'><strong>simplicium</strong></span> <span class='ocrx_word' id='word_1_215' title='bbox 857 4059 1017 4113; x_wconf 86' lang='lat' dir='ltr'><strong>votorum·</strong></span> 
     </span>
    </p>
   </div>
   <div class='ocr_carea' id='block_1_6' title="bbox 254 4137 1003 5993">
    <p class='ocr_par' dir='ltr' id='par_1_6' title="bbox 254 4137 1003 5993">
     <span class='ocr_line' id='line_1_39' title="bbox 258 4137 1003 4222; baseline 0.008 -22"><span class='ocrx_word' id='word_1_216' title='bbox 258 4147 405 4202; x_wconf 84' lang='lat' dir='ltr'><strong>consueta</strong></span> <span class='ocrx_word' id='word_1_217' title='bbox 425 4137 586 4216; x_wconf 91' lang='lat' dir='ltr'><strong>religionis</strong></span> <span class='ocrx_word' id='word_1_218' title='bbox 601 4147 671 4200; x_wconf 87' lang='lat' dir='ltr'><strong>vota</strong></span> <span class='ocrx_word' id='word_1_219' title='bbox 685 4139 836 4204; x_wconf 92' lang='lat' dir='ltr'><strong>solemnia</strong></span> <span class='ocrx_word' id='word_1_220' title='bbox 857 4143 889 4205; x_wconf 93' lang='lat' dir='ltr'><strong>in</strong></span> <span class='ocrx_word' id='word_1_221' title='bbox 905 4150 1003 4222; x_wconf 88' lang='lat' dir='ltr'><strong>poste-</strong></span> 
     </span>
     <span class='ocr_line' id='line_1_40' title="bbox 258 4232 1001 4312; baseline 0.005 -18"><span class='ocrx_word' id='word_1_222' title='bbox 258 4249 329 4296; x_wconf 91' lang='lat' dir='ltr'><strong>rum</strong></span> <span class='ocrx_word' id='word_1_223' title='bbox 350 4234 388 4296; x_wconf 88' lang='lat' dir='ltr'><strong>ab</strong></span> <span class='ocrx_word' id='word_1_224' title='bbox 413 4232 486 4312; x_wconf 92' lang='lat' dir='ltr'><strong>ipsis</strong></span> <span class='ocrx_word' id='word_1_225' title='bbox 513 4233 687 4310; x_wconf 89' lang='lat' dir='ltr'><strong>virginibus</strong></span> <span class='ocrx_word' id='word_1_226' title='bbox 712 4235 814 4297; x_wconf 89' lang='lat' dir='ltr'><strong>emitti</strong></span> <span class='ocrx_word' id='word_1_227' title='bbox 840 4237 1001 4312; x_wconf 90' lang='lat' dir='ltr'><strong>deberent,</strong></span> 
     </span>
     <span class='ocr_line' id='line_1_41' title="bbox 257 4325 1002 4408; baseline 0.004 -21"><span class='ocrx_word' id='word_1_228' title='bbox 257 4333 366 4404; x_wconf 87' lang='lat' dir='ltr'><strong>quarto</strong></span> <span class='ocrx_word' id='word_1_229' title='bbox 388 4327 481 4388; x_wconf 91' lang='lat' dir='ltr'><strong>etiam</strong></span> <span class='ocrx_word' id='word_1_230' title='bbox 502 4325 635 4388; x_wconf 88' lang='lat' dir='ltr'><strong>solemni</strong></span> <span class='ocrx_word' id='word_1_231' title='bbox 657 4336 730 4391; x_wconf 84' lang='lat' dir='ltr'><strong>voto</strong></span> <span class='ocrx_word' id='word_1_232' title='bbox 751 4328 864 4403; x_wconf 86' lang='lat' dir='ltr'><strong>addito,</strong></span> <span class='ocrx_word' id='word_1_233' title='bbox 887 4329 1002 4408; x_wconf 89' lang='lat' dir='ltr'><strong>puellas</strong></span> 
     </span>
     <span class='ocr_line' id='line_1_42' title="bbox 256 4417 1001 4496; baseline 0.007 -17"><span class='ocrx_word' id='word_1_234' title='bbox 256 4417 438 4496; x_wconf 89' lang='lat' dir='ltr'><strong>praesertim</strong></span> <span class='ocrx_word' id='word_1_235' title='bbox 467 4433 617 4496; x_wconf 89' lang='lat' dir='ltr'><strong>pauperes</strong></span> <span class='ocrx_word' id='word_1_236' title='bbox 642 4419 803 4495; x_wconf 87' lang='lat' dir='ltr'><strong>educandi,</strong></span> <span class='ocrx_word' id='word_1_237' title='bbox 825 4423 948 4484; x_wconf 91' lang='lat' dir='ltr'><strong>easdem</strong></span> <span class='ocrx_word' id='word_1_238' title='bbox 970 4423 1001 4484; x_wconf 93' lang='lat' dir='ltr'><strong>in</strong></span> 
     </span>
     <span class='ocr_line' id='line_1_43' title="bbox 256 4511 1001 4590; baseline 0.004 -17"><span class='ocrx_word' id='word_1_239' title='bbox 256 4511 417 4590; x_wconf 86' lang='lat' dir='ltr'><strong>religionis</strong></span> <span class='ocrx_word' id='word_1_240' title='bbox 444 4513 615 4590; x_wconf 87' lang='lat' dir='ltr'><strong>praeceptis</strong></span> <span class='ocrx_word' id='word_1_241' title='bbox 643 4512 819 4576; x_wconf 87' lang='lat' dir='ltr'><strong>erudiendi:</strong></span> <span class='ocrx_word' id='word_1_242' title='bbox 854 4512 889 4576; x_wconf 87' lang='lat' dir='ltr'><strong>ld</strong></span> <span class='ocrx_word' id='word_1_243' title='bbox 917 4515 1001 4576; x_wconf 85' lang='lat' dir='ltr'><strong>cuim</strong></span> 
     </span>
     <span class='ocr_line' id='line_1_44' title="bbox 256 4605 1001 4688; baseline -0.004 -17"><span class='ocrx_word' id='word_1_244' title='bbox 256 4607 304 4688; x_wconf 86' lang='lat' dir='ltr'><strong>(ut</strong></span> <span class='ocrx_word' id='word_1_245' title='bbox 318 4607 384 4686; x_wconf 89' lang='lat' dir='ltr'><strong>ipse</strong></span> <span class='ocrx_word' id='word_1_246' title='bbox 400 4613 529 4669; x_wconf 90' lang='lat' dir='ltr'><strong>testatur</strong></span> <span class='ocrx_word' id='word_1_247' title='bbox 547 4605 728 4685; x_wconf 87' lang='lat' dir='ltr'><strong>Episcopus)</strong></span> <span class='ocrx_word' id='word_1_248' title='bbox 743 4623 846 4668; x_wconf 84' lang='lat' dir='ltr'><strong>omues</strong></span> <span class='ocrx_word' id='word_1_249' title='bbox 862 4608 1001 4671; x_wconf 83' lang='lat' dir='ltr'><strong>eiusdem</strong></span> 
     </span>
     <span class='ocr_line' id='line_1_45' title="bbox 256 4699 1001 4780; baseline 0 -17"><span class='ocrx_word' id='word_1_250' title='bbox 256 4701 408 4764; x_wconf 79' lang='lat' dir='ltr'><strong>instituti</strong></span> <span class='ocrx_word' id='word_1_251' title='bbox 433 4700 575 4780; x_wconf 80' lang='lat' dir='ltr'><strong>virgiaco</strong></span> <span class='ocrx_word' id='word_1_252' title='bbox 601 4700 775 4776; x_wconf 81' lang='lat' dir='ltr'><strong>impensius</strong></span> <span class='ocrx_word' id='word_1_253' title='bbox 803 4699 1001 4780; x_wconf 78' lang='lat' dir='ltr'><strong>efflupitaut;</strong></span> 
     </span>
     <span class='ocr_line' id='line_1_46' title="bbox 256 4791 1003 4874; baseline -0.001 -17"><span class='ocrx_word' id='word_1_254' title='bbox 256 4795 341 4858; x_wconf 87' lang='lat' dir='ltr'><strong>uude</strong></span> <span class='ocrx_word' id='word_1_255' title='bbox 364 4793 473 4855; x_wconf 84' lang='lat' dir='ltr'><strong>oritur</strong></span> <span class='ocrx_word' id='word_1_256' title='bbox 494 4793 644 4854; x_wconf 81' lang='lat' dir='ltr'><strong>instituti</strong></span> <span class='ocrx_word' id='word_1_257' title='bbox 665 4791 881 4856; x_wconf 74' lang='lat' dir='ltr'><strong>stabilitatae</strong></span> <span class='ocrx_word' id='word_1_258' title='bbox 901 4797 1003 4874; x_wconf 77' lang='lat' dir='ltr'><strong>perfe-</strong></span> 
     </span>
     <span class='ocr_line' id='line_1_47' title="bbox 256 4879 1003 4966; baseline 0 -16"><span class='ocrx_word' id='word_1_259' title='bbox 256 4879 331 4962; x_wconf 85' lang='lat' dir='ltr'><strong>cta&#39;o,</strong></span> <span class='ocrx_word' id='word_1_260' title='bbox 355 4887 390 4951; x_wconf 86' lang='lat' dir='ltr'><strong>ab</strong></span> <span class='ocrx_word' id='word_1_261' title='bbox 412 4888 506 4950; x_wconf 82' lang='lat' dir='ltr'><strong>cuius</strong></span> <span class='ocrx_word' id='word_1_262' title='bbox 528 4889 687 4966; x_wconf 77' lang='lat' dir='ltr'><strong>defectum</strong></span> <span class='ocrx_word' id='word_1_263' title='bbox 701 4887 877 4951; x_wconf 86' lang='lat' dir='ltr'><strong>uouaultae</strong></span> <span class='ocrx_word' id='word_1_264' title='bbox 898 4893 1003 4950; x_wconf 85' lang='lat' dir='ltr'><strong>retra-</strong></span> 
     </span>
     <span class='ocr_line' id='line_1_48' title="bbox 256 4981 1000 5061; baseline 0.008 -19"><span class='ocrx_word' id='word_1_265' title='bbox 256 4982 413 5044; x_wconf 82' lang='lat' dir='ltr'><strong>ltereatur</strong></span> <span class='ocrx_word' id='word_1_266' title='bbox 436 4981 578 5061; x_wconf 72' lang='lat' dir='ltr'><strong>uirgines</strong></span> <span class='ocrx_word' id='word_1_267' title='bbox 600 4981 683 5045; x_wconf 83' lang='lat' dir='ltr'><strong>allus</strong></span> <span class='ocrx_word' id='word_1_268' title='bbox 708 4983 797 5047; x_wconf 86' lang='lat' dir='ltr'><strong>valde</strong></span> <span class='ocrx_word' id='word_1_269' title='bbox 819 4983 950 5046; x_wconf 80' lang='lat' dir='ltr'><strong>idoneae</strong></span> <span class='ocrx_word' id='word_1_270' title='bbox 971 4991 1000 5048; x_wconf 89' lang='lat' dir='ltr'><strong>et</strong></span> 
     </span>
     <span class='ocr_line' id='line_1_49' title="bbox 256 5073 1001 5154; baseline 0.003 -18"><span class='ocrx_word' id='word_1_271' title='bbox 256 5073 325 5136; x_wconf 79' lang='lat' dir='ltr'><strong>acto</strong></span> <span class='ocrx_word' id='word_1_272' title='bbox 345 5074 469 5154; x_wconf 77' lang='lat' dir='ltr'><strong>gloriae</strong></span> <span class='ocrx_word' id='word_1_273' title='bbox 491 5074 547 5135; x_wconf 84' lang='lat' dir='ltr'><strong>Dei</strong></span> <span class='ocrx_word' id='word_1_274' title='bbox 576 5080 761 5139; x_wconf 81' lang='lat' dir='ltr'><strong>aestuantes</strong></span> <span class='ocrx_word' id='word_1_275' title='bbox 782 5075 821 5140; x_wconf 87' lang='lat' dir='ltr'><strong>ab</strong></span> <span class='ocrx_word' id='word_1_276' title='bbox 842 5076 899 5138; x_wconf 83' lang='lat' dir='ltr'><strong>illo</strong></span> <span class='ocrx_word' id='word_1_277' title='bbox 921 5095 1001 5139; x_wconf 88' lang='lat' dir='ltr'><strong>com·</strong></span> 
     </span>
     <span class='ocr_line' id='line_1_50' title="bbox 254 5169 1000 5248; baseline 0.004 -17"><span class='ocrx_word' id='word_1_278' title='bbox 254 5169 430 5246; x_wconf 87' lang='lat' dir='ltr'><strong>ptecteodo.</strong></span> <span class='ocrx_word' id='word_1_279' title='bbox 453 5169 700 5230; x_wconf 84' lang='lat' dir='ltr'><strong>Eminentissimi</strong></span> <span class='ocrx_word' id='word_1_280' title='bbox 722 5177 823 5248; x_wconf 88' lang='lat' dir='ltr'><strong>patres</strong></span> <span class='ocrx_word' id='word_1_281' title='bbox 845 5171 936 5234; x_wconf 90' lang='lat' dir='ltr'><strong>buius</strong></span> <span class='ocrx_word' id='word_1_282' title='bbox 957 5189 1000 5234; x_wconf 90' lang='lat' dir='ltr'><strong>sa·</strong></span> 
     </span>
     <span class='ocr_line' id='line_1_51' title="bbox 255 5261 1001 5345; baseline 0.005 -20"><span class='ocrx_word' id='word_1_283' title='bbox 255 5280 325 5326; x_wconf 89' lang='lat' dir='ltr'><strong>crae</strong></span> <span class='ocrx_word' id='word_1_284' title='bbox 340 5261 597 5340; x_wconf 79' lang='lat' dir='ltr'><strong>congregationis</strong></span> <span class='ocrx_word' id='word_1_285' title='bbox 612 5279 645 5324; x_wconf 91' lang='lat' dir='ltr'><strong>re</strong></span> <span class='ocrx_word' id='word_1_286' title='bbox 661 5263 747 5324; x_wconf 89' lang='lat' dir='ltr'><strong>bene·</strong></span> <span class='ocrx_word' id='word_1_287' title='bbox 760 5279 894 5343; x_wconf 81' lang='lat' dir='ltr'><strong>expensa</strong></span> <span class='ocrx_word' id='word_1_288' title='bbox 910 5275 1001 5345; x_wconf 85' lang='lat' dir='ltr'><strong>atque</strong></span> 
     </span>
     <span class='ocr_line' id='line_1_52' title="bbox 255 5355 1001 5434; baseline 0.003 -17"><span class='ocrx_word' id='word_1_289' title='bbox 255 5355 438 5432; x_wconf 81' lang='lat' dir='ltr'><strong>examinata,</strong></span> <span class='ocrx_word' id='word_1_290' title='bbox 455 5362 522 5434; x_wconf 93' lang='lat' dir='ltr'><strong>post</strong></span> <span class='ocrx_word' id='word_1_291' title='bbox 537 5357 786 5418; x_wconf 89' lang='lat' dir='ltr'><strong>emendationem</strong></span> <span class='ocrx_word' id='word_1_292' title='bbox 797 5365 829 5432; x_wconf 90' lang='lat' dir='ltr'><strong>et</strong></span> <span class='ocrx_word' id='word_1_293' title='bbox 840 5359 1001 5420; x_wconf 91' lang='lat' dir='ltr'><strong>correctio-</strong></span> 
     </span>
     <span class='ocr_line' id='line_1_53' title="bbox 256 5447 1001 5526; baseline 0.003 -14"><span class='ocrx_word' id='word_1_294' title='bbox 256 5463 329 5512; x_wconf 90' lang='lat' dir='ltr'><strong>nem</strong></span> <span class='ocrx_word' id='word_1_295' title='bbox 351 5449 533 5512; x_wconf 86' lang='lat' dir='ltr'><strong>earundem</strong></span> <span class='ocrx_word' id='word_1_296' title='bbox 554 5447 734 5526; x_wconf 88' lang='lat' dir='ltr'><strong>regularum</strong></span> <span class='ocrx_word' id='word_1_297' title='bbox 756 5458 786 5511; x_wconf 90' lang='lat' dir='ltr'><strong>et</strong></span> <span class='ocrx_word' id='word_1_298' title='bbox 807 5452 1001 5514; x_wconf 90' lang='lat' dir='ltr'><strong>constitutio·</strong></span> 
     </span>
     <span class='ocr_line' id='line_1_54' title="bbox 256 5542 1002 5620; baseline 0.004 -17"><span class='ocrx_word' id='word_1_299' title='bbox 256 5557 333 5604; x_wconf 91' lang='lat' dir='ltr'><strong>num</strong></span> <span class='ocrx_word' id='word_1_300' title='bbox 351 5542 387 5604; x_wconf 92' lang='lat' dir='ltr'><strong>ad</strong></span> <span class='ocrx_word' id='word_1_301' title='bbox 398 5557 541 5604; x_wconf 91' lang='lat' dir='ltr'><strong>normam</strong></span> <span class='ocrx_word' id='word_1_302' title='bbox 552 5542 684 5620; x_wconf 80' lang='lat' dir='ltr'><strong>exempli</strong></span> <span class='ocrx_word' id='word_1_303' title='bbox 695 5557 786 5620; x_wconf 86' lang='lat' dir='ltr'><strong>supra</strong></span> <span class='ocrx_word' id='word_1_304' title='bbox 801 5543 920 5605; x_wconf 83' lang='lat' dir='ltr'><strong>extensi</strong></span> <span class='ocrx_word' id='word_1_305' title='bbox 931 5560 1002 5607; x_wconf 90' lang='lat' dir='ltr'><strong>cen·</strong></span> 
     </span>
     <span class='ocr_line' id='line_1_55' title="bbox 255 5634 1001 5717; baseline 0.008 -22"><span class='ocrx_word' id='word_1_306' title='bbox 255 5643 385 5697; x_wconf 89' lang='lat' dir='ltr'><strong>suerunt</strong></span> <span class='ocrx_word' id='word_1_307' title='bbox 407 5634 641 5713; x_wconf 90' lang='lat' dir='ltr'><strong>supplicandum</strong></span> <span class='ocrx_word' id='word_1_308' title='bbox 656 5651 722 5696; x_wconf 92' lang='lat' dir='ltr'><strong>esse</strong></span> <span class='ocrx_word' id='word_1_309' title='bbox 737 5635 934 5698; x_wconf 89' lang='lat' dir='ltr'><strong>Sanctissimo</strong></span> <span class='ocrx_word' id='word_1_310' title='bbox 945 5654 1001 5717; x_wconf 85' lang='lat' dir='ltr'><strong>pro</strong></span> 
     </span>
     <span class='ocr_line' id='line_1_56' title="bbox 256 5728 1001 5805; baseline 0.003 -15"><span class='ocrx_word' id='word_1_311' title='bbox 256 5729 435 5791; x_wconf 88' lang='lat' dir='ltr'><strong>earumdem</strong></span> <span class='ocrx_word' id='word_1_312' title='bbox 470 5728 651 5805; x_wconf 89' lang='lat' dir='ltr'><strong>regularum</strong></span> <span class='ocrx_word' id='word_1_313' title='bbox 682 5734 713 5789; x_wconf 93' lang='lat' dir='ltr'><strong>et</strong></span> <span class='ocrx_word' id='word_1_314' title='bbox 742 5730 1001 5794; x_wconf 91' lang='lat' dir='ltr'><strong>constitutionum</strong></span> 
     </span>
     <span class='ocr_line' id='line_1_57' title="bbox 256 5821 1002 5900; baseline 0.007 -20"><span class='ocrx_word' id='word_1_315' title='bbox 256 5821 491 5900; x_wconf 85' lang='lat' dir='ltr'><strong>approbatione3</strong></span> <span class='ocrx_word' id='word_1_316' title='bbox 510 5837 544 5883; x_wconf 94' lang='lat' dir='ltr'><strong>ac</strong></span> <span class='ocrx_word' id='word_1_317' title='bbox 557 5837 613 5898; x_wconf 91' lang='lat' dir='ltr'><strong>pro</strong></span> <span class='ocrx_word' id='word_1_318' title='bbox 627 5821 759 5897; x_wconf 89' lang='lat' dir='ltr'><strong>indulto,</strong></span> <span class='ocrx_word' id='word_1_319' title='bbox 776 5830 810 5885; x_wconf 91' lang='lat' dir='ltr'><strong>ut</strong></span> <span class='ocrx_word' id='word_1_320' title='bbox 823 5838 925 5885; x_wconf 89' lang='lat' dir='ltr'><strong>sacrae</strong></span> <span class='ocrx_word' id='word_1_321' title='bbox 939 5825 1002 5885; x_wconf 85' lang='lat' dir='ltr'><strong>vir·</strong></span> 
     </span>
     <span class='ocr_line' id='line_1_58' title="bbox 256 5913 1000 5993; baseline 0.005 -19"><span class='ocrx_word' id='word_1_322' title='bbox 256 5915 355 5992; x_wconf 88' lang='lat' dir='ltr'><strong>gines,</strong></span> <span class='ocrx_word' id='word_1_323' title='bbox 372 5913 494 5993; x_wconf 88' lang='lat' dir='ltr'><strong>expleto</strong></span> <span class='ocrx_word' id='word_1_324' title='bbox 510 5914 655 5993; x_wconf 82' lang='lat' dir='ltr'><strong>tyrocinii</strong></span> <span class='ocrx_word' id='word_1_325' title='bbox 677 5923 827 5992; x_wconf 90' lang='lat' dir='ltr'><strong>tempore,</strong></span> <span class='ocrx_word' id='word_1_326' title='bbox 840 5917 874 5978; x_wconf 89' lang='lat' dir='ltr'><strong>ad</strong></span> <span class='ocrx_word' id='word_1_327' title='bbox 889 5914 1000 5978; x_wconf 91' lang='lat' dir='ltr'><strong>solem·</strong></span> 
     </span>
    </p>
   </div>
   <div class='ocr_carea' id='block_1_7' title="bbox 1056 692 1805 2623">
    <p class='ocr_par' dir='ltr' id='par_1_7' title="bbox 1057 692 1805 1613">
     <span class='ocr_line' id='line_1_59' title="bbox 1058 692 1803 773; baseline -0.003 -17"><span class='ocrx_word' id='word_1_328' title='bbox 1058 711 1132 757; x_wconf 90' lang='lat' dir='ltr'><strong>nem</strong></span> <span class='ocrx_word' id='word_1_329' title='bbox 1143 701 1290 757; x_wconf 91' lang='lat' dir='ltr'><strong>votorum</strong></span> <span class='ocrx_word' id='word_1_330' title='bbox 1301 693 1523 773; x_wconf 80' lang='lat' dir='ltr'><strong>professionem</strong></span> <span class='ocrx_word' id='word_1_331' title='bbox 1535 692 1656 757; x_wconf 90' lang='lat' dir='ltr'><strong>admitti</strong></span> <span class='ocrx_word' id='word_1_332' title='bbox 1669 692 1803 768; x_wconf 81' lang='lat' dir='ltr'><strong>valeant,</strong></span> 
     </span>
     <span class='ocr_line' id='line_1_60' title="bbox 1057 787 1803 872; baseline -0.003 -22"><span class='ocrx_word' id='word_1_333' title='bbox 1057 789 1159 850; x_wconf 90' lang='lat' dir='ltr'><strong>addito</strong></span> <span class='ocrx_word' id='word_1_334' title='bbox 1179 794 1288 867; x_wconf 89' lang='lat' dir='ltr'><strong>quarto</strong></span> <span class='ocrx_word' id='word_1_335' title='bbox 1310 797 1383 851; x_wconf 84' lang='lat' dir='ltr'><strong>voto</strong></span> <span class='ocrx_word' id='word_1_336' title='bbox 1398 788 1516 866; x_wconf 89' lang='lat' dir='ltr'><strong>puellas</strong></span> <span class='ocrx_word' id='word_1_337' title='bbox 1533 787 1714 872; x_wconf 87' lang='lat' dir='ltr'><strong>praesertim</strong></span> <span class='ocrx_word' id='word_1_338' title='bbox 1731 802 1803 864; x_wconf 93' lang='lat' dir='ltr'><strong>pau·</strong></span> 
     </span>
     <span class='ocr_line' id='line_1_61' title="bbox 1059 879 1803 960; baseline -0.005 -16"><span class='ocrx_word' id='word_1_339' title='bbox 1059 897 1145 960; x_wconf 90' lang='lat' dir='ltr'><strong>peres</strong></span> <span class='ocrx_word' id='word_1_340' title='bbox 1166 881 1318 943; x_wconf 88' lang='lat' dir='ltr'><strong>educandi</strong></span> <span class='ocrx_word' id='word_1_341' title='bbox 1338 897 1371 942; x_wconf 90' lang='lat' dir='ltr'><strong>ac</strong></span> <span class='ocrx_word' id='word_1_342' title='bbox 1393 880 1425 942; x_wconf 92' lang='lat' dir='ltr'><strong>in</strong></span> <span class='ocrx_word' id='word_1_343' title='bbox 1446 880 1612 943; x_wconf 87' lang='lat' dir='ltr'><strong>catholicoe</strong></span> <span class='ocrx_word' id='word_1_344' title='bbox 1633 879 1704 942; x_wconf 86' lang='lat' dir='ltr'><strong>fidei</strong></span> <span class='ocrx_word' id='word_1_345' title='bbox 1719 880 1803 941; x_wconf 89' lang='lat' dir='ltr'><strong>rudi-</strong></span> 
     </span>
     <span class='ocr_line' id='line_1_62' title="bbox 1058 973 1802 1052; baseline -0.001 -15"><span class='ocrx_word' id='word_1_346' title='bbox 1058 975 1173 1037; x_wconf 89' lang='lat' dir='ltr'><strong>mentis</strong></span> <span class='ocrx_word' id='word_1_347' title='bbox 1194 992 1227 1036; x_wconf 91' lang='lat' dir='ltr'><strong>ac</strong></span> <span class='ocrx_word' id='word_1_348' title='bbox 1248 975 1416 1052; x_wconf 90' lang='lat' dir='ltr'><strong>praeceptis</strong></span> <span class='ocrx_word' id='word_1_349' title='bbox 1438 973 1609 1048; x_wconf 89' lang='lat' dir='ltr'><strong>imbuendi,</strong></span> <span class='ocrx_word' id='word_1_350' title='bbox 1627 974 1668 1034; x_wconf 89' lang='lat' dir='ltr'><strong>ita</strong></span> <span class='ocrx_word' id='word_1_351' title='bbox 1685 981 1802 1049; x_wconf 70' lang='lat' dir='ltr'><strong>tamem</strong></span> 
     </span>
     <span class='ocr_line' id='line_1_63' title="bbox 1059 1067 1805 1148; baseline -0.003 -16"><span class='ocrx_word' id='word_1_352' title='bbox 1059 1077 1093 1132; x_wconf 89' lang='lat' dir='ltr'><strong>ut</strong></span> <span class='ocrx_word' id='word_1_353' title='bbox 1114 1086 1131 1131; x_wconf 93' lang='lat' dir='ltr'><strong>e</strong></span> <span class='ocrx_word' id='word_1_354' title='bbox 1153 1069 1331 1132; x_wconf 88' lang='lat' dir='ltr'><strong>monasterii</strong></span> <span class='ocrx_word' id='word_1_355' title='bbox 1352 1070 1446 1146; x_wconf 89' lang='lat' dir='ltr'><strong>septis</strong></span> <span class='ocrx_word' id='word_1_356' title='bbox 1467 1067 1539 1148; x_wconf 91' lang='lat' dir='ltr'><strong>(nisi</strong></span> <span class='ocrx_word' id='word_1_357' title='bbox 1558 1068 1746 1144; x_wconf 85' lang='lat' dir='ltr'><strong>gravissimis</strong></span> <span class='ocrx_word' id='word_1_358' title='bbox 1766 1070 1805 1131; x_wconf 91' lang='lat' dir='ltr'><strong>de</strong></span> 
     </span>
     <span class='ocr_line' id='line_1_64' title="bbox 1057 1158 1803 1243; baseline -0.003 -19"><span class='ocrx_word' id='word_1_359' title='bbox 1057 1163 1155 1224; x_wconf 89' lang='lat' dir='ltr'><strong>causis</strong></span> <span class='ocrx_word' id='word_1_360' title='bbox 1170 1179 1185 1222; x_wconf 90' lang='lat' dir='ltr'><strong>a</strong></span> <span class='ocrx_word' id='word_1_361' title='bbox 1200 1163 1267 1223; x_wconf 89' lang='lat' dir='ltr'><strong>iure</strong></span> <span class='ocrx_word' id='word_1_362' title='bbox 1287 1160 1426 1243; x_wconf 88' lang='lat' dir='ltr'><strong>sancitis)</strong></span> <span class='ocrx_word' id='word_1_363' title='bbox 1446 1161 1553 1238; x_wconf 90' lang='lat' dir='ltr'><strong>egredi</strong></span> <span class='ocrx_word' id='word_1_364' title='bbox 1567 1167 1736 1239; x_wconf 85' lang='lat' dir='ltr'><strong>nequeant;</strong></span> <span class='ocrx_word' id='word_1_365' title='bbox 1752 1158 1803 1222; x_wconf 93' lang='lat' dir='ltr'><strong>de-</strong></span> 
     </span>
     <span class='ocr_line' id='line_1_65' title="bbox 1058 1253 1803 1335; baseline -0.001 -20"><span class='ocrx_word' id='word_1_366' title='bbox 1058 1255 1192 1330; x_wconf 88' lang='lat' dir='ltr'><strong>rogando</strong></span> <span class='ocrx_word' id='word_1_367' title='bbox 1213 1253 1379 1335; x_wconf 85' lang='lat' dir='ltr'><strong>(quatenos</strong></span> <span class='ocrx_word' id='word_1_368' title='bbox 1395 1269 1471 1332; x_wconf 92' lang='lat' dir='ltr'><strong>opus</strong></span> <span class='ocrx_word' id='word_1_369' title='bbox 1485 1254 1538 1332; x_wconf 93' lang='lat' dir='ltr'><strong>sit)</strong></span> <span class='ocrx_word' id='word_1_370' title='bbox 1559 1253 1647 1315; x_wconf 91' lang='lat' dir='ltr'><strong>alteri</strong></span> <span class='ocrx_word' id='word_1_371' title='bbox 1661 1253 1803 1316; x_wconf 92' lang='lat' dir='ltr'><strong>iniuncto</strong></span> 
     </span>
     <span class='ocr_line' id='line_1_66' title="bbox 1058 1343 1804 1423; baseline -0.003 -15"><span class='ocrx_word' id='word_1_372' title='bbox 1058 1347 1146 1408; x_wconf 90' lang='lat' dir='ltr'><strong>oneri</strong></span> <span class='ocrx_word' id='word_1_373' title='bbox 1162 1347 1194 1408; x_wconf 93' lang='lat' dir='ltr'><strong>in</strong></span> <span class='ocrx_word' id='word_1_374' title='bbox 1210 1346 1308 1410; x_wconf 92' lang='lat' dir='ltr'><strong>literis</strong></span> <span class='ocrx_word' id='word_1_375' title='bbox 1325 1346 1470 1409; x_wconf 86' lang='lat' dir='ltr'><strong>brevibus</strong></span> <span class='ocrx_word' id='word_1_376' title='bbox 1491 1346 1536 1407; x_wconf 90' lang='lat' dir='ltr'><strong>Pii</strong></span> <span class='ocrx_word' id='word_1_377' title='bbox 1557 1345 1613 1407; x_wconf 86' lang='lat' dir='ltr'><strong>PP.</strong></span> <span class='ocrx_word' id='word_1_378' title='bbox 1631 1343 1681 1408; x_wconf 87' lang='lat' dir='ltr'><strong>Vl.</strong></span> <span class='ocrx_word' id='word_1_379' title='bbox 1699 1360 1804 1423; x_wconf 86' lang='lat' dir='ltr'><strong>sopra·</strong></span> 
     </span>
     <span class='ocr_line' id='line_1_67' title="bbox 1059 1439 1803 1519; baseline -0.003 -17"><span class='ocrx_word' id='word_1_380' title='bbox 1059 1441 1248 1513; x_wconf 90' lang='lat' dir='ltr'><strong>memoratis,</strong></span> <span class='ocrx_word' id='word_1_381' title='bbox 1280 1439 1437 1502; x_wconf 87' lang='lat' dir='ltr'><strong>invisendi</strong></span> <span class='ocrx_word' id='word_1_382' title='bbox 1450 1511 1453 1519; x_wconf 18' lang='grc' dir='ltr'><strong>Δ</strong></span> <span class='ocrx_word' id='word_1_383' title='bbox 1467 1439 1582 1500; x_wconf 90' lang='lat' dir='ltr'><strong>scilicet</strong></span> <span class='ocrx_word' id='word_1_384' title='bbox 1609 1445 1803 1514; x_wconf 89' lang='lat' dir='ltr'><strong>aegrotantes</strong></span> 
     </span>
     <span class='ocr_line' id='line_1_68' title="bbox 1059 1531 1627 1613; baseline -0.009 -16"><span class='ocrx_word' id='word_1_385' title='bbox 1059 1534 1205 1598; x_wconf 89' lang='lat' dir='ltr'><strong>mulieres</strong></span> <span class='ocrx_word' id='word_1_386' title='bbox 1227 1536 1260 1596; x_wconf 92' lang='lat' dir='ltr'><strong>iu</strong></span> <span class='ocrx_word' id='word_1_387' title='bbox 1281 1534 1412 1613; x_wconf 90' lang='lat' dir='ltr'><strong>publicis</strong></span> <span class='ocrx_word' id='word_1_388' title='bbox 1433 1531 1627 1595; x_wconf 87' lang='lat' dir='ltr'><strong>nosocomiis.</strong></span> 
     </span>
    </p>

    <p class='ocr_par' dir='ltr' id='par_1_8' title="bbox 1058 1624 1805 2356">
     <span class='ocr_line' id='line_1_69' title="bbox 1098 1624 1803 1703; baseline -0.006 -14"><span class='ocrx_word' id='word_1_389' title='bbox 1098 1629 1194 1703; x_wconf 86' lang='lat' dir='ltr'><strong>Quam</strong></span> <span class='ocrx_word' id='word_1_390' title='bbox 1215 1643 1317 1689; x_wconf 90' lang='lat' dir='ltr'><strong>sacrae</strong></span> <span class='ocrx_word' id='word_1_391' title='bbox 1338 1624 1587 1703; x_wconf 87' lang='lat' dir='ltr'><strong>congregationis</strong></span> <span class='ocrx_word' id='word_1_392' title='bbox 1614 1625 1803 1687; x_wconf 90' lang='lat' dir='ltr'><strong>sententiam</strong></span> 
     </span>
     <span class='ocr_line' id='line_1_70' title="bbox 1059 1716 1804 1784; baseline -0.007 0"><span class='ocrx_word' id='word_1_393' title='bbox 1059 1720 1257 1784; x_wconf 87' lang='lat' dir='ltr'><strong>Sanctissimo</strong></span> <span class='ocrx_word' id='word_1_394' title='bbox 1288 1720 1421 1781; x_wconf 86' lang='lat' dir='ltr'><strong>Domino</strong></span> <span class='ocrx_word' id='word_1_395' title='bbox 1449 1718 1560 1780; x_wconf 91' lang='lat' dir='ltr'><strong>Nostro</strong></span> <span class='ocrx_word' id='word_1_396' title='bbox 1586 1719 1618 1780; x_wconf 94' lang='lat' dir='ltr'><strong>in</strong></span> <span class='ocrx_word' id='word_1_397' title='bbox 1649 1716 1804 1780; x_wconf 88' lang='lat' dir='ltr'><strong>audientia</strong></span> 
     </span>
     <span class='ocr_line' id='line_1_71' title="bbox 1058 1810 1804 1889; baseline -0.004 -15"><span class='ocrx_word' id='word_1_398' title='bbox 1058 1814 1158 1876; x_wconf 89' lang='lat' dir='ltr'><strong>habita</strong></span> <span class='ocrx_word' id='word_1_399' title='bbox 1179 1815 1228 1878; x_wconf 89' lang='lat' dir='ltr'><strong>die</strong></span> <span class='ocrx_word' id='word_1_400' title='bbox 1249 1829 1349 1876; x_wconf 83' lang='lat' dir='ltr'><strong>xxvii.</strong></span> <span class='ocrx_word' id='word_1_401' title='bbox 1366 1812 1550 1889; x_wconf 90' lang='lat' dir='ltr'><strong>septembris</strong></span> <span class='ocrx_word' id='word_1_402' title='bbox 1570 1812 1710 1873; x_wconf 87' lang='lat' dir='ltr'><strong>eiusdem</strong></span> <span class='ocrx_word' id='word_1_403' title='bbox 1729 1810 1804 1873; x_wconf 91' lang='lat' dir='ltr'><strong>anni</strong></span> 
     </span>
     <span class='ocr_line' id='line_1_72' title="bbox 1058 1903 1805 1984; baseline -0.003 -18"><span class='ocrx_word' id='word_1_404' title='bbox 1058 1923 1074 1966; x_wconf 87' lang='lat' dir='ltr'><strong>a</strong></span> <span class='ocrx_word' id='word_1_405' title='bbox 1090 1921 1141 1968; x_wconf 93' lang='lat' dir='ltr'><strong>me</strong></span> <span class='ocrx_word' id='word_1_406' title='bbox 1153 1906 1388 1984; x_wconf 72' lang='lat' dir='ltr'><strong>archiepiscopo</strong></span> <span class='ocrx_word' id='word_1_407' title='bbox 1403 1904 1538 1982; x_wconf 82' lang='lat' dir='ltr'><strong>Myrensi</strong></span> <span class='ocrx_word' id='word_1_408' title='bbox 1552 1909 1584 1965; x_wconf 93' lang='lat' dir='ltr'><strong>et</strong></span> <span class='ocrx_word' id='word_1_409' title='bbox 1598 1903 1690 1966; x_wconf 90' lang='lat' dir='ltr'><strong>buius</strong></span> <span class='ocrx_word' id='word_1_410' title='bbox 1704 1917 1805 1965; x_wconf 89' lang='lat' dir='ltr'><strong>sacrae</strong></span> 
     </span>
     <span class='ocr_line' id='line_1_73' title="bbox 1059 1995 1805 2076; baseline -0.007 -15"><span class='ocrx_word' id='word_1_411' title='bbox 1059 1999 1314 2076; x_wconf 76' lang='lat' dir='ltr'><strong>congregauonis</strong></span> <span class='ocrx_word' id='word_1_412' title='bbox 1338 1998 1501 2061; x_wconf 89' lang='lat' dir='ltr'><strong>secretorio</strong></span> <span class='ocrx_word' id='word_1_413' title='bbox 1522 1997 1661 2072; x_wconf 90' lang='lat' dir='ltr'><strong>relatam,</strong></span> <span class='ocrx_word' id='word_1_414' title='bbox 1687 1995 1805 2060; x_wconf 90' lang='lat' dir='ltr'><strong>Sancti-</strong></span> 
     </span>
     <span class='ocr_line' id='line_1_74' title="bbox 1058 2089 1802 2169; baseline -0.005 -15"><span class='ocrx_word' id='word_1_415' title='bbox 1058 2101 1103 2154; x_wconf 92' lang='lat' dir='ltr'><strong>tas</strong></span> <span class='ocrx_word' id='word_1_416' title='bbox 1132 2093 1191 2156; x_wconf 90' lang='lat' dir='ltr'><strong>Sua</strong></span> <span class='ocrx_word' id='word_1_417' title='bbox 1221 2092 1356 2168; x_wconf 89' lang='lat' dir='ltr'><strong>benigne</strong></span> <span class='ocrx_word' id='word_1_418' title='bbox 1384 2089 1561 2169; x_wconf 88' lang='lat' dir='ltr'><strong>approbarit</strong></span> <span class='ocrx_word' id='word_1_419' title='bbox 1588 2091 1621 2152; x_wconf 92' lang='lat' dir='ltr'><strong>in</strong></span> <span class='ocrx_word' id='word_1_420' title='bbox 1646 2089 1802 2165; x_wconf 90' lang='lat' dir='ltr'><strong>omnibus,</strong></span> 
     </span>
     <span class='ocr_line' id='line_1_75' title="bbox 1059 2183 1804 2264; baseline -0.003 -18"><span class='ocrx_word' id='word_1_421' title='bbox 1059 2184 1225 2263; x_wconf 85' lang='lat' dir='ltr'><strong>literasque</strong></span> <span class='ocrx_word' id='word_1_422' title='bbox 1246 2184 1422 2264; x_wconf 88' lang='lat' dir='ltr'><strong>apostolicas</strong></span> <span class='ocrx_word' id='word_1_423' title='bbox 1443 2185 1476 2247; x_wconf 92' lang='lat' dir='ltr'><strong>in</strong></span> <span class='ocrx_word' id='word_1_424' title='bbox 1497 2185 1595 2247; x_wconf 92' lang='lat' dir='ltr'><strong>forma</strong></span> <span class='ocrx_word' id='word_1_425' title='bbox 1624 2183 1731 2245; x_wconf 85' lang='lat' dir='ltr'><strong>Brevis</strong></span> <span class='ocrx_word' id='word_1_426' title='bbox 1752 2199 1804 2246; x_wconf 81' lang='lat' dir='ltr'><strong>en·</strong></span> 
     </span>
     <span class='ocr_line' id='line_1_76' title="bbox 1058 2278 1277 2356; baseline -0.014 -16"><span class='ocrx_word' id='word_1_427' title='bbox 1058 2279 1156 2356; x_wconf 89' lang='lat' dir='ltr'><strong>pediri</strong></span> <span class='ocrx_word' id='word_1_428' title='bbox 1178 2278 1277 2340; x_wconf 89' lang='lat' dir='ltr'><strong>iussit.</strong></span> 
     </span>
    </p>

    <p class='ocr_par' dir='ltr' id='par_1_9' title="bbox 1056 2367 1802 2623">
     <span class='ocr_line' id='line_1_77' title="bbox 1097 2367 1802 2435; baseline -0.006 -1"><span class='ocrx_word' id='word_1_429' title='bbox 1097 2373 1207 2435; x_wconf 89' lang='lat' dir='ltr'><strong>Datum</strong></span> <span class='ocrx_word' id='word_1_430' title='bbox 1219 2372 1333 2434; x_wconf 86' lang='lat' dir='ltr'><strong>Romae</strong></span> <span class='ocrx_word' id='word_1_431' title='bbox 1345 2388 1382 2434; x_wconf 82' lang='lat' dir='ltr'><strong>ox</strong></span> <span class='ocrx_word' id='word_1_432' title='bbox 1394 2371 1519 2433; x_wconf 90' lang='lat' dir='ltr'><strong>oedibus</strong></span> <span class='ocrx_word' id='word_1_433' title='bbox 1530 2370 1667 2432; x_wconf 87' lang='lat' dir='ltr'><strong>eiusdem</strong></span> <span class='ocrx_word' id='word_1_434' title='bbox 1680 2367 1711 2432; x_wconf 91' lang='lat' dir='ltr'><strong>S.</strong></span> <span class='ocrx_word' id='word_1_435' title='bbox 1724 2371 1802 2434; x_wconf 87' lang='lat' dir='ltr'><strong>Con·</strong></span> 
     </span>
     <span class='ocr_line' id='line_1_78' title="bbox 1059 2464 1799 2544; baseline -0.005 -17"><span class='ocrx_word' id='word_1_436' title='bbox 1059 2466 1246 2542; x_wconf 86' lang='lat' dir='ltr'><strong>gregationis</strong></span> <span class='ocrx_word' id='word_1_437' title='bbox 1275 2464 1313 2527; x_wconf 90' lang='lat' dir='ltr'><strong>de</strong></span> <span class='ocrx_word' id='word_1_438' title='bbox 1340 2465 1535 2544; x_wconf 90' lang='lat' dir='ltr'><strong>Propaganda</strong></span> <span class='ocrx_word' id='word_1_439' title='bbox 1566 2464 1640 2528; x_wconf 83' lang='lat' dir='ltr'><strong>Fide</strong></span> <span class='ocrx_word' id='word_1_440' title='bbox 1664 2465 1713 2527; x_wconf 90' lang='lat' dir='ltr'><strong>die</strong></span> <span class='ocrx_word' id='word_1_441' title='bbox 1734 2478 1799 2526; x_wconf 85' lang='lat' dir='ltr'><strong>xvi.</strong></span> 
     </span>
     <span class='ocr_line' id='line_1_79' title="bbox 1056 2557 1411 2623; baseline 0.003 -4"><span class='ocrx_word' id='word_1_442' title='bbox 1056 2557 1203 2621; x_wconf 91' lang='lat' dir='ltr'><strong>februarii</strong></span> <span class='ocrx_word' id='word_1_443' title='bbox 1224 2572 1363 2623; x_wconf 70' lang='lat' dir='ltr'><strong>unacco.</strong></span> <span class='ocrx_word' id='word_1_444' title='bbox 1406 2589 1411 2600; x_wconf 94' lang='lat'>·</span> 
     </span>
    </p>
   </div>
   <div class='ocr_carea' id='block_1_8' title="bbox 1176 2694 1773 2867">
    <p class='ocr_par' dir='ltr' id='par_1_10' title="bbox 1176 2694 1773 2867">
     <span class='ocr_line' id='line_1_80' title="bbox 1176 2694 1773 2774; baseline 0.003 -18"><span class='ocrx_word' id='word_1_445' title='bbox 1176 2694 1213 2756; x_wconf 84' lang='grc' dir='ltr'><strong>Α.</strong></span> <span class='ocrx_word' id='word_1_446' title='bbox 1237 2695 1325 2760; x_wconf 87' lang='lat' dir='ltr'><strong>Card.</strong></span> <span class='ocrx_word' id='word_1_447' title='bbox 1349 2695 1493 2772; x_wconf 85' lang='lat' dir='ltr'><strong>Dugnani</strong></span> <span class='ocrx_word' id='word_1_448' title='bbox 1514 2695 1773 2774; x_wconf 89' lang='lat' dir='ltr'><strong>pro-praefectus.</strong></span> 
     </span>
     <span class='ocr_line' id='line_1_81' title="bbox 1177 2786 1741 2867; baseline -0.002 -16"><span class='ocrx_word' id='word_1_449' title='bbox 1177 2789 1356 2851; x_wconf 88' lang='lat' dir='ltr'><strong>Dominicus</strong></span> <span class='ocrx_word' id='word_1_450' title='bbox 1370 2786 1514 2866; x_wconf 73' lang='lat' dir='ltr'><strong>brchiep.</strong></span> <span class='ocrx_word' id='word_1_451' title='bbox 1525 2789 1645 2867; x_wconf 80' lang='lat' dir='ltr'><strong>Myron.</strong></span> <span class='ocrx_word' id='word_1_452' title='bbox 1662 2804 1741 2852; x_wconf 87' lang='lat' dir='ltr'><strong>secr.</strong></span> 
     </span>
    </p>
   </div>
   <div class='ocr_carea' id='block_1_9' title="bbox 1114 2934 1350 3014">
    <p class='ocr_par' dir='ltr' id='par_1_11' title="bbox 1114 2934 1350 3014">
     <span class='ocr_line' id='line_1_82' title="bbox 1114 2934 1350 3014; baseline -0.013 -16"><span class='ocrx_word' id='word_1_453' title='bbox 1114 2983 1117 2990; x_wconf 84' lang='grc'><em>.</em></span> <span class='ocrx_word' id='word_1_454' title='bbox 1137 2935 1216 2999; x_wconf 85' lang='lat' dir='ltr'><strong>Loco</strong></span> <span class='ocrx_word' id='word_1_455' title='bbox 1228 2937 1250 3014; x_wconf 86' lang='lat'>†</span> <span class='ocrx_word' id='word_1_456' title='bbox 1264 2934 1350 3014; x_wconf 87' lang='lat' dir='ltr'><strong>Signi</strong></span> 
     </span>
    </p>
   </div>
   <div class='ocr_carea' id='block_1_10' title="bbox 1056 3125 1805 5991">
    <p class='ocr_par' dir='ltr' id='par_1_12' title="bbox 1056 3125 1805 5991">
     <span class='ocr_line' id='line_1_83' title="bbox 1097 3125 1804 3202; baseline 0.004 -16"><span class='ocrx_word' id='word_1_457' title='bbox 1097 3125 1116 3199; x_wconf 70' lang='grc' dir='ltr'><strong>ἓ</strong></span> <span class='ocrx_word' id='word_1_458' title='bbox 1137 3125 1166 3186; x_wconf 86' lang='grc'><strong>3.</strong></span> <span class='ocrx_word' id='word_1_459' title='bbox 1189 3126 1271 3200; x_wconf 87' lang='lat' dir='ltr'><strong>Quae</strong></span> <span class='ocrx_word' id='word_1_460' title='bbox 1292 3139 1390 3202; x_wconf 81' lang='lat' dir='ltr'><strong>quum</strong></span> <span class='ocrx_word' id='word_1_461' title='bbox 1405 3125 1478 3200; x_wconf 92' lang='lat' dir='ltr'><strong>sint,</strong></span> <span class='ocrx_word' id='word_1_462' title='bbox 1496 3133 1530 3186; x_wconf 89' lang='lat' dir='ltr'><strong>tu</strong></span> <span class='ocrx_word' id='word_1_463' title='bbox 1544 3140 1630 3188; x_wconf 89' lang='lat' dir='ltr'><strong>nunc</strong></span> <span class='ocrx_word' id='word_1_464' title='bbox 1651 3127 1737 3188; x_wconf 93' lang='lat' dir='ltr'><strong>nobis</strong></span> <span class='ocrx_word' id='word_1_465' title='bbox 1751 3126 1804 3189; x_wconf 88' lang='lat' dir='ltr'><strong>do-</strong></span> 
     </span>
     <span class='ocr_line' id='line_1_84' title="bbox 1057 3215 1803 3298; baseline 0.004 -20"><span class='ocrx_word' id='word_1_466' title='bbox 1057 3215 1175 3295; x_wconf 91' lang='lat' dir='ltr'><strong>precari</strong></span> <span class='ocrx_word' id='word_1_467' title='bbox 1203 3215 1312 3290; x_wconf 89' lang='lat' dir='ltr'><strong>fecisti,</strong></span> <span class='ocrx_word' id='word_1_468' title='bbox 1335 3223 1370 3279; x_wconf 90' lang='lat' dir='ltr'><strong>ut</strong></span> <span class='ocrx_word' id='word_1_469' title='bbox 1398 3216 1575 3279; x_wconf 87' lang='lat' dir='ltr'><strong>huiusmodi</strong></span> <span class='ocrx_word' id='word_1_470' title='bbox 1605 3216 1727 3295; x_wconf 90' lang='lat' dir='ltr'><strong>regulas</strong></span> <span class='ocrx_word' id='word_1_471' title='bbox 1748 3236 1803 3298; x_wconf 89' lang='lat' dir='ltr'><strong>per</strong></span> 
     </span>
     <span class='ocr_line' id='line_1_85' title="bbox 1057 3309 1803 3389; baseline 0.003 -18"><span class='ocrx_word' id='word_1_472' title='bbox 1057 3327 1112 3372; x_wconf 91' lang='lat' dir='ltr'><strong>nos</strong></span> <span class='ocrx_word' id='word_1_473' title='bbox 1139 3309 1311 3389; x_wconf 88' lang='lat' dir='ltr'><strong>adprobari,</strong></span> <span class='ocrx_word' id='word_1_474' title='bbox 1340 3309 1492 3388; x_wconf 89' lang='lat' dir='ltr'><strong>dictisque</strong></span> <span class='ocrx_word' id='word_1_475' title='bbox 1519 3310 1646 3372; x_wconf 90' lang='lat' dir='ltr'><strong>concedi</strong></span> <span class='ocrx_word' id='word_1_476' title='bbox 1672 3311 1803 3387; x_wconf 87' lang='lat' dir='ltr'><strong>virgini·</strong></span> 
     </span>
     <span class='ocr_line' id='line_1_86' title="bbox 1058 3403 1803 3483; baseline 0.003 -17"><span class='ocrx_word' id='word_1_477' title='bbox 1058 3405 1127 3478; x_wconf 91' lang='lat' dir='ltr'><strong>bus,</strong></span> <span class='ocrx_word' id='word_1_478' title='bbox 1149 3411 1303 3483; x_wconf 85' lang='lat' dir='ltr'><strong>quatenus</strong></span> <span class='ocrx_word' id='word_1_479' title='bbox 1325 3403 1412 3466; x_wconf 90' lang='lat' dir='ltr'><strong>liceat</strong></span> <span class='ocrx_word' id='word_1_480' title='bbox 1437 3403 1507 3483; x_wconf 89' lang='lat' dir='ltr'><strong>ipsis</strong></span> <span class='ocrx_word' id='word_1_481' title='bbox 1529 3420 1546 3466; x_wconf 90' lang='lat' dir='ltr'><strong>e</strong></span> <span class='ocrx_word' id='word_1_482' title='bbox 1567 3404 1700 3482; x_wconf 86' lang='lat' dir='ltr'><strong>simplici</strong></span> <span class='ocrx_word' id='word_1_483' title='bbox 1721 3410 1803 3468; x_wconf 88' lang='lat' dir='ltr'><strong>statu</strong></span> 
     </span>
     <span class='ocr_line' id='line_1_87' title="bbox 1058 3497 1804 3561; baseline 0.004 -3"><span class='ocrx_word' id='word_1_484' title='bbox 1058 3497 1231 3559; x_wconf 86' lang='lat' dir='ltr'><strong>oblatarum</strong></span> <span class='ocrx_word' id='word_1_485' title='bbox 1252 3499 1284 3558; x_wconf 94' lang='lat' dir='ltr'><strong>in</strong></span> <span class='ocrx_word' id='word_1_486' title='bbox 1306 3513 1395 3559; x_wconf 84' lang='lat' dir='ltr'><strong>veras</strong></span> <span class='ocrx_word' id='word_1_487' title='bbox 1416 3498 1565 3560; x_wconf 88' lang='lat' dir='ltr'><strong>moniales</strong></span> <span class='ocrx_word' id='word_1_488' title='bbox 1586 3499 1644 3560; x_wconf 88' lang='lat' dir='ltr'><strong>sub</strong></span> <span class='ocrx_word' id='word_1_489' title='bbox 1665 3498 1757 3561; x_wconf 92' lang='lat' dir='ltr'><strong>titulo</strong></span> <span class='ocrx_word' id='word_1_490' title='bbox 1773 3506 1804 3561; x_wconf 91' lang='lat' dir='ltr'><strong>et</strong></span> 
     </span>
     <span class='ocr_line' id='line_1_88' title="bbox 1058 3588 1805 3654; baseline 0.005 -4"><span class='ocrx_word' id='word_1_491' title='bbox 1058 3589 1254 3652; x_wconf 89' lang='lat' dir='ltr'><strong>invocatione</strong></span> <span class='ocrx_word' id='word_1_492' title='bbox 1274 3588 1533 3652; x_wconf 88' lang='lat' dir='ltr'><strong>Praesentationis</strong></span> <span class='ocrx_word' id='word_1_493' title='bbox 1554 3590 1665 3653; x_wconf 91' lang='lat' dir='ltr'><strong>Beatae</strong></span> <span class='ocrx_word' id='word_1_494' title='bbox 1692 3591 1805 3654; x_wconf 88' lang='lat' dir='ltr'><strong>llariae</strong></span> 
     </span>
     <span class='ocr_line' id='line_1_89' title="bbox 1058 3683 1803 3761; baseline -0.001 -14"><span class='ocrx_word' id='word_1_495' title='bbox 1058 3683 1197 3760; x_wconf 83' lang='lat' dir='ltr'><strong>Virginis</strong></span> <span class='ocrx_word' id='word_1_496' title='bbox 1218 3689 1367 3761; x_wconf 88' lang='lat' dir='ltr'><strong>perpetuo</strong></span> <span class='ocrx_word' id='word_1_497' title='bbox 1389 3683 1532 3758; x_wconf 90' lang='lat' dir='ltr'><strong>transire,</strong></span> <span class='ocrx_word' id='word_1_498' title='bbox 1549 3684 1586 3744; x_wconf 90' lang='lat' dir='ltr'><strong>de</strong></span> <span class='ocrx_word' id='word_1_499' title='bbox 1608 3683 1803 3760; x_wconf 87' lang='lat' dir='ltr'><strong>benignitate</strong></span> 
     </span>
     <span class='ocr_line' id='line_1_90' title="bbox 1058 3773 1801 3856; baseline 0 -18"><span class='ocrx_word' id='word_1_500' title='bbox 1058 3775 1221 3856; x_wconf 90' lang='lat' dir='ltr'><strong>apostolica</strong></span> <span class='ocrx_word' id='word_1_501' title='bbox 1246 3775 1460 3852; x_wconf 91' lang='lat' dir='ltr'><strong>dignaremur.</strong></span> <span class='ocrx_word' id='word_1_502' title='bbox 1493 3773 1554 3836; x_wconf 92' lang='lat' dir='ltr'><strong>Nos</strong></span> <span class='ocrx_word' id='word_1_503' title='bbox 1576 3776 1674 3852; x_wconf 89' lang='lat' dir='ltr'><strong>igitur</strong></span> <span class='ocrx_word' id='word_1_504' title='bbox 1702 3775 1801 3851; x_wconf 91' lang='lat' dir='ltr'><strong>inre,</strong></span> 
     </span>
     <span class='ocr_line' id='line_1_91' title="bbox 1058 3867 1803 3947; baseline 0.004 -17"><span class='ocrx_word' id='word_1_505' title='bbox 1058 3885 1138 3947; x_wconf 89' lang='lat' dir='ltr'><strong>quae</strong></span> <span class='ocrx_word' id='word_1_506' title='bbox 1159 3877 1227 3930; x_wconf 91' lang='lat' dir='ltr'><strong>tum</strong></span> <span class='ocrx_word' id='word_1_507' title='bbox 1249 3867 1477 3946; x_wconf 79' lang='lat' dir='ltr'><strong>omnipotentis</strong></span> <span class='ocrx_word' id='word_1_508' title='bbox 1497 3869 1553 3930; x_wconf 88' lang='lat' dir='ltr'><strong>Dei</strong></span> <span class='ocrx_word' id='word_1_509' title='bbox 1574 3867 1718 3944; x_wconf 85' lang='lat' dir='ltr'><strong>gloriam,</strong></span> <span class='ocrx_word' id='word_1_510' title='bbox 1734 3877 1803 3932; x_wconf 90' lang='lat' dir='ltr'><strong>tum</strong></span> 
     </span>
     <span class='ocr_line' id='line_1_92' title="bbox 1058 3960 1804 4042; baseline 0.001 -19"><span class='ocrx_word' id='word_1_511' title='bbox 1058 3969 1181 4024; x_wconf 92' lang='lat' dir='ltr'><strong>sanctae</strong></span> <span class='ocrx_word' id='word_1_512' title='bbox 1212 3960 1371 4038; x_wconf 91' lang='lat' dir='ltr'><strong>religionis</strong></span> <span class='ocrx_word' id='word_1_513' title='bbox 1403 3969 1610 4037; x_wconf 87' lang='lat' dir='ltr'><strong>augmentum</strong></span> <span class='ocrx_word' id='word_1_514' title='bbox 1642 3967 1804 4042; x_wconf 88' lang='lat' dir='ltr'><strong>tantopere</strong></span> 
     </span>
     <span class='ocr_line' id='line_1_93' title="bbox 1058 4052 1803 4134; baseline -0.001 -18"><span class='ocrx_word' id='word_1_515' title='bbox 1058 4061 1186 4134; x_wconf 90' lang='lat' dir='ltr'><strong>spectat,</strong></span> <span class='ocrx_word' id='word_1_516' title='bbox 1202 4053 1269 4114; x_wconf 88' lang='lat' dir='ltr'><strong>zelo</strong></span> <span class='ocrx_word' id='word_1_517' title='bbox 1290 4052 1491 4114; x_wconf 88' lang='lat' dir='ltr'><strong>fraternitatis</strong></span> <span class='ocrx_word' id='word_1_518' title='bbox 1513 4059 1584 4115; x_wconf 91' lang='lat' dir='ltr'><strong>tuae</strong></span> <span class='ocrx_word' id='word_1_519' title='bbox 1598 4068 1631 4115; x_wconf 91' lang='lat' dir='ltr'><strong>ac</strong></span> <span class='ocrx_word' id='word_1_520' title='bbox 1646 4053 1726 4116; x_wconf 85' lang='lat' dir='ltr'><strong>votis</strong></span> <span class='ocrx_word' id='word_1_521' title='bbox 1741 4053 1803 4115; x_wconf 88' lang='lat' dir='ltr'><strong>vir-</strong></span> 
     </span>
     <span class='ocr_line' id='line_1_94' title="bbox 1059 4145 1801 4226; baseline 0 -18"><span class='ocrx_word' id='word_1_522' title='bbox 1059 4149 1167 4226; x_wconf 87' lang='lat' dir='ltr'><strong>ginum</strong></span> <span class='ocrx_word' id='word_1_523' title='bbox 1190 4145 1415 4226; x_wconf 87' lang='lat' dir='ltr'><strong>praedictarum</strong></span> <span class='ocrx_word' id='word_1_524' title='bbox 1434 4145 1568 4208; x_wconf 90' lang='lat' dir='ltr'><strong>libenter</strong></span> <span class='ocrx_word' id='word_1_525' title='bbox 1582 4147 1801 4221; x_wconf 89' lang='lat' dir='ltr'><strong>obsecundare,</strong></span> 
     </span>
     <span class='ocr_line' id='line_1_95' title="bbox 1058 4238 1802 4320; baseline -0.004 -18"><span class='ocrx_word' id='word_1_526' title='bbox 1058 4247 1150 4320; x_wconf 79' lang='lat' dir='ltr'><strong>teque</strong></span> <span class='ocrx_word' id='word_1_527' title='bbox 1164 4257 1196 4302; x_wconf 92' lang='lat' dir='ltr'><strong>ac</strong></span> <span class='ocrx_word' id='word_1_528' title='bbox 1212 4239 1349 4316; x_wconf 86' lang='lat' dir='ltr'><strong>virgines</strong></span> <span class='ocrx_word' id='word_1_529' title='bbox 1365 4239 1442 4316; x_wconf 90' lang='lat' dir='ltr'><strong>ipsas</strong></span> <span class='ocrx_word' id='word_1_530' title='bbox 1456 4238 1638 4316; x_wconf 86' lang='lat' dir='ltr'><strong>specialibus</strong></span> <span class='ocrx_word' id='word_1_531' title='bbox 1653 4239 1757 4316; x_wconf 91' lang='lat' dir='ltr'><strong>gratiis</strong></span> <span class='ocrx_word' id='word_1_532' title='bbox 1772 4245 1802 4300; x_wconf 88' lang='lat' dir='ltr'><strong>et</strong></span> 
     </span>
     <span class='ocr_line' id='line_1_96' title="bbox 1058 4331 1802 4414; baseline -0.003 -19"><span class='ocrx_word' id='word_1_533' title='bbox 1058 4333 1214 4395; x_wconf 90' lang='lat' dir='ltr'><strong>favoribus</strong></span> <span class='ocrx_word' id='word_1_534' title='bbox 1236 4332 1382 4410; x_wconf 87' lang='lat' dir='ltr'><strong>prosequi</strong></span> <span class='ocrx_word' id='word_1_535' title='bbox 1404 4331 1556 4407; x_wconf 87' lang='lat' dir='ltr'><strong>volentes,</strong></span> <span class='ocrx_word' id='word_1_536' title='bbox 1573 4347 1630 4393; x_wconf 93' lang='lat' dir='ltr'><strong>nec</strong></span> <span class='ocrx_word' id='word_1_537' title='bbox 1653 4347 1717 4393; x_wconf 92' lang='lat' dir='ltr'><strong>non</strong></span> <span class='ocrx_word' id='word_1_538' title='bbox 1740 4331 1802 4414; x_wconf 83' lang='lat' dir='ltr'><strong>sin-</strong></span> 
     </span>
     <span class='ocr_line' id='line_1_97' title="bbox 1059 4424 1803 4504; baseline -0.004 -15"><span class='ocrx_word' id='word_1_539' title='bbox 1059 4427 1204 4504; x_wconf 86' lang='lat' dir='ltr'><strong>gularum</strong></span> <span class='ocrx_word' id='word_1_540' title='bbox 1228 4425 1361 4503; x_wconf 91' lang='lat' dir='ltr'><strong>ipsarum</strong></span> <span class='ocrx_word' id='word_1_541' title='bbox 1383 4439 1560 4502; x_wconf 91' lang='lat' dir='ltr'><strong>personasa</strong></span> <span class='ocrx_word' id='word_1_542' title='bbox 1581 4424 1741 4502; x_wconf 86' lang='lat' dir='ltr'><strong>quibusvis</strong></span> <span class='ocrx_word' id='word_1_543' title='bbox 1753 4439 1803 4486; x_wconf 87' lang='lat' dir='ltr'><strong>ett-</strong></span> 
     </span>
     <span class='ocr_line' id='line_1_98' title="bbox 1057 4516 1802 4596; baseline -0.001 -15"><span class='ocrx_word' id='word_1_544' title='bbox 1057 4518 1346 4582; x_wconf 90' lang='lat' dir='ltr'><strong>communicationis</strong></span> <span class='ocrx_word' id='word_1_545' title='bbox 1368 4523 1399 4579; x_wconf 93' lang='lat' dir='ltr'><strong>et</strong></span> <span class='ocrx_word' id='word_1_546' title='bbox 1413 4516 1583 4593; x_wconf 89' lang='lat' dir='ltr'><strong>interdicti,</strong></span> <span class='ocrx_word' id='word_1_547' title='bbox 1607 4516 1737 4596; x_wconf 86' lang='lat' dir='ltr'><strong>aliisque</strong></span> <span class='ocrx_word' id='word_1_548' title='bbox 1754 4532 1802 4580; x_wconf 89' lang='lat' dir='ltr'><strong>eo·</strong></span> 
     </span>
     <span class='ocr_line' id='line_1_99' title="bbox 1057 4610 1802 4689; baseline -0.001 -15"><span class='ocrx_word' id='word_1_549' title='bbox 1057 4611 1232 4674; x_wconf 90' lang='lat' dir='ltr'><strong>clesiasticis</strong></span> <span class='ocrx_word' id='word_1_550' title='bbox 1259 4610 1410 4684; x_wconf 90' lang='lat' dir='ltr'><strong>censuris,</strong></span> <span class='ocrx_word' id='word_1_551' title='bbox 1439 4610 1604 4672; x_wconf 87' lang='lat' dir='ltr'><strong>sententiis</strong></span> <span class='ocrx_word' id='word_1_552' title='bbox 1630 4616 1661 4671; x_wconf 87' lang='lat' dir='ltr'><strong>et</strong></span> <span class='ocrx_word' id='word_1_553' title='bbox 1693 4612 1802 4689; x_wconf 91' lang='lat' dir='ltr'><strong>poenis</strong></span> 
     </span>
     <span class='ocr_line' id='line_1_100' title="bbox 1057 4703 1800 4784; baseline -0.003 -16"><span class='ocrx_word' id='word_1_554' title='bbox 1057 4705 1166 4784; x_wconf 84' lang='lat' dir='ltr'><strong>quovis</strong></span> <span class='ocrx_word' id='word_1_555' title='bbox 1188 4703 1280 4766; x_wconf 90' lang='lat' dir='ltr'><strong>modo</strong></span> <span class='ocrx_word' id='word_1_556' title='bbox 1301 4711 1332 4765; x_wconf 92' lang='lat' dir='ltr'><strong>et</strong></span> <span class='ocrx_word' id='word_1_557' title='bbox 1350 4717 1544 4780; x_wconf 85' lang='lat' dir='ltr'><strong>quacumque</strong></span> <span class='ocrx_word' id='word_1_558' title='bbox 1559 4704 1597 4765; x_wconf 90' lang='lat' dir='ltr'><strong>do</strong></span> <span class='ocrx_word' id='word_1_559' title='bbox 1611 4719 1699 4766; x_wconf 88' lang='lat' dir='ltr'><strong>oausa</strong></span> <span class='ocrx_word' id='word_1_560' title='bbox 1720 4703 1800 4779; x_wconf 90' lang='lat' dir='ltr'><strong>latis,</strong></span> 
     </span>
     <span class='ocr_line' id='line_1_101' title="bbox 1057 4794 1802 4877; baseline -0.003 -17"><span class='ocrx_word' id='word_1_561' title='bbox 1057 4799 1082 4860; x_wconf 95' lang='lat' dir='ltr'><strong>si</strong></span> <span class='ocrx_word' id='word_1_562' title='bbox 1097 4813 1172 4877; x_wconf 88' lang='lat' dir='ltr'><strong>quas</strong></span> <span class='ocrx_word' id='word_1_563' title='bbox 1187 4797 1265 4859; x_wconf 87' lang='lat' dir='ltr'><strong>forte</strong></span> <span class='ocrx_word' id='word_1_564' title='bbox 1280 4795 1487 4870; x_wconf 88' lang='lat' dir='ltr'><strong>incurrerint,</strong></span> <span class='ocrx_word' id='word_1_565' title='bbox 1504 4794 1597 4856; x_wconf 89' lang='lat' dir='ltr'><strong>buius</strong></span> <span class='ocrx_word' id='word_1_566' title='bbox 1617 4801 1740 4858; x_wconf 88' lang='lat' dir='ltr'><strong>tantum</strong></span> <span class='ocrx_word' id='word_1_567' title='bbox 1755 4797 1802 4860; x_wconf 90' lang='lat' dir='ltr'><strong>rei</strong></span> 
     </span>
     <span class='ocr_line' id='line_1_102' title="bbox 1057 4888 1801 4969; baseline -0.003 -16"><span class='ocrx_word' id='word_1_568' title='bbox 1057 4891 1153 4969; x_wconf 89' lang='lat' dir='ltr'><strong>gratia</strong></span> <span class='ocrx_word' id='word_1_569' title='bbox 1167 4890 1361 4952; x_wconf 86' lang='lat' dir='ltr'><strong>absolventes</strong></span> <span class='ocrx_word' id='word_1_570' title='bbox 1381 4894 1414 4950; x_wconf 91' lang='lat' dir='ltr'><strong>et</strong></span> <span class='ocrx_word' id='word_1_571' title='bbox 1428 4888 1579 4950; x_wconf 89' lang='lat' dir='ltr'><strong>absolutas</strong></span> <span class='ocrx_word' id='word_1_572' title='bbox 1593 4888 1660 4950; x_wconf 90' lang='lat' dir='ltr'><strong>fore</strong></span> <span class='ocrx_word' id='word_1_573' title='bbox 1674 4905 1801 4951; x_wconf 90' lang='lat' dir='ltr'><strong>censen-</strong></span> 
     </span>
     <span class='ocr_line' id='line_1_103' title="bbox 1057 4980 1800 5060; baseline -0.005 -14"><span class='ocrx_word' id='word_1_574' title='bbox 1057 4991 1115 5060; x_wconf 92' lang='lat' dir='ltr'><strong>tes,</strong></span> <span class='ocrx_word' id='word_1_575' title='bbox 1143 4983 1320 5045; x_wconf 91' lang='lat' dir='ltr'><strong>buiusmodi</strong></span> <span class='ocrx_word' id='word_1_576' title='bbox 1349 4980 1622 5060; x_wconf 85' lang='lat' dir='ltr'><strong>supplicationibus</strong></span> <span class='ocrx_word' id='word_1_577' title='bbox 1650 4981 1800 5058; x_wconf 90' lang='lat' dir='ltr'><strong>inclinati,</strong></span> 
     </span>
     <span class='ocr_line' id='line_1_104' title="bbox 1057 5073 1799 5158; baseline -0.007 -17"><span class='ocrx_word' id='word_1_578' title='bbox 1057 5079 1093 5141; x_wconf 90' lang='lat' dir='ltr'><strong>de</strong></span> <span class='ocrx_word' id='word_1_579' title='bbox 1129 5083 1374 5139; x_wconf 87' lang='lat' dir='ltr'><strong>memoratorum</strong></span> <span class='ocrx_word' id='word_1_580' title='bbox 1408 5073 1620 5158; x_wconf 84' lang='lat' dir='ltr'><strong>Cardinalium</strong></span> <span class='ocrx_word' id='word_1_581' title='bbox 1651 5074 1799 5151; x_wconf 90' lang='lat' dir='ltr'><strong>consilio,</strong></span> 
     </span>
     <span class='ocr_line' id='line_1_105' title="bbox 1057 5167 1801 5249; baseline -0.003 -18"><span class='ocrx_word' id='word_1_582' title='bbox 1057 5169 1261 5249; x_wconf 91' lang='lat' dir='ltr'><strong>praeinsertas</strong></span> <span class='ocrx_word' id='word_1_583' title='bbox 1272 5167 1510 5229; x_wconf 89' lang='lat' dir='ltr'><strong>constitutiones</strong></span> <span class='ocrx_word' id='word_1_584' title='bbox 1521 5183 1576 5229; x_wconf 89' lang='lat' dir='ltr'><strong>seu</strong></span> <span class='ocrx_word' id='word_1_585' title='bbox 1590 5167 1714 5246; x_wconf 89' lang='lat' dir='ltr'><strong>regulas</strong></span> <span class='ocrx_word' id='word_1_586' title='bbox 1729 5184 1801 5231; x_wconf 92' lang='lat' dir='ltr'><strong>cum</strong></span> 
     </span>
     <span class='ocr_line' id='line_1_106' title="bbox 1057 5259 1801 5336; baseline -0.001 -12"><span class='ocrx_word' id='word_1_587' title='bbox 1057 5263 1203 5324; x_wconf 90' lang='lat' dir='ltr'><strong>omnibus</strong></span> <span class='ocrx_word' id='word_1_588' title='bbox 1233 5267 1264 5322; x_wconf 90' lang='lat' dir='ltr'><strong>et</strong></span> <span class='ocrx_word' id='word_1_589' title='bbox 1285 5259 1416 5336; x_wconf 92' lang='lat' dir='ltr'><strong>singulis</strong></span> <span class='ocrx_word' id='word_1_590' title='bbox 1437 5261 1470 5322; x_wconf 93' lang='lat' dir='ltr'><strong>in</strong></span> <span class='ocrx_word' id='word_1_591' title='bbox 1501 5261 1545 5320; x_wconf 93' lang='lat' dir='ltr'><strong>eis</strong></span> <span class='ocrx_word' id='word_1_592' title='bbox 1574 5262 1728 5323; x_wconf 88' lang='lat' dir='ltr'><strong>contentis</strong></span> <span class='ocrx_word' id='word_1_593' title='bbox 1749 5277 1801 5323; x_wconf 90' lang='lat' dir='ltr'><strong>au-</strong></span> 
     </span>
     <span class='ocr_line' id='line_1_107' title="bbox 1057 5354 1801 5433; baseline -0.004 -16"><span class='ocrx_word' id='word_1_594' title='bbox 1057 5356 1200 5418; x_wconf 90' lang='lat' dir='ltr'><strong>ctoritate</strong></span> <span class='ocrx_word' id='word_1_595' title='bbox 1221 5354 1383 5431; x_wconf 91' lang='lat' dir='ltr'><strong>apostolica</strong></span> <span class='ocrx_word' id='word_1_596' title='bbox 1403 5361 1511 5414; x_wconf 90' lang='lat' dir='ltr'><strong>tenore</strong></span> <span class='ocrx_word' id='word_1_597' title='bbox 1525 5354 1736 5430; x_wconf 87' lang='lat' dir='ltr'><strong>praesentium</strong></span> <span class='ocrx_word' id='word_1_598' title='bbox 1750 5370 1801 5433; x_wconf 92' lang='lat' dir='ltr'><strong>ap·</strong></span> 
     </span>
     <span class='ocr_line' id='line_1_108' title="bbox 1057 5446 1802 5528; baseline -0.003 -18"><span class='ocrx_word' id='word_1_599' title='bbox 1057 5449 1240 5528; x_wconf 87' lang='lat' dir='ltr'><strong>probamus,</strong></span> <span class='ocrx_word' id='word_1_600' title='bbox 1274 5453 1415 5524; x_wconf 88' lang='lat' dir='ltr'><strong>ratasque</strong></span> <span class='ocrx_word' id='word_1_601' title='bbox 1445 5463 1479 5506; x_wconf 90' lang='lat' dir='ltr'><strong>ac</strong></span> <span class='ocrx_word' id='word_1_602' title='bbox 1509 5446 1623 5508; x_wconf 85' lang='lat' dir='ltr'><strong>validas</strong></span> <span class='ocrx_word' id='word_1_603' title='bbox 1654 5447 1802 5510; x_wconf 90' lang='lat' dir='ltr'><strong>babemus</strong></span> 
     </span>
     <span class='ocr_line' id='line_1_109' title="bbox 1056 5539 1802 5617; baseline -0.003 -15"><span class='ocrx_word' id='word_1_604' title='bbox 1056 5549 1088 5604; x_wconf 92' lang='lat' dir='ltr'><strong>et</strong></span> <span class='ocrx_word' id='word_1_605' title='bbox 1109 5541 1311 5614; x_wconf 89' lang='lat' dir='ltr'><strong>declaramus,</strong></span> <span class='ocrx_word' id='word_1_606' title='bbox 1334 5539 1457 5617; x_wconf 88' lang='lat' dir='ltr'><strong>illisque</strong></span> <span class='ocrx_word' id='word_1_607' title='bbox 1476 5545 1642 5616; x_wconf 86' lang='lat' dir='ltr'><strong>perpetuae</strong></span> <span class='ocrx_word' id='word_1_608' title='bbox 1656 5549 1688 5602; x_wconf 90' lang='lat' dir='ltr'><strong>et</strong></span> <span class='ocrx_word' id='word_1_609' title='bbox 1701 5539 1802 5600; x_wconf 90' lang='lat' dir='ltr'><strong>invio·</strong></span> 
     </span>
     <span class='ocr_line' id='line_1_110' title="bbox 1058 5631 1802 5710; baseline -0.003 -14"><span class='ocrx_word' id='word_1_610' title='bbox 1058 5634 1156 5696; x_wconf 92' lang='lat' dir='ltr'><strong>labilis</strong></span> <span class='ocrx_word' id='word_1_611' title='bbox 1167 5633 1324 5696; x_wconf 82' lang='lat' dir='ltr'><strong>firmitatis</strong></span> <span class='ocrx_word' id='word_1_612' title='bbox 1335 5631 1431 5694; x_wconf 91' lang='lat' dir='ltr'><strong>robur</strong></span> <span class='ocrx_word' id='word_1_613' title='bbox 1445 5631 1617 5706; x_wconf 90' lang='lat' dir='ltr'><strong>adiicimus,</strong></span> <span class='ocrx_word' id='word_1_614' title='bbox 1630 5633 1698 5693; x_wconf 92' lang='lat' dir='ltr'><strong>acsi</strong></span> <span class='ocrx_word' id='word_1_615' title='bbox 1710 5647 1802 5710; x_wconf 86' lang='lat' dir='ltr'><strong>quem</strong></span> 
     </span>
     <span class='ocr_line' id='line_1_111' title="bbox 1056 5723 1804 5802; baseline -0.005 -13"><span class='ocrx_word' id='word_1_616' title='bbox 1056 5728 1123 5789; x_wconf 81' lang='lat' dir='ltr'><strong>sive</strong></span> <span class='ocrx_word' id='word_1_617' title='bbox 1143 5727 1220 5790; x_wconf 91' lang='lat' dir='ltr'><strong>iuris</strong></span> <span class='ocrx_word' id='word_1_618' title='bbox 1247 5727 1313 5788; x_wconf 83' lang='lat' dir='ltr'><strong>site</strong></span> <span class='ocrx_word' id='word_1_619' title='bbox 1334 5725 1405 5788; x_wconf 87' lang='lat' dir='ltr'><strong>facti</strong></span> <span class='ocrx_word' id='word_1_620' title='bbox 1432 5723 1588 5787; x_wconf 87' lang='lat' dir='ltr'><strong>defectum</strong></span> <span class='ocrx_word' id='word_1_621' title='bbox 1610 5723 1804 5802; x_wconf 87' lang='lat' dir='ltr'><strong>quomodoli-</strong></span> 
     </span>
     <span class='ocr_line' id='line_1_112' title="bbox 1058 5817 1803 5896; baseline -0.007 -13"><span class='ocrx_word' id='word_1_622' title='bbox 1058 5822 1109 5883; x_wconf 90' lang='lat' dir='ltr'><strong>bet</strong></span> <span class='ocrx_word' id='word_1_623' title='bbox 1131 5821 1163 5882; x_wconf 94' lang='lat' dir='ltr'><strong>in</strong></span> <span class='ocrx_word' id='word_1_624' title='bbox 1184 5821 1307 5882; x_wconf 89' lang='lat' dir='ltr'><strong>easdem</strong></span> <span class='ocrx_word' id='word_1_625' title='bbox 1325 5817 1482 5896; x_wconf 90' lang='lat' dir='ltr'><strong>irrepsisse</strong></span> <span class='ocrx_word' id='word_1_626' title='bbox 1497 5817 1674 5894; x_wconf 89' lang='lat' dir='ltr'><strong>contigerit,</strong></span> <span class='ocrx_word' id='word_1_627' title='bbox 1697 5817 1803 5895; x_wconf 87' lang='lat' dir='ltr'><strong>plena·</strong></span> 
     </span>
     <span class='ocr_line' id='line_1_113' title="bbox 1057 5909 1802 5991; baseline -0.003 -15"><span class='ocrx_word' id='word_1_628' title='bbox 1057 5915 1102 5976; x_wconf 91' lang='lat' dir='ltr'><strong>rie</strong></span> <span class='ocrx_word' id='word_1_629' title='bbox 1123 5918 1267 5979; x_wconf 87' lang='lat' dir='ltr'><strong>sanamus</strong></span> <span class='ocrx_word' id='word_1_630' title='bbox 1288 5920 1380 5991; x_wconf 85' lang='lat' dir='ltr'><strong>atque</strong></span> <span class='ocrx_word' id='word_1_631' title='bbox 1400 5909 1595 5990; x_wconf 87' lang='lat' dir='ltr'><strong>supplemus:</strong></span> <span class='ocrx_word' id='word_1_632' title='bbox 1619 5909 1731 5973; x_wconf 90' lang='lat' dir='ltr'><strong>deinde</strong></span> <span class='ocrx_word' id='word_1_633' title='bbox 1752 5925 1802 5974; x_wconf 87' lang='lat' dir='ltr'><strong>su·</strong></span> 
     </span>
    </p>
   </div>
   <div class='ocr_carea' id='block_1_11' title="bbox 1834 541 2024 616">
    <p class='ocr_par' dir='ltr' id='par_1_13' title="bbox 1834 541 2024 616">
     <span class='ocr_line' id='line_1_114' title="bbox 1834 541 2024 616; baseline -0.032 0"><span class='ocrx_word' id='word_1_634' title='bbox 1834 549 1888 616; x_wconf 72' lang='lat' dir='ltr'><strong>aa.</strong></span> <span class='ocrx_word' id='word_1_635' title='bbox 1903 559 1933 611; x_wconf 92' lang='lat' dir='ltr'><strong>c.</strong></span> <span class='ocrx_word' id='word_1_636' title='bbox 1955 541 2024 612; x_wconf 79' lang='lat' dir='ltr'><strong>taos</strong></span> 
     </span>
    </p>
   </div>
   <div class='ocr_carea' id='block_1_12' title="bbox 1869 3133 2033 3182">
    <p class='ocr_par' dir='ltr' id='par_1_14' title="bbox 1869 3133 2033 3182">
     <span class='ocr_line' id='line_1_115' title="bbox 1869 3133 2033 3182; baseline -0.006 -3"><span class='ocrx_word' id='word_1_637' title='bbox 1869 3133 2033 3182; x_wconf 83' lang='lat' dir='ltr'><strong>confirmatio</strong></span> 
     </span>
    </p>
   </div>
   <div class='ocr_carea' id='block_1_13' title="bbox 1821 3185 1970 3244">
    <p class='ocr_par' dir='ltr' id='par_1_15' title="bbox 1821 3185 1970 3244">
     <span class='ocr_line' id='line_1_116' title="bbox 1821 3185 1970 3244; baseline -0.013 -10"><span class='ocrx_word' id='word_1_638' title='bbox 1821 3185 1970 3244; x_wconf 85' lang='lat' dir='ltr'><strong>apostoliea.</strong></span> 
     </span>
    </p>
   </div>
   <div class='ocr_carea' id='block_1_14' title="bbox 0 0 2366 6976">
    <p class='ocr_par' dir='ltr' id='par_1_16' title="bbox 0 0 2366 6976">
     <span class='ocr_line' id='line_1_117' title="bbox 0 0 2366 6976; baseline 0 0"><span class='ocrx_word' id='word_1_639' title='bbox 0 0 2366 6976; x_wconf 95' lang='lat' dir='ltr'><strong> </strong></span> 
     </span>
    </p>
   </div>
  </div>
 </body>
</html>
