4808 6988
385 567 440 624 An.
453 571 484 625 0.
506 569 576 623 1824
624 567 684 631 θὸΞ

376 2016 589 2118 t{tarsenae

388 2860 590 2910 xldashabonda

376 2915 554 2974 transumptis.

410 3611 514 3660 sanctio
528 3622 588 3671 poa-

375 3665 451 3713 nalls.

604 699 736 778 pugnari
764 706 817 761 aut
846 699 918 761 alias
947 698 1095 776 infringi,
1116 697 1277 777 suspendi,
1300 711 1347 758 re-

603 793 727 871 stringi,
749 791 877 856 limitari
899 792 948 855 uel
971 794 1004 855 in
1028 793 1274 856 controversiam
1296 805 1349 852 vo-

603 887 665 949 cari
687 901 836 964 umquam
857 902 957 964 posse,
973 886 1024 949 sed
1048 895 1204 966 tamquam
1220 901 1258 948 ex
1273 900 1349 963 pon·

605 978 715 1042 tificiae
738 978 951 1054 providentiae
966 979 1065 1043 officio
1080 988 1162 1041 certa
1176 977 1302 1041 scientia
1317 983 1348 1037 et

604 1072 762 1151 potestatis
772 1071 968 1152 plenitudine
984 1074 1096 1136 nostris
1117 1072 1208 1135 factas
1222 1080 1254 1134 et
1268 1087 1349 1134 ema·

606 1175 690 1228 natas
712 1166 888 1228 omnimoda
904 1167 1051 1229 firmitate
1071 1173 1220 1247 perpetuo
1235 1165 1350 1226 validas

605 1267 636 1322 et
655 1259 792 1323 efficaces
813 1260 946 1323 existere
960 1267 991 1322 et
1005 1260 1082 1335 fore,
1097 1275 1231 1338 suosque
1245 1258 1349 1336 plena-

605 1352 667 1414 rios
688 1361 719 1414 et
732 1353 871 1430 integros
885 1353 1011 1416 effectus
1025 1353 1131 1414 sortiri
1146 1359 1176 1414 et
1190 1351 1349 1425 obtinere,

606 1462 639 1508 ac
660 1446 698 1508 ab
717 1445 861 1508 omnibus
877 1445 912 1508 ad
928 1445 1131 1525 quosspectal
1152 1451 1183 1506 el
1203 1442 1351 1521 spectabit

606 1539 836 1617 quomodolibet
852 1539 1051 1613 infuturum,
1064 1536 1285 1601 inviolabililer
1299 1536 1353 1598 ob-

605 1634 722 1696 seruari
744 1633 867 1709 debere,
883 1650 917 1696 ac
930 1633 956 1694 si
969 1647 1056 1696 secas
1077 1631 1233 1711 superbis
1248 1646 1351 1708 aquo-

606 1743 711 1804 qaam,
727 1726 836 1804 quavis
850 1727 1043 1802 auctoritate,
1055 1725 1190 1788 scienter
1201 1723 1252 1785 vel
1264 1724 1352 1800 igno-

606 1826 713 1883 ranter
732 1819 898 1896 contigerit
912 1817 1069 1894 attentari,
1097 1818 1223 1881 irritum
1241 1827 1271 1879 et
1287 1815 1351 1878 ina·

607 1931 647 1978 ne
668 1913 874 1978 decernimus.

645 2007 735 2084 §lh
759 2005 829 2070 Non
855 2007 1061 2080 obstantibus,
1092 2011 1244 2084 quatenus
1275 2018 1352 2082 opus

606 2103 657 2178 sit,
680 2100 868 2180 quibuslibet
890 2099 1064 2178 apostolicis
1077 2116 1111 2160 ac
1125 2100 1157 2160 in
1179 2096 1352 2175 provincia·

550 2226 560 2242 ·
606 2195 687 2258 libus
708 2202 741 2257 at
763 2193 989 2260 universalibus
1004 2192 1142 2255 conciliis
1157 2191 1247 2254 editis
1258 2206 1352 2268 gene·

606 2289 721 2351 ralibus
742 2287 793 2350 vel
813 2285 994 2366 specialibus
1021 2285 1296 2348 constitutionibus
1321 2291 1352 2345 et

606 2381 869 2458 ordinationibus3
885 2380 997 2458 quibus
1012 2379 1157 2441 omnibus
1171 2385 1202 2440 et
1220 2377 1352 2455 siugulis

607 2490 717 2538 eorum
739 2482 861 2536 tenores
883 2488 938 2550 pro
960 2473 1110 2551 expressis
1132 2471 1293 2546 habentes,
1316 2471 1352 2532 ad

605 2569 845 2648 praemissorum
866 2565 1181 2636 eflectumlalissime
1196 2574 1226 2626 et
1240 2563 1353 2642 plenis·

606 2663 695 2735 sime,
711 2678 745 2723 ac
765 2660 936 2740 specialiter
950 2669 981 2722 el
996 2675 1139 2738 expresse
1153 2657 1350 2735 derogamus,

607 2756 796 2834 caeterisque
816 2755 978 2817 contrariis
998 2753 1256 2832 quibuscumque.

648 2849 667 2924 ἓ
682 2849 730 2910 la.
746 2847 899 2911 Volumus
910 2854 1013 2909 autem
1025 2853 1058 2908 ut
1068 2848 1179 2908 barum
1191 2845 1351 2908 literarum

609 2939 1096 3018 nostrarumtransumplisetiam
1108 2938 1277 3018 impressis,
1289 2953 1353 3000 ma-

609 3051 652 3099 nu
675 3044 778 3099 tamen
799 3035 928 3098 alicuius
950 3033 1062 3096 notarii
1083 3033 1197 3112 publici
1219 3032 1351 3095 subscri·

608 3131 679 3210 ptis,
702 3138 733 3192 et
753 3130 855 3207 sigillo
877 3145 1023 3208 personae
1045 3129 1078 3192 in
1092 3129 1293 3193 ecclesiastica
1308 3131 1351 3192 di-

608 3225 727 3301 gnitate
748 3223 1210 3299 constitutaemanitis,eaden1
1226 3239 1352 3302 prorsus

607 3319 682 3382 fides
698 3319 812 3397 ubique
826 3318 1017 3390 adhibeatur,
1030 3333 1108 3397 qnae
1123 3319 1195 3398 ipsis
1209 3333 1352 3397 praesen-

608 3413 690 3476 tibus
714 3411 927 3487 adhiberetur,
951 3411 975 3472 si
996 3411 1099 3474 forent
1126 3412 1280 3475 exhibitae
1301 3414 1350 3476 vel

606 3512 756 3568 ostensae.

645 3601 665 3676 ὃ
689 3600 734 3662 la.
752 3598 836 3662 Nulli
849 3614 925 3676 ergo
939 3597 1069 3662 omnino
1083 3599 1246 3662 hominum
1261 3601 1351 3663 licoat

606 3699 684 3757 hanc
705 3693 847 3772 paginam
869 3692 966 3754 nostri
987 3693 1106 3769 statuti,
1130 3693 1349 3772 restitutionis,

606 3787 776 3862 electionis,
803 3785 1017 3860 absolutionis,
1052 3785 1270 3864 translationis,
1300 3789 1351 3851 de-

606 3881 786 3959 putationis,
808 3877 972 3953 facultatis,
988 3878 1114 3955 indulti,
1138 3878 1284 3955 mandati,
1300 3882 1351 3943 de-

605 3973 693 4045 creti,
710 3971 918 4051 derogationis
933 3977 963 4032 et
978 3971 1149 4034 voluntatis
1165 3973 1349 4051 infringere,

605 4065 655 4128 uel
671 4066 699 4128 ci
719 4081 796 4128 ausu
807 4065 972 4127 temerario
987 4065 1158 4142 contraim3
1173 4067 1199 4128 si
1215 4068 1283 4146 quis
1298 4083 1350 4129 au·

606 4167 669 4221 tem
691 4161 749 4221 hoc
763 4166 916 4221 attentare
931 4159 1183 4238 praesumpserit,
1210 4159 1350 4238 indigna·

606 4253 724 4315 tionem
735 4252 959 4330 omnipotentis
975 4251 1040 4327 flei,
1051 4268 1085 4315 ac
1095 4253 1255 4315 beatorum
1267 4255 1350 4317 Petri

605 4353 635 4408 et
652 4345 736 4408 Pauli
747 4345 967 4425 Apostolorum
977 4345 1054 4420 eius,
1067 4361 1100 4406 se
1114 4347 1237 4408 noverit
1247 4347 1352 4412 incur·

603 4454 723 4502 surum.

644 4533 757 4596 [ialam
778 4533 905 4609 Romae,
932 4535 1012 4612 apud
1040 4533 1071 4596 S·
1099 4533 1238 4609 Petrum,
1268 4549 1352 4598 anno

604 4626 825 4690 incarnationis
856 4627 1028 4689 dominicae
1059 4627 1225 4689 millesimo
1255 4629 1353 4692 octin-

605 4721 780 4798 gentesimo
802 4720 954 4797 vigesimo
973 4727 1094 4799 quarto,
1110 4721 1229 4783 decimo
1243 4728 1351 4784 octavo

605 4813 750 4876 kalendas
764 4813 961 4894 septembris,
975 4813 1170 4893 pontificatus
1184 4814 1282 4876 nostri
1297 4831 1351 4878 an-

606 4923 647 4971 no
669 4922 781 4987 primo.

951 5470 1003 5536 Vl.

604 5661 719 5726 Status
730 5658 959 5741 Missisipeosis
969 5657 1008 5725 ob
1018 5659 1261 5741 Arclriepiscopo
1277 5659 1352 5724 Bul·

645 5755 782 5817 timorate
802 5753 838 5818 ob
853 5754 1048 5817 distantiam
1063 5755 1189 5817 dimissi
1212 5753 1350 5833 regimen

645 5847 800 5927 Episcopo
822 5847 926 5912 Novae
940 5845 1092 5912 Aureliae
1106 5847 1210 5911 ueluti
1228 5847 1351 5910 Vieario

643 5944 823 6028 apostolico
844 5943 1029 6010 committit.

1129 577 1194 627 luit.
1217 579 1309 625 PONT.
1332 579 1373 624 bu
1394 578 1424 623 Ρ.
1446 577 1476 624 Ι.
1500 577 1583 624 PARS
1604 577 1626 622 1.

1465 690 1637 761 Venerabili
1663 692 1751 761 fratri
1775 691 1926 782 luderico
1947 691 2091 759 liulielno

1534 786 1834 856 heo-horelianensi
1857 784 2019 870 Episcopo,

1663 974 1740 1041 1.Εο
1763 975 1823 1044 ΡΡ.
1845 973 1903 1043 llll.

1621 1160 1811 1232 llenerabilia
1832 1164 1941 1240 frater,

1439 1255 1624 1324 salutemet
1646 1256 1845 1341 apostolicam
1869 1255 2119 1325 benedictionem.

1447 1447 1466 1522 ἓ
1488 1450 1515 1510 l.
1541 1449 1620 1511 Cum
1641 1463 1714 1510 ren.
1737 1447 1833 1512 frater
1855 1449 2037 1512 ambrosius
2059 1447 2155 1510 liare

1407 1541 1474 1603 chal
1504 1541 1759 1620 hrchiepiscopus
1790 1542 2036 1616 baltimorensis,
2065 1541 2156 1603 cuius

1409 1635 1612 1698 iurisdictioni
1636 1636 1833 1698 dioecesanae
1847 1643 1944 1698 slatus
1956 1635 2158 1714 biississipen-

1407 1729 1447 1788 sis
1462 1727 1494 1788 in
1511 1727 1674 1790 Foederata
1693 1729 1833 1790 americi
1847 1727 2006 1792 subiectus
2020 1737 2098 1804 erat,
2116 1727 2157 1790 ob

1408 1819 1574 1882 nimiama
1599 1820 1730 1883 dioecesi
1752 1821 1806 1883 sui
1838 1822 2016 1885 distantiam
2043 1829 2157 1900 sponte

1407 1929 1439 1974 se
1461 1929 1476 1973 a
1499 1912 1712 1976 iurisdictione
1733 1913 1765 1975 in
1788 1914 1933 1976 eumdem
1952 1915 2154 1988 abdicaverit,

1408 2019 1476 2078 nos,
1498 2004 1676 2066 dimissione
1698 2005 1836 2069 eiusdem
1852 2005 2083 2069 Baltlmorensis
2099 2009 2157 2069 hr-

1408 2097 1591 2175 chiepiscopi
1613 2099 1779 2176 acceptata,
1809 2101 1984 2162 necessitati
2014 2100 2157 2163 fidelium

1408 2190 1546 2253 eiusdem
1566 2199 1664 2254 slatus
1684 2192 1847 2254 consulere
1864 2193 2021 2271 uolentes,
2044 2195 2155 2272 donee,

1407 2284 1484 2348 facta
1511 2286 1663 2348 divisione
1690 2285 1852 2349 bulsianae
1873 2287 1905 2349 in
1930 2286 2008 2350 duos
2030 2289 2157 2368 Episco-

1409 2387 1507 2457 patus,
1530 2378 1606 2442 illud
1629 2379 1770 2456 regimen
1793 2381 1922 2444 uniatur
1936 2381 2085 2460 Episcopo
2108 2383 2157 2443 ri·

1408 2472 1529 2547 ciniori,
1557 2488 1591 2534 ac
1619 2474 1657 2535 de
1685 2475 1735 2535 tua
1767 2473 1929 2551 probitate,
1959 2477 2153 2552 integritate,

1408 2563 1558 2640 doctrina,
1581 2571 1672 2644 atque
1686 2567 1850 2645 prudentia
1864 2567 2039 2645 plurimum
2050 2570 2083 2630 ln
2096 2571 2156 2631 llo·

1408 2658 1496 2719 mino
1518 2659 1636 2733 confisi,
1653 2664 1747 2738 teque
1761 2661 1952 2737 a'quibusvis
1973 2679 2157 2727 excommu-

1409 2750 1580 2824 nicationis,
1598 2757 1655 2812 etc.
1672 2760 1846 2827 censentes,
1859 2754 1897 2814 de
1912 2770 2006 2816 xenn.
2017 2755 2156 2820 fratrum

1408 2850 1587 2904 nostrorum
1603 2843 1732 2906 Sanctae
1747 2843 1900 2907 Romanae
1916 2847 2068 2911 Ecclesiae
2083 2852 2158 2914 Car-

1408 2936 1558 2998 dinalium
1575 2937 1711 3014 negociis
1721 2937 1759 2998 de
1768 2937 1963 3017 Propaganda
1978 2943 2053 3004 Fide
2066 2959 2156 3022 prae-

1407 3032 1580 3109 positorum
1603 3030 1741 3106 consilio,
1765 3029 1950 3094 fraternitati
1973 3040 2045 3097 tuae
2073 3039 2159 3116 regi-

1408 3139 1480 3184 men
1502 3122 1639 3186 eiasdem
1653 3131 1750 3186 status
1764 3123 1823 3185 sub
1839 3125 1930 3187 titulo
1946 3126 2057 3190 Vicaril
2074 3131 2155 3210 hpo-

1406 3217 1506 3279 slolici
1527 3219 1561 3280 ad
1584 3225 1727 3280 nostrum
1743 3225 1774 3279 et
1789 3217 1876 3280 Sedis
1896 3219 2088 3297 apostolicae
2104 3227 2156 3287 be-

1408 3311 1597 3390 neplaeltum
1612 3311 1839 3374 committimus
1853 3329 1926 3376 cum
1940 3315 2039 3377 solitis
2060 3317 2156 3382 facul·

1408 3404 1533 3477 tatibus,
1555 3401 1638 3465 salva
1657 3409 1762 3466 tamen
1778 3421 1902 3485 semper
1922 3407 1955 3468 in
1978 3411 2156 3487 praemissis

1407 3501 1590 3562 auctoritate
1611 3501 1864 3578 congregationis
1886 3509 2068 3571 eorumdem
2083 3511 2158 3575 Gar-

1407 3593 1567 3656 dinallnrn.

1446 3690 1515 3765 §2
1547 3689 1725 3753 blandantes
1756 3699 1918 3771 propterea
1945 3697 2090 3760 omnibus
2122 3705 2154 3760 et

1406 3782 1550 3859 singulis,
1572 3783 1607 3844 ad
1623 3798 1700 3862 quos
1715 3784 1863 3862 pertinet,
1879 3794 1915 3848 ut
1931 3794 1960 3850 te
1974 3790 2010 3852 ad
2026 3790 2154 3854 deman-

1406 3875 1513 3938 datum
1536 3874 1590 3937 tibi
1612 3890 1667 3954 per
1689 3886 1863 3954 praesentes
1886 3877 2000 3942 Vicarii
2027 3882 2156 3961 aposto·

1408 3969 1457 4032 lici
1479 3969 1615 4031 officium
1636 3969 1783 4048 illiusque
1808 3970 1944 4052 liberum
1964 3977 2153 4039 exercitium

1408 4063 1492 4124 iuxta
1508 4071 1651 4125 tenorem
1664 4063 1874 4140 praesentium
1891 4067 2041 4145 recipiant
2056 4077 2088 4131 et
2102 4069 2157 4132 ad·

1407 4158 1545 4233 mittant,
1563 4156 1680 4234 tibique
1701 4157 1733 4217 la
1756 4157 1903 4221 omnibus
1923 4161 1958 4223 ad
1982 4161 2065 4223 idem
2087 4164 2155 4224 offi-

1407 4251 1490 4314 cium
1521 4249 1749 4328 pertinentibus
1781 4249 1920 4328 faveant,
1949 4262 2094 4330 pareant,
2123 4264 2156 4320 et

1407 4344 1559 4416 assistant,
1584 4351 1698 4421 tuaque
1719 4342 1854 4406 salubria
1875 4346 1993 4410 monita
2014 4354 2046 4410 el
2067 4364 2156 4411 man-

1407 4439 1472 4501 data
1493 4435 1657 4499 humiliter
1678 4437 1845 4514 suscipiant
1866 4447 1899 4500 et
1920 4440 2083 4506 efficaciter
2102 4446 2155 4508 ad-

1408 4531 1538 4610 implere
1564 4537 1686 4606 curent,
1712 4529 1850 4612 alioquin
1876 4536 2066 4600 sententiam
2086 4537 2156 4601 sive

1407 4641 1655 4705 poenam,quam
1677 4626 1735 4688 rite
1758 4626 1867 4689 tuleris
1888 4627 1921 4689 ln
1942 4629 2084 4706 rebelles,
2107 4648 2154 4694 ra·

1408 4727 1470 4781 tam
1483 4718 1663 4784 habebimus
1677 4727 1708 4781 et
1723 4717 1869 4782 faciemus
1883 4729 2007 4784 auctore
2022 4723 2155 4786 Domino

1408 4813 1561 4890 usquead
1583 4811 1822 4875 satisfactionem
1846 4813 2031 4892 condignam
2051 4815 2154 4878 invio-

1407 4905 1540 4968 labiliter
1561 4906 1728 4967 observari.

1447 4999 1467 5074 ἓ
1486 4997 1517 5060 3.
1541 4997 1610 5059 Non
1631 4997 2107 5064 obstantibusconstitutionibus
2122 5011 2155 5065 et

1408 5089 1654 5154 ordinationibus
1683 5093 1872 5170 apostolicis,
1905 5109 1961 5157 nec
1989 5110 2054 5156 non
2079 5095 2155 5158 dicti

1407 5192 1505 5247 status
1519 5185 1612 5247 etiam
1627 5186 1814 5260 iuramento,
1829 5188 2063 5250 confirmatione
2082 5204 2153 5267 apo

1407 5279 1525 5353 stolich,
1549 5279 1599 5341 vel
1629 5279 1737 5357 quavis
1767 5279 1916 5342 firmitate
1945 5280 2002 5342 alia
2032 5282 2153 5344 robora·

1409 5373 1447 5434 tis
1481 5372 1605 5435 statutis
1635 5380 1666 5435 et
1700 5371 1994 5449 consuetudinibus,
2028 5373 2154 5452 privile·

1408 5466 1466 5543 giis
1485 5480 1621 5544 quoque,
1651 5465 1780 5529 indultis
1804 5471 1835 5526 et
1860 5464 1958 5527 literis
1979 5466 2153 5544 apostolicis

1408 5558 1439 5621 in
1454 5559 1643 5621 contrarium
1662 5558 1901 5636 praemissorum
1921 5559 2154 5637 quomodolibet

1407 5655 1570 5730 concessis,
1587 5654 1776 5717 confirmatis
1798 5662 1829 5717 el
1849 5655 2018 5732 innovatis,
2040 5656 2153 5737 quibus

1408 5748 1554 5810 omnibus
1580 5756 1610 5810 et
1636 5745 1770 5825 singulis
1796 5747 1924 5810 illorum
1953 5757 2077 5811 tenores
2097 5766 2153 5829 pro

1408 5841 1499 5920 plene
1518 5845 1550 5902 et
1564 5839 1753 5902 sufficienter
1774 5841 1926 5920 expressis
1946 5858 1980 5904 ao
2000 5843 2038 5905 de
2058 5843 2153 5904 verbo

1408 5933 1445 5996 ad
1466 5933 1601 5998 verbum
1620 5932 1744 5997 insertis
1765 5933 1924 6016 habentes,
1944 5933 2006 5998 illis
2026 5935 2098 6000 alias
2119 5938 2153 6002 in

2181 557 2233 614 Aa.
2245 562 2272 616 d.
2288 564 2344 622 itti
