4808 6988
959 549 1015 651 tlrd
1036 593 1086 650 on.
1111 594 1169 652 xli.

291 736 373 796 mus,
396 737 429 783 ac
451 719 565 784 iterum
586 720 784 788 concedimus
810 738 848 786 ex
871 723 980 786 harum
1002 722 1037 785 li-

292 823 429 878 terarum
447 818 644 895 praescripto,
661 833 678 879 ε
693 835 753 896 quo
769 834 810 882 ne
826 827 1037 882 transversum

289 909 417 988 quidem
440 926 580 988 unguem
598 911 710 975 discedi
725 913 946 993 praecipimus3
962 912 1038 991 quin

291 1004 356 1066 imo
377 1001 519 1068 Societati
541 1007 608 1070 lesu
631 1007 759 1086 citusque
774 1008 909 1070 alumnis
924 1005 1039 1084 gratifi-

292 1097 354 1159 cari
375 1099 549 1178 cupientes,
573 1109 603 1163 et
626 1101 657 1162 in
677 1102 787 1178 primis
802 1101 939 1180 generali
955 1116 1040 1180 prae-

295 1190 403 1270 posito,
421 1200 454 1255 ut
469 1195 613 1272 praesuli,
630 1211 664 1256 ac
678 1211 786 1256 eorum
807 1194 969 1273 praefecto,
986 1193 1040 1274 qui

294 1303 311 1348 ε
332 1303 384 1347 sua
407 1286 521 1349 familia
536 1288 689 1365 evangelii
704 1305 792 1351 causa
808 1289 838 1350 in
856 1287 1040 1367 longinquas

295 1381 436 1457 regiones
458 1381 639 1457 mittuntur,
656 1381 739 1444 hisce
753 1381 947 1445 facultatibus
963 1396 1040 1444 non·

295 1472 397 1536 nullas
410 1472 482 1535 alias
497 1490 535 1537 eu
549 1475 740 1552 benignitate
754 1485 857 1538 nostra
872 1475 1040 1551 adiungere

297 1581 359 1628 non
372 1581 549 1643 gravamur.
564 1566 636 1630 lllae
648 1575 752 1630 autem
763 1578 837 1630 sunt
852 1566 1039 1641 huiusmodi,

296 1659 456 1722 videlicet:
479 1659 584 1721 Primo
610 1659 761 1738 religiosis
788 1661 864 1723 riris
886 1661 918 1721 in
940 1659 1042 1724 Socie-

297 1761 393 1815 tatem
415 1755 482 1815 lesu
504 1754 650 1831 cooptatis
676 1757 799 1817 veniam
820 1753 960 1827 facimus,
983 1768 1041 1831 qua

296 1845 456 1907 christiani
473 1847 578 1925 populi
592 1863 691 1910 sacras
705 1846 911 1910 confessiones
926 1847 1043 1927 possint

298 1940 452 2020 excipere,
475 1939 607 2002 verbum
637 1940 691 2002 Dei
718 1940 916 2015 annuntiare,
947 1955 1043 2000 sacra-

298 2041 402 2096 menta
424 2032 653 2109 administrare,
674 2033 911 2097 assentientibus
927 2049 961 2096 au
975 2048 1043 2112 pro·
1064 2081 1065 2088 ,

299 2127 624 2208 bantibusquibusque
635 2123 774 2190 locorum
786 2129 947 2190 ordinariis
959 2142 1043 2206 prae-

298 2222 428 2297 sulibus,
449 2222 482 2282 in
504 2237 636 2299 quorum
652 2220 783 2284 dioecesi
798 2221 849 2284 rel
863 2222 948 2300 quasi
964 2220 1044 2284 dioe-

300 2315 360 2377 cesi
370 2331 422 2376 cos
433 2313 549 2376 versari
561 2315 736 2391 contigerit.
748 2315 879 2378 Possunt
887 2321 1044 2393 praeterea

295 2403 425 2472 ¹ordines
446 2423 505 2487 qua
529 2408 663 2471 minores
676 2425 736 2489 qua
752 2409 881 2471 maiores
896 2409 1043 2488 accipere,

300 2505 394 2566 etiam
415 2509 502 2564 extra
524 2508 661 2581 tempora
681 2519 715 2566 ac
736 2502 911 2565 interstitiis
933 2518 1047 2581 nequa·

297 2605 393 2678 'quarn
408 2597 574 2671 servatis,a
589 2612 785 2676 quocumque
799 2611 884 2657 sacro
899 2595 1047 2658 antistite

302 2707 373 2755 cum
394 2691 537 2753 cathedra
565 2689 700 2751 Romana
727 2689 852 2763 sociato,
875 2691 982 2767 adepto
1005 2697 1046 2751 ta-

303 2801 375 2848 men
397 2798 550 2847 consensu
566 2783 712 2844 ordinarii
728 2781 811 2844 illius
826 2783 884 2844 loci
899 2783 1048 2860 praesulis

304 2881 336 2942 in
358 2895 420 2957 quo
439 2877 466 2940 id
483 2877 552 2953 tiet3
569 2892 625 2937 nec
640 2892 701 2937 non
718 2876 756 2936 tle
770 2876 908 2938 eiusdem
924 2885 1049 2938 senten·

305 2975 345 3036 tia
367 2979 495 3052 possunt
517 2970 661 3032 ecclesiae
684 2969 841 3032 societatis
857 2972 923 3032 lesu
940 2987 955 3030 a
974 2986 1049 3048 quo·

294 3055 379 3130 'tibet
408 3065 555 3142 Episcopo
577 3062 628 3125 rel
656 3064 890 3142 archiepiscopo
912 3064 1050 3126 benedici

305 3170 335 3223 et
357 3158 538 3222 consecrari.
563 3157 770 3218 peculiaribus
798 3165 901 3218 autem
924 3157 1051 3219 rationi·

306 3257 362 3317 bus
383 3253 517 3331 permoti
540 3250 695 3326 volumus,
713 3259 746 3312 ut
769 3252 903 3315 Societas
922 3252 1051 3332 eiusque

306 3347 425 3412 alumni
446 3345 555 3408 nullibi
573 3353 737 3408 teneantur
751 3347 913 3408 cuiuslibet
929 3364 1053 3426 praesu-

307 3442 343 3504 lis
365 3450 473 3517 rogatu
496 3440 640 3518 visitandi
661 3455 740 3501 onus
762 3446 815 3501 aut
838 3440 1050 3516 religiosarum

307 3536 476 3598 mulierum
505 3525 728 3612 'virginumque
755 3551 862 3595 curam
883 3535 1047 3613 suscipere.

307 3631 359 3693 Eis
380 3629 456 3690 item
478 3628 567 3689 liceat
589 3644 604 3687 a
626 3627 742 3688 casibus
770 3625 839 3689 Sedi
863 3629 1052 3705 apostolicae

308 3724 471 3788 reservatis
493 3715 662 3796 absolvere,
685 3724 819 3800 exceptis
840 3724 887 3798 iis,
904 3725 959 3801 qui
979 3743 1052 3788 con-

310 3807 451 3881 tinentur
463 3817 496 3878 in
509 3816 592 3878 bulla
608 3817 728 3879 Coenae
744 3817 880 3894 Domini3
897 3827 967 3880 rota
981 3819 1053 3880 sim·

303 3906 397 3992 'plicia
420 3918 624 3984 commutare,
647 3925 809 3988 nunquam
831 3926 906 3972 vero
922 3919 992 3973 vota
1007 3930 1053 3974 ca-

308 4007 430 4078 stitatis,
452 4003 622 4080 religionis,
646 4004 741 4065 trium
767 4007 1053 4082 peregrinationum

310 4102 344 4160 ad
367 4115 447 4160 sacra
470 4093 633 4158 beatorum
647 4097 864 4174 Apostolorum
884 4098 1005 4176 limina,
1018 4103 1053 4164 ad

311 4193 460 4256 Sanctum
491 4190 631 4253 iacobum
661 4193 694 4253 in
717 4192 941 4270 Composteflis,
965 4201 996 4256 et
1018 4196 1052 4257 ad

310 4281 488 4366 Ierusalem,
512 4299 609 4363 eaque
632 4293 700 4346 rota
723 4286 754 4349 in
774 4288 886 4365 quibus
900 4289 1003 4366 agitur
1018 4293 1055 4353 de

311 4381 495 4461 praeiudicio
518 4379 568 4441 rel
589 4381 655 4441 iure
672 4381 771 4458 terni,
795 4380 902 4443 boram
917 4391 989 4462 ante
1003 4400 1054 4445 au·
1074 4369 1076 4376 ’

311 4476 1057 4558 ruram,lroramvepostmeridiem,divinisope-

312 4571 385 4646 rari,
408 4586 441 4630 ao
466 4574 589 4646 peracto
619 4569 766 4630 sacrificio
794 4587 849 4632 seu
880 4581 952 4635 ante
973 4573 1056 4637 illius

313 4662 564 4735 celebrationem,
576 4667 629 4722 aut
641 4659 725 4736 alias,
738 4662 946 4729 Eucharistiae
961 4684 1056 4742 sacra·

312 4765 455 4820 mentum
477 4755 671 4832 ministrare3
698 4762 789 4834 atque
815 4759 908 4820 etiam
931 4763 1056 4840 eosqui

312 4849 572 4928 irregularitatem
595 4851 744 4914 occultam
761 4860 824 4916 tam
838 4857 872 4916 ad
888 4858 1057 4936 suscipien-

313 4943 378 5019 dos,
400 4960 492 5022 quam
513 4945 549 5006 ad
570 4947 758 5008 exercendos
779 4949 902 5012 ordines
919 4951 1057 5022 incurre-

313 5040 390 5111 rint,
414 5039 446 5100 in
468 5036 535 5100 foro
562 5039 766 5101 conscientiae
796 5049 922 5104 tanturn
943 5044 980 5106 ab
1002 5045 1057 5108 lroc

306 5135 538 5214 ,impedimento
558 5132 727 5195 absoluere.
750 5133 952 5198 Decernimus
972 5139 1057 5199 insu-

314 5243 370 5306 per
391 5232 425 5289 ut
444 5227 482 5288 ab
505 5226 773 5288 animadversione
794 5243 810 5310 ε
836 5228 995 5292 Societatis
1015 5231 1058 5293 fe-

315 5335 391 5398 gum
422 5318 608 5397 praescripto
637 5318 772 5400 irrogata
799 5319 884 5383 nefas
912 5323 951 5384 sit
972 5329 1057 5385 entra

307 5409 498 5494 Societatem
516 5427 698 5492 provocare,
714 5421 750 5474 ut
765 5412 924 5478 societatis
939 5416 1058 5478 alumni

307 5506 455 5590 ‚confiteri
478 5514 634 5584 nequeant
663 5507 784 5569 animae
814 5523 919 5584 nonas,
943 5510 1002 5571 nisi
1023 5510 1059 5572 iis

315 5602 369 5681 qui
391 5618 406 5662 a
428 5600 600 5680 praeposito
627 5598 803 5663 facultatem
817 5602 996 5689 ,habuerint
1016 5620 1060 5664 sa·

308 5712 381 5780 cras
401 5709 513 5756 eorum
534 5692 740 5756 confessiones
768 5694 928 5772 audiendi;
951 5704 986 5758 ut
1008 5713 1062 5758 ne-

317 5787 407 5862 mini,
423 5785 476 5865 qui
498 5787 531 5849 in
553 5786 704 5849 Societate
719 5795 790 5850 vota
806 5790 1009 5871 nuncupavit,
1024 5791 1059 5852 ad

317 5880 406 5942 aliam
420 5895 535 5942 sacram
550 5879 710 5956 familiam,
726 5890 849 5960 praeter
863 5882 1061 5962 carthusien-

317 5974 411 6056 sidm,
434 5974 523 6037 liceat
544 5973 693 6050 transire;
720 5983 754 6039 ut
782 5975 980 6056 irregulares,
1008 5969 1082 6058 qui'

1096 722 1239 787 Societati
1260 721 1333 788 dant
1355 732 1472 788 nomen
1486 711 1560 804 (nisi
1576 723 1786 802 irregularitas
1800 722 1840 786 sit

1095 833 1133 880 ex
1154 817 1320 880 homicidio
1342 819 1529 894 voluntario,
1551 818 1694 896 bigamia,
1718 816 1841 880 mutila·

1096 911 1180 972 tione
1194 912 1421 986 membrorum,
1438 912 1557 976 defectu
1576 911 1684 986 animi,
1701 917 1732 973 et
1745 910 1840 972 simul

1096 1011 1222 1082 excepta
1243 1004 1481 1082 irregularitate,
1497 1022 1575 1084 quae
1597 1006 1697 1067 oritur
1711 1021 1749 1067 en
1763 1003 1841 1066 infa-

1097 1097 1255 1160 mialaris
1278 1098 1327 1160 rel
1349 1097 1432 1178 facti)
1460 1099 1576 1177 possint
1604 1099 1782 1176 promoveri
1805 1096 1842 1158 ad

1096 1209 1196 1254 sacros
1210 1191 1345 1266 ordines,
1358 1200 1387 1255 et
1403 1192 1438 1252 ad
1454 1207 1668 1271 quaecumque
1683 1191 1843 1255 Societatis

1097 1285 1210 1362 officia;
1230 1293 1265 1347 nt
1286 1291 1436 1364 tyronum
1452 1286 1588 1362 magistri
1604 1299 1797 1363 nequaquam
1814 1283 1843 1345 ei

1097 1378 1219 1441 decreto
1240 1378 1303 1440 sint
1324 1378 1461 1454 obnoxii,
1485 1379 1565 1457 quod
1587 1385 1671 1441 uetat
1696 1392 1736 1438 ne
1758 1391 1843 1455 prae·

1097 1471 1179 1533 sufes
1201 1488 1299 1534 sacras
1320 1473 1473 1550 excipiant
1504 1472 1704 1535 alumnorum
1725 1470 1841 1534 confes-

1098 1565 1216 1644 siones;
1239 1571 1274 1629 ut
1295 1563 1428 1629 Societas
1448 1583 1487 1628 er
1510 1566 1575 1629 eius
1605 1563 1843 1638 consuetudine,

1098 1660 1382 1736 constitutionibus,
1395 1677 1428 1723 ac
1441 1675 1475 1721 se
1489 1660 1617 1738 gerendi
1631 1659 1730 1733 modo,
1743 1659 1846 1721 omni-

1099 1754 1156 1818 bus
1176 1754 1346 1833 privilegiis
1367 1754 1484 1832 perfrui
1506 1756 1599 1832 possit
1625 1756 1669 1816 eis
1689 1755 1783 1816 sacris
1803 1752 1846 1815 fa-

1100 1847 1205 1924 miliis,
1228 1863 1307 1926 quae
1335 1848 1538 1910 mendicando
1563 1848 1687 1923 vivont,
1710 1848 1786 1923 sive,
1811 1852 1845 1907 ut

1100 1949 1221 2015 vocant,
1238 1941 1496 2014 mendicantium,
1513 1942 1685 2018 generatim
1703 1939 1843 2016 tributis3

1100 2035 1227 2096 demum
1250 2043 1285 2096 ut
1311 2033 1531 2098 Christitideles
1554 2033 1666 2113 templa
1687 2030 1847 2096 societatis

1100 2127 1260 2204 adeuntes,
1282 2129 1378 2191 semel
1400 2129 1432 2190 in
1447 2145 1528 2191 anno
1543 2127 1592 2189 die
1606 2129 1683 2191 festo
1701 2129 1782 2191 tituli
1797 2145 1846 2192 eo-

1102 2237 1171 2284 rum
1186 2221 1364 2298 cuiuslibet,
1375 2222 1545 2300 plenariam
1556 2222 1785 2300 indulgentiam
1796 2238 1862 2284 va·

1100 2318 1184 2381 leant
1205 2317 1327 2381 lucrari.

1142 2413 1161 2488 5
1181 2410 1210 2473 3.
1234 2411 1445 2490 Praepositum
1476 2429 1550 2476 uero
1580 2411 1782 2489 generalem,¹
1800 2412 1847 2474 uti

1103 2504 1288 2586 praesulem,
1312 2513 1461 2585 potestate
1482 2508 1632 2570 donamus
1652 2505 1689 2568 iis
1711 2522 1728 2566 e
1747 2505 1850 2568 Socia-

1105 2608 1165 2662 tate
1186 2599 1333 2674 alumnis,
1350 2600 1461 2678 quibus
1475 2599 1506 2662 id
1525 2608 1735 2678 opportunum
1751 2597 1848 2674 ducit,

1105 2695 1228 2756 reniam
1249 2695 1418 2769 tribuendi,
1436 2712 1495 2773 qua
1510 2695 1542 2756 in
1558 2697 1725 2758 domestico
1740 2695 1849 2758 sacello

1104 2788 1245 2864 legitime
1272 2795 1373 2850 erecto
1399 2789 1562 2865 perlitent3
1586 2789 1674 2850 iustis
1696 2790 1731 2849 cle
1753 2788 1850 2850 causis

1105 2884 1229 2943 cosdem
1258 2881 1401 2944 alumnos
1423 2899 1438 2942 a
1459 2882 1578 2945 ieiunio
1600 2891 1631 2942 et
1651 2883 1756 2943 vetitis
1776 2882 1851 2943 cibis

1106 2973 1318 3051 dispensandi,
1341 2977 1466 3036 adversa
1489 2975 1666 3036 valetudine
1688 2974 1851 3035 laboranti·

1106 3067 1162 3128 bus
1184 3067 1329 3129 divinum
1360 3067 1495 3131 officium
1519 3071 1550 3130 in
1573 3070 1634 3146 pias
1655 3069 1725 3129 alias
1748 3083 1852 3144 proces

1107 3160 1334 3240 commutandi;
1367 3162 1443 3222 ilem
1475 3161 1668 3238 indulgendi,
1691 3169 1737 3235 ut,
1759 3160 1783 3222 si
1805 3177 1852 3221 ae-

1107 3270 1204 3332 quum
1227 3263 1284 3328 est,
1307 3255 1399 3316 horae
1419 3257 1601 3328 matutinae,
1622 3261 1743 3334 peracto
1763 3255 1854 3316 sacri-

1108 3349 1187 3422 ficio,
1210 3347 1396 3425 recitentur3
1419 3349 1454 3410 iis
1477 3349 1620 3422 alumnis,
1638 3349 1748 3427 quibus
1763 3364 1853 3424 erpe-

1108 3442 1174 3504 dire
1189 3442 1355 3516 existimet,
1372 3441 1549 3504 facultatem
1562 3441 1703 3517 faciendi,
1719 3442 1807 3504 cuius
1822 3441 1852 3501 ri

1109 3536 1202 3598 libros
1223 3535 1393 3613 prohibitos
1414 3544 1530 3614 queant
1551 3536 1670 3613 legere,
1691 3543 1854 3620 postremo

1109 3629 1286 3692 huiusmodi
1307 3629 1501 3692 facultatibus
1530 3629 1673 3692 omnium
1695 3629 1856 3692 societatis

1110 3715 1274 3788 domorum
1296 3731 1326 3784 et
1348 3724 1549 3802 collegiorum
1571 3724 1603 3785 in
1628 3725 1763 3803 qualibet
1787 3740 1855 3806 pro·

1110 3821 1209 3883 vincia
1230 3817 1385 3898 praesules
1412 3818 1585 3880 muniendi.
1610 3820 1681 3881 Post
1701 3819 1775 3880 hacc
1796 3827 1855 3879 sta-

1112 3914 1240 3987 tuimus,
1256 3919 1291 3975 ut
1312 3911 1464 3988 generalis
1481 3915 1670 3989 praepositus
1684 3913 1775 3975 sacris
1791 3913 1856 3974 ubi-

1111 4023 1243 4086 cumque
1275 4005 1472 4067 missionibus
1501 4006 1623 4083 praesit,
1651 4006 1762 4085 quibus
1783 4023 1856 4068 suae

1112 4101 1271 4170 societatis
1302 4099 1422 4160 alumni
1442 4098 1476 4159 al
1499 4099 1666 4162 catholicae
1695 4099 1857 4177 religionis

1111 4194 1309 4261 commodum
1330 4201 1362 4255 et
1383 4193 1557 4254 animarum
1577 4193 1709 4256 salutem
1731 4209 1857 4272 operam

1113 4291 1280 4356 natabunt.
1312 4288 1411 4364 Quare
1431 4289 1468 4374 ei
1483 4286 1626 4352 liceatad
1648 4289 1858 4374 nuntiandum
1879 4287 1881 4294 '

1111 4388 1179 4450 lesu
1194 4383 1308 4448 Christi
1323 4379 1521 4458 evangelium
1535 4398 1606 4444 suos
1621 4382 1746 4445 mittere
1760 4382 1859 4443 alum-

1112 4496 1180 4554 nos,
1192 4478 1244 4540 ubi
1256 4490 1421 4555 praecones
1432 4474 1482 4536 isti
1493 4476 1717 4551 desiderantur,
1728 4494 1760 4538 ac
1773 4492 1858 4554 prae·

1111 4574 1220 4636 sertim
1231 4569 1566 4632 ubiecclesiasticorum
1578 4569 1789 4646 operariorum
1801 4587 1859 4632 nu-

1113 4683 1218 4730 merus
1240 4667 1280 4728 sit
1301 4665 1374 4727 adeo
1388 4665 1532 4740 exiguus,
1547 4670 1582 4726 ut
1596 4664 1732 4742 parvulis
1747 4684 1858 4746 panem

1113 4759 1334 4840 quaerentibus
1354 4774 1418 4820 non
1439 4757 1478 4818 sit
1493 4758 1546 4835 qui
1560 4756 1700 4838 frangat3
1720 4776 1859 4836 necnon

1113 4856 1293 4917 earumdem
1311 4852 1497 4914 missionum
1511 4851 1679 4929 praelectas
1692 4857 1861 4919 constitue-

1114 4966 1158 5012 re.
1182 4949 1222 5012 Et
1243 4964 1304 5027 quo
1325 4947 1486 5010 uberiores
1510 4947 1629 5010 fructus
1650 4946 1721 5010 inde
1743 4951 1861 5026 possint

1115 5043 1235 5116 referri,
1259 5042 1315 5121 ipsi
1337 5043 1509 5121 praeposito
1530 5041 1666 5117 generali
1682 5059 1731 5105 eas
1746 5046 1860 5123 imper·

1115 5137 1212 5198 timur
1226 5134 1396 5209 facultates,
1409 5150 1487 5212 quae
1501 5135 1705 5197 continentur
1719 5134 1860 5202 formulis

1114 5247 1131 5292 a
1151 5244 1294 5308 suprema
1315 5227 1528 5308 lnquisitionis
1548 5232 1799 5308 congregatione,
1822 5249 1861 5295 er

1116 5323 1382 5402 praedecessorum
1405 5327 1583 5384 nostrorum
1598 5324 1769 5400 voluntate,
1786 5327 1861 5388 iam-

1115 5416 1168 5478 diu
1189 5415 1347 5490 confectis,
1376 5429 1516 5494 quaeque
1545 5415 1632 5478 iuxta
1657 5415 1795 5480 locorum
1817 5409 1861 5482 di·

1115 5509 1270 5584 stantiam,
1297 5524 1380 5570 sacra
1406 5507 1594 5586 efflagitante
1615 5511 1863 5589 congregatione

1116 5603 1282 5666 christiano
1304 5602 1425 5664 nomini
1439 5604 1634 5680 propagando
1649 5606 1830 5683 praeposita,
1847 5624 1863 5668 a

1117 5697 1205 5758 nobis
1227 5694 1354 5758 huiusce
1375 5693 1542 5756 laboriosae
1558 5696 1733 5773 prouinciae
1747 5698 1865 5777 praefe-

1117 5790 1173 5852 ctis
1184 5788 1381 5864 tribuuntur,
1394 5789 1430 5852 ad
1442 5805 1493 5851 eos
1504 5805 1519 5848 a
1531 5780 1702 5870 praeposito
1714 5793 1876 5869 generali,

1117 5883 1154 5945 ab
1173 5883 1258 5945 hisce
1278 5883 1314 5946 ad
1336 5881 1409 5944 alios
1433 5888 1518 5944 tanto
1539 5883 1713 5946 ministerio
1732 5885 1864 5965 addictos

1118 5977 1309 6056 delegandae.
1334 5974 1480 6040 Praefecti
1503 5991 1579 6039 vero
1600 5976 1714 6064 aliique
1728 5980 1865 6045 christia·

1760 573 1839 652 675⁴
1865 526 1924 643 ευ.
1938 529 1968 642 ε
1990 585 2058 642 rano

1933 2429 2079 2479 Facultates

1867 2497 1927 2544 prae
1945 2485 2004 2532 ositi
2033 2495 2079 2543 ga-

1867 2550 1931 2588 uera
1942 2539 1970 2586 ls.
