<?xml version="1.0" encoding="UTF-8"?>
<!DOCTYPE html PUBLIC "-//W3C//DTD XHTML 1.0 Transitional//EN"
    "http://www.w3.org/TR/xhtml1/DTD/xhtml1-transitional.dtd">
<html xmlns="http://www.w3.org/1999/xhtml" xml:lang="en" lang="en">
 <head>
  <title>
</title>
<meta http-equiv="Content-Type" content="text/html;charset=utf-8" />
  <meta name='ocr-system' content='tesseract 3.04.00' />
  <meta name='ocr-capabilities' content='ocr_page ocr_carea ocr_par ocr_line ocrx_word'/>
</head>
<body>
  <div class='ocr_page' id='page_1' title='image "./iurispontificii00martgoog_0643.png"; bbox 0 0 4808 6988; ppageno 0'>
   <div class='ocr_carea' id='block_1_1' title="bbox 363 541 553 601">
    <p class='ocr_par' dir='ltr' id='par_1_1' title="bbox 363 541 553 601">
     <span class='ocr_line' id='line_1_1' title="bbox 363 541 553 601; baseline 0.021 -4"><span class='ocrx_word' id='word_1_1' title='bbox 363 541 418 598; x_wconf 78' lang='lat' dir='ltr'>An.</span> <span class='ocrx_word' id='word_1_2' title='bbox 431 545 462 600; x_wconf 84' lang='grc'>0.</span> <span class='ocrx_word' id='word_1_3' title='bbox 483 546 553 601; x_wconf 77' lang='grc'><strong>1823</strong></span> 
     </span>
    </p>
   </div>
   <div class='ocr_carea' id='block_1_2' title="bbox 354 1149 566 1250">
    <p class='ocr_par' dir='ltr' id='par_1_2' title="bbox 354 1149 566 1250">
     <span class='ocr_line' id='line_1_2' title="bbox 366 1149 566 1212; baseline 0 -16"><span class='ocrx_word' id='word_1_4' title='bbox 366 1149 502 1212; x_wconf 70' lang='lat' dir='ltr'>peroratio</span> <span class='ocrx_word' id='word_1_5' title='bbox 509 1159 566 1196; x_wconf 86' lang='lat' dir='ltr'>oon·</span> 
     </span>
     <span class='ocr_line' id='line_1_3' title="bbox 354 1207 499 1250; baseline -0.007 -2"><span class='ocrx_word' id='word_1_6' title='bbox 354 1207 499 1250; x_wconf 82' lang='lat' dir='ltr'>tremorum.</span> 
     </span>
    </p>
   </div>
   <div class='ocr_carea' id='block_1_3' title="bbox 386 3311 553 3359">
    <p class='ocr_par' dir='ltr' id='par_1_3' title="bbox 386 3311 553 3359">
     <span class='ocr_line' id='line_1_4' title="bbox 386 3311 553 3359; baseline -0.018 0"><span class='ocrx_word' id='word_1_7' title='bbox 386 3311 553 3359; x_wconf 72' lang='lat' dir='ltr'><strong>Prooemium.</strong></span> 
     </span>
    </p>
   </div>
   <div class='ocr_carea' id='block_1_4' title="bbox 364 4251 575 4352">
    <p class='ocr_par' dir='ltr' id='par_1_4' title="bbox 364 4251 575 4352">
     <span class='ocr_line' id='line_1_5' title="bbox 389 4251 575 4300; baseline 0.011 -3"><span class='ocrx_word' id='word_1_8' title='bbox 389 4251 464 4299; x_wconf 82' lang='grc'><strong>113113</strong></span> <span class='ocrx_word' id='word_1_9' title='bbox 476 4261 575 4300; x_wconf 83' lang='lat' dir='ltr'>concus-</span> 
     </span>
     <span class='ocr_line' id='line_1_6' title="bbox 364 4305 450 4352; baseline -0.012 0"><span class='ocrx_word' id='word_1_10' title='bbox 364 4305 450 4352; x_wconf 83' lang='grc'><strong>313311.</strong></span> 
     </span>
    </p>
   </div>
   <div class='ocr_carea' id='block_1_5' title="bbox 369 5804 456 5852">
    <p class='ocr_par' dir='ltr' id='par_1_5' title="bbox 369 5804 456 5852">
     <span class='ocr_line' id='line_1_7' title="bbox 369 5804 456 5852; baseline 0 -2"><span class='ocrx_word' id='word_1_11' title='bbox 369 5804 456 5852; x_wconf 77' lang='lat' dir='ltr'>sionis.</span> 
     </span>
    </p>
   </div>
   <div class='ocr_carea' id='block_1_6' title="bbox 600 550 661 614">
    <p class='ocr_par' dir='ltr' id='par_1_6' title="bbox 600 550 661 614">
     <span class='ocr_line' id='line_1_8' title="bbox 600 550 661 614; baseline 0 0"><span class='ocrx_word' id='word_1_12' title='bbox 600 550 661 614; x_wconf 76' lang='lat'>626</span> 
     </span>
    </p>
   </div>
   <div class='ocr_carea' id='block_1_7' title="bbox 581 687 1330 1787">
    <p class='ocr_par' dir='ltr' id='par_1_7' title="bbox 581 687 1328 1134">
     <span class='ocr_line' id='line_1_9' title="bbox 581 687 1326 771; baseline 0.003 -23"><span class='ocrx_word' id='word_1_13' title='bbox 581 701 743 748; x_wconf 92' lang='lat' dir='ltr'>causarum</span> <span class='ocrx_word' id='word_1_14' title='bbox 758 687 861 766; x_wconf 91' lang='lat' dir='ltr'>palatii</span> <span class='ocrx_word' id='word_1_15' title='bbox 876 690 974 752; x_wconf 87' lang='lat' dir='ltr'>nostri</span> <span class='ocrx_word' id='word_1_16' title='bbox 988 690 1145 771; x_wconf 86' lang='lat' dir='ltr'>apostolici</span> <span class='ocrx_word' id='word_1_17' title='bbox 1160 691 1326 766; x_wconf 84' lang='lat' dir='ltr'>auditores,</span> 
     </span>
     <span class='ocr_line' id='line_1_10' title="bbox 582 778 1328 861; baseline 0.005 -21"><span class='ocrx_word' id='word_1_18' title='bbox 582 778 710 841; x_wconf 86' lang='lat' dir='ltr'>iudicari</span> <span class='ocrx_word' id='word_1_19' title='bbox 734 786 765 842; x_wconf 92' lang='lat' dir='ltr'>et</span> <span class='ocrx_word' id='word_1_20' title='bbox 793 781 916 845; x_wconf 90' lang='lat' dir='ltr'>deliniri</span> <span class='ocrx_word' id='word_1_21' title='bbox 940 783 1063 861; x_wconf 87' lang='lat' dir='ltr'>debere,</span> <span class='ocrx_word' id='word_1_22' title='bbox 1087 801 1119 848; x_wconf 93' lang='lat' dir='ltr'>ac</span> <span class='ocrx_word' id='word_1_23' title='bbox 1151 783 1275 845; x_wconf 93' lang='lat' dir='ltr'>irritum</span> <span class='ocrx_word' id='word_1_24' title='bbox 1297 790 1328 845; x_wconf 88' lang='lat' dir='ltr'>et</span> 
     </span>
     <span class='ocr_line' id='line_1_11' title="bbox 582 870 1328 956; baseline 0.005 -24"><span class='ocrx_word' id='word_1_25' title='bbox 582 870 687 946; x_wconf 87' lang='lat' dir='ltr'>inane,</span> <span class='ocrx_word' id='word_1_26' title='bbox 711 871 738 932; x_wconf 94' lang='lat' dir='ltr'>si</span> <span class='ocrx_word' id='word_1_27' title='bbox 757 889 844 936; x_wconf 89' lang='lat' dir='ltr'>secus</span> <span class='ocrx_word' id='word_1_28' title='bbox 864 891 958 953; x_wconf 90' lang='lat' dir='ltr'>super</span> <span class='ocrx_word' id='word_1_29' title='bbox 978 877 1026 938; x_wconf 90' lang='lat' dir='ltr'>bis</span> <span class='ocrx_word' id='word_1_30' title='bbox 1045 893 1061 937; x_wconf 95' lang='lat' dir='ltr'>a</span> <span class='ocrx_word' id='word_1_31' title='bbox 1083 889 1240 956; x_wconf 85' lang='lat' dir='ltr'>quoquam</span> <span class='ocrx_word' id='word_1_32' title='bbox 1256 891 1328 955; x_wconf 88' lang='lat' dir='ltr'>qua·</span> 
     </span>
     <span class='ocr_line' id='line_1_12' title="bbox 583 962 1328 1046; baseline 0.011 -23"><span class='ocrx_word' id='word_1_33' title='bbox 583 962 630 1025; x_wconf 93' lang='lat' dir='ltr'>vis</span> <span class='ocrx_word' id='word_1_34' title='bbox 644 965 826 1028; x_wconf 88' lang='lat' dir='ltr'>auctoritate</span> <span class='ocrx_word' id='word_1_35' title='bbox 848 968 982 1030; x_wconf 73' lang='lat' dir='ltr'><strong>scienter</strong></span> <span class='ocrx_word' id='word_1_36' title='bbox 998 967 1046 1032; x_wconf 91' lang='grc'>131</span> <span class='ocrx_word' id='word_1_37' title='bbox 1061 968 1242 1046; x_wconf 75' lang='lat' dir='ltr'>ignoranter</span> <span class='ocrx_word' id='word_1_38' title='bbox 1257 985 1328 1031; x_wconf 92' lang='lat' dir='ltr'>con·</span> 
     </span>
     <span class='ocr_line' id='line_1_13' title="bbox 584 1056 866 1134; baseline 0 -16"><span class='ocrx_word' id='word_1_39' title='bbox 584 1056 690 1134; x_wconf 83' lang='lat' dir='ltr'>tigerit</span> <span class='ocrx_word' id='word_1_40' title='bbox 711 1060 866 1121; x_wconf 89' lang='lat' dir='ltr'>attentari.</span> 
     </span>
    </p>

    <p class='ocr_par' dir='ltr' id='par_1_8' title="bbox 584 1151 1330 1604">
     <span class='ocr_line' id='line_1_14' title="bbox 624 1151 1329 1226; baseline 0.003 -14"><span class='ocrx_word' id='word_1_41' title='bbox 624 1151 643 1226; x_wconf 88' lang='lat'>5</span> <span class='ocrx_word' id='word_1_42' title='bbox 663 1151 693 1212; x_wconf 85' lang='lat' dir='ltr'>ii.</span> <span class='ocrx_word' id='word_1_43' title='bbox 717 1151 787 1214; x_wconf 89' lang='lat' dir='ltr'>Non</span> <span class='ocrx_word' id='word_1_44' title='bbox 801 1152 992 1216; x_wconf 84' lang='lat' dir='ltr'>obstantibus</span> <span class='ocrx_word' id='word_1_45' title='bbox 1014 1154 1286 1218; x_wconf 91' lang='lat' dir='ltr'>constitutionibus</span> <span class='ocrx_word' id='word_1_46' title='bbox 1298 1161 1329 1215; x_wconf 88' lang='lat' dir='ltr'>et</span> 
     </span>
     <span class='ocr_line' id='line_1_15' title="bbox 584 1244 1330 1326; baseline 0 -20"><span class='ocrx_word' id='word_1_47' title='bbox 584 1244 829 1308; x_wconf 77' lang='lat' dir='ltr'>ordinationibus</span> <span class='ocrx_word' id='word_1_48' title='bbox 850 1246 1032 1324; x_wconf 89' lang='lat' dir='ltr'>apostolicis,</span> <span class='ocrx_word' id='word_1_49' title='bbox 1052 1247 1241 1326; x_wconf 88' lang='lat' dir='ltr'>caeterisque</span> <span class='ocrx_word' id='word_1_50' title='bbox 1261 1246 1330 1325; x_wconf 85' lang='lat' dir='ltr'>qui·</span> 
     </span>
     <span class='ocr_line' id='line_1_16' title="bbox 585 1335 1329 1415; baseline 0 -17"><span class='ocrx_word' id='word_1_51' title='bbox 585 1336 777 1415; x_wconf 85' lang='lat' dir='ltr'>buscumque</span> <span class='ocrx_word' id='word_1_52' title='bbox 788 1335 820 1398; x_wconf 90' lang='lat' dir='ltr'>in</span> <span class='ocrx_word' id='word_1_53' title='bbox 831 1339 1019 1401; x_wconf 90' lang='lat' dir='ltr'>contrarium</span> <span class='ocrx_word' id='word_1_54' title='bbox 1030 1339 1224 1415; x_wconf 90' lang='lat' dir='ltr'>iacientibus,</span> <span class='ocrx_word' id='word_1_55' title='bbox 1235 1340 1329 1401; x_wconf 91' lang='lat' dir='ltr'>etiam</span> 
     </span>
     <span class='ocr_line' id='line_1_17' title="bbox 584 1429 1330 1510; baseline 0.004 -21"><span class='ocrx_word' id='word_1_56' title='bbox 584 1429 707 1508; x_wconf 89' lang='lat' dir='ltr'>speciali</span> <span class='ocrx_word' id='word_1_57' title='bbox 729 1438 760 1492; x_wconf 89' lang='lat' dir='ltr'>et</span> <span class='ocrx_word' id='word_1_58' title='bbox 781 1430 938 1494; x_wconf 92' lang='lat' dir='ltr'>individua</span> <span class='ocrx_word' id='word_1_59' title='bbox 950 1433 1110 1496; x_wconf 91' lang='lat' dir='ltr'>mentione</span> <span class='ocrx_word' id='word_1_60' title='bbox 1131 1432 1245 1510; x_wconf 80' lang='lat' dir='ltr'>dignis,</span> <span class='ocrx_word' id='word_1_61' title='bbox 1261 1431 1330 1510; x_wconf 84' lang='lat' dir='ltr'>qui-</span> 
     </span>
     <span class='ocr_line' id='line_1_18' title="bbox 585 1523 1242 1604; baseline 0.002 -20"><span class='ocrx_word' id='word_1_62' title='bbox 585 1523 642 1584; x_wconf 91' lang='lat' dir='ltr'>bus</span> <span class='ocrx_word' id='word_1_63' title='bbox 662 1523 824 1602; x_wconf 87' lang='lat' dir='ltr'>apostolica</span> <span class='ocrx_word' id='word_1_64' title='bbox 845 1525 1028 1588; x_wconf 91' lang='lat' dir='ltr'>auctoritate</span> <span class='ocrx_word' id='word_1_65' title='bbox 1049 1527 1242 1604; x_wconf 82' lang='lat' dir='ltr'>derogamus.</span> 
     </span>
    </p>

    <p class='ocr_par' dir='ltr' id='par_1_9' title="bbox 586 1614 1330 1787">
     <span class='ocr_line' id='line_1_19' title="bbox 624 1614 1330 1696; baseline 0.004 -19"><span class='ocrx_word' id='word_1_66' title='bbox 624 1617 737 1678; x_wconf 88' lang='lat' dir='ltr'>Datum</span> <span class='ocrx_word' id='word_1_67' title='bbox 767 1614 893 1692; x_wconf 87' lang='lat' dir='ltr'>Romae,</span> <span class='ocrx_word' id='word_1_68' title='bbox 919 1617 997 1696; x_wconf 90' lang='lat' dir='ltr'>apud</span> <span class='ocrx_word' id='word_1_69' title='bbox 1026 1617 1058 1682; x_wconf 89' lang='lat' dir='ltr'>S.</span> <span class='ocrx_word' id='word_1_70' title='bbox 1090 1620 1216 1683; x_wconf 85' lang='lat' dir='ltr'>Mariam</span> <span class='ocrx_word' id='word_1_71' title='bbox 1240 1619 1330 1682; x_wconf 85' lang='lat' dir='ltr'>Maio·</span> 
     </span>
     <span class='ocr_line' id='line_1_20' title="bbox 586 1708 1327 1787; baseline 0.004 -18"><span class='ocrx_word' id='word_1_72' title='bbox 586 1724 665 1782; x_wconf 88' lang='lat' dir='ltr'>rem,</span> <span class='ocrx_word' id='word_1_73' title='bbox 686 1708 745 1769; x_wconf 91' lang='lat' dir='ltr'>sub</span> <span class='ocrx_word' id='word_1_74' title='bbox 759 1708 877 1771; x_wconf 89' lang='lat' dir='ltr'>annulo</span> <span class='ocrx_word' id='word_1_75' title='bbox 888 1710 1058 1787; x_wconf 90' lang='lat' dir='ltr'>piscatoris,</span> <span class='ocrx_word' id='word_1_76' title='bbox 1075 1711 1124 1774; x_wconf 92' lang='lat' dir='ltr'>die</span> <span class='ocrx_word' id='word_1_77' title='bbox 1139 1729 1187 1775; x_wconf 90' lang='lat'>111.</span> <span class='ocrx_word' id='word_1_78' title='bbox 1209 1711 1327 1776; x_wconf 83' lang='lat' dir='ltr'>decern.</span> 
     </span>
    </p>
   </div>
   <div class='ocr_carea' id='block_1_8' title="bbox 571 1804 1326 1882">
    <p class='ocr_par' dir='ltr' id='par_1_10' title="bbox 571 1804 1326 1882">
     <span class='ocr_line' id='line_1_21' title="bbox 571 1804 1326 1882; baseline 0.003 -18"><span class='ocrx_word' id='word_1_79' title='bbox 571 1815 791 1877; x_wconf 79' lang='grc'><strong>1133331113,</strong></span> <span class='ocrx_word' id='word_1_80' title='bbox 807 1804 1003 1882; x_wconf 86' lang='lat' dir='ltr'>pontificatus</span> <span class='ocrx_word' id='word_1_81' title='bbox 1023 1805 1121 1868; x_wconf 89' lang='lat' dir='ltr'>nostri</span> <span class='ocrx_word' id='word_1_82' title='bbox 1136 1822 1218 1869; x_wconf 92' lang='lat' dir='ltr'>anno</span> <span class='ocrx_word' id='word_1_83' title='bbox 1233 1822 1326 1870; x_wconf 86' lang='lat' dir='ltr'>xxur.</span> 
     </span>
    </p>
   </div>
   <div class='ocr_carea' id='block_1_9' title="bbox 926 2276 990 2339">
    <p class='ocr_par' dir='ltr' id='par_1_11' title="bbox 926 2276 990 2339">
     <span class='ocr_line' id='line_1_22' title="bbox 926 2276 990 2339; baseline -0.031 0"><span class='ocrx_word' id='word_1_84' title='bbox 926 2276 990 2339; x_wconf 82' lang='lat' dir='ltr'>CX.</span> 
     </span>
    </p>
   </div>
   <div class='ocr_carea' id='block_1_10' title="bbox 588 2455 1333 2892">
    <p class='ocr_par' dir='ltr' id='par_1_12' title="bbox 588 2455 1333 2892">
     <span class='ocr_line' id='line_1_23' title="bbox 588 2455 1333 2541; baseline 0.007 -23"><span class='ocrx_word' id='word_1_85' title='bbox 588 2455 834 2522; x_wconf 84' lang='lat' dir='ltr'>Dismembrotio</span> <span class='ocrx_word' id='word_1_86' title='bbox 850 2459 991 2523; x_wconf 83' lang='lat' dir='ltr'>ducrum</span> <span class='ocrx_word' id='word_1_87' title='bbox 1005 2463 1247 2541; x_wconf 77' lang='lat' dir='ltr'>provinciarum</span> <span class='ocrx_word' id='word_1_88' title='bbox 1263 2462 1333 2525; x_wconf 85' lang='grc'><strong>113-</strong></span> 
     </span>
     <span class='ocr_line' id='line_1_24' title="bbox 628 2549 1332 2627; baseline 0.011 -17"><span class='ocrx_word' id='word_1_89' title='bbox 628 2549 778 2613; x_wconf 85' lang='lat' dir='ltr'>ridorum</span> <span class='ocrx_word' id='word_1_90' title='bbox 793 2568 812 2614; x_wconf 89' lang='grc'>3</span> <span class='ocrx_word' id='word_1_91' title='bbox 827 2551 959 2614; x_wconf 83' lang='lat' dir='ltr'>dioecesi</span> <span class='ocrx_word' id='word_1_92' title='bbox 981 2555 1087 2618; x_wconf 83' lang='lat' dir='ltr'>Novae</span> <span class='ocrx_word' id='word_1_93' title='bbox 1107 2555 1270 2627; x_wconf 82' lang='lat' dir='ltr'>Aureliae,</span> <span class='ocrx_word' id='word_1_94' title='bbox 1283 2571 1332 2618; x_wconf 85' lang='lat' dir='ltr'>eu·</span> 
     </span>
     <span class='ocr_line' id='line_1_25' title="bbox 629 2645 1333 2726; baseline 0.007 -22"><span class='ocrx_word' id='word_1_95' title='bbox 629 2659 762 2721; x_wconf 82' lang='lat' dir='ltr'>rumque</span> <span class='ocrx_word' id='word_1_96' title='bbox 783 2645 862 2707; x_wconf 83' lang='grc'><strong>3313</strong></span> <span class='ocrx_word' id='word_1_97' title='bbox 883 2646 1063 2710; x_wconf 80' lang='grc'><strong>3133313131</strong></span> <span class='ocrx_word' id='word_1_98' title='bbox 1086 2647 1257 2726; x_wconf 86' lang='lat' dir='ltr'>apostolico</span> <span class='ocrx_word' id='word_1_99' title='bbox 1279 2665 1333 2711; x_wconf 89' lang='grc'>33-</span> 
     </span>
     <span class='ocr_line' id='line_1_26' title="bbox 628 2736 1333 2820; baseline 0.009 -23"><span class='ocrx_word' id='word_1_100' title='bbox 628 2736 714 2797; x_wconf 81' lang='grc'><strong>31131·</strong></span> <span class='ocrx_word' id='word_1_101' title='bbox 744 2741 847 2799; x_wconf 85' lang='lat' dir='ltr'>erecto</span> <span class='ocrx_word' id='word_1_102' title='bbox 875 2739 911 2799; x_wconf 86' lang='lat' dir='ltr'>in</span> <span class='ocrx_word' id='word_1_103' title='bbox 933 2741 1101 2804; x_wconf 84' lang='lat' dir='ltr'>territorio</span> <span class='ocrx_word' id='word_1_104' title='bbox 1123 2741 1280 2820; x_wconf 83' lang='lat' dir='ltr'>Missisipi</span> <span class='ocrx_word' id='word_1_105' title='bbox 1302 2745 1333 2803; x_wconf 87' lang='lat' dir='ltr'>et</span> 
     </span>
     <span class='ocr_line' id='line_1_27' title="bbox 629 2827 795 2892; baseline -0.018 0"><span class='ocrx_word' id='word_1_106' title='bbox 629 2827 795 2892; x_wconf 80' lang='lat' dir='ltr'>Alabonte.</span> 
     </span>
    </p>
   </div>
   <div class='ocr_carea' id='block_1_11' title="bbox 729 3000 1192 3196">
    <p class='ocr_par' dir='ltr' id='par_1_13' title="bbox 729 3000 1192 3196">
     <span class='ocr_line' id='line_1_28' title="bbox 835 3000 1087 3072; baseline -0.004 -5"><span class='ocrx_word' id='word_1_107' title='bbox 835 3000 1003 3070; x_wconf 77' lang='grc'><strong>313311.</strong></span> <span class='ocrx_word' id='word_1_108' title='bbox 1029 3001 1087 3072; x_wconf 78' lang='lat' dir='ltr'>titt.</span> 
     </span>
     <span class='ocr_line' id='line_1_29' title="bbox 729 3127 1192 3196; baseline -0.002 -4"><span class='ocrx_word' id='word_1_109' title='bbox 729 3127 765 3195; x_wconf 86' lang='lat' dir='ltr'>ad</span> <span class='ocrx_word' id='word_1_110' title='bbox 788 3127 918 3194; x_wconf 88' lang='lat' dir='ltr'>iuturarn</span> <span class='ocrx_word' id='word_1_111' title='bbox 945 3128 988 3195; x_wconf 88' lang='lat' dir='ltr'>rei</span> <span class='ocrx_word' id='word_1_112' title='bbox 1011 3129 1192 3196; x_wconf 86' lang='lat' dir='ltr'>memoriam.</span> 
     </span>
    </p>
   </div>
   <div class='ocr_carea' id='block_1_12' title="bbox 590 3303 1342 5724">
    <p class='ocr_par' dir='ltr' id='par_1_14' title="bbox 590 3303 1336 4222">
     <span class='ocr_line' id='line_1_30' title="bbox 629 3303 1334 3385; baseline 0.004 -21"><span class='ocrx_word' id='word_1_113' title='bbox 629 3305 648 3379; x_wconf 89' lang='lat'>5</span> <span class='ocrx_word' id='word_1_114' title='bbox 682 3303 708 3364; x_wconf 92' lang='grc'>1.</span> <span class='ocrx_word' id='word_1_115' title='bbox 741 3305 827 3368; x_wconf 89' lang='grc'><strong>13131</strong></span> <span class='ocrx_word' id='word_1_116' title='bbox 859 3305 1046 3385; x_wconf 86' lang='lat' dir='ltr'>multiplices</span> <span class='ocrx_word' id='word_1_117' title='bbox 1078 3304 1334 3384; x_wconf 80' lang='lat' dir='ltr'>gravissimasque</span> 
     </span>
     <span class='ocr_line' id='line_1_31' title="bbox 590 3396 1333 3478; baseline 0.007 -21"><span class='ocrx_word' id='word_1_118' title='bbox 590 3396 776 3475; x_wconf 89' lang='lat' dir='ltr'>apostolatus</span> <span class='ocrx_word' id='word_1_119' title='bbox 803 3399 903 3461; x_wconf 78' lang='lat' dir='ltr'>nostri</span> <span class='ocrx_word' id='word_1_120' title='bbox 923 3415 1010 3462; x_wconf 89' lang='lat' dir='ltr'>curas</span> <span class='ocrx_word' id='word_1_121' title='bbox 1031 3416 1094 3463; x_wconf 91' lang='lat' dir='ltr'>non</span> <span class='ocrx_word' id='word_1_122' title='bbox 1124 3401 1266 3478; x_wconf 79' lang='lat' dir='ltr'>exiguam</span> <span class='ocrx_word' id='word_1_123' title='bbox 1290 3407 1333 3462; x_wconf 94' lang='lat' dir='ltr'>te-</span> 
     </span>
     <span class='ocr_line' id='line_1_32' title="bbox 591 3494 1334 3572; baseline 0.003 -20"><span class='ocrx_word' id='word_1_124' title='bbox 591 3497 669 3552; x_wconf 92' lang='lat' dir='ltr'>nent</span> <span class='ocrx_word' id='word_1_125' title='bbox 690 3497 809 3568; x_wconf 89' lang='lat' dir='ltr'>partem</span> <span class='ocrx_word' id='word_1_126' title='bbox 824 3507 870 3567; x_wconf 91' lang='lat' dir='ltr'>ea,</span> <span class='ocrx_word' id='word_1_127' title='bbox 886 3505 963 3570; x_wconf 87' lang='lat' dir='ltr'>quae</span> <span class='ocrx_word' id='word_1_128' title='bbox 979 3494 1166 3557; x_wconf 86' lang='lat' dir='ltr'>dioecesium</span> <span class='ocrx_word' id='word_1_129' title='bbox 1188 3510 1243 3572; x_wconf 92' lang='lat' dir='ltr'>per</span> <span class='ocrx_word' id='word_1_130' title='bbox 1264 3494 1334 3554; x_wconf 93' lang='lat' dir='ltr'>uni-</span> 
     </span>
     <span class='ocr_line' id='line_1_33' title="bbox 591 3585 1336 3664; baseline 0.007 -21"><span class='ocrx_word' id='word_1_131' title='bbox 591 3599 718 3645; x_wconf 85' lang='lat' dir='ltr'>versum</span> <span class='ocrx_word' id='word_1_132' title='bbox 739 3585 846 3646; x_wconf 89' lang='lat' dir='ltr'>orbem</span> <span class='ocrx_word' id='word_1_133' title='bbox 867 3585 1101 3650; x_wconf 74' lang='lat' dir='ltr'>distributorum</span> <span class='ocrx_word' id='word_1_134' title='bbox 1132 3586 1256 3664; x_wconf 79' lang='lat' dir='ltr'>respicit</span> <span class='ocrx_word' id='word_1_135' title='bbox 1275 3594 1336 3648; x_wconf 89' lang='lat' dir='ltr'>sta·</span> 
     </span>
     <span class='ocr_line' id='line_1_34' title="bbox 591 3676 1336 3759; baseline 0.005 -22"><span class='ocrx_word' id='word_1_136' title='bbox 591 3682 679 3753; x_wconf 80' lang='lat' dir='ltr'>tum3</span> <span class='ocrx_word' id='word_1_137' title='bbox 700 3676 854 3755; x_wconf 84' lang='lat' dir='ltr'>siquidem</span> <span class='ocrx_word' id='word_1_138' title='bbox 881 3693 1044 3757; x_wconf 85' lang='lat' dir='ltr'>supremae</span> <span class='ocrx_word' id='word_1_139' title='bbox 1071 3681 1229 3759; x_wconf 90' lang='lat' dir='ltr'>potestatis</span> <span class='ocrx_word' id='word_1_140' title='bbox 1256 3680 1336 3742; x_wconf 92' lang='lat' dir='ltr'>iudi-</span> 
     </span>
     <span class='ocr_line' id='line_1_35' title="bbox 591 3769 1334 3846; baseline 0.004 -14"><span class='ocrx_word' id='word_1_141' title='bbox 591 3769 693 3846; x_wconf 81' lang='lat' dir='ltr'>ciique</span> <span class='ocrx_word' id='word_1_142' title='bbox 714 3770 811 3832; x_wconf 87' lang='lat' dir='ltr'>nostri</span> <span class='ocrx_word' id='word_1_143' title='bbox 832 3778 878 3832; x_wconf 92' lang='lat' dir='ltr'>est</span> <span class='ocrx_word' id='word_1_144' title='bbox 900 3787 997 3834; x_wconf 87' lang='lat' dir='ltr'>novos</span> <span class='ocrx_word' id='word_1_145' title='bbox 1011 3789 1116 3834; x_wconf 87' lang='lat' dir='ltr'>carum</span> <span class='ocrx_word' id='word_1_146' title='bbox 1138 3772 1252 3838; x_wconf 90' lang='lat' dir='ltr'>limites</span> <span class='ocrx_word' id='word_1_147' title='bbox 1264 3789 1334 3836; x_wconf 90' lang='lat' dir='ltr'>con·</span> 
     </span>
     <span class='ocr_line' id='line_1_36' title="bbox 591 3863 1336 3944; baseline 0.005 -20"><span class='ocrx_word' id='word_1_148' title='bbox 591 3863 721 3924; x_wconf 89' lang='lat' dir='ltr'>stituere</span> <span class='ocrx_word' id='word_1_149' title='bbox 743 3863 792 3926; x_wconf 90' lang='lat' dir='ltr'>vel</span> <span class='ocrx_word' id='word_1_150' title='bbox 813 3865 996 3927; x_wconf 89' lang='lat' dir='ltr'>constitutos</span> <span class='ocrx_word' id='word_1_151' title='bbox 1025 3865 1207 3944; x_wconf 91' lang='lat' dir='ltr'>immutare,</span> <span class='ocrx_word' id='word_1_152' title='bbox 1230 3875 1336 3944; x_wconf 91' lang='lat' dir='ltr'>prout,</span> 
     </span>
     <span class='ocr_line' id='line_1_37' title="bbox 593 3957 1335 4037; baseline 0.005 -17"><span class='ocrx_word' id='word_1_153' title='bbox 593 3957 694 4020; x_wconf 90' lang='lat' dir='ltr'>habita</span> <span class='ocrx_word' id='word_1_154' title='bbox 715 3965 904 4037; x_wconf 91' lang='lat' dir='ltr'>temporum,</span> <span class='ocrx_word' id='word_1_155' title='bbox 925 3960 1063 4022; x_wconf 91' lang='lat' dir='ltr'>locorum</span> <span class='ocrx_word' id='word_1_156' title='bbox 1082 3968 1114 4023; x_wconf 93' lang='grc'>31</span> <span class='ocrx_word' id='word_1_157' title='bbox 1135 3963 1335 4026; x_wconf 89' lang='lat' dir='ltr'>circumstan-</span> 
     </span>
     <span class='ocr_line' id='line_1_38' title="bbox 593 4051 1336 4128; baseline 0.007 -15"><span class='ocrx_word' id='word_1_158' title='bbox 593 4051 707 4113; x_wconf 88' lang='lat' dir='ltr'>tiarum</span> <span class='ocrx_word' id='word_1_159' title='bbox 723 4053 853 4128; x_wconf 89' lang='lat' dir='ltr'>ratione,</span> <span class='ocrx_word' id='word_1_160' title='bbox 869 4053 1008 4117; x_wconf 84' lang='lat' dir='ltr'>fidelium</span> <span class='ocrx_word' id='word_1_161' title='bbox 1024 4054 1149 4120; x_wconf 86' lang='lat' dir='ltr'>utilitati</span> <span class='ocrx_word' id='word_1_162' title='bbox 1163 4054 1336 4118; x_wconf 92' lang='lat' dir='ltr'>conducere</span> 
     </span>
     <span class='ocr_line' id='line_1_39' title="bbox 594 4144 814 4222; baseline 0 -16"><span class='ocrx_word' id='word_1_163' title='bbox 594 4144 814 4222; x_wconf 83' lang='lat' dir='ltr'>dignoscimus.</span> 
     </span>
    </p>

    <p class='ocr_par' dir='ltr' id='par_1_15' title="bbox 594 4240 1342 5724">
     <span class='ocr_line' id='line_1_40' title="bbox 634 4240 1337 4321; baseline 0.009 -21"><span class='ocrx_word' id='word_1_164' title='bbox 634 4241 653 4315; x_wconf 98' lang='lat'>5</span> <span class='ocrx_word' id='word_1_165' title='bbox 674 4240 703 4301; x_wconf 74' lang='lat'>2.</span> <span class='ocrx_word' id='word_1_166' title='bbox 719 4240 835 4319; x_wconf 85' lang='lat' dir='ltr'>Quum,</span> <span class='ocrx_word' id='word_1_167' title='bbox 846 4243 925 4306; x_wconf 91' lang='lat' dir='ltr'>sicut</span> <span class='ocrx_word' id='word_1_168' title='bbox 939 4244 1027 4306; x_wconf 90' lang='lat' dir='ltr'>nobis</span> <span class='ocrx_word' id='word_1_169' title='bbox 1042 4244 1175 4308; x_wconf 93' lang='lat' dir='ltr'>relatum</span> <span class='ocrx_word' id='word_1_170' title='bbox 1189 4253 1247 4321; x_wconf 90' lang='lat' dir='ltr'>est,</span> <span class='ocrx_word' id='word_1_171' title='bbox 1260 4246 1337 4308; x_wconf 90' lang='lat' dir='ltr'>duae</span> 
     </span>
     <span class='ocr_line' id='line_1_41' title="bbox 594 4334 1335 4414; baseline 0.008 -18"><span class='ocrx_word' id='word_1_172' title='bbox 594 4334 789 4396; x_wconf 82' lang='lat' dir='ltr'>Floridarum</span> <span class='ocrx_word' id='word_1_173' title='bbox 801 4335 1162 4414; x_wconf 90' lang='lat' dir='ltr'>provinciae,0rientalis</span> <span class='ocrx_word' id='word_1_174' title='bbox 1173 4339 1335 4414; x_wconf 90' lang='lat' dir='ltr'>nimirum,</span> 
     </span>
     <span class='ocr_line' id='line_1_42' title="bbox 594 4427 1336 4510; baseline 0.007 -21"><span class='ocrx_word' id='word_1_175' title='bbox 594 4433 625 4490; x_wconf 89' lang='lat' dir='ltr'>et</span> <span class='ocrx_word' id='word_1_176' title='bbox 646 4427 845 4490; x_wconf 80' lang='lat' dir='ltr'>Occidentalis</span> <span class='ocrx_word' id='word_1_177' title='bbox 867 4430 899 4492; x_wconf 93' lang='lat' dir='ltr'>in</span> <span class='ocrx_word' id='word_1_178' title='bbox 921 4431 1060 4494; x_wconf 85' lang='lat' dir='ltr'>America</span> <span class='ocrx_word' id='word_1_179' title='bbox 1088 4433 1336 4510; x_wconf 85' lang='lat' dir='ltr'>septentrionali,</span> 
     </span>
     <span class='ocr_line' id='line_1_43' title="bbox 595 4522 1337 4603; baseline 0.008 -21"><span class='ocrx_word' id='word_1_180' title='bbox 595 4537 673 4599; x_wconf 86' lang='lat' dir='ltr'>quae</span> <span class='ocrx_word' id='word_1_181' title='bbox 693 4522 830 4600; x_wconf 90' lang='lat' dir='ltr'>primum</span> <span class='ocrx_word' id='word_1_182' title='bbox 851 4523 1087 4603; x_wconf 82' lang='lat' dir='ltr'>archiepiscopo</span> <span class='ocrx_word' id='word_1_183' title='bbox 1116 4526 1218 4589; x_wconf 88' lang='lat' dir='ltr'>Sancti</span> <span class='ocrx_word' id='word_1_184' title='bbox 1239 4525 1337 4588; x_wconf 91' lang='lat' dir='ltr'>iacobi</span> 
     </span>
     <span class='ocr_line' id='line_1_44' title="bbox 594 4614 1336 4694; baseline 0.009 -20"><span class='ocrx_word' id='word_1_185' title='bbox 594 4614 631 4674; x_wconf 91' lang='lat' dir='ltr'>de</span> <span class='ocrx_word' id='word_1_186' title='bbox 647 4614 742 4689; x_wconf 84' lang='lat' dir='ltr'>cuba,</span> <span class='ocrx_word' id='word_1_187' title='bbox 758 4615 869 4678; x_wconf 89' lang='lat' dir='ltr'>deinde</span> <span class='ocrx_word' id='word_1_188' title='bbox 884 4632 938 4694; x_wconf 92' lang='lat' dir='ltr'>per</span> <span class='ocrx_word' id='word_1_189' title='bbox 953 4619 1164 4682; x_wconf 88' lang='lat' dir='ltr'>consistoriale</span> <span class='ocrx_word' id='word_1_190' title='bbox 1177 4620 1336 4681; x_wconf 90' lang='lat' dir='ltr'>decretum</span> 
     </span>
     <span class='ocr_line' id='line_1_45' title="bbox 595 4707 1338 4790; baseline 0.008 -22"><span class='ocrx_word' id='word_1_191' title='bbox 595 4707 654 4769; x_wconf 92' lang='lat' dir='ltr'>diei</span> <span class='ocrx_word' id='word_1_192' title='bbox 676 4723 707 4769; x_wconf 89' lang='grc'>11.</span> <span class='ocrx_word' id='word_1_193' title='bbox 731 4707 914 4786; x_wconf 88' lang='lat' dir='ltr'>septembris</span> <span class='ocrx_word' id='word_1_194' title='bbox 935 4725 1164 4773; x_wconf 84' lang='lat' dir='ltr'>uocotxxrvn.</span> <span class='ocrx_word' id='word_1_195' title='bbox 1190 4711 1338 4790; x_wconf 87' lang='lat' dir='ltr'>Episcopo</span> 
     </span>
     <span class='ocr_line' id='line_1_46' title="bbox 595 4800 1339 4882; baseline 0.003 -20"><span class='ocrx_word' id='word_1_196' title='bbox 595 4800 700 4862; x_wconf 89' lang='lat' dir='ltr'>Sancti</span> <span class='ocrx_word' id='word_1_197' title='bbox 722 4801 935 4879; x_wconf 82' lang='lat' dir='ltr'>christophori</span> <span class='ocrx_word' id='word_1_198' title='bbox 949 4803 987 4865; x_wconf 93' lang='lat' dir='ltr'>de</span> <span class='ocrx_word' id='word_1_199' title='bbox 1002 4803 1123 4866; x_wconf 86' lang='lat' dir='ltr'>Harena</span> <span class='ocrx_word' id='word_1_200' title='bbox 1144 4805 1177 4866; x_wconf 92' lang='lat' dir='ltr'>in</span> <span class='ocrx_word' id='word_1_201' title='bbox 1198 4805 1339 4882; x_wconf 91' lang='lat' dir='ltr'>spiritua-</span> 
     </span>
     <span class='ocr_line' id='line_1_47' title="bbox 595 4893 1340 4976; baseline 0.007 -21"><span class='ocrx_word' id='word_1_202' title='bbox 595 4893 675 4956; x_wconf 92' lang='lat' dir='ltr'>libus</span> <span class='ocrx_word' id='word_1_203' title='bbox 695 4894 850 4957; x_wconf 90' lang='lat' dir='ltr'>subiectae</span> <span class='ocrx_word' id='word_1_204' title='bbox 871 4894 1010 4972; x_wconf 91' lang='lat' dir='ltr'>luerunt,</span> <span class='ocrx_word' id='word_1_205' title='bbox 1025 4897 1151 4961; x_wconf 89' lang='lat' dir='ltr'>demum</span> <span class='ocrx_word' id='word_1_206' title='bbox 1167 4915 1222 4976; x_wconf 91' lang='lat' dir='ltr'>per</span> <span class='ocrx_word' id='word_1_207' title='bbox 1237 4899 1340 4960; x_wconf 87' lang='lat' dir='ltr'>literas</span> 
     </span>
     <span class='ocr_line' id='line_1_48' title="bbox 595 4986 1336 5070; baseline 0.007 -22"><span class='ocrx_word' id='word_1_208' title='bbox 595 4986 772 5065; x_wconf 89' lang='lat' dir='ltr'>apostolicas</span> <span class='ocrx_word' id='word_1_209' title='bbox 794 4989 875 5050; x_wconf 89' lang='lat' dir='ltr'>datas</span> <span class='ocrx_word' id='word_1_210' title='bbox 890 4988 939 5052; x_wconf 93' lang='lat' dir='ltr'>die</span> <span class='ocrx_word' id='word_1_211' title='bbox 953 5004 1028 5052; x_wconf 84' lang='grc'><strong>1131.</strong></span> <span class='ocrx_word' id='word_1_212' title='bbox 1040 4991 1144 5070; x_wconf 89' lang='lat' dir='ltr'>aprilis</span> <span class='ocrx_word' id='word_1_213' title='bbox 1156 5008 1336 5056; x_wconf 84' lang='lat' dir='ltr'>truccxotu.</span> 
     </span>
     <span class='ocr_line' id='line_1_49' title="bbox 595 5080 1341 5167; baseline 0.011 -23"><span class='ocrx_word' id='word_1_214' title='bbox 595 5080 899 5144; x_wconf 78' lang='lat' dir='ltr'>Neo-Aurelianensi</span> <span class='ocrx_word' id='word_1_215' title='bbox 915 5083 1067 5148; x_wconf 85' lang='lat' dir='ltr'>Ecclesiae</span> <span class='ocrx_word' id='word_1_216' title='bbox 1087 5086 1145 5148; x_wconf 91' lang='lat' dir='ltr'>sub</span> <span class='ocrx_word' id='word_1_217' title='bbox 1161 5090 1341 5167; x_wconf 91' lang='lat' dir='ltr'>metropoli·</span> 
     </span>
     <span class='ocr_line' id='line_1_50' title="bbox 595 5174 1338 5259; baseline 0.009 -24"><span class='ocrx_word' id='word_1_218' title='bbox 595 5174 657 5236; x_wconf 90' lang='lat' dir='ltr'>tico</span> <span class='ocrx_word' id='word_1_219' title='bbox 687 5175 756 5236; x_wconf 93' lang='lat' dir='ltr'>iure</span> <span class='ocrx_word' id='word_1_220' title='bbox 782 5175 1008 5254; x_wconf 75' lang='lat' dir='ltr'>archiepiscopi</span> <span class='ocrx_word' id='word_1_221' title='bbox 1039 5177 1143 5241; x_wconf 85' lang='lat' dir='ltr'>Sancti</span> <span class='ocrx_word' id='word_1_222' title='bbox 1174 5181 1338 5259; x_wconf 73' lang='lat' dir='ltr'>hominist,</span> 
     </span>
     <span class='ocr_line' id='line_1_51' title="bbox 596 5268 1341 5348; baseline 0.008 -17"><span class='ocrx_word' id='word_1_223' title='bbox 596 5275 660 5331; x_wconf 88' lang='lat' dir='ltr'>tam</span> <span class='ocrx_word' id='word_1_224' title='bbox 681 5270 774 5348; x_wconf 83' lang='lat' dir='ltr'>louge</span> <span class='ocrx_word' id='word_1_225' title='bbox 795 5268 909 5330; x_wconf 90' lang='lat' dir='ltr'>distent</span> <span class='ocrx_word' id='word_1_226' title='bbox 930 5286 946 5331; x_wconf 90' lang='lat' dir='ltr'>a</span> <span class='ocrx_word' id='word_1_227' title='bbox 968 5271 1088 5334; x_wconf 87' lang='lat' dir='ltr'>civitate</span> <span class='ocrx_word' id='word_1_228' title='bbox 1116 5272 1218 5336; x_wconf 89' lang='lat' dir='ltr'>Sancti</span> <span class='ocrx_word' id='word_1_229' title='bbox 1239 5274 1341 5337; x_wconf 89' lang='lat' dir='ltr'>Ludo-</span> 
     </span>
     <span class='ocr_line' id='line_1_52' title="bbox 597 5364 1341 5442; baseline 0.008 -18"><span class='ocrx_word' id='word_1_230' title='bbox 597 5364 656 5426; x_wconf 90' lang='lat' dir='ltr'>vici</span> <span class='ocrx_word' id='word_1_231' title='bbox 678 5364 712 5425; x_wconf 95' lang='lat' dir='ltr'>in</span> <span class='ocrx_word' id='word_1_232' title='bbox 733 5364 881 5442; x_wconf 84' lang='lat' dir='ltr'>Loysiaua</span> <span class='ocrx_word' id='word_1_233' title='bbox 902 5365 1065 5442; x_wconf 87' lang='lat' dir='ltr'>superiori,</span> <span class='ocrx_word' id='word_1_234' title='bbox 1085 5365 1138 5428; x_wconf 92' lang='lat' dir='ltr'>ubi</span> <span class='ocrx_word' id='word_1_235' title='bbox 1160 5365 1265 5429; x_wconf 87' lang='lat' dir='ltr'>Novae</span> <span class='ocrx_word' id='word_1_236' title='bbox 1279 5369 1341 5430; x_wconf 78' lang='lat' dir='ltr'>Au-</span> 
     </span>
     <span class='ocr_line' id='line_1_53' title="bbox 597 5457 1342 5536; baseline 0.005 -19"><span class='ocrx_word' id='word_1_237' title='bbox 597 5457 692 5518; x_wconf 91' lang='lat' dir='ltr'>reliae</span> <span class='ocrx_word' id='word_1_238' title='bbox 718 5458 884 5536; x_wconf 85' lang='lat' dir='ltr'>Episcopus</span> <span class='ocrx_word' id='word_1_239' title='bbox 910 5459 1014 5520; x_wconf 93' lang='lat' dir='ltr'>sedem</span> <span class='ocrx_word' id='word_1_240' title='bbox 1041 5460 1148 5521; x_wconf 91' lang='lat' dir='ltr'>statuit</span> <span class='ocrx_word' id='word_1_241' title='bbox 1177 5475 1276 5535; x_wconf 93' lang='lat' dir='ltr'>suam,</span> <span class='ocrx_word' id='word_1_242' title='bbox 1306 5466 1342 5523; x_wconf 95' lang='lat' dir='ltr'>ut</span> 
     </span>
     <span class='ocr_line' id='line_1_54' title="bbox 597 5550 1342 5631; baseline 0.003 -17"><span class='ocrx_word' id='word_1_243' title='bbox 597 5552 662 5631; x_wconf 91' lang='lat' dir='ltr'>ipse</span> <span class='ocrx_word' id='word_1_244' title='bbox 681 5550 876 5614; x_wconf 82' lang='lat' dir='ltr'>Floridarum</span> <span class='ocrx_word' id='word_1_245' title='bbox 891 5567 997 5615; x_wconf 92' lang='lat' dir='ltr'>curam</span> <span class='ocrx_word' id='word_1_246' title='bbox 1012 5568 1120 5630; x_wconf 82' lang='lat' dir='ltr'>gerere</span> <span class='ocrx_word' id='word_1_247' title='bbox 1141 5552 1229 5617; x_wconf 93' lang='lat' dir='ltr'>nullo</span> <span class='ocrx_word' id='word_1_248' title='bbox 1251 5556 1342 5618; x_wconf 92' lang='lat' dir='ltr'>modo</span> 
     </span>
     <span class='ocr_line' id='line_1_55' title="bbox 599 5645 1339 5724; baseline 0.001 -18"><span class='ocrx_word' id='word_1_249' title='bbox 599 5646 705 5724; x_wconf 88' lang='lat' dir='ltr'>possit,</span> <span class='ocrx_word' id='word_1_250' title='bbox 721 5661 850 5724; x_wconf 88' lang='lat' dir='ltr'>eamque</span> <span class='ocrx_word' id='word_1_251' title='bbox 865 5653 1027 5724; x_wconf 91' lang='lat' dir='ltr'>propterea</span> <span class='ocrx_word' id='word_1_252' title='bbox 1047 5655 1157 5724; x_wconf 90' lang='lat' dir='ltr'>sponte</span> <span class='ocrx_word' id='word_1_253' title='bbox 1171 5645 1339 5708; x_wconf 90' lang='lat' dir='ltr'>dimiserit:</span> 
     </span>
    </p>
   </div>
   <div class='ocr_carea' id='block_1_13' title="bbox 386 5737 1343 5817">
    <p class='ocr_par' dir='ltr' id='par_1_16' title="bbox 386 5737 1343 5817">
     <span class='ocr_line' id='line_1_56' title="bbox 386 5737 1343 5817; baseline 0.006 -22"><span class='ocrx_word' id='word_1_254' title='bbox 386 5754 582 5798; x_wconf 71' lang='grc'><strong>3313133333</strong></span> <span class='ocrx_word' id='word_1_255' title='bbox 638 5739 658 5814; x_wconf 89' lang='lat'>5</span> <span class='ocrx_word' id='word_1_256' title='bbox 678 5739 706 5801; x_wconf 89' lang='grc'>3.</span> <span class='ocrx_word' id='word_1_257' title='bbox 728 5737 801 5814; x_wconf 79' lang='lat' dir='ltr'>Noe,</span> <span class='ocrx_word' id='word_1_258' title='bbox 818 5755 858 5800; x_wconf 90' lang='lat' dir='ltr'>ne</span> <span class='ocrx_word' id='word_1_259' title='bbox 880 5740 995 5812; x_wconf 82' lang='grc'><strong>11113133,</strong></span> <span class='ocrx_word' id='word_1_260' title='bbox 1012 5741 1065 5817; x_wconf 86' lang='lat' dir='ltr'>qui</span> <span class='ocrx_word' id='word_1_261' title='bbox 1083 5740 1116 5801; x_wconf 91' lang='lat' dir='ltr'>in</span> <span class='ocrx_word' id='word_1_262' title='bbox 1130 5737 1261 5801; x_wconf 83' lang='lat' dir='ltr'>Floridis</span> <span class='ocrx_word' id='word_1_263' title='bbox 1275 5755 1343 5801; x_wconf 91' lang='lat' dir='ltr'>ver-</span> 
     </span>
    </p>
   </div>
   <div class='ocr_carea' id='block_1_14' title="bbox 599 5831 1345 5989">
    <p class='ocr_par' dir='ltr' id='par_1_17' title="bbox 599 5831 1345 5989">
     <span class='ocr_line' id='line_1_57' title="bbox 599 5831 1344 5909; baseline 0.003 -17"><span class='ocrx_word' id='word_1_264' title='bbox 599 5840 721 5906; x_wconf 87' lang='lat' dir='ltr'>santur,</span> <span class='ocrx_word' id='word_1_265' title='bbox 750 5832 960 5909; x_wconf 89' lang='lat' dir='ltr'>spiritualibus</span> <span class='ocrx_word' id='word_1_266' title='bbox 991 5839 1114 5894; x_wconf 88' lang='lat' dir='ltr'>careant</span> <span class='ocrx_word' id='word_1_267' title='bbox 1142 5831 1277 5907; x_wconf 84' lang='lat' dir='ltr'>auxiliis,</span> <span class='ocrx_word' id='word_1_268' title='bbox 1306 5832 1344 5894; x_wconf 91' lang='lat' dir='ltr'>de</span> 
     </span>
     <span class='ocr_line' id='line_1_58' title="bbox 601 5921 1345 5989; baseline 0 -2"><span class='ocrx_word' id='word_1_269' title='bbox 601 5939 696 5988; x_wconf 89' lang='lat' dir='ltr'>venn.</span> <span class='ocrx_word' id='word_1_270' title='bbox 720 5921 851 5988; x_wconf 91' lang='lat' dir='ltr'>iratrum</span> <span class='ocrx_word' id='word_1_271' title='bbox 875 5931 1055 5988; x_wconf 90' lang='lat' dir='ltr'>nostrorum</span> <span class='ocrx_word' id='word_1_272' title='bbox 1082 5923 1211 5989; x_wconf 89' lang='lat' dir='ltr'>Sanctae</span> <span class='ocrx_word' id='word_1_273' title='bbox 1236 5925 1345 5988; x_wconf 83' lang='lat' dir='ltr'>Roma-</span> 
     </span>
    </p>
   </div>
   <div class='ocr_carea' id='block_1_15' title="bbox 1098 570 1596 619">
    <p class='ocr_par' dir='ltr' id='par_1_18' title="bbox 1098 570 1596 619">
     <span class='ocr_line' id='line_1_59' title="bbox 1098 570 1596 619; baseline -0.002 -1"><span class='ocrx_word' id='word_1_274' title='bbox 1098 570 1163 618; x_wconf 81' lang='lat' dir='ltr'><strong>IUR·</strong></span> <span class='ocrx_word' id='word_1_275' title='bbox 1187 572 1278 619; x_wconf 74' lang='lat' dir='ltr'><strong>PONE·</strong></span> <span class='ocrx_word' id='word_1_276' title='bbox 1301 572 1342 618; x_wconf 86' lang='lat' dir='ltr'>ult</span> <span class='ocrx_word' id='word_1_277' title='bbox 1363 573 1392 618; x_wconf 81' lang='lat' dir='ltr'>P·</span> <span class='ocrx_word' id='word_1_278' title='bbox 1416 571 1446 618; x_wconf 72' lang='lat' dir='ltr'>F·</span> <span class='ocrx_word' id='word_1_279' title='bbox 1470 572 1553 618; x_wconf 74' lang='lat' dir='ltr'>PARS</span> <span class='ocrx_word' id='word_1_280' title='bbox 1574 573 1596 618; x_wconf 87' lang='lat' dir='ltr'>l.</span> 
     </span>
    </p>
   </div>
   <div class='ocr_carea' id='block_1_16' title="bbox 1382 688 2134 2720">
    <p class='ocr_par' dir='ltr' id='par_1_19' title="bbox 1382 688 2134 2720">
     <span class='ocr_line' id='line_1_60' title="bbox 1384 688 2129 770; baseline 0.001 -19"><span class='ocrx_word' id='word_1_281' title='bbox 1384 705 1441 752; x_wconf 91' lang='lat' dir='ltr'>nae</span> <span class='ocrx_word' id='word_1_282' title='bbox 1457 688 1611 754; x_wconf 85' lang='lat' dir='ltr'>Ecclesiae</span> <span class='ocrx_word' id='word_1_283' title='bbox 1626 689 1835 755; x_wconf 76' lang='lat' dir='ltr'>cardinalium</span> <span class='ocrx_word' id='word_1_284' title='bbox 1850 689 2066 770; x_wconf 81' lang='lat' dir='ltr'>Propagaudae</span> <span class='ocrx_word' id='word_1_285' title='bbox 2080 688 2129 752; x_wconf 80' lang='lat' dir='ltr'>Ei-</span> 
     </span>
     <span class='ocr_line' id='line_1_61' title="bbox 1382 780 2128 861; baseline 0 -18"><span class='ocrx_word' id='word_1_286' title='bbox 1382 780 1432 844; x_wconf 92' lang='lat' dir='ltr'>dei</span> <span class='ocrx_word' id='word_1_287' title='bbox 1453 783 1698 861; x_wconf 91' lang='lat' dir='ltr'>praepositorum</span> <span class='ocrx_word' id='word_1_288' title='bbox 1720 781 1859 859; x_wconf 90' lang='lat' dir='ltr'>consilio,</span> <span class='ocrx_word' id='word_1_289' title='bbox 1870 783 1974 845; x_wconf 91' lang='lat' dir='ltr'>ambas</span> <span class='ocrx_word' id='word_1_290' title='bbox 1994 781 2128 845; x_wconf 82' lang='lat' dir='ltr'>Florida·</span> 
     </span>
     <span class='ocr_line' id='line_1_62' title="bbox 1383 875 2129 952; baseline 0 -16"><span class='ocrx_word' id='word_1_291' title='bbox 1383 890 1455 938; x_wconf 91' lang='lat' dir='ltr'>rum</span> <span class='ocrx_word' id='word_1_292' title='bbox 1477 876 1650 952; x_wconf 90' lang='lat' dir='ltr'>provincias</span> <span class='ocrx_word' id='word_1_293' title='bbox 1670 893 1686 940; x_wconf 91' lang='lat' dir='ltr'>a</span> <span class='ocrx_word' id='word_1_294' title='bbox 1708 875 1811 940; x_wconf 89' lang='lat' dir='ltr'>Novae</span> <span class='ocrx_word' id='word_1_295' title='bbox 1834 876 1978 939; x_wconf 81' lang='lat' dir='ltr'>Aureliae</span> <span class='ocrx_word' id='word_1_296' title='bbox 1999 875 2129 938; x_wconf 88' lang='lat' dir='ltr'>dioecesi</span> 
     </span>
     <span class='ocr_line' id='line_1_63' title="bbox 1383 966 2129 1049; baseline 0.001 -22"><span class='ocrx_word' id='word_1_297' title='bbox 1383 966 1565 1044; x_wconf 89' lang='lat' dir='ltr'>distrahere,</span> <span class='ocrx_word' id='word_1_298' title='bbox 1586 985 1699 1048; x_wconf 84' lang='lat' dir='ltr'>easque</span> <span class='ocrx_word' id='word_1_299' title='bbox 1720 985 1776 1049; x_wconf 90' lang='lat' dir='ltr'>por</span> <span class='ocrx_word' id='word_1_300' title='bbox 1797 968 1925 1032; x_wconf 90' lang='lat' dir='ltr'>modum</span> <span class='ocrx_word' id='word_1_301' title='bbox 1945 967 2129 1048; x_wconf 85' lang='lat' dir='ltr'>provisionis</span> 
     </span>
     <span class='ocr_line' id='line_1_64' title="bbox 1385 1060 2131 1140; baseline 0.003 -20"><span class='ocrx_word' id='word_1_302' title='bbox 1385 1060 1474 1122; x_wconf 90' lang='lat' dir='ltr'>unire</span> <span class='ocrx_word' id='word_1_303' title='bbox 1489 1065 1519 1122; x_wconf 92' lang='grc'>31</span> <span class='ocrx_word' id='word_1_304' title='bbox 1533 1061 1703 1138; x_wconf 78' lang='lat' dir='ltr'>adiungere</span> <span class='ocrx_word' id='word_1_305' title='bbox 1717 1061 1882 1140; x_wconf 89' lang='lat' dir='ltr'>apostolico</span> <span class='ocrx_word' id='word_1_306' title='bbox 1896 1061 2058 1124; x_wconf 86' lang='lat' dir='ltr'>vicariatui</span> <span class='ocrx_word' id='word_1_307' title='bbox 2073 1075 2131 1122; x_wconf 92' lang='lat' dir='ltr'>uu-</span> 
     </span>
     <span class='ocr_line' id='line_1_65' title="bbox 1382 1153 2130 1230; baseline 0 -16"><span class='ocrx_word' id='word_1_308' title='bbox 1382 1167 1439 1230; x_wconf 90' lang='lat' dir='ltr'>per</span> <span class='ocrx_word' id='word_1_309' title='bbox 1450 1161 1552 1216; x_wconf 88' lang='lat' dir='ltr'>erecto</span> <span class='ocrx_word' id='word_1_310' title='bbox 1563 1153 1697 1216; x_wconf 92' lang='lat' dir='ltr'>duorum</span> <span class='ocrx_word' id='word_1_311' title='bbox 1712 1155 1885 1218; x_wconf 88' lang='lat' dir='ltr'>confinium</span> <span class='ocrx_word' id='word_1_312' title='bbox 1902 1153 2130 1217; x_wconf 87' lang='lat' dir='ltr'>territoriorum</span> 
     </span>
     <span class='ocr_line' id='line_1_66' title="bbox 1385 1243 2129 1327; baseline 0 -20"><span class='ocrx_word' id='word_1_313' title='bbox 1385 1243 1524 1324; x_wconf 89' lang='lat' dir='ltr'>blissisipi</span> <span class='ocrx_word' id='word_1_314' title='bbox 1546 1253 1577 1308; x_wconf 93' lang='grc'>31</span> <span class='ocrx_word' id='word_1_315' title='bbox 1598 1247 1742 1310; x_wconf 81' lang='lat' dir='ltr'>Alabama</span> <span class='ocrx_word' id='word_1_316' title='bbox 1763 1247 1916 1324; x_wconf 83' lang='grc'><strong>13133133,</strong></span> <span class='ocrx_word' id='word_1_317' title='bbox 1938 1245 2129 1327; x_wconf 90' lang='lat' dir='ltr'>spiritualem</span> 
     </span>
     <span class='ocr_line' id='line_1_67' title="bbox 1384 1336 2130 1403; baseline -0.003 -3"><span class='ocrx_word' id='word_1_318' title='bbox 1384 1336 1579 1401; x_wconf 84' lang='lat' dir='ltr'>Floridarum</span> <span class='ocrx_word' id='word_1_319' title='bbox 1600 1355 1706 1402; x_wconf 91' lang='lat' dir='ltr'>curam</span> <span class='ocrx_word' id='word_1_320' title='bbox 1721 1347 1752 1402; x_wconf 93' lang='lat' dir='ltr'>et</span> <span class='ocrx_word' id='word_1_321' title='bbox 1769 1340 2015 1403; x_wconf 89' lang='lat' dir='ltr'>iurisdictionem</span> <span class='ocrx_word' id='word_1_322' title='bbox 2035 1354 2130 1402; x_wconf 89' lang='grc'><strong>1333-</strong></span> 
     </span>
     <span class='ocr_line' id='line_1_68' title="bbox 1385 1429 2131 1512; baseline 0.005 -22"><span class='ocrx_word' id='word_1_323' title='bbox 1385 1429 1474 1492; x_wconf 90' lang='lat' dir='ltr'>rabili</span> <span class='ocrx_word' id='word_1_324' title='bbox 1495 1431 1583 1493; x_wconf 81' lang='lat' dir='ltr'>tratri</span> <span class='ocrx_word' id='word_1_325' title='bbox 1605 1432 1732 1510; x_wconf 90' lang='lat' dir='ltr'>losepbo</span> <span class='ocrx_word' id='word_1_326' title='bbox 1746 1431 1848 1496; x_wconf 88' lang='lat' dir='ltr'>Rosati</span> <span class='ocrx_word' id='word_1_327' title='bbox 1871 1440 2030 1512; x_wconf 88' lang='lat' dir='ltr'>tamquam</span> <span class='ocrx_word' id='word_1_328' title='bbox 2051 1431 2131 1494; x_wconf 87' lang='lat' dir='ltr'>vica·</span> 
     </span>
     <span class='ocr_line' id='line_1_69' title="bbox 1384 1522 2130 1603; baseline 0 -17"><span class='ocrx_word' id='word_1_329' title='bbox 1384 1522 1432 1586; x_wconf 94' lang='lat' dir='ltr'>rio</span> <span class='ocrx_word' id='word_1_330' title='bbox 1453 1524 1618 1603; x_wconf 91' lang='lat' dir='ltr'>apostolico</span> <span class='ocrx_word' id='word_1_331' title='bbox 1640 1541 1704 1588; x_wconf 94' lang='lat' dir='ltr'>uou</span> <span class='ocrx_word' id='word_1_332' title='bbox 1727 1527 1830 1588; x_wconf 92' lang='lat' dir='ltr'>minus</span> <span class='ocrx_word' id='word_1_333' title='bbox 1852 1526 1987 1588; x_wconf 91' lang='lat' dir='ltr'>duorum</span> <span class='ocrx_word' id='word_1_334' title='bbox 2008 1525 2130 1587; x_wconf 90' lang='lat' dir='ltr'>territo·</span> 
     </span>
     <span class='ocr_line' id='line_1_70' title="bbox 1387 1617 2132 1698; baseline 0.001 -19"><span class='ocrx_word' id='word_1_335' title='bbox 1387 1618 1506 1679; x_wconf 88' lang='lat' dir='ltr'>riorum</span> <span class='ocrx_word' id='word_1_336' title='bbox 1527 1617 1670 1698; x_wconf 88' lang='lat' dir='ltr'>Missisipi</span> <span class='ocrx_word' id='word_1_337' title='bbox 1685 1627 1716 1680; x_wconf 92' lang='lat' dir='ltr'>et</span> <span class='ocrx_word' id='word_1_338' title='bbox 1730 1618 1874 1681; x_wconf 81' lang='lat' dir='ltr'>Alabama</span> <span class='ocrx_word' id='word_1_339' title='bbox 1886 1619 2056 1682; x_wconf 89' lang='lat' dir='ltr'>novissime</span> <span class='ocrx_word' id='word_1_340' title='bbox 2071 1618 2132 1681; x_wconf 87' lang='grc'><strong>313-</strong></span> 
     </span>
     <span class='ocr_line' id='line_1_71' title="bbox 1387 1710 2131 1792; baseline 0.003 -20"><span class='ocrx_word' id='word_1_341' title='bbox 1387 1710 2131 1792; x_wconf 85' lang='lat' dir='ltr'>ctocumcbaractereettituloepiscopali,quam</span> 
     </span>
     <span class='ocr_line' id='line_1_72' title="bbox 1387 1803 2132 1884; baseline 0.004 -19"><span class='ocrx_word' id='word_1_342' title='bbox 1387 1803 1551 1882; x_wconf 88' lang='lat' dir='ltr'>utriusque</span> <span class='ocrx_word' id='word_1_343' title='bbox 1561 1803 1753 1868; x_wconf 80' lang='lat' dir='ltr'>Floridarum</span> <span class='ocrx_word' id='word_1_344' title='bbox 1767 1804 1942 1884; x_wconf 90' lang='lat' dir='ltr'>provinciae</span> <span class='ocrx_word' id='word_1_345' title='bbox 1955 1819 2027 1868; x_wconf 91' lang='lat' dir='ltr'>cum</span> <span class='ocrx_word' id='word_1_346' title='bbox 2039 1803 2132 1868; x_wconf 91' lang='lat' dir='ltr'>iacul-</span> 
     </span>
     <span class='ocr_line' id='line_1_73' title="bbox 1387 1895 2131 1978; baseline 0.001 -18"><span class='ocrx_word' id='word_1_347' title='bbox 1387 1895 1511 1971; x_wconf 91' lang='lat' dir='ltr'>tatibus,</span> <span class='ocrx_word' id='word_1_348' title='bbox 1533 1899 1646 1976; x_wconf 87' lang='lat' dir='ltr'>quibus</span> <span class='ocrx_word' id='word_1_349' title='bbox 1668 1899 1796 1962; x_wconf 90' lang='lat' dir='ltr'>caeteris</span> <span class='ocrx_word' id='word_1_350' title='bbox 1816 1897 2043 1962; x_wconf 82' lang='lat' dir='ltr'>foederatarum</span> <span class='ocrx_word' id='word_1_351' title='bbox 2063 1913 2131 1978; x_wconf 91' lang='lat' dir='ltr'>pro-</span> 
     </span>
     <span class='ocr_line' id='line_1_74' title="bbox 1386 1990 2132 2071; baseline 0.005 -21"><span class='ocrx_word' id='word_1_352' title='bbox 1386 1990 1562 2052; x_wconf 86' lang='lat' dir='ltr'>vinciarum</span> <span class='ocrx_word' id='word_1_353' title='bbox 1584 1990 1724 2071; x_wconf 91' lang='lat' dir='ltr'>Episcopi</span> <span class='ocrx_word' id='word_1_354' title='bbox 1747 1991 1930 2069; x_wconf 92' lang='lat' dir='ltr'>potiuntur,</span> <span class='ocrx_word' id='word_1_355' title='bbox 1952 1992 2132 2055; x_wconf 90' lang='lat' dir='ltr'>auctoritate</span> 
     </span>
     <span class='ocr_line' id='line_1_75' title="bbox 1387 2083 2132 2162; baseline 0.004 -20"><span class='ocrx_word' id='word_1_356' title='bbox 1387 2083 1562 2162; x_wconf 86' lang='lat' dir='ltr'>apostolica,</span> <span class='ocrx_word' id='word_1_357' title='bbox 1589 2090 1699 2147; x_wconf 89' lang='lat' dir='ltr'>tenore</span> <span class='ocrx_word' id='word_1_358' title='bbox 1726 2083 1939 2161; x_wconf 88' lang='lat' dir='ltr'>praesentium</span> <span class='ocrx_word' id='word_1_359' title='bbox 1966 2084 2132 2146; x_wconf 91' lang='lat' dir='ltr'>committi·</span> 
     </span>
     <span class='ocr_line' id='line_1_76' title="bbox 1388 2175 2132 2255; baseline 0.008 -19"><span class='ocrx_word' id='word_1_360' title='bbox 1388 2191 1469 2249; x_wconf 92' lang='lat' dir='ltr'>mus,</span> <span class='ocrx_word' id='word_1_361' title='bbox 1492 2176 1588 2239; x_wconf 92' lang='lat' dir='ltr'>donec</span> <span class='ocrx_word' id='word_1_362' title='bbox 1610 2183 1715 2239; x_wconf 91' lang='grc'><strong>133133</strong></span> <span class='ocrx_word' id='word_1_363' title='bbox 1736 2177 1891 2255; x_wconf 89' lang='lat' dir='ltr'>perhanc</span> <span class='ocrx_word' id='word_1_364' title='bbox 1915 2176 2059 2240; x_wconf 90' lang='lat' dir='ltr'>Sanctam</span> <span class='ocrx_word' id='word_1_365' title='bbox 2081 2175 2132 2242; x_wconf 83' lang='lat' dir='ltr'>Se·</span> 
     </span>
     <span class='ocr_line' id='line_1_77' title="bbox 1388 2268 2132 2350; baseline 0.004 -21"><span class='ocrx_word' id='word_1_366' title='bbox 1388 2268 1460 2330; x_wconf 91' lang='lat' dir='ltr'>dem</span> <span class='ocrx_word' id='word_1_367' title='bbox 1473 2268 1563 2332; x_wconf 92' lang='lat' dir='ltr'>aliter</span> <span class='ocrx_word' id='word_1_368' title='bbox 1577 2270 1788 2347; x_wconf 87' lang='lat' dir='ltr'>provideatur.</span> <span class='ocrx_word' id='word_1_369' title='bbox 1801 2269 1981 2332; x_wconf 83' lang='lat' dir='ltr'>Mandantes</span> <span class='ocrx_word' id='word_1_370' title='bbox 1996 2277 2132 2350; x_wconf 90' lang='lat' dir='ltr'>propter·</span> 
     </span>
     <span class='ocr_line' id='line_1_78' title="bbox 1389 2362 2133 2443; baseline 0.001 -19"><span class='ocrx_word' id='word_1_371' title='bbox 1389 2378 1421 2424; x_wconf 94' lang='lat' dir='ltr'>ea</span> <span class='ocrx_word' id='word_1_372' title='bbox 1443 2363 1613 2425; x_wconf 87' lang='lat' dir='ltr'>venerabili</span> <span class='ocrx_word' id='word_1_373' title='bbox 1638 2362 1726 2426; x_wconf 90' lang='lat' dir='ltr'>iratri</span> <span class='ocrx_word' id='word_1_374' title='bbox 1748 2363 1898 2443; x_wconf 90' lang='lat' dir='ltr'>Episcopo</span> <span class='ocrx_word' id='word_1_375' title='bbox 1918 2363 2025 2428; x_wconf 88' lang='lat' dir='ltr'>Sancti</span> <span class='ocrx_word' id='word_1_376' title='bbox 2047 2364 2133 2427; x_wconf 75' lang='lat' dir='ltr'>iibri·</span> 
     </span>
     <span class='ocr_line' id='line_1_79' title="bbox 1388 2457 2133 2534; baseline 0.003 -16"><span class='ocrx_word' id='word_1_377' title='bbox 1388 2457 1526 2534; x_wconf 88' lang='lat' dir='ltr'>stopbori</span> <span class='ocrx_word' id='word_1_378' title='bbox 1546 2457 1585 2520; x_wconf 93' lang='lat' dir='ltr'>de</span> <span class='ocrx_word' id='word_1_379' title='bbox 1606 2457 1729 2519; x_wconf 88' lang='lat' dir='ltr'>Havaua</span> <span class='ocrx_word' id='word_1_380' title='bbox 1743 2457 1775 2519; x_wconf 93' lang='lat' dir='ltr'>in</span> <span class='ocrx_word' id='word_1_381' title='bbox 1790 2458 1908 2520; x_wconf 91' lang='lat' dir='ltr'>virtute</span> <span class='ocrx_word' id='word_1_382' title='bbox 1928 2464 2050 2522; x_wconf 89' lang='lat' dir='ltr'>sanctae</span> <span class='ocrx_word' id='word_1_383' title='bbox 2063 2457 2133 2520; x_wconf 94' lang='lat' dir='ltr'>obe-</span> 
     </span>
     <span class='ocr_line' id='line_1_80' title="bbox 1389 2549 2134 2628; baseline 0.003 -17"><span class='ocrx_word' id='word_1_384' title='bbox 1389 2550 1531 2626; x_wconf 89' lang='lat' dir='ltr'>dientiae,</span> <span class='ocrx_word' id='word_1_385' title='bbox 1560 2565 1601 2614; x_wconf 92' lang='lat' dir='ltr'>ne</span> <span class='ocrx_word' id='word_1_386' title='bbox 1622 2551 1765 2628; x_wconf 88' lang='lat' dir='ltr'>deinceps</span> <span class='ocrx_word' id='word_1_387' title='bbox 1789 2549 1822 2612; x_wconf 92' lang='lat' dir='ltr'>in</span> <span class='ocrx_word' id='word_1_388' title='bbox 1847 2550 2042 2614; x_wconf 88' lang='lat' dir='ltr'>Eloridarum</span> <span class='ocrx_word' id='word_1_389' title='bbox 2062 2568 2134 2616; x_wconf 91' lang='lat' dir='ltr'>cura</span> 
     </span>
     <span class='ocr_line' id='line_1_81' title="bbox 1388 2642 1913 2720; baseline 0.006 -16"><span class='ocrx_word' id='word_1_390' title='bbox 1388 2659 1420 2704; x_wconf 92' lang='lat' dir='ltr'>se</span> <span class='ocrx_word' id='word_1_391' title='bbox 1441 2642 1572 2720; x_wconf 89' lang='lat' dir='ltr'>amplius</span> <span class='ocrx_word' id='word_1_392' title='bbox 1593 2643 1773 2706; x_wconf 88' lang='lat' dir='ltr'>immisceat.</span> <span class='ocrx_word' id='word_1_393' title='bbox 1911 2661 1913 2666; x_wconf 91' lang='lat'>·</span> 
     </span>
    </p>
   </div>
   <div class='ocr_carea' id='block_1_17' title="bbox 1428 2733 2329 2851">
    <p class='ocr_par' dir='ltr' id='par_1_20' title="bbox 1428 2733 2329 2851">
     <span class='ocr_line' id='line_1_82' title="bbox 1428 2733 2329 2851; baseline -0.001 -53"><span class='ocrx_word' id='word_1_394' title='bbox 1428 2736 1447 2810; x_wconf 87' lang='lat'>5</span> <span class='ocrx_word' id='word_1_395' title='bbox 1468 2735 1497 2798; x_wconf 79' lang='lat' dir='ltr'>i.</span> <span class='ocrx_word' id='word_1_396' title='bbox 1515 2733 1584 2798; x_wconf 91' lang='lat' dir='ltr'>Non</span> <span class='ocrx_word' id='word_1_397' title='bbox 1600 2736 1793 2799; x_wconf 89' lang='lat' dir='ltr'>obstantibus</span> <span class='ocrx_word' id='word_1_398' title='bbox 1814 2737 2090 2800; x_wconf 89' lang='lat' dir='ltr'>constitutionibus</span> <span class='ocrx_word' id='word_1_399' title='bbox 2104 2747 2135 2801; x_wconf 94' lang='lat' dir='ltr'>et</span> <span class='ocrx_word' id='word_1_400' title='bbox 2152 2751 2329 2851; x_wconf 52' lang='lat' dir='ltr'>affri‘ii‘uffm&#39;</span> 
     </span>
    </p>
   </div>
   <div class='ocr_carea' id='block_1_18' title="bbox 1389 2829 2199 4956">
    <p class='ocr_par' dir='ltr' id='par_1_21' title="bbox 1389 2829 2199 4678">
     <span class='ocr_line' id='line_1_83' title="bbox 1390 2829 2134 2906; baseline 0.007 -17"><span class='ocrx_word' id='word_1_401' title='bbox 1390 2829 1634 2892; x_wconf 90' lang='lat' dir='ltr'>ordinationibus</span> <span class='ocrx_word' id='word_1_402' title='bbox 1651 2830 1834 2906; x_wconf 87' lang='lat' dir='ltr'>apostolicis,</span> <span class='ocrx_word' id='word_1_403' title='bbox 1852 2846 1910 2894; x_wconf 94' lang='grc'>333</span> <span class='ocrx_word' id='word_1_404' title='bbox 1930 2847 1994 2894; x_wconf 91' lang='grc'>333</span> <span class='ocrx_word' id='word_1_405' title='bbox 2016 2832 2134 2894; x_wconf 91' lang='lat' dir='ltr'>dioece-</span> 
     </span>
     <span class='ocr_line' id='line_1_84' title="bbox 1389 2920 2136 3000; baseline 0.007 -17"><span class='ocrx_word' id='word_1_406' title='bbox 1389 2922 1430 2984; x_wconf 93' lang='lat' dir='ltr'>sis</span> <span class='ocrx_word' id='word_1_407' title='bbox 1445 2920 1550 2984; x_wconf 88' lang='lat' dir='ltr'>Norae</span> <span class='ocrx_word' id='word_1_408' title='bbox 1561 2921 1705 2985; x_wconf 80' lang='lat' dir='ltr'>Aureliae</span> <span class='ocrx_word' id='word_1_409' title='bbox 1715 2923 1809 2985; x_wconf 89' lang='lat' dir='ltr'>etiam</span> <span class='ocrx_word' id='word_1_410' title='bbox 1820 2924 2010 3000; x_wconf 89' lang='lat' dir='ltr'>iuramento,</span> <span class='ocrx_word' id='word_1_411' title='bbox 2022 2926 2136 2988; x_wconf 86' lang='lat' dir='ltr'>coudr-</span> 
     </span>
     <span class='ocr_line' id='line_1_85' title="bbox 1389 3014 2199 3095; baseline 0.004 -17"><span class='ocrx_word' id='word_1_412' title='bbox 1389 3017 1524 3078; x_wconf 91' lang='lat' dir='ltr'>matioue</span> <span class='ocrx_word' id='word_1_413' title='bbox 1535 3014 1708 3093; x_wconf 90' lang='lat' dir='ltr'>apostolica,</span> <span class='ocrx_word' id='word_1_414' title='bbox 1721 3014 1772 3077; x_wconf 93' lang='lat' dir='ltr'>vel</span> <span class='ocrx_word' id='word_1_415' title='bbox 1796 3018 1904 3095; x_wconf 87' lang='lat' dir='ltr'>quavis</span> <span class='ocrx_word' id='word_1_416' title='bbox 1918 3019 2066 3082; x_wconf 86' lang='lat' dir='ltr'>firmitate</span> <span class='ocrx_word' id='word_1_417' title='bbox 2080 3019 2135 3081; x_wconf 92' lang='grc'><strong>3113</strong></span> <span class='ocrx_word' id='word_1_418' title='bbox 2192 3059 2199 3071; x_wconf 91' lang='grc'>-</span> 
     </span>
     <span class='ocr_line' id='line_1_86' title="bbox 1391 3108 2135 3191; baseline 0.008 -22"><span class='ocrx_word' id='word_1_419' title='bbox 1391 3108 1672 3170; x_wconf 88' lang='lat' dir='ltr'>roboratisstatutis</span> <span class='ocrx_word' id='word_1_420' title='bbox 1687 3118 1718 3171; x_wconf 92' lang='lat' dir='ltr'>et</span> <span class='ocrx_word' id='word_1_421' title='bbox 1731 3109 2025 3189; x_wconf 80' lang='lat' dir='ltr'>consuetudinibus3</span> <span class='ocrx_word' id='word_1_422' title='bbox 2041 3113 2135 3191; x_wconf 93' lang='lat' dir='ltr'>privi-</span> 
     </span>
     <span class='ocr_line' id='line_1_87' title="bbox 1391 3199 2136 3282; baseline 0.008 -20"><span class='ocrx_word' id='word_1_423' title='bbox 1391 3201 1478 3277; x_wconf 83' lang='lat' dir='ltr'>legiis</span> <span class='ocrx_word' id='word_1_424' title='bbox 1496 3217 1620 3279; x_wconf 86' lang='lat' dir='ltr'>quoque</span> <span class='ocrx_word' id='word_1_425' title='bbox 1641 3199 1771 3264; x_wconf 92' lang='lat' dir='ltr'>indultis</span> <span class='ocrx_word' id='word_1_426' title='bbox 1792 3210 1823 3264; x_wconf 92' lang='lat' dir='ltr'>et</span> <span class='ocrx_word' id='word_1_427' title='bbox 1843 3202 1941 3264; x_wconf 92' lang='lat' dir='ltr'>literis</span> <span class='ocrx_word' id='word_1_428' title='bbox 1962 3205 2136 3282; x_wconf 90' lang='lat' dir='ltr'>apostolicis</span> 
     </span>
     <span class='ocr_line' id='line_1_88' title="bbox 1390 3294 2133 3377; baseline 0.007 -22"><span class='ocrx_word' id='word_1_429' title='bbox 1390 3294 1599 3371; x_wconf 89' lang='lat' dir='ltr'>superioribus</span> <span class='ocrx_word' id='word_1_430' title='bbox 1614 3302 1645 3356; x_wconf 92' lang='lat' dir='ltr'>et</span> <span class='ocrx_word' id='word_1_431' title='bbox 1659 3295 1799 3372; x_wconf 90' lang='lat' dir='ltr'>personis</span> <span class='ocrx_word' id='word_1_432' title='bbox 1815 3296 1873 3358; x_wconf 91' lang='lat' dir='ltr'>sub</span> <span class='ocrx_word' id='word_1_433' title='bbox 1887 3296 2133 3377; x_wconf 84' lang='lat' dir='ltr'>quibuscumque</span> 
     </span>
     <span class='ocr_line' id='line_1_89' title="bbox 1390 3386 2136 3467; baseline 0.004 -17"><span class='ocrx_word' id='word_1_434' title='bbox 1390 3386 1551 3450; x_wconf 91' lang='lat' dir='ltr'>tenoribus</span> <span class='ocrx_word' id='word_1_435' title='bbox 1563 3393 1594 3449; x_wconf 92' lang='lat' dir='ltr'>et</span> <span class='ocrx_word' id='word_1_436' title='bbox 1608 3387 1728 3462; x_wconf 77' lang='lat' dir='ltr'>formis,</span> <span class='ocrx_word' id='word_1_437' title='bbox 1739 3404 1772 3450; x_wconf 92' lang='lat' dir='ltr'>ac</span> <span class='ocrx_word' id='word_1_438' title='bbox 1783 3401 1856 3450; x_wconf 90' lang='lat' dir='ltr'>curn</span> <span class='ocrx_word' id='word_1_439' title='bbox 1867 3389 2028 3467; x_wconf 86' lang='lat' dir='ltr'>quibusvis</span> <span class='ocrx_word' id='word_1_440' title='bbox 2041 3393 2136 3454; x_wconf 90' lang='lat' dir='ltr'>etiam</span> 
     </span>
     <span class='ocr_line' id='line_1_90' title="bbox 1390 3480 2135 3562; baseline 0.007 -21"><span class='ocrx_word' id='word_1_441' title='bbox 1390 3480 1655 3557; x_wconf 81' lang='lat' dir='ltr'>derogatoriarum</span> <span class='ocrx_word' id='word_1_442' title='bbox 1666 3481 1881 3558; x_wconf 84' lang='lat' dir='ltr'>derogatoriis,</span> <span class='ocrx_word' id='word_1_443' title='bbox 1893 3481 2024 3562; x_wconf 83' lang='lat' dir='ltr'>aliisque</span> <span class='ocrx_word' id='word_1_444' title='bbox 2038 3484 2135 3546; x_wconf 87' lang='lat' dir='ltr'>effica-</span> 
     </span>
     <span class='ocr_line' id='line_1_91' title="bbox 1390 3573 2134 3655; baseline 0.004 -20"><span class='ocrx_word' id='word_1_445' title='bbox 1390 3574 1533 3649; x_wconf 88' lang='lat' dir='ltr'>cioribus,</span> <span class='ocrx_word' id='word_1_446' title='bbox 1556 3573 1772 3636; x_wconf 87' lang='lat' dir='ltr'>eiiicaoissiruis</span> <span class='ocrx_word' id='word_1_447' title='bbox 1783 3590 1816 3636; x_wconf 91' lang='lat' dir='ltr'>ac</span> <span class='ocrx_word' id='word_1_448' title='bbox 1830 3574 1965 3638; x_wconf 90' lang='lat' dir='ltr'>insolitis</span> <span class='ocrx_word' id='word_1_449' title='bbox 1978 3575 2134 3655; x_wconf 89' lang='lat' dir='ltr'>clausulis,</span> 
     </span>
     <span class='ocr_line' id='line_1_92' title="bbox 1391 3663 2137 3747; baseline 0.008 -21"><span class='ocrx_word' id='word_1_450' title='bbox 1391 3665 1649 3742; x_wconf 86' lang='lat' dir='ltr'>irritantibusque</span> <span class='ocrx_word' id='word_1_451' title='bbox 1670 3671 1701 3726; x_wconf 91' lang='lat' dir='ltr'>et</span> <span class='ocrx_word' id='word_1_452' title='bbox 1722 3663 1789 3726; x_wconf 92' lang='lat' dir='ltr'>aliis</span> <span class='ocrx_word' id='word_1_453' title='bbox 1810 3667 1940 3728; x_wconf 88' lang='lat' dir='ltr'>decretis</span> <span class='ocrx_word' id='word_1_454' title='bbox 1967 3667 2000 3733; x_wconf 92' lang='lat' dir='ltr'>in</span> <span class='ocrx_word' id='word_1_455' title='bbox 2023 3684 2137 3747; x_wconf 80' lang='lat' dir='ltr'>genere</span> 
     </span>
     <span class='ocr_line' id='line_1_93' title="bbox 1390 3757 2137 3842; baseline 0.007 -21"><span class='ocrx_word' id='word_1_456' title='bbox 1390 3759 1495 3822; x_wconf 90' lang='grc'><strong>13113</strong></span> <span class='ocrx_word' id='word_1_457' title='bbox 1516 3757 1628 3835; x_wconf 91' lang='lat' dir='ltr'>specie,</span> <span class='ocrx_word' id='word_1_458' title='bbox 1654 3757 1773 3820; x_wconf 89' lang='grc'><strong>3331113</strong></span> <span class='ocrx_word' id='word_1_459' title='bbox 1794 3759 1827 3820; x_wconf 92' lang='lat' dir='ltr'>iu</span> <span class='ocrx_word' id='word_1_460' title='bbox 1848 3761 2041 3823; x_wconf 87' lang='lat' dir='ltr'>contrarium</span> <span class='ocrx_word' id='word_1_461' title='bbox 2063 3779 2137 3842; x_wconf 85' lang='lat' dir='ltr'>quo·</span> 
     </span>
     <span class='ocr_line' id='line_1_94' title="bbox 1391 3851 2135 3931; baseline 0.007 -17"><span class='ocrx_word' id='word_1_462' title='bbox 1391 3851 1558 3914; x_wconf 89' lang='lat' dir='ltr'>modolibet</span> <span class='ocrx_word' id='word_1_463' title='bbox 1584 3852 1755 3926; x_wconf 91' lang='lat' dir='ltr'>concessis,</span> <span class='ocrx_word' id='word_1_464' title='bbox 1787 3853 1960 3931; x_wconf 91' lang='lat' dir='ltr'>approbatis</span> <span class='ocrx_word' id='word_1_465' title='bbox 1988 3862 2018 3917; x_wconf 91' lang='lat' dir='ltr'>et</span> <span class='ocrx_word' id='word_1_466' title='bbox 2046 3856 2135 3918; x_wconf 92' lang='lat' dir='ltr'>inno·</span> 
     </span>
     <span class='ocr_line' id='line_1_95' title="bbox 1392 3942 2137 4024; baseline 0.008 -19"><span class='ocrx_word' id='word_1_467' title='bbox 1392 3945 1480 4006; x_wconf 86' lang='lat' dir='ltr'>ratis.</span> <span class='ocrx_word' id='word_1_468' title='bbox 1518 3942 1635 4019; x_wconf 86' lang='lat' dir='ltr'>Quibus</span> <span class='ocrx_word' id='word_1_469' title='bbox 1668 3944 1814 4007; x_wconf 89' lang='lat' dir='ltr'>omnibus</span> <span class='ocrx_word' id='word_1_470' title='bbox 1845 3952 1877 4008; x_wconf 96' lang='grc'>31</span> <span class='ocrx_word' id='word_1_471' title='bbox 1907 3947 2039 4024; x_wconf 80' lang='lat' dir='ltr'>singuiis</span> <span class='ocrx_word' id='word_1_472' title='bbox 2071 3950 2137 4012; x_wconf 90' lang='lat' dir='ltr'>illo·</span> 
     </span>
     <span class='ocr_line' id='line_1_96' title="bbox 1392 4037 2135 4117; baseline 0.008 -19"><span class='ocrx_word' id='word_1_473' title='bbox 1392 4053 1464 4101; x_wconf 91' lang='lat' dir='ltr'>rum</span> <span class='ocrx_word' id='word_1_474' title='bbox 1487 4047 1610 4100; x_wconf 90' lang='lat' dir='ltr'>tenores</span> <span class='ocrx_word' id='word_1_475' title='bbox 1626 4037 1838 4117; x_wconf 88' lang='lat' dir='ltr'>praesentibus</span> <span class='ocrx_word' id='word_1_476' title='bbox 1853 4053 1908 4116; x_wconf 93' lang='lat' dir='ltr'>pro</span> <span class='ocrx_word' id='word_1_477' title='bbox 1923 4037 2016 4117; x_wconf 90' lang='lat' dir='ltr'>plene</span> <span class='ocrx_word' id='word_1_478' title='bbox 2030 4048 2060 4103; x_wconf 91' lang='lat' dir='ltr'>et</span> <span class='ocrx_word' id='word_1_479' title='bbox 2074 4042 2135 4104; x_wconf 90' lang='lat' dir='ltr'>sul·</span> 
     </span>
     <span class='ocr_line' id='line_1_97' title="bbox 1393 4131 2136 4209; baseline 0.005 -15"><span class='ocrx_word' id='word_1_480' title='bbox 1393 4131 1534 4194; x_wconf 82' lang='lat' dir='ltr'>sicienter</span> <span class='ocrx_word' id='word_1_481' title='bbox 1555 4131 1718 4209; x_wconf 81' lang='lat' dir='ltr'>expressis,</span> <span class='ocrx_word' id='word_1_482' title='bbox 1734 4147 1768 4192; x_wconf 92' lang='lat' dir='ltr'>ac</span> <span class='ocrx_word' id='word_1_483' title='bbox 1784 4131 1822 4192; x_wconf 90' lang='lat' dir='ltr'>de</span> <span class='ocrx_word' id='word_1_484' title='bbox 1836 4132 1932 4194; x_wconf 88' lang='lat' dir='ltr'>verbo</span> <span class='ocrx_word' id='word_1_485' title='bbox 1953 4134 2136 4198; x_wconf 88' lang='lat' dir='ltr'>adverbum</span> 
     </span>
     <span class='ocr_line' id='line_1_98' title="bbox 1393 4222 2138 4300; baseline 0.004 -13"><span class='ocrx_word' id='word_1_486' title='bbox 1393 4225 1518 4287; x_wconf 90' lang='lat' dir='ltr'>insertis</span> <span class='ocrx_word' id='word_1_487' title='bbox 1539 4222 1698 4300; x_wconf 89' lang='lat' dir='ltr'>habentes,</span> <span class='ocrx_word' id='word_1_488' title='bbox 1720 4223 1782 4285; x_wconf 89' lang='lat' dir='ltr'>illis</span> <span class='ocrx_word' id='word_1_489' title='bbox 1802 4223 1875 4285; x_wconf 91' lang='lat' dir='ltr'>alias</span> <span class='ocrx_word' id='word_1_490' title='bbox 1896 4225 1929 4286; x_wconf 91' lang='lat' dir='ltr'>in</span> <span class='ocrx_word' id='word_1_491' title='bbox 1951 4242 2007 4288; x_wconf 93' lang='lat' dir='ltr'>suo</span> <span class='ocrx_word' id='word_1_492' title='bbox 2027 4227 2138 4291; x_wconf 91' lang='lat' dir='ltr'>robore</span> 
     </span>
     <span class='ocr_line' id='line_1_99' title="bbox 1394 4318 2137 4400; baseline 0.004 -18"><span class='ocrx_word' id='word_1_493' title='bbox 1394 4319 1624 4400; x_wconf 89' lang='lat' dir='ltr'>permansuris,</span> <span class='ocrx_word' id='word_1_494' title='bbox 1650 4319 1685 4380; x_wconf 92' lang='lat' dir='ltr'>ad</span> <span class='ocrx_word' id='word_1_495' title='bbox 1709 4318 1948 4396; x_wconf 88' lang='lat' dir='ltr'>praemissorum</span> <span class='ocrx_word' id='word_1_496' title='bbox 1975 4321 2137 4400; x_wconf 86' lang='lat' dir='ltr'>edoctum,</span> 
     </span>
     <span class='ocr_line' id='line_1_100' title="bbox 1395 4411 2140 4494; baseline 0.005 -19"><span class='ocrx_word' id='word_1_497' title='bbox 1395 4415 1450 4476; x_wconf 91' lang='grc'><strong>1133</strong></span> <span class='ocrx_word' id='word_1_498' title='bbox 1469 4413 1536 4474; x_wconf 87' lang='grc'><strong>1133</strong></span> <span class='ocrx_word' id='word_1_499' title='bbox 1557 4413 1727 4485; x_wconf 81' lang='lat' dir='ltr'>dumtaxat,</span> <span class='ocrx_word' id='word_1_500' title='bbox 1748 4411 1922 4489; x_wconf 89' lang='lat' dir='ltr'>specialiter</span> <span class='ocrx_word' id='word_1_501' title='bbox 1942 4421 1974 4474; x_wconf 92' lang='lat' dir='ltr'>et</span> <span class='ocrx_word' id='word_1_502' title='bbox 1994 4429 2140 4494; x_wconf 86' lang='lat' dir='ltr'>expresse</span> 
     </span>
     <span class='ocr_line' id='line_1_101' title="bbox 1394 4505 2140 4586; baseline -0.001 -15"><span class='ocrx_word' id='word_1_503' title='bbox 1394 4509 1590 4584; x_wconf 80' lang='lat' dir='ltr'>derogamus,</span> <span class='ocrx_word' id='word_1_504' title='bbox 1616 4505 1807 4584; x_wconf 84' lang='lat' dir='ltr'>caeterisque</span> <span class='ocrx_word' id='word_1_505' title='bbox 1831 4507 1994 4568; x_wconf 89' lang='lat' dir='ltr'>contrariis</span> <span class='ocrx_word' id='word_1_506' title='bbox 2014 4509 2140 4586; x_wconf 86' lang='lat' dir='ltr'>quibus·</span> 
     </span>
     <span class='ocr_line' id='line_1_102' title="bbox 1395 4617 1540 4678; baseline -0.028 -15"><span class='ocrx_word' id='word_1_507' title='bbox 1395 4617 1540 4678; x_wconf 85' lang='lat' dir='ltr'>cumque.</span> 
     </span>
    </p>

    <p class='ocr_par' dir='ltr' id='par_1_22' title="bbox 1395 4689 2139 4956">
     <span class='ocr_line' id='line_1_103' title="bbox 1435 4689 2139 4769; baseline -0.001 -13"><span class='ocrx_word' id='word_1_508' title='bbox 1435 4695 1548 4756; x_wconf 86' lang='lat' dir='ltr'>Datum</span> <span class='ocrx_word' id='word_1_509' title='bbox 1575 4692 1703 4766; x_wconf 84' lang='lat' dir='ltr'>Romae,</span> <span class='ocrx_word' id='word_1_510' title='bbox 1731 4689 1811 4769; x_wconf 90' lang='lat' dir='ltr'>apud</span> <span class='ocrx_word' id='word_1_511' title='bbox 1839 4690 1871 4754; x_wconf 91' lang='lat' dir='ltr'>S.</span> <span class='ocrx_word' id='word_1_512' title='bbox 1899 4691 2025 4754; x_wconf 83' lang='grc'><strong>11311331</strong></span> <span class='ocrx_word' id='word_1_513' title='bbox 2048 4693 2139 4755; x_wconf 87' lang='grc'><strong>11313-</strong></span> 
     </span>
     <span class='ocr_line' id='line_1_104' title="bbox 1395 4784 2137 4863; baseline -0.001 -14"><span class='ocrx_word' id='word_1_514' title='bbox 1395 4801 1476 4863; x_wconf 87' lang='lat' dir='ltr'>rem,</span> <span class='ocrx_word' id='word_1_515' title='bbox 1493 4785 1551 4847; x_wconf 90' lang='lat' dir='ltr'>sub</span> <span class='ocrx_word' id='word_1_516' title='bbox 1572 4784 1688 4846; x_wconf 89' lang='lat' dir='ltr'>annulo</span> <span class='ocrx_word' id='word_1_517' title='bbox 1716 4784 1889 4858; x_wconf 85' lang='lat' dir='ltr'>Piscatoris,</span> <span class='ocrx_word' id='word_1_518' title='bbox 1907 4785 1958 4846; x_wconf 91' lang='lat' dir='ltr'>die</span> <span class='ocrx_word' id='word_1_519' title='bbox 1984 4800 2050 4847; x_wconf 86' lang='grc'><strong>1111.</strong></span> <span class='ocrx_word' id='word_1_520' title='bbox 2077 4787 2137 4848; x_wconf 91' lang='grc'><strong>1311.</strong></span> 
     </span>
     <span class='ocr_line' id='line_1_105' title="bbox 1397 4875 2138 4956; baseline 0 -14"><span class='ocrx_word' id='word_1_521' title='bbox 1397 4893 1615 4954; x_wconf 73' lang='lat' dir='ltr'>accessurus,</span> <span class='ocrx_word' id='word_1_522' title='bbox 1627 4875 1824 4956; x_wconf 87' lang='lat' dir='ltr'>pontificatus</span> <span class='ocrx_word' id='word_1_523' title='bbox 1835 4877 1934 4938; x_wconf 89' lang='lat' dir='ltr'>nostri</span> <span class='ocrx_word' id='word_1_524' title='bbox 1944 4893 2027 4940; x_wconf 88' lang='lat' dir='ltr'>anuo</span> <span class='ocrx_word' id='word_1_525' title='bbox 2045 4893 2138 4944; x_wconf 84' lang='lat' dir='ltr'>xxrrt.</span> 
     </span>
    </p>
   </div>
   <div class='ocr_carea' id='block_1_19' title="bbox 1729 5441 1808 5506">
    <p class='ocr_par' dir='ltr' id='par_1_23' title="bbox 1729 5441 1808 5506">
     <span class='ocr_line' id='line_1_106' title="bbox 1729 5441 1808 5506; baseline -0.051 -2"><span class='ocrx_word' id='word_1_526' title='bbox 1729 5441 1808 5506; x_wconf 84' lang='lat' dir='ltr'>CXI.</span> 
     </span>
    </p>
   </div>
   <div class='ocr_carea' id='block_1_20' title="bbox 1400 5629 2143 5998">
    <p class='ocr_par' dir='ltr' id='par_1_24' title="bbox 1400 5629 2143 5998">
     <span class='ocr_line' id='line_1_107' title="bbox 1400 5629 2143 5720; baseline -0.016 -17"><span class='ocrx_word' id='word_1_527' title='bbox 1400 5641 1558 5720; x_wconf 82' lang='lat' dir='ltr'>Proropot</span> <span class='ocrx_word' id='word_1_528' title='bbox 1572 5639 1613 5702; x_wconf 90' lang='lat' dir='ltr'>od</span> <span class='ocrx_word' id='word_1_529' title='bbox 1627 5635 1830 5716; x_wconf 78' lang='grc'><strong>3331333133</strong></span> <span class='ocrx_word' id='word_1_530' title='bbox 1851 5632 1978 5713; x_wconf 82' lang='lat' dir='ltr'>pretias</span> <span class='ocrx_word' id='word_1_531' title='bbox 2000 5640 2029 5695; x_wconf 88' lang='lat' dir='ltr'>et</span> <span class='ocrx_word' id='word_1_532' title='bbox 2045 5629 2143 5709; x_wconf 78' lang='lat' dir='ltr'>prici-</span> 
     </span>
     <span class='ocr_line' id='line_1_108' title="bbox 1441 5723 2143 5815; baseline -0.017 -18"><span class='ocrx_word' id='word_1_533' title='bbox 1441 5735 1524 5815; x_wconf 77' lang='lat' dir='ltr'>iepic</span> <span class='ocrx_word' id='word_1_534' title='bbox 1545 5732 1629 5796; x_wconf 89' lang='grc'><strong>31133</strong></span> <span class='ocrx_word' id='word_1_535' title='bbox 1652 5745 1796 5794; x_wconf 78' lang='lat' dir='ltr'>concesso</span> <span class='ocrx_word' id='word_1_536' title='bbox 1822 5726 1962 5791; x_wconf 85' lang='lat' dir='ltr'>subditis</span> <span class='ocrx_word' id='word_1_537' title='bbox 1985 5724 2076 5804; x_wconf 76' lang='lat' dir='ltr'>repat</span> <span class='ocrx_word' id='word_1_538' title='bbox 2091 5723 2143 5785; x_wconf 85' lang='lat' dir='ltr'>Ei·</span> 
     </span>
     <span class='ocr_line' id='line_1_109' title="bbox 1440 5816 2143 5906; baseline -0.014 -18"><span class='ocrx_word' id='word_1_539' title='bbox 1440 5827 1644 5906; x_wconf 82' lang='lat' dir='ltr'>spaniorum,</span> <span class='ocrx_word' id='word_1_540' title='bbox 1672 5823 1726 5901; x_wconf 85' lang='lat' dir='ltr'>qui</span> <span class='ocrx_word' id='word_1_541' title='bbox 1754 5818 1983 5884; x_wconf 83' lang='lat' dir='ltr'>subiiciuatur</span> <span class='ocrx_word' id='word_1_542' title='bbox 2010 5816 2143 5880; x_wconf 82' lang='lat' dir='ltr'>iurisdi-</span> 
     </span>
     <span class='ocr_line' id='line_1_110' title="bbox 1441 5913 1980 5998; baseline -0.022 -14"><span class='ocrx_word' id='word_1_543' title='bbox 1441 5920 1542 5984; x_wconf 85' lang='lat' dir='ltr'>ctioai</span> <span class='ocrx_word' id='word_1_544' title='bbox 1563 5915 1775 5998; x_wconf 74' lang='lat' dir='ltr'>patriarchae</span> <span class='ocrx_word' id='word_1_545' title='bbox 1796 5913 1980 5982; x_wconf 85' lang='lat' dir='ltr'>ludicrum.</span> 
     </span>
    </p>
   </div>
   <div class='ocr_carea' id='block_1_21' title="bbox 0 0 2428 6980">
    <p class='ocr_par' dir='ltr' id='par_1_25' title="bbox 0 0 2428 6980">
     <span class='ocr_line' id='line_1_111' title="bbox 0 0 2428 6980; baseline 0 0"><span class='ocrx_word' id='word_1_546' title='bbox 0 0 2428 6980; x_wconf 95' lang='lat' dir='ltr'> </span> 
     </span>
    </p>
   </div>
   <div class='ocr_carea' id='block_1_22' title="bbox 2157 551 2318 646">
    <p class='ocr_par' dir='ltr' id='par_1_26' title="bbox 2157 551 2318 646">
     <span class='ocr_line' id='line_1_112' title="bbox 2157 551 2318 646; baseline 0.056 -42"><span class='ocrx_word' id='word_1_547' title='bbox 2157 551 2209 608; x_wconf 79' lang='lat' dir='ltr'>Au.</span> <span class='ocrx_word' id='word_1_548' title='bbox 2221 556 2248 646; x_wconf 68' lang='grc' dir='ltr'>Ω.</span> <span class='ocrx_word' id='word_1_549' title='bbox 2265 559 2318 614; x_wconf 78' lang='lat' dir='ltr'>tera</span> 
     </span>
    </p>
   </div>
  </div>
 </body>
</html>
