4750 6980
330 556 427 610 xxc.
450 559 517 612 moa
567 560 626 626 38s

329 1357 417 1416 'renos
430 1367 527 1404 conces-

315 1417 403 1454 sionis.

328 4567 526 4634 consuliturbq

315 4633 349 4668 no
376 4632 525 4678 regxmtnx

314 4679 457 4732 congreget.

547 701 606 761 mis
627 700 664 762 de
685 702 782 763 causis
802 700 1030 780 separationem
1056 699 1288 778 provinciarum

547 794 695 872 Hispanae
715 793 830 856 scilicet
849 801 878 855 et
894 792 1090 855 amaricante
1105 791 1290 854 clericorum

547 886 737 962 regularium
764 886 1013 964 congregationis
1041 885 1288 947 ministrantium

548 981 714 1042 infirmisa
744 981 915 1059 praeposito
946 978 1084 1057 generali
1112 984 1233 1052 extero,
1256 995 1288 1038 ac

545 1075 666 1134 easdem
688 1074 861 1152 provincias
882 1073 915 1134 in
942 1089 1055 1135 novam
1076 1071 1289 1148 congregatio-

547 1183 619 1229 nem
642 1167 805 1245 Hispanam
833 1184 888 1248 per
909 1183 964 1228 nos
986 1165 1063 1243 erigi
1091 1179 1290 1242 summopore

546 1261 727 1324 desiderare.

585 1359 605 1433 ἓ
625 1359 654 1420 3.
679 1356 750 1432 Nos,
774 1357 833 1418 rite
854 1374 887 1418 ac
916 1361 1038 1416 mature
1064 1352 1221 1432 perpensis
1243 1367 1290 1410 ra-

548 1453 668 1515 tionum
698 1451 875 1524 momentis,
898 1465 976 1528 quae
1003 1447 1229 1526 separationem
1257 1461 1290 1506 ac

546 1547 717 1624 respective
744 1544 934 1606 erectionem
963 1540 1139 1605 bu'iusmodi
1161 1540 1289 1600 suadere

547 1649 700 1720 poterant,
716 1647 807 1718 atque
822 1637 920 1700 enixis
936 1638 1074 1699 eiusdem
1090 1634 1192 1699 Karoli
1208 1633 1289 1708 regis

546 1733 686 1796 catholici
709 1733 790 1795 bisce
819 1733 950 1811 desuper
971 1729 1079 1804 semel,
1107 1729 1232 1802 iterum,
1256 1742 1289 1788 ac

547 1830 639 1891 tertio
653 1826 797 1889 exhibitis
811 1825 950 1904 precibus
969 1822 1178 1886 favorabiliter
1193 1833 1287 1899 quan·

548 1933 614 1986 tum
636 1937 707 1985 curn
728 1921 859 1983 Domino
880 1935 1043 1998 possumus
1064 1933 1213 1992 annuere,
1229 1914 1289 1978 cle·

546 2018 685 2096 riuosque
716 2014 947 2093 provinciarum
977 2029 1010 2075 ac
1040 2009 1288 2088 congregationis

546 2113 770 2190 praedictarum
780 2107 960 2189 specialibus
975 2107 1080 2185 gratiis
1092 2113 1122 2168 et
1133 2103 1288 2168 favoribus

546 2207 688 2285 prosequi
717 2205 877 2278 volentes,
905 2219 1078 2281 corumque
1115 2200 1287 2278 singulares

546 2317 690 2380 personas
701 2318 716 2362 a
728 2299 888 2381 quibusvis
902 2294 1243 2367 excommunicationis,
1257 2299 1287 2354 et

547 2394 715 2469 interdicti,
743 2393 872 2470 aliisque
899 2390 1109 2454 ecclesiasticis
1137 2389 1286 2464 censuris,

545 2488 710 2552 sententiis
731 2495 760 2549 et
785 2485 890 2565 poenis
913 2483 1135 2562 quovismodo
1164 2491 1194 2546 et
1215 2499 1288 2562 qna·

546 2598 679 2662 cumque
700 2580 737 2643 de
758 2597 846 2643 causa
868 2579 946 2654 latis,
963 2579 988 2640 si
1003 2595 1077 2658 quas
1091 2578 1169 2640 forte
1186 2579 1287 2640 incur-

546 2678 657 2753 rerint,
673 2676 765 2739 buius
786 2681 907 2737 tantum
923 2673 967 2736 rei
984 2673 1077 2750 gratia
1094 2672 1288 2735 absolventes

546 2780 576 2834 et
598 2771 749 2834 absolutos
770 2769 835 2830 fore
861 2775 1031 2841 censentes,
1060 2765 1288 2846 supplicationi·

548 2867 603 2928 bus
618 2863 780 2927 memorati
796 2861 897 2924 Karoli
910 2862 990 2936 regis
1006 2859 1147 2922 catholici
1158 2860 1286 2921 nornine

546 2959 634 3021 nobis
656 2954 816 3020 bumillter
837 2953 985 3033 porrectis
1006 2952 1157 3027 inclinati,
1171 2967 1287 3014 memo·

546 3062 625 3114 ratas
646 3050 820 3130 provincias
841 3047 1023 3110 clericorum
1038 3046 1287 3122 congregationis

547 3145 790 3208 ministrantium
813 3140 958 3215 infirmis,
975 3155 1083 3202 omnes
1104 3139 1220 3201 scilicet
1235 3139 1288 3201 do

546 3256 612 3302 mos
639 3238 776 3301 eiusdem
805 3234 1053 3311 congregationis
1081 3234 1113 3295 in
1136 3233 1287 3310 Hispaniis

545 3351 578 3396 ac
589 3331 729 3396 America
743 3329 843 3390 eidem
860 3326 959 3390 Caroli
975 3327 1040 3403 regi
1055 3326 1202 3389 catholico
1216 3329 1287 3389 sub

545 3427 630 3489 lectis
662 3424 877 3497 consistentes,
905 3437 938 3482 ac
966 3436 1113 3500 personas
1140 3435 1285 3482 ornnesa

543 3518 746 3590 subiectione,
762 3514 984 3590 iurisdictione,
999 3514 1200 3589 correctione,
1217 3515 1287 3578 obe·

544 3611 659 3675 dientia
680 3619 711 3672 et
739 3608 913 3670 visitatione
941 3607 1105 3685 praepositi
1134 3609 1286 3684 generalis

544 3705 642 3767 dictae
663 3700 911 3777 congregationis
933 3707 1083 3778 perpetuo
1105 3703 1286 3764 auctoritate

544 3797 705 3879 apostolica
741 3805 848 3858 tenore
880 3794 1088 3872 praesentium
1120 3795 1286 3858 eximimus

545 3901 575 3955 et
606 3892 786 3964 liberamus,
816 3887 999 3966 easdemque
1031 3889 1205 3965 provincias
1231 3906 1286 3951 seu

544 3987 649 4049 domos
671 3982 838 4061 praedictas
852 3983 894 4043 sic
915 3989 1071 4058 exemptas
1086 3989 1117 4042 et
1135 3990 1286 4060 separatas

544 4081 576 4140 in
593 4093 704 4140 noram
719 4075 993 4152 congregationem
1014 4075 1177 4152 Hispanam
1199 4076 1286 4138 cleri-

544 4188 651 4236 corum
686 4169 877 4247 regularium
916 4169 1163 4244 congregationis
1195 4170 1287 4231 mini·

544 4265 711 4328 strantium
733 4261 866 4324 infirmis
893 4261 1133 4338 nuncupandam
1154 4264 1286 4325 auctori·

546 4367 607 4421 tate
628 4367 658 4419 et
681 4365 789 4418 tenore
811 4353 970 4434 praedictis
986 4353 1137 4440 erigimus
1152 4362 1182 4416 et
1198 4357 1284 4419 insti·

546 4453 674 4513 tuimus.

584 4545 652 4621 §ts
676 4543 847 4616 Praeterea,
870 4556 942 4603 curn
970 4541 1043 4603 baec
1064 4557 1187 4620 quoque
1215 4561 1286 4606 con-

545 4639 684 4717 gregatio
705 4637 747 4698 sic
768 4653 783 4696 a
805 4634 892 4696 nobis
913 4649 968 4712 per
990 4645 1166 4714 praesentes
1187 4647 1286 4700 erecta

545 4733 581 4796 ab
602 4747 664 4795 uno
685 4729 806 4792 vicario
835 4727 984 4805 generali,
1007 4736 1140 4804 quatuor
1164 4731 1285 4794 consul-

546 4826 673 4898 toribus,
696 4839 729 4884 ac
750 4837 814 4884 uno
836 4819 963 4896 arbitro,
986 4829 1016 4881 et
1037 4839 1052 4880 a
1074 4822 1198 4885 secretis
1220 4826 1287 4902 regi

544 4925 575 4981 et
597 4916 763 4994 gubernari
784 4913 902 4990 debeat,
918 4913 972 4992 qui
993 4929 1100 4976 omnes
1121 4915 1229 4979 iisdem
1245 4917 1286 4978 la·

544 5011 721 5085 coitalibus,
744 5008 937 5083 auctoritate,
963 5007 1142 5083 bonoribus,
1165 5024 1285 5087 praero-

545 5104 667 5182 gativis,
692 5101 862 5181 privilegiis
890 5117 923 5162 ac
945 5101 1194 5178 exemptionibus
1222 5103 1285 5181 pol·

546 5199 639 5272 leant,
662 5197 773 5276 qulbus
803 5194 992 5274 praepositus
1019 5196 1170 5271 generalis
1194 5197 1286 5259 totius

545 5289 793 5368 congregationis
822 5288 993 5365 praedictae
1014 5305 1047 5350 ac
1069 5289 1206 5352 consulta
1235 5306 1286 5366 ge-

546 5385 659 5448 neralis
680 5383 850 5460 respective
878 5380 1011 5460 pollent,
1034 5383 1159 5460 suisque
1181 5383 1287 5444 officiis

545 5479 653 5541 eodem
681 5493 806 5554 prorsus
834 5475 979 5538 modoet
1007 5475 1116 5549 forma,
1144 5493 1223 5553 qnae
1250 5478 1287 5537 ab

545 5573 715 5652 apostolicis
736 5571 844 5642 literis,
860 5570 990 5633 decretis
1010 5586 1043 5632 ac
1065 5571 1222 5648 rescriptis
1238 5573 1286 5632 iti-

545 5669 615 5730 dem
633 5665 804 5745 apostolicis
819 5671 850 5726 et
865 5664 1137 5726 constitutionibus
1158 5680 1285 5742 congre-

546 5759 678 5838 gationis
698 5758 868 5837 praedictae
890 5765 965 5820 sunt
985 5758 1181 5836 praescripta,
1197 5758 1286 5835 fungi

545 5853 686 5926 debeant,
703 5850 828 5912 clericos
850 5865 947 5912 novae
968 5853 1215 5930 congregationis
1231 5852 1286 5914 bn-

545 5945 676 6010 iusmodi
711 5952 775 6007 tum
809 5943 957 6007 vicarium
989 5944 1186 6022 generalem,
1219 5953 1286 6008 tum

1069 582 1132 626 lllll·
1157 580 1248 624 rottr-
1273 579 1313 623 bit
1335 579 1364 624 P·
1387 581 1416 626 tt.
1442 581 1523 628 rans
1547 584 1566 627 l.
1655 542 1659 555 1

2121 561 2182 612 An.
2198 559 2230 612 0.
2254 560 2317 614 1793

1348 710 1534 764 memoratos
1555 703 1699 766 officiales
1715 705 1799 766 iuxta
1822 703 1979 780 regulares
1994 703 2091 765 dictae
2164 769 2165 774 ,

1347 797 1594 871 congregationis
1607 799 1845 860 constitutiones
1866 797 2048 859 auctoritate
2062 811 2091 854 a·

1347 889 1491 965 postulica
1506 892 1703 954 confirmatas
1718 892 1775 954 sibi
1791 891 1938 967 eligendi,
1954 906 2012 952 nec
2027 906 2088 951 non

1346 980 1440 1042 etiam
1461 984 1628 1060 praefectos
1650 1000 1706 1047 seu
1727 985 1903 1062 superiores
1918 983 2026 1044 locales
2041 985 2090 1046 de-

1348 1077 1473 1152 putandi
1489 1076 1612 1154 plenam
1634 1088 1664 1140 et
1685 1079 1819 1156 amplam
1831 1077 2006 1140 facultatem
2022 1093 2090 1138 auc-

1346 1169 1469 1230 toritate
1490 1178 1522 1232 et
1552 1179 1658 1233 tenore
1681 1171 1843 1250 praedictis
1873 1169 2037 1232 tribuimus
2059 1177 2089 1230 et

1346 1260 1555 1338 impertimur.

1384 1357 1453 1430 §5-
1486 1358 1622 1421 Tandem
1654 1360 1755 1422 eidem
1785 1357 2017 1436 congregationi
2045 1356 2088 1419 sic
2132 1366 2272 1412 concessio
2291 1369 2324 1430 aa·

1346 1451 1469 1512 noviter
1497 1462 1627 1529 erectae,
1652 1454 1797 1532 illiusque
1822 1453 1956 1516 ecclesiis
1977 1462 2009 1515 et
2029 1452 2089 1516 cle
2108 1419 2324 1536 ῗῖῗιιιῑξῖἱῗῗιὶιωέί

1345 1544 1414 1606 ricis
1437 1546 1630 1622 regularibus
1646 1563 1729 1611 nnnc
1749 1556 1779 1610 et
1800 1565 1854 1627 pro
1871 1557 2011 1626 tempore
2025 1548 2089 1609 exi·
2108 1533 2268 1584 ⁸¹²‘¹²¹¹¹”¹·

1343 1639 1507 1714 stentibus,
1521 1647 1555 1702 ut
1569 1643 1713 1704 omnibus
1728 1652 1759 1704 et
1772 1642 1905 1720 singulis
1921 1642 2087 1716 favoribus,

1344 1732 1558 1810 indulgentiis,
1580 1735 1841 1813 exemptionibus,
1865 1737 2004 1810 indultis,
2026 1735 2088 1797 suf·

1344 1823 1459 1902 fragiis,
1475 1827 1604 1907 aliisque
1619 1829 1724 1905 gratiis
1737 1830 1949 1908 spiritualibus
1964 1839 1994 1891 et
2011 1839 2088 1892 tern-

1344 1919 1508 1996 poralibus,
1522 1922 1632 1999 quibus
1648 1922 1755 1985 eadem
1766 1924 1978 1999 congregatio,
1991 1921 2088 1985 illius-

1343 2028 1404 2088 que
1421 2012 1566 2076 ecclesiae
1588 2031 1620 2077 ac
1641 2015 1743 2078 clerici
1759 2024 1830 2078 ante
1846 2017 2088 2079 dismembratio

1345 2107 2087 2189 nem,separationem,etexemptionempraedi-

1342 2207 1422 2260 ctam
1438 2200 1617 2277 utebantur,
1633 2201 1818 2266 fruebantur
1831 2218 1866 2265 ac
1879 2204 2085 2281 potiebantur,

1342 2307 1396 2353 seu
1412 2294 1469 2367 uti,
1482 2292 1544 2355 frui
1558 2301 1589 2356 et
1604 2297 1737 2372 gaudere
1751 2303 1903 2374 poterant,
1919 2298 1981 2375 pari
1997 2297 2087 2358 modo

1343 2385 1434 2447 etiam
1457 2386 1669 2465 inposterum
1693 2390 1750 2465 uti,
1773 2390 1833 2453 frui
1856 2399 1886 2453 et
1904 2391 2038 2468 gaudere
2052 2392 2086 2454 li-

1343 2481 1415 2542 bere
1429 2497 1461 2542 ac
1477 2480 1558 2543 licite
1570 2483 1686 2560 possint
1701 2491 1732 2546 et
1748 2483 1880 2559 valeant,
1893 2485 1926 2546 in
1941 2486 2087 2548 omnibus

1342 2581 1372 2634 et
1395 2575 1573 2652 peremnia
1599 2576 1728 2653 perinde
1748 2593 1781 2639 ac
1802 2579 1827 2640 si
1849 2578 2021 2656 privilegia,
2045 2580 2087 2642 fa·

1343 2682 1443 2740 rores,
1457 2667 1583 2743 gratiae,
1598 2668 1822 2746 indulgentiae,
1834 2673 2044 2750 exemptiones
2056 2683 2086 2736 et

1343 2758 1462 2821 indulta
1483 2759 1660 2824 bulusmodi
1682 2763 1739 2840 ipsi
1765 2766 1998 2841 congregationi
2020 2776 2087 2846 post

1341 2870 1428 2917 snam
1448 2855 1670 2932 separationem
1693 2863 1724 2918 et
1745 2858 1974 2935 exemptionem
1999 2876 2086 2938 prae-

1342 2951 1465 3025 dictam,
1488 2949 1634 3030 illiusque
1660 2950 1806 3025 ecclesiis,
1829 2959 1859 3012 et
1879 2952 1998 3016 clericis
2018 2973 2085 3036 spe·

1341 3044 1459 3107 cialiter
1490 3059 1630 3106 concessa
1661 3045 1887 3122 reperirentur,
1911 3046 1951 3107 ita
1981 3057 2085 3114 tamen

1342 3151 1377 3202 ut
1398 3136 1549 3200 defunctis
1567 3137 1708 3214 sutfragia
1731 3149 1886 3217 praestent
1907 3159 1922 3202 a
1945 3143 2086 3220 capitulis

1342 3234 1538 3312 generalibus
1560 3233 1709 3310 ordinata,
1734 3235 1916 3296 auctoritate
1931 3244 1962 3298 et
1976 3243 2085 3300 tenore

1341 3328 1503 3408 praedictis
1524 3325 1721 3388 concedimus
1742 3335 1772 3388 et
1793 3328 2004 3406 indulgemus.

1380 3426 1398 3500 ἓ
1419 3422 1448 3484 6.
1472 3423 1691 3493 Decernentes,
1716 3422 1769 3508 bas
1787 3431 1964 3499 praesentes
1981 3425 2086 3490 literas
2124 3440 2250 3488 clausura
2263 3441 2312 3488 sat

1339 3531 1461 3593 semper
1484 3516 1597 3588 firmas,
1621 3513 1734 3576 validas
1749 3525 1780 3576 et
1800 3515 1934 3579 efficaces
1949 3520 2085 3583 existere
2104 3493 2164 3594 {5²3
2182 3495 2309 3596 ml*

1340 3611 1463 3684 actore,
1486 3623 1619 3686 suosque
1641 3607 1793 3686 plenarios
1808 3616 1838 3672 et
1861 3612 1999 3688 integros
2013 3614 2084 3677 effe-

1340 3713 1407 3767 ctus
1437 3703 1538 3764 sortiri
1569 3711 1600 3762 et
1624 3701 1781 3777 obtinere,
1814 3720 1848 3764 ac
1870 3703 1929 3765 illis
1950 3707 1987 3767 ad
2009 3723 2085 3783 quos

1338 3806 1453 3877 spectat
1471 3803 1502 3858 et
1516 3811 1571 3874 pro
1588 3804 1727 3874 ternpore
1748 3797 2005 3876 quandocumque
2018 3817 2086 3879 spe·

1338 3891 1444 3964 stabit,
1466 3890 1498 3950 in
1514 3888 1658 3950 omnibus
1674 3897 1705 3950 et
1719 3903 1772 3965 per
1787 3890 1890 3950 omnia
1905 3891 2086 3968 plenissime

1338 3985 1509 4060 suffragari,
1536 3989 1567 4044 et
1588 3983 1624 4042 ab
1645 3983 1688 4042 eis
1710 3982 1879 4058 respective
1901 3984 2086 4048 inviolabili-

1339 4087 1385 4140 ter
1397 4077 1569 4150 observari3
1582 4077 1686 4152 sicque
1699 4075 1728 4136 iu
1741 4076 1915 4152 praemissis
1927 4092 1983 4155 per
1995 4094 2084 4157 quos-

1339 4187 1474 4248 cumque
1502 4169 1615 4232 iudices
1647 4167 1817 4229 ordinarios
1847 4178 1878 4232 et
1910 4171 2082 4250 delegatos,

1339 4266 1432 4326 etiam
1448 4277 1607 4326 causarum
1623 4261 1725 4340 palatii
1741 4261 1838 4324 nostri
1860 4264 2017 4340 apostolici
2032 4283 2084 4329 au·

1340 4360 1466 4430 ditores
1488 4364 1519 4417 et
1541 4355 1571 4418 S.
1595 4354 1630 4416 a.
1659 4355 1693 4416 d.
1726 4355 1900 4419 Cardinales
1931 4356 2025 4420 etiam
2046 4360 2084 4421 de

1340 4451 1435 4514 latere
1455 4449 1595 4525 Legatos,
1618 4455 1649 4510 et
1673 4449 1800 4511 Sanctae
1827 4447 1912 4510 Sedis
1936 4448 2083 4526 Nuncios,

1339 4544 1457 4607 sublata
1479 4543 1522 4605 eis
1549 4550 1579 4604 et
1601 4557 1711 4604 eorum
1731 4541 1857 4604 cuilibet
1872 4544 1980 4621 quavis
1994 4545 2084 4608 aliter

1339 4637 1492 4702 iudicandi
1504 4645 1535 4698 et
1547 4635 1770 4714 interpretandi
1786 4636 1927 4699 facultate
1940 4647 1971 4699 et
1981 4647 2084 4701 aucto·

1341 4734 1441 4804 ritate,
1456 4729 1583 4793 iudicari
1595 4737 1626 4792 et
1641 4729 1763 4790 definiri
1780 4730 1902 4805 debere,
1915 4747 1949 4792 ac
1960 4730 2083 4794 irritum

1340 4837 1370 4888 et
1383 4825 1486 4899 inane,
1498 4822 1523 4884 si
1537 4839 1623 4886 secus
1638 4838 1730 4902 super
1745 4823 1793 4883 bis
1808 4840 1823 4883 a
1838 4839 1995 4903 quoquam
2010 4842 2083 4904 qua-

1340 4921 1386 4981 vis
1407 4918 1588 4981 auctoritatc
1602 4916 1737 4979 scienter
1751 4915 1802 4978 vel
1816 4903 1996 4993 ignoranter
2010 4937 2081 4982 con·

1341 5013 1445 5089 tigerit
1467 5010 1622 5072 attentari.

1379 5107 1447 5182 57.
1473 5104 1541 5168 Non
1572 5105 1763 5166 obstantibus
1784 5106 1968 5184 apostoliciS,
1996 5124 2030 5169 ac
2050 5107 2081 5169 ill
2114 5120 2301 5185 Derogatiocon·

1340 5199 1578 5273 universalibus,
1601 5197 1851 5276 provincialibus,
1873 5200 2083 5277 synodalibus·
2103 5179 2244 5221 taurorum.

1340 5311 1401 5373 que
1422 5292 1559 5358 conciliis
1588 5292 1679 5352 etlitis
1704 5292 1911 5368 generalibus,
1940 5293 1989 5356 vel
2016 5310 2082 5373 spe·

1340 5385 1466 5448 cialibus
1488 5384 1761 5446 constitutionibus
1782 5390 1812 5445 et
1826 5386 2082 5462 ordinationibus,

1340 5495 1397 5541 nec
1419 5494 1482 5539 non
1504 5479 1600 5539 dictae
1622 5478 1869 5554 congregationis
1889 5479 1983 5540 etiam
2005 5481 2085 5542 iura·

1341 5580 1457 5646 mento,
1473 5571 1710 5633 confirmatione
1725 5570 1897 5649 apostolica,
1911 5571 1962 5633 vel
1977 5574 2084 5650 quavis

1340 5667 1484 5729 firmitate
1505 5664 1563 5726 alia
1584 5664 1744 5738 roboratis,
1763 5665 1884 5726 statutis
1905 5673 1937 5727 et
1957 5683 2084 5729 consue

1342 5759 1517 5836 tudinibus;
1540 5758 1712 5837 privilegiis
1733 5773 1866 5835 quoque,
1892 5759 2031 5834 indultis,
2054 5770 2085 5824 et

1340 5854 1437 5916 literis
1465 5852 1637 5932 apostolicis
1663 5850 1874 5930 superioribus
1895 5859 1926 5913 et
1947 5855 2086 5931 personis

1339 5947 1396 6010 sub
1423 5947 1670 6024 quibuscumque
1696 5944 1853 6006 tenoribus
1873 5953 1904 6006 et
1924 5944 2032 6007 formis
2053 5962 2086 6010 ac
