4856 7010
112 566 164 618 Aa.
179 569 210 619 C.
235 569 302 620 1828

37 2341 42 2348 ‚
106 2283 243 2346 berogatio
254 2303 311 2338 con·

98 2345 246 2406 traciarum.

110 4743 277 4788 Prooemium.

109 5303 194 5365 ‚Tener
208 5311 306 5348 conces-

95 5365 181 5402 sionis.

1003 583 1059 628 aad
1082 581 1130 626 ΡΡ.
1157 582 1213 628 xtl.

332 713 435 768 strum
457 711 488 766 et
510 705 596 769 Sedis
624 705 815 784 dpostolieae
837 701 1078 782 beneplacitum,

333 799 430 860 donec
451 797 508 861 alla
519 799 639 860 ratione
655 798 801 874 regimini
823 796 961 861 eiusdem
982 793 1081 858 eccle-

332 891 395 954 siae
416 906 470 968 per
493 895 572 953 banc
593 891 623 954 S.
638 890 750 955 Sedem
772 891 951 954 consultum
972 888 1078 964 luerit,

334 992 442 1048 tenore
463 987 673 1063 praesentium
688 982 1080 1062 eligiinus,constituimus

332 1095 365 1140 ac
387 1081 581 1156 deputamus,
597 1079 722 1156 plenam
745 1077 799 1140 tibi
820 1077 1080 1152 auctoritatemet

332 1171 508 1234 laenitatem
532 1171 704 1233 tribuentes
726 1188 760 1234 ea
782 1171 885 1232 omnia
906 1176 937 1232 et
957 1168 1079 1246 singula

335 1265 365 1325 in
388 1263 627 1326 administranda
655 1271 761 1325 nostro
783 1270 812 1325 et
835 1262 962 1326 Sanctae
993 1259 1079 1324 Sedis

333 1358 462 1419 nonime
484 1356 621 1429 ecclesia,
644 1355 767 1418 civitate
790 1372 823 1416 ac
843 1354 971 1418 dioecesi
989 1353 1079 1414 Eme-

334 1449 442 1511 ritensi
462 1448 630 1510 exercendi
644 1465 677 1510 ac
692 1448 821 1524 gerendi
843 1463 921 1525 quae
941 1451 1015 1507 sunt
1030 1461 1079 1506 or-

333 1541 577 1620 dinis,quaequo
598 1540 771 1604 ordinariae
792 1545 823 1602 et
835 1539 990 1616 delegatae
1005 1545 1080 1600 sunt

332 1633 565 1696 iurisdictionis

106 1735 314 1792 praeceptumde
373 1725 391 1800 5
413 1724 441 1786 3.
466 1725 663 1801 iniungimus
685 1731 845 1804 propterea
867 1722 985 1786 dilectis
1009 1721 1079 1785 bliIs

98 1789 245 1834 obediendo
262 1789 312 1835 cle·
719 1818 723 1828 .
914 1816 919 1827 .
995 1817 1000 1826 .

98 1842 314 1900 roeiiiopuioaa.
332 1821 415 1882 clero
437 1825 467 1880 et
488 1817 601 1897 populo
622 1817 794 1897 praedictae
815 1817 1018 1878 Emeritensis
1032 1833 1080 1880 ec-

97 1901 159 1941 illm.

331 1911 441 1976 clesiae
461 1929 495 1974 ae
516 1911 673 1987 dioecesis,
690 1910 768 1973 utin
781 1910 900 1971 virtute
913 1914 1079 1972 sanciaco

288 2065 291 2075 ,
332 2005 504 2068 bedlentiae
527 2011 556 2066 te
578 2005 678 2066 debita
694 2019 765 2066 oiim
788 2003 964 2065 reverentia
979 2012 1009 2065 et
1025 2004 1078 2064 ho-

332 2095 409 2160 nor'e
431 2105 636 2177 pertractent,
660 2098 782 2174 tuisque
803 2103 931 2174 pareant
950 2095 1079 2158 salubri·

331 2191 390 2254 bus
410 2191 537 2252 monitis
559 2207 592 2252 ac
614 2190 775 2252 mandatis,

370 2285 389 2359 ἓ
409 2284 439 2345 1.
464 2281 534 2344 Non
552 2282 744 2344 obstantibus
760 2281 920 2360 quibusvis
935 2282 1028 2343 etiam
1044 2283 1076 2343 in

330 2376 538 2456 synodalibus,
568 2374 807 2454 provincialibus
836 2374 1077 2437 universalibus-

330 2488 391 2550 que
411 2469 549 2532 conciliis
571 2469 660 2530 editis
682 2467 955 2530 constitutionibus
978 2475 1008 2530 et
1030 2485 1079 2531 or-

330 2561 539 2626 dinationibus
570 2558 762 2639 apostolicis,
787 2561 978 2639 caeterisque
1006 2559 1078 2624 licet

329 2654 464 2734 speciali,
481 2669 622 2732 expressa
637 2661 668 2715 et
684 2652 843 2715 individua
858 2654 1021 2715 mentione
1032 2655 1076 2716 di·

331 2749 415 2824 guis:
439 2745 713 2810 nonobstantibus
735 2745 993 2824 quibuscumque.

371 2842 483 2903 ilatum
504 2839 630 2912 llomae,
646 2839 726 2916 apud
749 2836 779 2898 S.
798 2838 924 2899 Petrum
946 2840 1002 2901 sub
1024 2855 1076 2900 an-

330 2934 405 2996 nulo
422 2933 579 2995 Piscatoris
592 2931 639 2992 die
658 2943 739 2990 xiiii.
757 2928 823 2991 dec.
835 2945 1075 3006 dccccxxviii,

329 3026 522 3106 pontificatus
547 3023 645 3086 nostri
669 3037 750 3082 anno
772 3038 814 3082 vi.

578 3221 830 3231 .-..——-—-—-

649 3395 753 3462 XLIII.

329 3585 457 3649 Erectio
478 3584 662 3647 vicariatus
690 3580 859 3660 apostolici
881 3579 917 3642 in
943 3579 1076 3644 civitate

503 3675 699 3741 Cordubensi
722 3675 758 3738 in
779 3673 892 3736 Indiis.

327 3865 445 3934 dilecto
466 3865 531 3933 lilio
554 3863 639 3931 lueto
663 3863 697 3929 de
715 3859 832 3931 Sancta
854 3861 951 3929 ituria
966 3862 1002 3928 de
1018 3860 1074 3930 dio

366 3957 637 4124 ieiIIiodteolqurffmpo
654 3953 877 4024 Thaenaoensi
894 3957 1074 4040 inpartibus

577 4236 654 4305 1.Εο
677 4236 740 4303 ΡΡ.
762 4236 819 4304 itti.

605 4426 721 4494 dilecte
744 4425 796 4506 tili,

359 4522 542 4589 salutemet
565 4521 764 4604 apostolicam
787 4518 1037 4588 benedictionem.

365 4712 384 4786 ἓ
408 4710 434 4772 1.
458 4709 623 4790 itpostolici
646 4707 744 4770 nostri
761 4708 906 4770 muneris
922 4708 999 4770 ratio
1020 4722 1073 4787 po-

324 4804 430 4880 stulat,
453 4810 489 4866 ut
510 4804 545 4865 ad
567 4817 602 4863 ea
623 4801 822 4880 potissimum
842 4800 973 4863 sollicita
995 4801 1073 4879 rigi·

325 4898 419 4961 tantia
439 4897 621 4961 incumbere
646 4895 838 4969 studeamus,
861 4910 940 4973 quae
964 4912 1073 4976 oppor-

325 4999 438 5055 tunum
460 4989 707 5066 uniuscuiusque
722 4986 868 5050 ecclesiae
881 5005 914 5050 ac
929 4989 1073 5051 dloecesis

326 5083 514 5161 gubernium
525 5089 556 5144 et
570 5083 746 5144 animarum
760 5079 1010 5145 christifidelium
1025 5098 1072 5145 re-

325 5177 460 5255 spiciunt
483 5174 661 5237 uillitatem.

366 5273 384 5348 g
405 5270 434 5331 2.
458 5270 568 5343 Quare,
586 5282 658 5328 cum
675 5267 708 5328 in
725 5266 970 5346 praesentiarum
986 5275 1073 5331 vacet

325 5363 503 5442 episcopalis
526 5359 652 5424 ecclesia
675 5360 882 5424 Cordubensis
910 5359 941 5421 in
966 5359 1071 5437 indiis,

326 5457 477 5536 nobisque
506 5454 680 5519 constiterit
701 5455 736 5516 ad
759 5459 919 5515 aeternam
941 5453 1073 5515 salutem

326 5549 465 5614 bdelium
486 5547 748 5613 commorantium
770 5545 802 5606 in
824 5545 924 5608 indica
945 5547 1071 5624 provin·

325 5645 369 5708 cia
381 5646 515 5722 deduyo
527 5645 706 5719 nuncupata
718 5639 851 5700 maxime
863 5640 1071 5702 necessarium
1090 5711 1094 5718 ι

324 5754 401 5811 esse,
416 5747 449 5799 ut
459 5752 541 5798 saera
553 5733 667 5796 ibidem
681 5749 731 5794 res
745 5739 940 5812 procuretur,
954 5748 994 5795 ne
1006 5735 1072 5795 lon·

324 5831 370 5908 gis
385 5829 623 5908 asperrimisque
638 5826 803 5889 itineribus
818 5826 982 5903 adigantur
998 5828 1071 5891 Cor-

324 5924 439 5987 dubam
449 5938 580 6004 peregre
590 5937 658 5984 sese
669 5919 821 5998 conlerre,
834 5935 890 5994 nos
902 5927 988 5985 tanto
1000 5920 1071 5984 buie

1807 557 1865 620 709
1915 513 2104 614 1111111828

1138 697 1334 763 incommodo
1348 709 1522 779 opportune
1534 713 1696 762 occurrere
1711 696 1883 775 cupientes,

1136 809 1175 854 ea
1195 799 1278 854 certe
1307 791 1436 854 'scientia
1457 808 1490 854 ac
1512 800 1634 854 matura
1662 788 1884 852 deliberatione

1137 885 1262 961 nostris,
1284 887 1384 964 deque
1405 884 1587 964 apostolicae
1608 883 1763 963 potestatis
1784 881 1884 962 pleni-

1137 978 1257 1053 tudine,
1275 979 1439 1042 interdicto
1454 979 1540 1058 prius
1558 978 1686 1041 cuilibet
1699 978 1789 1040 alteri
1804 976 1883 1038 ordi-

1137 1071 1242 1134 narIae
1255 1073 1479 1135 iurisdictionis
1494 1073 1525 1134 in
1536 1078 1797 1149 supramemorata
1812 1085 1884 1148 pro-

1138 1165 1238 1226 vincia
1261 1164 1418 1241 exercitio,
1442 1173 1484 1240 te,
1506 1165 1544 1226 de
1565 1166 1653 1227 cuius
1675 1166 1881 1241 side,pietate,

1137 1257 1287 1332 doctriua,
1316 1257 1493 1335 prudentia,
1518 1257 1697 1334 integritate
1721 1273 1754 1319 ac
1777 1273 1881 1319 rerum

1135 1351 1326 1427 experientia
1352 1350 1526 1430 plurimum
1548 1351 1581 1412 in
1603 1350 1735 1412 Domino
1757 1350 1883 1412 considi-

1136 1459 1217 1520 mas,
1235 1445 1266 1506 in
1288 1443 1444 1508 Vlcarium
1466 1443 1678 1523 dpostoIioum
1701 1458 1757 1521 pro
1778 1443 1882 1506 eadem

1136 1539 1296 1616 provincia
1310 1540 1347 1601 de
1362 1538 1450 1616 Cuyo
1465 1539 1611 1600 dioecesis
1626 1537 1835 1602 Cordubensis
1850 1539 1882 1599 in

1136 1630 1348 1708 spiritualibus
1370 1629 1405 1690 ad
1428 1638 1571 1692 nostrum
1592 1640 1623 1694 et
1649 1630 1734 1694 Sedis
1758 1633 1883 1710 Aposto-

1136 1723 1211 1786 licae
1234 1723 1476 1802 beneplacitum,
1494 1725 1591 1787 donec
1612 1725 1668 1787 alia
1687 1727 1807 1788 ratione
1829 1743 1885 1806 per

1136 1817 1215 1880 lianc
1230 1818 1372 1880 Sanctam
1389 1819 1501 1882 Sedem
1524 1819 1700 1881 consultum
1715 1819 1822 1896 luerit,
1840 1827 1884 1883 te·

1136 1925 1213 1971 nore
1244 1911 1455 1988 praesentium
1476 1910 1634 1987 eligimus,
1667 1913 1883 1977 constituimus

1135 2018 1168 2066 ao
1186 2002 1389 2081 deputamus;
1415 2004 1537 2082 plenam
1553 2003 1609 2066 tibi
1624 2006 1836 2069 auctoritatem
1852 2015 1883 2070 et

1135 2095 1312 2160 facultatem
1337 2097 1506 2160 tribuentes
1529 2113 1563 2158 ea
1585 2099 1689 2159 omnia
1711 2107 1742 2160 et
1760 2099 1882 2178 singula

1135 2189 1168 2252 in
1189 2189 1430 2252 administranda
1453 2197 1560 2252 nostro
1588 2199 1619 2252 et
1641 2191 1770 2254 Sanctae
1798 2194 1883 2257 Sedis

1135 2283 1263 2345 nomine
1284 2283 1435 2346 antedicta
1457 2283 1617 2362 provincia
1638 2285 1676 2346 de
1692 2285 1778 2363 Cuyo
1800 2285 1883 2347 dioe-

1134 2376 1210 2437 cesis
1223 2377 1428 2440 Cordubensis
1444 2376 1608 2439 erercendi
1620 2393 1653 2439 ac
1664 2379 1793 2453 gerendi
1805 2397 1882 2458 quae

1134 2477 1207 2530 sunt
1229 2469 1399 2532 ordinariae
1420 2486 1453 2531 ac
1475 2469 1631 2546 delegatae
1651 2469 1881 2548 iurisdictionis,

1133 2569 1177 2637 et,
1200 2571 1267 2642 post
1288 2568 1467 2640 susceptum
1492 2562 1730 2626 consecrationis
1753 2580 1880 2640 munus,

1133 2653 1228 2716 etiam
1251 2655 1301 2716 illa
1322 2671 1400 2733 quae
1421 2662 1496 2716 sunt
1517 2655 1643 2718 ordinis.

1173 2748 1192 2822 ἓ
1213 2745 1242 2807 3.
1265 2746 1463 2823 iniungimus
1485 2755 1647 2825 propterea
1669 2748 1752 2811 clero
1774 2757 1805 2812 et
1830 2766 1880 2828 po·
1909 2770 2114 2832 praeceptumde

1133 2839 1207 2917 pulo
1225 2840 1258 2900 in
1272 2855 1365 2916 supra
1380 2846 1548 2900 memorata
1570 2841 1727 2916 provincia
1743 2840 1781 2902 de
1797 2843 1881 2921 Cuyo
1900 2822 2114 2932 ξέθᾞῗᾞῗψῗῗο·

1135 2931 1342 2994 Cordubensis
1373 2930 1519 2992 dioecesis
1548 2933 1825 3010 commorantibus,
1847 2933 2053 2997 1110116811]-

1134 3025 1167 3085 in
1182 3023 1301 3085 virtute
1312 3029 1434 3084 sanctae
1445 3022 1640 3108 obedientiae
1653 3031 1682 3085 te
1695 3023 1795 3087 debita
1810 3042 1882 3088 cum

1133 3114 1310 3176 reverentia
1331 3124 1362 3176 et
1384 3115 1503 3176 bonore
1525 3123 1734 3193 pertractent,
1758 3117 1883 3196 tuisque

1132 3213 1260 3284 pareant
1280 3206 1452 3269 salubribus
1474 3207 1601 3269 monitis
1623 3223 1655 3270 ac
1678 3210 1839 3272 mandatis.

1174 3300 1192 3374 5
1213 3299 1242 3360 1.
1267 3298 1336 3361 Non
1358 3299 1551 3362 obstantibus
1565 3300 1726 3377 quibusvis
1742 3303 1835 3364 etiam
1850 3304 1881 3366 in
1913 3326 2114 3382 niioaaiiocon.

1132 3391 1339 3470 synodalibus,
1371 3391 1613 3470 provincialibus
1641 3395 1882 3459 universalibus·
1902 3380 2046 3426 ‘smum'

1133 3501 1194 3564 que
1214 3484 1351 3547 conciliis
1371 3484 1460 3546 editis
1482 3486 1756 3550 constitutionibus
1777 3498 1808 3551 et
1834 3507 1881 3553 or·

1133 3575 1344 3638 dinationibus
1372 3576 1564 3654 apostolicis,
1594 3579 1784 3658 eaeterisque
1811 3582 1881 3646 licet

1132 3669 1268 3747 speciali,
1283 3685 1425 3748 expressa
1440 3675 1471 3730 et
1485 3668 1645 3733 individua
1661 3675 1822 3735 mentione
1838 3675 1881 3736 di-

1133 3763 1220 3840 gnis:
1245 3776 1308 3822 non
1331 3759 1525 3823 obstantibus
1540 3762 1799 3843 quibuscumque.

1173 3857 1284 3917 Datum
1305 3855 1419 3915 Romae
1440 3855 1519 3932 apud
1542 3854 1573 3917 S.
1598 3855 1726 3917 Petrum
1747 3858 1807 3920 sub
1828 3875 1880 3921 an-

1133 3949 1208 4011 nulo
1224 3947 1395 4022 Piscatoris,
1408 3947 1456 4008 die
1468 3961 1549 4010 xxii.
1564 3949 1628 4010 dec.
1639 3965 1878 4030 necessariis,

1131 4041 1328 4122 pontificatus
1349 4039 1447 4100 nostri
1473 4056 1555 4102 anno
1577 4057 1619 4103 vi.

1389 4242 1629 4250 ——-

1427 4454 1433 4464 ·
1455 4415 1562 4481 XLIV.

1130 4605 1283 4672 Londotii
1304 4607 1462 4673 Societote
1482 4606 1675 4684 leopoldina*
1691 4609 1727 4670 in
1741 4607 1881 4672 Adstrid

1172 4701 1213 4764 od
1235 4717 1320 4780 opem
1349 4701 1570 4768 Missionoriis
1593 4702 1758 4783 [erendum
1784 4701 1879 4764 insti-

1172 4793 1264 4865 rota,
1297 4792 1406 4874 plores
1436 4793 1533 4856 sociis
1560 4793 1783 4874 indulgentias
1815 4795 1879 4856 lor-

1169 4888 1272 4968 nitor.
1506 4891 1515 4902 ·

1381 5058 1458 5127 tto
1482 5057 1542 5126 ΡΡ.
1568 5057 1625 5125 xit.

1250 5183 1287 5250 ed
1308 5187 1481 5267 perpetuen
1503 5181 1547 5248 rei
1576 5181 1756 5247 nenorien.

1168 5361 1361 5438 Quamquam
1383 5358 1472 5436 plura
1492 5358 1567 5433 siut,
1580 5373 1659 5436 quae
1681 5356 1714 5418 in
1737 5355 1878 5433 gravissi·

1130 5468 1181 5514 mo
1202 5461 1309 5514 nostro
1329 5453 1524 5530 apostolatus
1539 5451 1714 5514 ministerio
1736 5451 1877 5514 animum

1129 5551 1273 5607 nostrum
1293 5561 1357 5608 non
1380 5545 1492 5610 leviter
1512 5545 1698 5624 perturbent
1719 5550 1811 5622 atque
1831 5559 1878 5605 so·

1129 5639 1263 5702 liciteut:
1300 5638 1455 5717 siquidem
1485 5639 1677 5719 accepimus,
1710 5638 1877 5702 nonnullos

1129 5748 1192 5795 non
1214 5732 1395 5795 catholicam
1410 5733 1501 5794 modo
1515 5732 1713 5808 Religionem
1728 5731 1875 5807 aversari,

1127 5827 1233 5888 sedet
1254 5825 1339 5900 alios,
1361 5827 1387 5886 si
1410 5831 1543 5903 possent,
1567 5825 1599 5886 in
1623 5839 1763 5888 errorem
1786 5824 1877 5888 indu·

1127 5936 1214 5984 cere:
1238 5918 1292 5982 ille
1315 5927 1419 5982 tamen
1440 5919 1520 5981 lleus
1543 5917 1639 5982 totius
1658 5918 1876 5982 consolationis
