4754 6966
323 589 423 645 ccc.
444 590 512 646 troo
564 589 621 653 tuo

541 725 679 788 eiusdem
694 731 867 788 conventus
878 724 978 787 aditus
993 728 1086 802 patet,
1102 721 1198 800 spatio
1213 735 1283 784 cen-

541 825 610 880 tum
630 820 825 896 septuaginta
845 833 1000 880 annorum
1014 815 1192 878 ministrare
1213 828 1285 875 con·

540 911 727 988 suasissent,
750 911 954 974 nibilominus
975 909 1104 972 dilectus
1125 907 1231 970 itidem
1250 907 1284 967 lx·

525 1004 601 1066 ‘lius
615 1005 724 1068 Petrus
739 1005 915 1069 loannetius
930 1005 966 1068 de
977 1003 1089 1068 blolina
1101 1019 1126 1064 a.
1138 1016 1282 1076 666666,

541 1115 602 1178 quo
618 1107 757 1178 tempore
774 1115 906 1161 munero
921 1097 1057 1161 ministri
1073 1094 1226 1172 generalis
1240 1093 1283 1155 di-

541 1193 581 1254 611
603 1191 724 1256 Ordinis
745 1193 944 1269 fungebatur,
970 1189 1148 1253 huiusmodi
1168 1203 1284 1266 posses-

540 1286 671 1363 sionem,
695 1287 727 1349 16
748 1303 819 1365 qua,
842 1293 878 1348 ut
898 1285 1083 1363 praefertur,
1106 1282 1285 1346 commissa·

541 1378 606 1440 rius
627 1379 778 1456 generalis
800 1378 956 1443 indiarum
978 1377 1151 1456 praedictus
1175 1374 1284 1437 existe-

541 1473 603 1548 bat,
625 1473 808 1551 perturbare
831 1473 954 1550 sategit,
976 1467 1287 1545 616616661661166-

542 1572 605 1628 tres
626 1581 733 1628 amnas
759 1581 954 1646 quacumque
980 1564 1131 1642 dignitate
1155 1561 1283 1641 praediti

541 1658 616 1721 feria
637 1658 674 1722 v.
692 1659 869 1723 huiusmodi
886 1662 924 1723 de
938 1674 1033 1721 manu
1055 1656 1237 1720 celebrantis
1252 1655 1283 1717 in

541 1753 668 1816 ecclesia
689 1753 761 1816 dieti
792 1761 965 1817 conventus
984 1750 1207 1815 communicari
1234 1750 1285 1812 de·

542 1851 664 1923 1166661,
685 1850 763 1914 11661
794 1853 916 1914 decreto
942 1849 1013 1912 huic
1040 1849 1188 1912 idemmet
1209 1855 1285 1910 tunc

541 1943 678 2006 existens
699 1944 927 2007 commissarius
949 1942 1102 2021 generalis
1128 1941 1284 2004 lndiarucn

541 2035 577 2098 ad
598 2053 807 2117 quascumque
822 2038 1037 2100 contentiones
1059 2035 1209 2110 vitandas,
1226 2049 1283 2112 pro

542 2130 592 2192 illa
614 2138 718 2192 tamen
740 2131 806 2193 vice
827 2131 996 2205 dumtaxat,
1013 2127 1282 2206 obtemperaverit.

342 2223 523 2322 Hlsvgstlffiffi
581 2225 600 2300 5
620 2225 649 2286 3.
666 2225 725 2287 Res
740 2224 851 2290 deinde
866 2223 985 2304 quievit
1002 2239 1101 2303 usque
1115 2222 1151 2284 ad
1165 2238 1285 2285 annum

311 2291 355 2398 3}ss
364 2289 524 2396 ’113166161-
543 2334 727 2382 nuccxxvn.
742 2337 802 2399 qixo
818 2327 958 2399 tempore
970 2318 1068 2381 dictus
1080 2319 1189 2381 Petrus
1201 2318 1284 2379 loan-

309 2399 353 2487 ῗξῗ,
374 2397 523 2486 ξξῗιῗὲξθέζῖ
543 2414 645 2476 661166
666 2413 749 2477 idem
770 2430 885 2478 munus
905 2413 1056 2492 generalis
1077 2411 1213 2474 ministri
1228 2410 1285 2472 sibi

309 2497 524 2595 {lgggc‘s'g'ffiffiss
541 2507 587 2570 bis
607 2509 807 2571 commissum
827 2508 889 2571 iaru
910 2507 971 2569 iam
992 2506 1188 2568 absoluturus
1208 2512 1285 2581 erat,

309 2601 523 2702 666616666-
542 2610 572 2664 et
593 2601 626 2664 in
644 2601 753 2664 actoris
768 2603 868 2680 ligura
883 2601 1023 2664 eamdem
1038 2601 1286 2680 praetensionem

319 2689 320 2692 ’
354 2690 359 2701 “
541 2696 657 2759 iterum
679 2695 813 2758 excitare
834 2696 898 2776 ipse
920 2711 982 2757 non
1004 2694 1170 2771 destiterit,
1192 2709 1286 2770 super

541 2806 600 2867 qua
622 2787 796 2851 carissimus
816 2789 849 2850 in
872 2788 994 2854 Gbristo
1009 2789 1092 2850 lilius
1109 2797 1214 2850 noster
1228 2788 1284 2850 lla-

541 2881 626 2944 rolus
647 2881 863 2959 Hispaniarum
888 2899 943 2946 rex
965 2880 1130 2944 catholicus
1161 2887 1286 2943 senten·

541 2975 616 3037 tiam
630 2975 855 3039 venerabiiium
870 2976 1001 3038 lratrum
1016 2982 1195 3037 nostrorum
1211 2973 1285 3036 San-

540 3075 607 3132 ctae
630 3067 785 3133 Romanae
818 3069 969 3134 Ecclesiae
1001 3067 1209 3132 cardinalium
1239 3086 1282 3130 sa·

541 3161 601 3223 cris
635 3162 746 3226 ritibus
780 3163 1025 3242 praepositorum
1059 3162 1281 3242 exquirendam

541 3271 606 3318 6666
626 3258 757 3320 6666611.

331 3365 421 3410 uxoria
436 3367 521 3410 aucam
581 3351 599 3424 5
620 3349 649 3410 lc.
673 3351 754 3414 Cum
780 3359 885 3415 autem
905 3351 986 3415 sicut
1006 3352 1113 3414 eadem
1134 3350 1284 3430 expositio

309 3417 523 3517 ffifflgffi
540 3447 757 3524 subiungebat,
781 3446 957 3510 huiusmodi
980 3445 1016 3509 lis
1037 3461 1141 3508 coram
1168 3447 1284 3510 eisdem

309 3525 522 3632 ξῖξῃξοζξξξῆξζ
542 3540 754 3604 cardinalibus
768 3540 866 3603 adbuc
880 3543 1011 3618 pendeat
1026 3542 1170 3619 indecisa,
1186 3542 1284 3604 dictus

309 3631 387 3730 exactrix
401 3633 521 3730 ,lssldaffi
542 3650 616 3696 vero
638 3633 834 3710 Emmanuel,
857 3641 892 3698 ut
914 3651 972 3714 pax
1000 3642 1031 3698 et
1052 3636 1214 3700 eoncordia
1236 3639 1282 3698 in-

308 3695 404 3800 ffispa
419 3699 522 3787 611ῑῖ6-
541 3733 588 3789 166
609 3727 767 3804 religiosos
788 3728 984 3806 potissimum
1005 3729 1087 3791 viros
1108 3747 1200 3809 quarn
1222 3746 1284 3792 ma·

309 3795 420 3838 ⁰¹⁰¹¹²³⁸·
540 3820 624 3882 xime
637 3821 819 3899 exoptabilis
834 3822 922 3884 lirma
934 3823 1088 3898 consistat,
1102 3823 1190 3886 litem
1206 3824 1284 3886 banc

539 3929 594 3992 per
625 3929 680 3976 nos
710 3913 836 3992 penitus
867 3915 1026 3992 extingui,
1058 3916 1223 3994 ipsumque
1253 3925 1284 3980 et

537 4023 609 4071 suos
621 4007 654 4069 in
669 4007 767 4072 olllcio
782 4009 983 4072 commissarii
1004 4009 1156 4087 generalis
1177 4011 1285 4073 huius-

539 4102 622 4165 modi
633 4120 822 4166 successores
837 4104 987 4182 praedicta
999 4105 1189 4184 possessione
1203 4121 1284 4168 com·

538 4197 717 4260 municandi
738 4197 814 4259 16616
836 4197 872 4261 v.
894 4199 927 4261 in
951 4201 1051 4264 Coena
1072 4202 1196 4264 Domini
1212 4219 1283 4264 suos

537 4291 673 4354 subditos
693 4299 723 4354 et
740 4292 905 4354 familiares
917 4293 1051 4370 gaudere
1066 4294 1182 4372 iugiter
1196 4312 1283 4375 posse

538 4383 711 4464 plurimum
739 4384 900 4448 desideret.
928 4385 1022 4448 Nobis
1043 4395 1203 4467 propterea
1224 4390 1281 4453 bu-

537 4477 655 4539 militer
676 4478 840 4558 supplicari
855 4479 938 4555 lecit,
956 4487 991 4542 ut
1003 4480 1061 4543 sibi
1081 4481 1116 4544 in
1139 4483 1284 4561 praemis·

537 4571 576 4632 sis
598 4579 772 4651 opportune
793 4571 967 4652 providere,
984 4581 1015 4636 61
1029 4583 1064 4638 61
1085 4575 1165 4638 16166
1180 4577 1281 4640 indul-

537 4679 609 4742 gere
624 4665 662 4728 de
676 4661 869 4744 benignitate
889 4669 1051 4747 apostolica
1066 4670 1279 4748 dignaremur.

318 4763 518 4862 6116666666
576 4759 644 4835 55.
677 4759 738 4822 Nos
769 4760 866 4838 igitur
901 4771 1068 4841 perpetuae
1099 4766 1281 4828 eorumdem

305 4819 519 4934 1111611111
537 4855 796 4932 carnunculam,
809 4858 862 4935 qux
876 4859 911 4920 aa
932 4859 1136 4937 61166616
1158 4859 1283 4938 reiigio-

306 4925 519 5036 },ffffifflffsflflffss
538 4947 586 5010 nis
613 4956 739 5026 portum
765 4951 988 5028 confugerunt,
1011 4951 1107 5031 quieti
1136 4969 1170 5015 ac
1198 4962 1283 5017 tran-

304 5035 518 5136 ffiffiffcgffi
537 5042 694 5121 qvu'llitati,
707 5049 859 5122 quantum
874 5059 945 5106 cum
960 5044 1092 5106 Domino
1106 5060 1280 5133 possumus,

305 5139 469 5249 ffissbff
482 5151 518 5238 ⁵x‘3i
537 5136 700 5198 consulere
728 5136 899 5214 cupientes,
922 5141 1129 5218 eumdemque
1159 5141 1282 5201 Emma-

306 5248 375 5292 siaau
394 5247 420 5292 aa
434 5245 518 5293 carmi·
538 5228 664 5291 nuelem
678 5229 859 5308 specialibus
877 5232 982 5308 gratiis
996 5239 1027 5294 61
1042 5232 1198 5295 favoribus
1213 5249 1282 5312 pro-

306 5298 354 5347 ¹¹¹⁵¹
535 5321 624 5400 sequi
653 5321 804 5398 66166166,
827 5332 858 5386 61
878 5341 893 5384 6
915 5325 1076 5404 quibusvis
1104 5340 1283 5389 excommu-

536 5415 698 5478 nicationis
720 5425 752 5479 et
773 5417 1083 5498 interdicimusque
1103 5420 1282 5483 ecclesiasti·

537 5509 578 5572 eis
607 5510 760 5586 censuris,
782 5512 944 5574 sententiis
966 5520 998 5574 61
1026 5513 1149 5592 666616,
1172 5515 1281 5592 quovis

536 5601 628 5665 modo
644 5611 676 5664 et
697 5619 892 5683 quacumque
913 5604 951 5667 de
972 5622 1059 5667 eausa
1072 5606 1151 5682 istic,
1167 5608 1192 5668 61
1208 5622 1281 5685 quas

535 5694 616 5757 16616
637 5695 886 5771 16666611,116166
908 5703 1030 5760 lanium
1047 5697 1092 5759 rei
1115 5699 1211 5776 gratia
1232 5699 1281 5761 ab·

535 5787 691 5850 solventes
706 5795 737 5850 61
753 5787 929 5851 absolutum
951 5789 1016 5852 lore
1033 5800 1207 5866 censentes,
1223 5793 1281 5855 bu-

537 5882 670 5946 iusmodi
701 5882 974 5961 supplicationibus
1008 5884 1160 5960 inclinati,
1193 5893 1281 5948 motu

537 5975 630 6038 etiam
652 5976 787 6055 proprio,
810 5983 902 6055 atque
929 5985 1071 6040 6666616
1101 5978 1281 6043 6616611661

1063 603 1128 650 ibit.
1152 601 1242 647 PONE.
1266 599 1306 645 br:
1328 599 1356 645 Ρ.
1381 599 1410 646 E.
1434 601 1515 648 PARS
1537 603 1558 648 l.

1858 533 1872 566 0

2113 585 2167 640 An.
2182 586 2214 639 O.
2239 583 2321 636 1769

1340 727 1459 783 matura
1471 721 1692 786 deliberatione
1706 722 1832 799 nostris,
1847 724 1946 802 deque
1966 733 2085 805 aposto-

1340 813 1416 876 lieae
1436 815 1593 894 potestatis
1620 816 1827 894 plenitudine,
1853 819 1995 880 eamdem
2014 837 2083 882 eau-

1340 924 1416 984 sam,
1438 925 1471 970 ac
1492 908 1573 986 lites,
1586 917 1618 972 61
1632 910 1855 972 controversias
1875 927 2084 992 quascumque

1340 1017 1433 1080 super
1442 1001 1615 1081 praemissis
1627 1003 1709 1065 inter
1720 1003 1885 1067 antedictas
1897 1011 1998 1082 partes
2010 1022 2084 1085 quo-

1341 1095 1566 1175 modocumque
1587 1097 1770 1176 pendentes,
1793 1113 1927 1175 quarum
1941 1099 2084 1162 omnium

1341 1199 1372 1251 et
1401 1189 1596 1267 singularum
1629 1195 1742 1254 statum
1774 1199 1805 1254 et
1830 1192 1941 1254 merita
1970 1200 2000 1256 et
2028 1193 2084 1256 alia

1341 1297 1554 1362 quaecumque
1585 1282 1679 1346 etiam
1709 1283 1879 1362 specificam
1910 1291 1942 1347 61
1973 1287 2084 1349 indivi-

1342 1377 1433 1438 duam
1459 1376 1655 1439 mentionem
1673 1385 1704 1439 et
1728 1378 1957 1456 expressionem
1983 1379 2085 1458 requi-

1341 1471 1453 1546 rentia,
1469 1472 1683 1550 praesentibus
1697 1489 1753 1552 pro
1775 1472 1866 1549 plene
1887 1482 1918 1535 et
1932 1475 2086 1538 sufficien-

1343 1569 1390 1625 ter
1421 1564 1572 1642 expressis
1602 1572 1633 1628 et
1663 1565 1855 1628 exactissime
1885 1568 2084 1646 specificatis,

1342 1654 1447 1719 baberi
1475 1659 1620 1723 volumus
1645 1661 1677 1721 in
1705 1668 1785 1724 statu
1813 1667 1844 1724 et
1871 1662 2024 1740 terminis,
2055 1665 2086 1728 16

1342 1752 1453 1832 quibus
1481 1753 1519 1816 de
1549 1753 1702 1830 praesenti
1731 1755 1950 1833 reperiuntur,
1973 1758 2008 1820 ad
2031 1774 2086 1821 nos

1341 1848 1452 1909 barum
1473 1848 1554 1914 serie
1575 1863 1755 1923 avocamus,
1777 1849 1906 1928 illasque
1926 1866 2035 1914 ornnes
2056 1861 2086 1916 61

1341 1941 1478 2017 singulas
1499 1941 1738 2020 supprimimus,
1767 1943 1961 2021 perimimus,
1986 1947 2087 2008 extin-

1342 2035 1467 2111 guimus
1487 2045 1520 2098 61
1541 2036 1710 2108 abolemus,
1723 2043 1815 2115 atque
1836 2044 2022 2116 perpetuum
2037 2041 2087 2103 de·

1342 2144 1434 2207 super
1454 2131 1580 2210 utrique
1607 2130 1687 2209 parti
1713 2129 1876 2195 silentium
1898 2133 2087 2213 imponimus

1342 2239 1437 2300 osque
1458 2223 1657 2287 occludimus.

1381 2317 1400 2392 5
1421 2319 1450 2379 6.
1473 2318 1633 2384 Praeterea
1660 2325 1839 2386 earumdem
1866 2333 1974 2391 tenore
2000 2348 2086 2409 prae·
2130 2331 2334 2380 mactantem

1417 2413 1421 2423 .
1587 2414 1592 2424 .
1785 2419 1789 2429 .
1988 2424 1994 2434 .
2105 2388 2135 2432 ut
2147 2383 2332 2431 commissarii

1342 2417 1479 2474 sentium
1500 2421 1664 2478 statuimus
1679 2425 1709 2480 61
1725 2420 1914 2496 ordinamus,
1930 2430 1965 2485 ut
1986 2439 2018 2485 cn
2035 2442 2087 2504 po·
2103 2437 2240 2538 generares
2281 2439 2334 2498 rn-

1342 2511 1461 2568 sterum
1482 2509 1639 2586 perpetuis
1660 2509 1774 2572 laturis
1795 2515 1986 2592 temporibus
2001 2534 2086 2582 nunc
2103 2489 2334 2606 ,tiffifflffi

1343 2605 1373 2661 et
1394 2614 1450 2677 pro
1472 2607 1610 2679 tempore
1625 2603 1791 2667 existentes
1812 2608 2013 2672 commissarii
2034 2629 2086 2688 ge-
2103 2601 2333 2700 §ggggwss‘fflss

1343 2693 1462 2756 novales
1483 2695 1640 2758 indiarum
1661 2698 1839 2762 huiusmodi
1860 2701 1892 2764 16
1912 2703 1992 2768 dicto
2014 2725 2084 2770 eon·
2103 2707 2198 2770 prora,
2212 2709 2331 2768 possent

1342 2793 1441 2849 ventu
1464 2797 1690 2852 commorantes
1704 2807 1785 2854 anno
1803 2795 1940 2873 quolibet
1955 2798 2029 2862 leria
2044 2800 2081 2864 ll.
2102 2759 2332 2868 'vssc‘c'ffissfffflssffi

1343 2881 1374 2943 in
1396 2881 1498 2945 Coena
1519 2883 1658 2959 Domini,
1680 2894 1752 2948 ante
1779 2893 1881 2951 tamen
1906 2891 2084 2957 celebratio·
2103 2865 2331 2968 ffl'cffissxfflitf

1343 2991 1416 3037 nem
1437 2977 1547 3038 missae
1576 2981 1791 3042 conventualis
1813 2981 1844 3043 in
1872 2985 1998 3048 ecclesia
2020 3005 2084 3052 nue-
2151 3049 2157 3062 ,

1342 3069 1454 3132 morati
1469 3077 1642 3134 conventus
1657 3074 1874 3153 peragendam,
1890 3077 1947 3157 ipsi
1962 3097 2086 3162 quoque

1341 3160 1374 3223 in
1396 3161 1474 3224 dicta
1499 3164 1634 3243 cappella
1659 3176 1886 3231 sacrosanctum
1910 3171 2020 3236 missae
2039 3193 2084 3237 sa-

1341 3255 1492 3318 crificium
1513 3257 1681 3333 celebrare,
1703 3266 1735 3321 et
1755 3261 1818 3322 suis
1839 3263 1968 3328 subditis
1988 3283 2021 3328 66
2042 3269 2085 3330 16-

1341 3348 1511 3412 miliaribus
1525 3351 1753 3415 sanctissimum
1769 3354 1976 3420 Eucharistiae
1989 3374 2083 3423 sacra·

1341 3454 1484 3509 mentum
1502 3447 1680 3511 ministrare
1701 3449 1799 3512 libere
1819 3458 1849 3514 et
1871 3452 1953 3516 116116
1968 3457 2084 3534 possint

1342 3547 1372 3602 et
1393 3540 1534 3617 valeant3
1557 3549 1649 3621 atque
1663 3541 1790 3622 insuper
1804 3549 1944 3609 eamdem
1966 3551 2083 3628 cappel-

1341 3634 1413 3710 lam,
1427 3634 1499 3697 licet
1514 3634 1596 3697 illius
1611 3635 1701 3696 ianua
1716 3636 1784 3698 viae
1798 3639 1935 3716 publicae
1951 3643 2082 3706 minime

1340 3727 1488 3805 adiaeeat,
1510 3729 1562 3791 sed
1584 3730 1621 3792 ad
1645 3745 1713 3791 eum
1738 3745 1793 3807 per
1813 3733 1930 3796 scholas
1956 3737 2084 3814 praelati

1341 3827 1514 3884 conventus
1535 3821 1634 3885 aditus
1659 3832 1770 3900 pateat,
1800 3826 2004 3894 nibilominus
2029 3849 2084 3910 pu-

1339 3914 1450 3976 blicam
1471 3931 1537 3977 esse
1551 3922 1650 3991 motu,
1665 3916 1792 3980 scientia
1806 3927 1836 3982 et
1850 3925 2006 3999 potestatis
2021 3927 2084 4004 ple·

1341 4007 1485 4072 nitudine
1513 4009 1635 4087 paribus
1663 4010 1859 4076 decernimus
1890 4022 1922 4079 et
1953 4020 2084 4082 declara·

1340 4121 1427 4183 mus,
1451 4121 1509 4167 nec
1531 4119 1594 4165 non
1616 4121 1794 4183 campanam
1822 4107 1953 4188 desuper
1975 4112 2007 4174 in
2028 4130 2085 4192 pu-

1340 4199 1418 4263 blico
1441 4199 1518 4275 loco,
1535 4199 1618 4260 unde
1638 4198 1675 4258 ab
1695 4199 1839 4263 omnibus
1861 4202 1960 4265 videri
1976 4205 2084 4268 616166

1339 4295 1458 4356 sonitus
1488 4293 1587 4356 audiri
1615 4293 1725 4370 possit,
1756 4309 1811 4371 pro
1843 4311 1901 4356 usu
1931 4299 2084 4377 cappellae

1340 4386 1509 4466 praedictae
1540 4385 1754 4465 apponendam
1784 4405 1850 4451 esse
1880 4389 2025 4456 volumus
2052 4401 2083 4456 61

1340 4483 1531 4544 mandamus.

1378 4576 1397 4650 5
1420 4575 1448 4638 7.
1464 4575 1671 4637 Decernentes
1687 4575 1808 4638 easdem
1825 4586 2001 4656 praesentes
2016 4579 2082 4643 lite·
2102 4587 2324 4652 mausutaovrae·

1338 4687 1387 4731 666
1409 4685 1531 4748 semper
1553 4670 1667 4745 sirmas,
1683 4669 1798 4732 validas
1819 4679 1850 4732 et
1871 4646 2250 4738 611166666661-εεπνόιιινὸιθι

1338 4769 1431 4838 61666,
1457 4778 1590 4840 suosque
1618 4763 1771 4840 plenarios
1792 4772 1824 4827 et
1852 4766 1989 4844 integros
2011 4769 2085 4830 elle·

1339 4866 1405 4919 6166
1426 4856 1530 4917 6661161
1553 4861 1584 4917 61
1605 4857 1758 4933 obtinere,
1781 4876 1814 4920 ae
1844 4859 1915 4936 illis,
1944 4861 1979 4921 ad
2008 4879 2084 4940 quos

1338 4957 1453 5026 spectat
1474 4955 1505 5010 et
1519 4965 1575 5027 pro
1594 4955 1733 5028 tempore
1749 4953 2008 5034 quandocumque
2018 4971 2085 5033 spe-

1338 5041 1443 5116 ctabit,
1467 5042 1499 5104 iu
1521 5043 1666 5104 omnibus
1688 5051 1719 5105 et
1741 5046 1921 5123 peremnia
1943 5047 2084 5125 plenissi-

1339 5149 1389 5196 me
1410 5135 1581 5212 suffragari,
1605 5145 1636 5198 et
1656 5136 1693 5198 ab
1714 5137 1758 5199 eis
1784 5140 1958 5218 respective
1984 5141 2085 5203 invio·

1338 5225 1472 5289 labiliter
1496 5229 1665 5292 observari.

1377 5321 1396 5396 5
1417 5321 1445 5382 8.
1471 5320 1583 5400 Sisque
1604 5323 1635 5385 in
1657 5325 1832 5403 praemissis
1853 5335 2320 5436 6666666666-1866666638εέἓρ

1338 5431 1399 5493 que
1419 5415 1533 5477 iudices
1557 5417 1726 5479 ordinarios
1751 5425 1781 5480 61
1807 5419 2289 5498 61616661666116616161616666.

1337 5527 1498 5574 causarum
1530 5513 1633 5591 palatii
1665 5515 1821 5593 apostolici
1854 5517 2019 5592 auditores,
2052 5525 2083 5579 et

1338 5604 1368 5667 S.
1381 5606 1418 5668 R.
1432 5607 1467 5668 E.
1492 5607 1668 5670 Cardinales
1686 5607 1779 5670 etiarn
1796 5609 1940 5672 delatore
1954 5611 2081 5688 legatos,
2127 5664 2129 5668 .

1338 5705 1368 5760 61
1391 5697 1421 5761 S.
1445 5698 1531 5762 Sedis
1552 5700 1700 5778 Nuncios,
1716 5703 1835 5766 sublata
1857 5703 1912 5779 616,
1928 5713 2083 5768 eteorum

1336 5793 1475 5869 cuilibet,
1495 5793 1603 5872 quavis
1624 5795 1682 5856 alia
1704 5796 1858 5859 iudicandi
1879 5805 1910 5858 et
1931 5797 2084 5876 interpre-

1337 5887 1421 5948 tandi
1433 5887 1576 5950 lacultate
1592 5896 1622 5951 et
1637 5889 1830 5964 auctoritate,
1844 5889 1972 5953 iudicari
1987 5897 2018 5953 et
2032 5892 2083 5955 de·

1338 5981 1421 6042 sxuiri
1442 5979 1566 6057 debere,
1585 5997 1618 6044 66
1640 5981 1763 6044 irritum
1786 5989 1817 6044 61
1839 5981 1942 6060 16666,
1955 5984 1981 6045 61
1994 6000 2082 6046 66666
