4776 6974
339 559 392 622 An.
407 568 437 624 C.
459 555 527 622 tiso
577 557 636 630 3110

559 701 612 765 ttb.
632 707 676 764 13
699 703 734 764 de
752 700 826 780 Syn.
851 697 960 774 dioec,
985 716 1052 778 cop.
1070 703 1128 771 22,
1153 717 1211 778 qua
1234 715 1301 760 rem

558 807 648 862 totam
663 797 792 860 mirilico
804 796 951 858 illustrari
964 796 1117 872 profiteris
1129 796 1204 872 ipse,
1221 793 1304 855 erui·
1340 798 1343 804 '

1080 570 1144 626 lun.
1168 575 1259 626 honr.
1282 568 1322 623 nh
1345 579 1372 623 n.
1398 573 1426 624 n.
1452 569 1577 657 ranst.

1356 699 1521 774 praestitus
1542 714 1580 759 ex
1601 697 1765 759 voluntate
1785 693 1987 758 contrahendi
2016 696 2101 758 iuxta

1357 794 1458 869 legem
1478 792 1611 866 Christi,
1644 797 1731 870 aptus
1752 799 1797 853 est
1823 809 1855 854 ac
1880 792 2037 854 sufficiens
2065 793 2101 868 ad

2128 551 2193 618 An.
2209 553 2242 608 O.
2265 555 2331 608 1789

558 903 608 956 tur
634 893 778 971 quidem,
810 891 833 950 si
864 889 1072 951 contrahendo
1100 889 1301 951 matrimonio
1355 887 1546 948 matrimonii
1562 886 1782 957 valorem,nisi
1803 884 2102 947 aliudobstetcauo-
2133 949 2137 958 ,

557 987 690 1052 conditio
712 987 980 1065 apponatur-'quae
996 989 1148 1061 repugnet
1160 981 1302 1044 substan·
1326 1018 1329 1099 Ι

558 1083 616 1144 tiae
638 1081 747 1158 ipsius,
770 1077 894 1139 nullutn
917 1083 947 1140 et
970 1077 1094 1137 irritum
1115 1076 1180 1136 loro
1196 1077 1301 1137 matri·

557 1176 710 1236 monium.
747 1171 881 1246 Verum,
906 1178 939 1233 ut
961 1171 1075 1234 ibidem
1096 1172 1182 1231 docet
1204 1170 1300 1230 Bene·
1326 1116 1329 1211 ¹

557 1271 655 1332 dictus
669 1267 763 1340 xlv„
779 1267 803 1326 si
818 1281 958 1341 expressa
974 1263 1151 1325 huiusmodi
1165 1262 1301 1324 conditio

557 1365 687 1427 minime
707 1361 839 1440 apposita
855 1358 958 1432 luerit,
981 1372 1165 1435 quamquam
1182 1363 1300 1418 contra-

558 1461 666 1519 hentes
689 1457 719 1518 iu
738 1471 775 1516 eo
790 1466 895 1514 errore
910 1457 1085 1523 versentur,
1109 1451 1301 1512 matrimonii

557 1552 719 1614 vinculum
734 1557 860 1626 propter
874 1545 1061 1610 adulterium
1077 1543 1201 1605 dissolvi
1215 1561 1302 1622 posse

556 1647 649 1724 (quod
680 1645 762 1705 idem
789 1642 871 1702 valet
899 1642 936 1702 de
964 1639 1111 1700 malitiosi
1139 1637 1301 1716 absentiat),

557 1737 760 1800 nihilomiuus
782 1734 884 1795 locum
901 1749 966 1794 esse
989 1732 1232 1810 praesumptioni
1254 1740 1300 1806 ut,

556 1833 631 1895 dum
654 1829 889 1892 matrimonium
913 1827 1097 1888 contrahere
1119 1826 1301 1903 voluerunt,

557 1927 631 1988 illud
654 1926 737 1986 iuxta
760 1923 935 1984 institutum
959 1918 1089 1991 Christi,
1115 1925 1207 1996 atque
1228 1920 1302 1982 adeo

556 2017 734 2090 insolubile,
751 2016 831 2078 inire
845 2013 1015 2085 volueriut,
1037 2011 1190 2073 nimirum
1210 2029 1303 2088 gone-

557 2112 614 2174 rali
631 2113 665 2172 ed
688 2109 863 2171 intentione
885 2104 1085 2168 contrahendi
1109 2105 1191 2167 iuxta
1214 2106 1301 2167 insti-

558 2207 708 2268 tutionem
731 2200 857 2274 Christi,
881 2200 1034 2276 privatum
1058 2197 1147 2260 illum
1163 2215 1301 2260 errorem

556 2297 781 2376 quodammodo
809 2294 1002 2354 absorbente.
1035 2292 1065 2351 3.
1090 2292 1120 2354 Si
1151 2292 1302 2368 generalis

556 2392 688 2453 intentio
705 2389 906 2452 contrahendi
923 2386 1005 2448 iuxta
1021 2386 1198 2450 institutum
1215 2387 1302 2450 Chri-

555 2485 594 2546 sti
615 2483 792 2569 praeualere
814 2489 958 2544 censetur
987 2480 1153 2542 intentioni
1182 2487 1301 2542 contra-

556 2577 649 2638 hendi
672 2578 757 2637 iuxta
775 2575 923 2654 principia
940 2575 1070 2635 errantis
1084 2579 1194 2646 sectae,
1217 2589 1302 2650 prae·

556 2672 660 2733 valere
676 2686 800 2748 quoque
820 2670 972 2732 censenda
987 2675 1033 2729 est
1047 2667 1086 2728 ob
1101 2667 1239 2728 eaxndem
1257 2685 1301 2728 ra-

556 2765 672 2826 tionem
687 2763 854 2824 intentioni
866 2759 1069 2822 contrahendi
1086 2760 1171 2820 iuxta
1185 2758 1299 2834 legem,

556 2874 633 2936 quae
661 2873 699 2919 ex
721 2855 831 2916 talibus
852 2855 949 2916 eurisis
978 2851 1168 2914 matrimonii
1193 2851 1301 2914 uincu-

555 2950 620 3012 lum
643 2948 769 3012 dissolri
787 2949 953 3026 permittat.
977 2945 1061 3020 Quod
1078 2943 1138 3005 nisi
1154 2944 1193 3003 ita
1208 2951 1298 3019 esset,

556 3043 680 3105 nullutn
702 3057 826 3120 prorsus
846 3041 930 3101 inter
951 3041 1024 3101 istos
1045 3036 1226 3100 acatholicos
1248 3053 1299 3098 re·

555 3152 627 3199 rum
657 3136 803 3197 existeret
825 3133 1079 3205 matrimonium,
1108 3130 1161 3191 sed
1190 3145 1299 3192 eorum

555 3229 749 3291 matrimonia
771 3226 874 3289 omnia
903 3226 1029 3288 dicenda
1057 3232 1158 3286 esseut
1183 3223 1298 3284 adulte·

554 3325 623 3386 rina
643 3322 796 3398 coniugia,
819 3323 900 3398 quod
922 3321 1014 3398 longe
1028 3322 1113 3385 abest
1132 3325 1299 3387 adoctriui

555 3427 585 3478 et
607 3415 693 3495 praxi
714 3415 877 3476 Ecclesiae.
903 3413 1061 3492 Nusquam
1076 3419 1162 3479 enim
1179 3425 1222 3479 tot
1236 3433 1299 3480 sae-

554 3511 632 3572 culis
646 3509 786 3570 auditum
801 3514 858 3582 est,
881 3508 1119 3571 acatholicorum
1143 3513 1299 3573 matrimo-

555 3603 603 3664 nia
626 3606 752 3680 propter
773 3599 925 3662 eiusmodi
947 3616 1067 3663 errores
1084 3612 1135 3665 aut
1150 3604 1233 3680 leges
1248 3607 1298 3668 ha-

555 3697 615 3757 bita
629 3711 694 3756 esse
709 3693 797 3755 velut
811 3692 897 3755 nulla
912 3703 941 3756 et
953 3694 1050 3770 irrita,
1068 3696 1210 3778 ipsosque
1224 3700 1299 3763 adeo

553 3788 744 3863 acatholicos,
767 3789 843 3850 dum
865 3796 932 3866 post
953 3791 1189 3853 matrimonium
1210 3795 1246 3856 ad
1265 3797 1299 3856 lx·

554 3885 624 3946 dem
645 3887 884 3954 convertuntur,
907 3881 1049 3944 debuisse
1069 3885 1211 3948 autlaota
1226 3904 1300 3950 con-

554 3976 648 4039 nubia
670 3977 832 4050 innovare,
854 3983 907 4036 aut
921 3991 1001 4036 nora
1015 3979 1209 4040 contrahere.
1234 3981 1298 4043 Nisi

554 4084 629 4145 ergo
650 4083 723 4128 rora
744 4083 779 4128 ea
800 4066 931 4128 luissent
953 4069 1169 4146 matrimonia,
1195 4074 1297 4136 dicen-

554 4163 629 4225 dum
650 4161 740 4236 foret,
762 4159 930 4222 Ecclesiam
950 4162 1128 4226 universam
1150 4167 1298 4231 hacteuus

553 4255 587 4317 in
608 4255 743 4317 maximo
763 4268 870 4316 errore
898 4261 1049 4317 versatam
1075 4256 1106 4319 in
1127 4274 1162 4319 re
1189 4259 1225 4321 ad
1247 4262 1299 4322 do-

554 4349 687 4409 ctrinam
708 4363 873 4425 moresque
888 4350 1077 4426 pertinente,
1100 4354 1180 4430 quod
1196 4358 1296 4416 catho-

554 4441 631 4504 licus
658 4456 750 4503 nemo
779 4441 901 4503 dixerit.
935 4443 964 4504 1.
986 4441 1049 4506 Nec
1078 4443 1163 4506 deest
1188 4446 1298 4510 intima

553 4537 630 4598 ratio
651 4551 707 4597 cur
729 4535 862 4596 intentio
876 4536 1076 4600 contrahendi
1092 4539 1177 4600 iuxta
1192 4540 1299 4618 placita

553 4635 652 4691 sectae
683 4629 867 4690 adstruentis
897 4635 948 4691 aut
983 4631 1059 4708 legis
1090 4635 1298 4711 permittentis

554 4721 787 4786 dissolutionem
810 4723 1000 4787 matrimonii
1020 4741 1084 4788 non
1106 4727 1218 4790 officiat
1232 4729 1298 4793 eius

554 4815 670 4890 valeri,
697 4817 788 4878 modo
815 4831 876 4878 non
906 4817 1074 4881 deducatur
1099 4822 1131 4883 in
1159 4831 1295 4902 pactum.

554 4910 680 4974 Etenim
701 4911 757 4972 hoc
777 4909 843 4988 ipso
864 4913 945 4988 quod
967 4913 1124 4976 acatholici
1149 4932 1228 4979 vano
1250 4935 1297 4980 er-

554 5021 625 5067 rore
638 5005 756 5085 decepti
778 5005 967 5082 existimant,
988 5008 1179 5072 solutionem
1195 5017 1298 5078 matri·

554 5099 651 5160 monii
672 5099 710 5160 iis
729 5100 878 5162 decausis
900 5101 1031 5164 minime
1047 5119 1221 5182 repugnare
1236 5107 1296 5186 legi

554 5192 681 5266 Christi,
703 5192 775 5254 hinc
796 5193 841 5268 stt,
865 5199 899 5254 ut
917 5193 949 5254 in
965 5210 1074 5258 eorum
1090 5207 1207 5274 mente,
1229 5217 1299 5279 pro-

553 5294 622 5364 pter
642 5285 748 5347 labam
769 5286 853 5347 illam
868 5287 1141 5367 existimationem,
1165 5295 1297 5358 intentio

552 5379 754 5441 contrahendi
776 5380 857 5442 iuxta
877 5381 1028 5445 eiusmodi
1043 5384 1118 5463 legis
1133 5393 1185 5448 aut
1199 5395 1299 5451 sectae

553 5471 661 5551 placita
683 5473 813 5535 minime
835 5475 976 5538 excludat
996 5477 1172 5556 primariam
1194 5481 1297 5544 inten-

552 5567 670 5627 tionem
696 5566 899 5629 contrahendi
928 5569 1014 5632 iuxta
1034 5570 1173 5636 divinam
1195 5576 1296 5652 legem

506 5657 511 5667 ‘
553 5675 608 5738 per
630 5659 788 5722 Christum
808 5661 1030 5726 confirmatam.
1052 5665 1215 5730 Permanet
1229 5685 1299 5749 pro·

553 5751 626 5813 inde
645 5753 719 5814 haec
735 5752 875 5815 voluntas
896 5755 927 5816 iu
943 5765 1012 5819 actu
1027 5762 1238 5837 contrahendi,
1261 5780 1298 5824 ex

554 5845 650 5922 eique
672 5845 740 5906 lluit
766 5863 800 5909 ac
820 5847 1047 5913 determinatur
1072 5856 1148 5916 ratio
1170 5873 1300 5919 consen·

553 5957 614 6027 pus,
637 5939 691 6023 qui
711 5947 781 6004 actu
803 5948 984 6024 praestatur.
1008 5947 1103 6011 Porro
1117 5967 1298 6028 consensus,

1356 982 1462 1043 nicum
1484 979 1752 1058 impedimentum.
1777 981 1890 1043 Contra
1913 979 1966 1040 ubi
1980 979 2102 1041 deduci-

1354 1083 1406 1137 tur
1427 1076 1459 1136 in
1476 1082 1598 1152 pactum
1620 1073 1756 1135 conditio
1771 1088 1947 1152 repugnans
1961 1073 2101 1134 substan·
2157 1077 2162 1086 '

1357 1171 1414 1230 tiae
1437 1167 1645 1240 matrimonii,
1671 1167 1730 1226 iam
1753 1173 1821 1226 actu
1852 1165 2027 1227 excluditur
2048 1183 2101 1225 vo-

1354 1266 1457 1327 luntas
1489 1263 1692 1325 contrahendi
1724 1261 1806 1321 iuxta
1835 1260 1937 1335 legem
1967 1261 2100 1334 Christi,

1355 1369 1478 1438 propter
1493 1357 1733 1435 repugnantiam
1752 1361 1887 1432 quaeest
1903 1354 1985 1414 inter
2000 1352 2102 1430 legem

1356 1453 1469 1516 Christi
1492 1459 1521 1512 et
1536 1449 1746 1512 conditionem
1769 1464 1847 1525 quae
1868 1454 1936 1507 actu
1958 1456 2103 1525 expresse

1356 1547 1546 1620 intenditur,
1577 1549 1674 1622 litque
1695 1544 1768 1604 adeo
1791 1543 1913 1620 ineptus
1934 1557 2102 1603 consensus

1356 1645 1391 1704 ad
1413 1656 1524 1703 verum
1549 1638 1747 1700 efficiendum
1772 1636 1964 1712 coniugium.
1994 1637 2023 1697 5.
2042 1635 2101 1698 Ve-

1357 1753 1426 1797 rum
1448 1735 1605 1813 potissima
1628 1731 1703 1794 ratio
1718 1739 1775 1802 est,
1793 1747 1886 1807 quam
1901 1733 2043 1810 superius
2058 1739 2101 1793 at-

1358 1829 1495 1904 tigimus,
1509 1845 1546 1889 ex
1558 1842 1593 1887 eo
1609 1827 1747 1900 deducta,
1761 1828 1854 1904 qixod,
1868 1827 1926 1888 nisi
1939 1842 2009 1887 vera
2021 1827 2100 1888 eius-

1356 1922 1439 1984 modi
1462 1929 1565 1982 essent
1585 1919 1823 1980 acatholicorum
1846 1920 2010 1996 coniugia,
2033 1923 2101 1984 uni-

1356 2033 1442 2078 versa
1465 2015 1597 2076 Ecclesia
1622 2020 1666 2074 tot
1686 2013 1817 2073 saeculis
1841 2023 1990 2086 errasset,
2023 2033 2101 2092 quaa

1356 2111 1522 2172 redeuntes
1538 2109 1571 2168 ad
1589 2105 1680 2168 sulem
1703 2106 1885 2168 acatholicos
1899 2109 2047 2183 coniuges
2068 2118 2102 2171 ut

1356 2219 1445 2264 veros
1466 2201 1612 2275 coniuges
1635 2200 1760 2276 recipit,
1785 2201 1872 2276 licet,
1897 2203 1996 2279 pravis
2017 2218 2101 2264 erro·

1357 2297 1440 2358 ribus
1462 2295 1573 2356 imbuti
1596 2295 1673 2354 circa
1697 2295 1944 2368 matrimonium,
1968 2296 1996 2358 id
2012 2305 2100 2358 antea

1355 2390 1387 2450 in
1398 2389 1452 2450 suh
1464 2389 1544 2449 secti
1558 2387 1795 2460 contraxissent,
1813 2386 1870 2448 nisi
1886 2387 2014 2450 deducta
2029 2389 2102 2453 luis·

1354 2490 1400 2544 set
1428 2483 1460 2543 in
1489 2486 1612 2559 pactum
1638 2495 1819 2556 expressum
1848 2481 1983 2543 conditio
2010 2500 2101 2562 repu-

1355 2592 1453 2654 gnans
1468 2573 1656 2636 substantiae
1671 2573 1873 2646 matrimonii,
1886 2582 1938 2635 aut
1951 2575 2034 2638 aliud
2050 2579 2102 2639 ob·

1354 2675 1448 2730 staret
1471 2666 1727 2745 impedimentum
1750 2668 1945 2729 canonicum.

1394 2765 1413 2838 g
1433 2763 1462 2824 6.
1487 2779 1515 2822 v.
1534 2760 1674 2838 lienique
1695 2760 1745 2821 alii
1761 2761 1969 2838 opinabantur
1984 2765 2016 2826 in
2030 2781 2099 2827 casu

1354 2855 1542 2935 quaestionis
1563 2853 1734 2932 propositae
1755 2855 1943 2932 praesidium
1965 2857 2101 2920 inveniri

1355 2951 1386 3011 in
1409 2966 1477 3026 cap.
1496 2948 1689 3010 Dominus2
1712 2947 1748 3008 dc
1768 2948 1896 3010 sororia.
1918 2955 2024 3028 osopi,
2049 2953 2101 3014 ubi

1354 3043 1482 3106 dicitur:
1500 3042 1561 3106 «Si
1574 3042 1688 3103 mulier
1703 3057 1766 3105 non
1782 3042 1882 3104 habita
1897 3045 1979 3105 certi
1995 3047 2102 3108 notitia

1354 3138 1513 3198 democle
1535 3135 1638 3197 mariti
1664 3134 1745 3196 aliud
1767 3135 2002 3200 matrimonium
2030 3156 2120 3201 con--

1354 3231 1493 3304 traxerit,
1517 3238 1547 3291 et
1568 3229 1600 3288 in
1616 3227 1815 3290 matrimonio
1835 3231 1970 3292 secundo
1989 3235 2102 3295 consti-

1355 3332 1419 3385 tuta
1441 3326 1479 3387 de
1500 3329 1602 3384 morte
1629 3322 1741 3400 prioris
1763 3323 1865 3383 mariti
1887 3325 2099 3401 dubitaverit,

1352 3419 1415 3497 ipsa
1437 3416 1561 3495 quidem
1582 3432 1638 3476 suo
1654 3415 1764 3477 marito
1785 3415 1924 3478 debitum
1939 3419 2102 3495 coniugale

1352 3513 1494 3587 reddere,
1516 3527 1580 3572 non
1602 3521 1709 3572 autem
1730 3510 1893 3572 abeodem
1914 3519 2021 3590 petere
2035 3530 2101 3592 pos-

1352 3607 1401 3666 sit.
1412 3623 1430 3665 »
1442 3604 1467 3666 p
1470 3619 1559 3666 erum
1571 3619 1606 3665 eo
1621 3604 1719 3680 capite
1733 3602 1836 3677 agitur
1846 3600 1883 3664 de
1900 3620 1963 3665 uno
1980 3613 2101 3668 tautum

1351 3698 1556 3760 contrahente
1567 3695 1745 3771 dubitante3
1762 3710 1919 3771 cumergo
1930 3697 2007 3760 alter
2023 3699 2101 3761 bonai

1355 3791 1413 3853 fide
1434 3789 1636 3863 contraxerit,
1657 3788 1741 3865 degit
1756 3788 1813 3851 iste
1832 3789 1866 3850 in
1881 3790 2019 3866 legitimi
2034 3809 2101 3874 pos·

1353 3885 1489 3948 sessione
1512 3884 1561 3945 sui
1582 3883 1672 3958 iuris,
1695 3900 1753 3944 nec
1773 3883 1904 3959 proinde
1926 3885 2029 3948 valere
2049 3888 2101 3948 de-

1355 3980 1404 4041 bet
1425 3979 1551 4041 alterius
1572 3976 1724 4039 dubitatio
1745 3977 1781 4038 ad
1803 3993 1874 4039 eum
1897 3994 1936 4039 ex
1956 3981 2011 4041 sua
2026 3981 2100 4057 legi-

1353 4074 1426 4134 timai
1448 4070 1637 4150 possessione
1658 4070 1897 4133 deturbandum.
1923 4073 2031 4135 Merito
2045 4075 2101 4135 ita·

1353 4182 1414 4243 que
1434 4163 1540 4226 statuit
1556 4161 1697 4225 Pontifex
1718 4163 1913 4226 dubitantem
1934 4182 1998 4228 non
2013 4182 2101 4244 posse

1354 4267 1475 4337 petere,
1508 4272 1565 4330 nec
1585 4263 1688 4319 tamen
1721 4257 1861 4321 debitum
1883 4259 2100 4338 denegandum

1353 4351 1531 4429 postulanti,
1554 4350 1607 4430 qui
1622 4351 1705 4427 clegit
1723 4351 1755 4412 in
1772 4351 1850 4412 bona
1864 4352 1925 4415 lide
1939 4361 1970 4414 et
1985 4370 2100 4433 posses·

1353 4447 1440 4507 sione
1461 4445 1509 4507 sui
1531 4444 1618 4505 iuris.
1642 4445 1707 4519 Quo
1733 4450 1828 4523 patet,
1849 4461 1913 4525 cap.
1943 4446 2099 4510 Dominus

1356 4539 1472 4602 traduci
1493 4553 1555 4600 non
1578 4553 1664 4616 posse
1686 4537 1722 4598 ad
1738 4546 1931 4616 praesentem
1948 4542 2099 4619 quaestio-

1354 4647 1439 4706 nem,
1461 4631 1494 4692 in
1516 4646 1575 4708 qua
1606 4631 1733 4708 utrique
1764 4631 1841 4716 parti
1873 4647 1969 4710 aequa
1995 4634 2100 4696 subest

1353 4726 1430 4788 ratio
1443 4723 1613 4798 dubitandi,
1627 4739 1703 4785 num
1716 4725 1834 4801 primus
1849 4723 1979 4788 maritus
1993 4743 2100 4805 super·

1352 4830 1412 4883 stes
1433 4819 1542 4894 adhuc,
1565 4833 1622 4878 nec
1643 4833 1695 4892 ne,
1717 4817 1767 4878 sit.

1392 4916 1411 4990 ἓ
1433 4915 1460 4977 7.
1484 4930 1528 4974 νι.
1544 4911 1639 4976 llulta
1659 4911 1804 4989 equidem
1832 4913 2100 4976 commiseratione

1353 5011 1444 5086 digna
1471 5016 1517 5070 est
1543 5005 1696 5068 calamitas
1721 5021 1799 5083 quae
1820 5005 1944 5068 mulieri
1971 5007 2101 5087 eiusque

1353 5104 1432 5183 proli
1447 5101 1612 5172 imminere
1628 5102 1742 5163 dicitur
1757 5117 1795 5161 ex
1809 5100 1875 5162 eius
1890 5101 2099 5165 disiunctione

1353 5215 1368 5258 a
1391 5198 1475 5271 riro;
1508 5209 1619 5256 verum
1643 5194 1671 5255 id
1693 5193 1868 5272 periculum
1890 5193 2012 5258 clhcere
2034 5213 2097 5260 non

1353 5295 1462 5368 potest,
1486 5295 1520 5350 ut
1541 5287 1662 5349 licitum
1683 5288 1801 5362 eradat,
1824 5288 1906 5366 quod
1926 5289 1995 5352 iure
2010 5296 2099 5352 natu-

1353 5383 1409 5444 rali
1424 5400 1457 5445 ac
1472 5382 1576 5445 divino
1591 5397 1718 5459 prorsus
1733 5388 1778 5442 est
1792 5381 1948 5443 illicitum.
1965 5381 2099 5446 Aliunde

1352 5477 1376 5537 si
1398 5476 1519 5538 siucero
1539 5475 1661 5553 pietatis
1675 5471 1786 5534 allecta
1807 5473 2013 5535 conscientiae
2026 5491 2100 5536 suae

1354 5570 1422 5630 vult
1447 5568 1498 5630 illa
1519 5569 1697 5642 consulere,
1730 5566 1866 5642 cogitare
1889 5567 1980 5629 debet
2005 5568 2100 5631 iustas

1352 5663 1410 5726 sibi
1425 5680 1537 5743 poenas
1552 5664 1663 5724 dandas
1679 5659 1879 5737 gravissimae
1892 5661 1999 5738 culpae
2021 5677 2099 5739 quae

1353 5775 1386 5820 se
1407 5757 1573 5820 obstrinxit
1599 5771 1682 5828 cunt,
1705 5754 1808 5834 spreta
1830 5755 2029 5832 pertinaciter
2049 5771 2100 5833 pa·

1354 5853 1437 5916 rochi
1459 5853 1506 5914 sui
1528 5849 1668 5915 catholici
1688 5847 1920 5923 admonitione,
1943 5848 2099 5910 nihilomi-

1355 5966 1414 6012 nus
1435 5949 1503 6010 viro
1519 5964 1551 6010 se
1564 5945 1730 6011 acatholico
1745 5951 1877 6028 iungere
1892 5943 2002 6022 voluit,
2024 5960 2099 6028 quo·
