4734 7004
84 589 121 640 tn.
131 584 154 636 G.
173 577 234 630 tiso

917 582 1058 628 caeneus
1081 580 1151 625 illl.

302 705 444 766 instruit
464 705 506 768 nd
532 703 688 780 spondeam
717 701 914 765 rationalem
935 716 1006 760 eorn-

301 799 478 860 noenadurc
499 805 556 858 ete.
579 794 635 877 (t).

338 982 456 1049 Dilecto
477 981 541 1048 tilio
569 980 721 1048 [lominica
743 980 779 1046 de
805 981 933 1046 lanceis

261 1075 381 1144 ordinis
405 1075 648 1143 Praedicatorum
665 1073 877 1142 commissario
893 1075 1006 1156 apost,

450 1221 634 1291 clemens
659 1221 718 1290 ΡΡ.
744 1221 813 1290 ΧΙΙΙ.

535 1361 652 1428 bibente
675 1359 733 1438 tili,

292 1456 424 1524 salutem
446 1461 478 1523 et
498 1455 694 1539 apostolicam
721 1448 971 1522 benedictionem.

298 1649 318 1721 ἓ
345 1648 370 1709 t.
386 1649 465 1710 Cum
477 1646 566 1708 nobis
580 1645 765 1719 constiterit,
781 1644 898 1706 nullam
915 1643 1008 1706 fnisse

259 1739 446 1819 irritamque
467 1740 692 1802 abdicationem
707 1737 931 1800 Patriarchatus
947 1739 1009 1798 hn-

299 2002 332 2056 il)
348 2003 405 2057 Seq.
424 1999 473 2055 lit,
488 2011 519 2044 ex
541 2002 603 2055 Reg.
624 2001 679 2046 vat.
696 2000 838 2046 literarum
858 2001 891 2045 ad
912 1999 1007 2057 princi-

254 2079 302 2123 pes
317 2078 361 2112 ac.
377 2079 425 2121 ιιι.,
439 2078 496 2124 pag.
508 2069 548 2110 arn
561 2067 716 2124 desumptis,
729 2066 844 2112 Pontifex
859 2067 1005 2124 [episcopos

253 2133 394 2246 ξέἐιὲῗέροι
408 2137 434 2178 et
448 2133 553 2178 clerum
567 2134 599 2180 de
612 2133 728 2190 ablegati
744 2132 869 2180 missione
879 2134 1007 2179 certiores

256 2338 333 2386 Quae
347 2339 377 2379 tn
393 2337 580 2388 siipmcribies
601 2338 684 2379 literis
704 2337 877 2380 Praesentibus
897 2339 1006 2389 sommae-

296 2409 352 2450 rot,
361 2407 453 2446 ecdem
463 2407 576 2448 nunicict
589 2406 658 2446 clerc
670 2405 924 2452 Graeco-Meirltttce,
934 2415 1006 2447 etern-

296 2481 351 2522 qree
363 2473 491 2514 hortatur
505 2475 535 2514 nt
550 2471 724 2514 Patricrclece
738 2481 755 2513 c
768 2481 796 2513 se
810 2475 952 2514 constituto
967 2474 1006 2514 cb

294 2541 457 2590 sequantur.
475 2537 502 2590 (¹)

256 2673 365 2714 litteriis
378 2674 441 2724 iiiito
454 2672 625 2724 presbeteris,
638 2677 662 2715 et
672 2676 800 2716 uniuerso
809 2677 878 2716 ciero
888 2678 944 2717 tarn
953 2685 1007 2717 eae·

269 2743 369 2789 calari,
380 2751 463 2793 creant
474 2744 596 2791 repertori
606 2744 724 2784 nationale
735 2743 989 2790 Gracco-Metelittae,

473 2877 618 2920 CLEMENS
635 2877 714 2919 Para
729 2878 792 2920 xiil.

539 3013 643 3054 Diceris
656 3013 726 3064 filiis.

348 3081 463 3122 salutem
476 3081 501 3121 ei
513 3079 687 3130 apostolicam
706 3079 916 3121 benedictionem.

298 3213 373 3258 Nihil
387 3211 465 3257 triste
479 3211 564 3268 magis
578 3210 708 3256 Ecclesiae
723 3210 767 3256 Dei
785 3211 939 3267 contingere
953 3213 1007 3267 pot-

256 3283 308 3334 est,
317 3290 398 3336 quam
408 3279 549 3324 divisiones
559 3289 590 3324 ac
600 3278 744 3324 soblemata
754 3278 852 3324 exoriri
860 3278 961 3322 clerum
969 3277 1007 3321 in-

256 3351 300 3392 ter
315 3349 397 3403 atque
411 3347 482 3404 ipsos
495 3344 643 3400 antistites,
658 3346 726 3402 quod
740 3356 800 3390 cum
814 3345 876 3391 istic
889 3345 1007 3390 evenerit

255 3415 395 3460 occasione
414 3412 586 3460 abdicationis
606 3412 785 3470 praedefuncti
801 3423 886 3470 nuper
900 3413 938 3458 bo.
956 3423 1004 3456 me.

255 3481 352 3537 cyrilli
366 3483 408 3526 lll.
423 3481 592 3526 Patriarchae
606 3479 687 3525 vestri
703 3478 858 3524 antiocheni
868 3481 895 3524 et
904 3478 1008 3523 electio·

256 3549 300 3594 nis
315 3548 460 3594 sacerdotis
471 3547 575 3604 ignatii,
585 3547 769 3592 condoluimus
780 3546 958 3602 maximopere
968 3556 1007 3590 ca·

255 3614 377 3660 inusitati
391 3615 454 3659 huic
467 3619 579 3670 restrae,
593 3618 787 3670 compertoque,
797 3613 865 3670 quod
875 3613 1006 3658 abdicatio

255 3685 283 3726 et
297 3692 462 3738 consequens
482 3681 574 3728 electio
596 3691 732 3726 sacrorum
753 3691 884 3726 carbonum
905 3679 1006 3736 regulis

255 3749 478 3803 adversabantur,
493 3753 635 3806 utramque
644 3747 787 3805 apostolica
796 3747 956 3792 auctoritate
966 3748 1007 3792 de-

255 3815 381 3870 levimus;
396 3827 461 3861 nere
474 3815 574 3861 diutius
588 3817 696 3872 pastore
711 3825 758 3860 suo
773 3813 880 3859 viduata
890 3814 1006 3860 Ecclesia

256 3886 349 3928 vestra
368 3881 554 3939 patriarchalis
572 3882 687 3938 lugeret,
701 3893 761 3926 cum
776 3881 804 3926 in
819 3879 969 3926 istiusmodi
984 3893 1006 3924 a

256 3953 341 3995 ventu
354 3950 518 4007 apostolicas
533 3949 592 3994 Sedi
606 3949 700 3994 electio
714 3949 773 3993 iure
790 3948 913 3994 devoluto
928 3948 1006 4004 perti·

256 4021 331 4072 neat,
352 4017 437 4062 eidem
458 4017 633 4074 praefecimus
653 4028 709 4062 reu.
730 4017 840 4061 fratrem
862 4015 1005 4062 Maximum

256 4083 490 4142 archiepIsccpum
505 4083 732 4140 Hierapolitannm
749 4081 841 4126 multis
855 4081 1006 4128 nominibus

256 4152 330 4208 apud
344 4165 391 4198 nos
404 4151 627 4203 commendatum,
642 4151 673 4196 eti
689 4153 777 4196 tamen
791 4149 940 4195 conditione
951 4161 1006 4207 per-

257 4219 368 4276 scripta,
381 4221 412 4263 ut
426 4218 524 4263 futuris
539 4217 703 4274 temporibus
721 4215 890 4262 patriarcnae
904 4215 1005 4268 electio,

256 4285 301 4332 uti
316 4287 443 4331 hactenus
456 4283 483 4328 in
498 4295 570 4328 more
585 4283 700 4340 positum
715 4282 774 4336 fuit,
784 4295 831 4340 per
842 4282 945 4328 eosdem
956 4283 1005 4328 ale·

256 4357 346 4399 ctores
360 4351 524 4398 conficiatur.
538 4350 738 4406 Designavimus
757 4350 865 4407 insuper
883 4351 1005 4405 apostoli·

256 4431 320 4465 cum
335 4418 552 4464 commissarium
572 4421 695 4462 nostrum
716 4415 841 4460 dilectum
861 4415 946 4461 filium
962 4420 1006 4462 Do-

257 4486 386 4532 minieum
396 4486 427 4530 de
435 4485 543 4530 Lanceis
551 4483 655 4528 Ordinis
664 4483 887 4539 Praedicatcrum,
896 4485 926 4528 ut
936 4495 1006 4530 man-

256 4555 322 4600 data
336 4555 427 4598 nostra
442 4553 502 4596 istic
516 4551 663 4608 perficeret,
674 4555 700 4595 et
713 4554 776 4596 nata
785 4551 894 4596 dissidia
904 4562 1006 4608 compo·

256 4623 342 4675 neret,
355 4620 407 4675 cui,
420 4619 643 4677 quemadmodum
664 4620 692 4662 et
712 4618 959 4674 Neo-Patriarchae,
975 4621 1005 4663 ut

256 4688 377 4734 debItum
391 4686 547 4742 obsequium
565 4689 645 4742 atque
663 4684 839 4730 obedientiam
855 4685 1005 4741 praestetis,

256 4755 406 4811 plurimum
421 4764 465 4798 ros
486 4763 577 4798 omnes
598 4752 738 4797 hortamur
757 4753 837 4807 atque
854 4753 881 4796 in
896 4753 1006 4798 Domino

257 4821 443 4878 praecipimus,
462 4820 525 4864 dum
547 4819 650 4864 interea
671 4818 752 4872 robis,
767 4818 856 4863 dilecti
875 4819 932 4873 filii,
947 4831 1005 4876 apo·

258 4888 380 4934 sicimam
396 4885 603 4933 benedictionem
619 4887 789 4942 peramanter
803 4885 941 4940 largimur.

298 4957 393 4999 Datum
413 4957 520 5009 Romae,
535 4953 605 5009 apud
627 4954 649 4996 S.
674 4952 784 4996 Mariam
807 4953 942 5008 Maiorem,
957 4953 1005 4998 sub

257 5021 357 5067 annulo
374 5019 525 5074 Piscatoris,
539 5019 581 5064 die
600 5029 616 5062 ι.
632 5018 741 5074 augusti
760 5029 882 5074 nocenti..
902 5020 1004 5075 pontifl-

258 5093 333 5134 catus
348 5088 432 5133 nostri
446 5097 516 5133 anno
530 5097 567 5131 ιιι.

515 5201 755 5212 ————

260 5293 314 5336 lice
326 5294 446 5335 secundo
460 5302 522 5335 cero
537 5295 614 5336 ittera
630 5294 735 5336 duobus
750 5293 915 5334 venatoriam
929 5293 1006 5334 Prin-

298 5362 401 5412 cipibus
411 5362 564 5409 rnanisestct
574 5369 642 5411 qaaere
650 5360 775 5401 sictarrti
785 5360 820 5400 art
830 5360 946 5400 tollentia
956 5360 1006 5400 riis-

298 5429 368 5469 sictic
382 5429 453 5469 inter
469 5429 579 5469 Graecos
591 5427 725 5469 lifeiclritcs·
735 5427 765 5468 ob
777 5427 951 5468 Patrinrrlzoe
960 5428 1006 5468 ete·

298 5496 411 5536 ctionem
429 5503 577 5545 perperam
593 5496 692 5543 saetam
711 5495 833 5540 cestrota,
851 5496 888 5534 eis
902 5497 1005 5544 arctior

299 5563 354 5612 acti
367 5562 400 5603 de
413 5557 592 5603 bene-notantia
606 5563 636 5602 tia
647 5561 794 5606 catholicos,
807 5569 838 5602 ac
847 5563 930 5602 sirrirri
939 5571 1006 5602 com·

299 5630 408 5670 emendat
424 5630 576 5678 cboecctrrm
589 5637 680 5674 steterit,
695 5636 790 5678 eosqrre
805 5631 881 5678 rocci
896 5631 926 5669 rei
940 5628 1006 5669 debi-

300 5699 359 5738 tam
378 5695 553 5738 Patricrcbce
567 5704 583 5736 a
596 5704 624 5735 se
642 5696 785 5736 corestiitrio
804 5695 959 5744 obtrcqnirern
973 5695 1005 5736 cb

301 5763 425 5805 omnibus·
439 5763 523 5803 tribnat
537 5761 651 5803 treceniet.
668 5759 706 5814 (⁸⁴)
797 5757 799 5762 '

1060 699 1193 762 tiocheui
1208 699 1557 762 Graeco-blelehitarnm
1572 717 1588 758 a
1606 699 1652 760 bo.
1669 709 1729 760 me.
1749 697 1807 774 C)-

1061 796 1130 858 rillo
1153 797 1200 859 ill.
1225 798 1311 876 prius
1332 813 1425 878 qnam
1446 815 1463 858 e
1484 797 1562 858 vivis
1584 798 1746 858 excederet
1765 794 1806 855 fa·

1060 898 1152 965 ciani,
1176 892 1347 972 iisdemque
1368 892 1451 953 vitiis
1472 891 1608 952 laborare
1636 891 1805 968 subsequu-

1062 992 1122 1046 iam
1145 994 1217 1048 mex
1238 986 1401 1050 sacerdotis
1424 986 1533 1063 ignatii
1557 985 1588 1046 in
1615 985 1680 1048 eius
1702 985 1806 1046 locum

1061 1079 1264 1156 electionem3
1287 1080 1323 1142 ad
1343 1081 1488 1143 sedandas
1516 1078 1807 1158 componendasque

1062 1173 1131 1236 lites
1146 1183 1176 1236 et
1191 1176 1418 1236 controversias
1434 1175 1487 1234 hac
1503 1175 1660 1236 occasione
1672 1173 1704 1234 in
1716 1172 1807 1234 Grae·

1061 1267 1330 1328 cu-Meichitnrum
1347 1267 1472 1330 natione
1487 1267 1573 1330 nobis
1589 1266 1742 1330 carissima
1753 1283 1805 1326 ex-

1062 1369 1220 1436 urgentes
1248 1361 1320 1422 alias
1350 1361 1491 1424 dedimus
1518 1361 1621 1423 literas
1650 1360 1682 1422 in
1708 1359 1804 1422 torma

1062 1455 1180 1529 Brevis,
1203 1453 1313 1516 alteras
1340 1455 1465 1534 quidem
1495 1455 1591 1515 editas
1612 1455 1647 1516 ad
1670 1452 1806 1514 futuram

1063 1548 1107 1608 rei
1130 1548 1324 1623 memoriam,
1346 1557 1477 1625 quarum
1497 1547 1622 1608 initium
1641 1546 1741 1622 Onera
1756 1562 1805 1607 cn·

1063 1657 1101 1701 rc
1121 1646 1194 1712 eie,
1218 1643 1328 1704 alteras
1355 1658 1431 1703 vero
1463 1657 1534 1702 ven.
1558 1641 1646 1703 fratri
1674 1641 1806 1702 Maximo

1063 1735 1296 1814 archiepiscopo
1308 1734 1534 1813 Hierapolitano
1546 1732 1735 1796 Patriarchae
1745 1733 1806 1796 hn-

1079 2003 1233 2044 illustribus
1247 2011 1278 2044 cc
1289 2004 1482 2053 potentissimis
1497 2003 1669 2053 Principibus
1682 2003 1788 2054 Maenia

1148 2071 1314 2112 Drusiorum
1329 2071 1443 2112 licrreirts
1458 2072 1574 2113 Mansur
1590 2073 1614 2112 et
1629 2071 1716 2118 amec,

1271 2179 1416 2220 CLEMENS
1434 2179 1512 2220 Para
1527 2179 1591 2220 XIII.

1174 2275 1294 2316 ltlrlstres
1309 2283 1340 2317 at·
1351 2277 1530 2325 potentii-ssimi
1545 2277 1690 2326 Pririetpes,

1188 2343 1337 2384 salutemet
1347 2344 1438 2385 ianwn
1449 2345 1556 2386 dietrice
1564 2345 1675 2394 proiice.

1100 2472 1282 2518 Libentissime
1297 2474 1459 2520 occasionem
1476 2486 1668 2532 quamcumque
1683 2475 1806 2522 nancisci·

1061 2549 1121 2584 mur
1144 2539 1288 2596 singularis
1312 2541 1458 2586 voluntatis
1483 2541 1740 2598 existimationisque
1764 2554 1806 2587 uo-

1061 2609 1131 2652 strae
1145 2618 1209 2664 erga
1218 2619 1263 2653 vos
1278 2607 1459 2664 declarandae,
1469 2619 1516 2653 nec
1526 2620 1576 2654 non
1587 2609 1738 2655 referendae
1748 2620 1807 2666 gra·

1061 2673 1113 2719 tiae
1132 2685 1180 2730 pro
1199 2686 1230 2720 ea
1250 2675 1439 2720 celsitudinutn
1462 2679 1611 2721 vestrarum
1633 2676 1805 2733 benignitate,

1060 2753 1112 2797 qua
1126 2743 1424 2788 Graeco-blelchitarum
1446 2744 1652 2788 orthodoxorum
1672 2743 1805 2789 nationem

1059 2809 1128 2865 apud
1144 2820 1187 2854 ros
1201 2809 1303 2855 iamdiu
1320 2810 1520 2867 perhumaniter
1537 2811 1698 2868 suscepistis,
1709 2814 1807 2856 restro-

1060 2888 1110 2932 que
1124 2876 1270 2932 patrocinio
1284 2878 1398 2932 munire,
1409 2878 1488 2934 tueri,
1499 2878 1598 2934 iurare,
1609 2879 1703 2924 honori
1713 2889 1743 2924 ac
1754 2880 1806 2935 glo

1060 2943 1116 2988 riae
1130 2944 1234 2988 ducitis.
1256 2948 1320 2989 Cum
1341 2945 1425 3001 igitur
1439 2946 1472 2990 ad
1486 2945 1663 3002 coguitionem
1685 2949 1805 2992 nostram

1060 3009 1209 3066 pervenerit
1230 3014 1320 3056 natam
1341 3011 1413 3056 inter
1432 3023 1475 3058 eos
1493 3013 1646 3070 nuperrime
1668 3013 1806 3058 dissensio·

1060 3087 1120 3121 uem
1141 3081 1249 3134 propter
1269 3078 1420 3124 abdicatum
1435 3091 1451 3124 a
1465 3079 1563 3136 cyrillo
1579 3083 1620 3125 lll.
1640 3080 1805 3126 Patriarcha·

1060 3146 1118 3188 tum
1133 3143 1332 3200 antiochenum,
1347 3145 1537 3203 suffectumque
1552 3147 1580 3191 in
1594 3147 1651 3192 eius
1664 3147 1752 3194 locum
1767 3159 1807 3194 sa·

1059 3211 1192 3256 cerdoteun
1215 3212 1357 3268 ignatium,
1372 3213 1479 3268 negocio
1500 3212 1630 3259 eiusmodi
1651 3215 1682 3258 de
1697 3214 1806 3260 consilio

1060 3279 1236 3334 quorumdam
1252 3290 1325 3323 rann.
1341 3278 1455 3324 matrum
1470 3284 1623 3326 nostrorum
1634 3285 1739 3327 mature
1750 3293 1807 3338 per·

1060 3356 1148 3401 penso,
1167 3345 1360 3391 abdicationem
1381 3345 1588 3404 electionemque
1607 3349 1737 3394 eiusmodi
1751 3360 1807 3406 per·

1061 3412 1121 3457 inde
1134 3423 1165 3458 ac
1179 3413 1364 3458 ecciesiasticis
1379 3413 1476 3458 nostris
1491 3414 1591 3470 regulis
1605 3415 1754 3461 contrarias
1768 3427 1807 3462 re-

1060 3479 1171 3536 probare
1185 3479 1272 3526 adacti
1283 3479 1390 3535 finimus,
1402 3491 1550 3538 nonumque
1559 3481 1613 3527 illis
1622 3483 1805 3530 patriarcham

1060 3559 1116 3591 ven.
1138 3547 1247 3592 fratrem
1269 3548 1412 3594 Maximum
1434 3549 1664 3608 archiepiscopum
1685 3551 1808 3608 Hierapo-

1060 3613 1174 3660 litanum
1196 3615 1245 3660 hac
1263 3615 1318 3660 vice
1336 3615 1509 3671 constituere,
1527 3617 1599 3662 salvo
1618 3620 1707 3662 tamen
1727 3618 1808 3675 impc-

1060 3682 1162 3726 sterum
1177 3681 1421 3726 Graeco-Melchitls
1440 3682 1574 3739 Episcopis
1589 3683 1724 3730 electionis
1739 3684 1806 3740 iure,

1060 3748 1281 3804 quemadmodum
1301 3751 1381 3794 antea
1401 3749 1563 3794 obtinebant.
1583 3753 1615 3796 ut
1637 3753 1727 3796 autem
1742 3751 1807 3797 haec

1059 3814 1149 3859 cnnnia
1169 3815 1221 3859 rite
1242 3814 1442 3871 perficerentur,
1463 3814 1533 3861 istuc
1553 3817 1730 3874 ablegandum
1749 3829 1807 3863 esse

1059 3880 1211 3926 censuimus
1225 3881 1351 3927 dilectum
1373 3881 1457 3926 fllium
1474 3883 1637 3927 Dominicum
1652 3884 1683 3928 de
1698 3872 1805 3929 franceis

1060 3947 1164 3992 Ordinis
1174 3949 1389 3994 Praedicator-um
1399 3949 1612 3994 commissarium
1624 3950 1806 4006 apostolicum,

1059 4025 1137 4071 quem
1152 4015 1253 4072 pariter
1268 4015 1356 4070 regiae
1371 4015 1526 4061 clementiae
1541 4019 1645 4061 restrae
1660 4017 1806 4072 plurimum

1059 4083 1283 4128 commendamus:
1295 4082 1363 4127 uilnil
1372 4083 1442 4127 enim
1453 4083 1525 4127 aliud
1535 4082 1562 4126 in
1574 4084 1706 4130 mandatis
1717 4085 1805 4139 habet,

1059 4160 1138 4206 quam
1153 4149 1308 4194 offensiones
1323 4152 1349 4194 et
1365 4149 1488 4194 scandala
1502 4161 1646 4206 removere,
1656 4150 1713 4208 paci
1726 4153 1805 4208 atque

1059 4216 1211 4262 concordiae
1226 4217 1342 4262 nationis
1354 4216 1432 4261 istius
1442 4217 1588 4273 constitere,
1598 4218 1805 4264 ecclesiasticam

1060 4283 1225 4340 dlaciplinam
1242 4283 1394 4337 restituere,
1409 4293 1475 4340 quae
1490 4284 1587 4338 omnia,
1602 4285 1635 4329 ad
1648 4285 1807 4342 populorum

1060 4362 1163 4408 quoque
1178 4350 1403 4407 tranquillitatem
1419 4351 1534 4396 maxime
1543 4351 1723 4406 conducentia,
1734 4357 1764 4398 ut
1774 4352 1809 4398 fa-

1060 4418 1137 4463 cilius
1152 4421 1307 4475 exequatur,
1322 4418 1443 4462 eumdem
1458 4430 1561 4476 quoque
1576 4417 1722 4476 patrocimo
1736 4421 1808 4465 celsi·

1060 4486 1183 4531 tudinum
1198 4491 1348 4532 vestrarum
1364 4485 1509 4542 plurimum
1524 4489 1748 4542 conmmendamus,
1761 4489 1808 4534 mi·

1060 4553 1131 4597 nime
1140 4553 1300 4608 dubitantes,
1311 4553 1373 4611 quin
1385 4554 1598 4612 praeclarissIma
1607 4555 1663 4610 illa,
1673 4567 1725 4612 qua
1735 4566 1806 4612 prae-

1059 4617 1158 4662 cellitIs
1179 4621 1319 4674 potestate,
1334 4618 1356 4662 si
1371 4630 1436 4676 opus
1457 4618 1546 4674 fuerit,
1560 4619 1680 4665 effecturi
1695 4620 1762 4674 sitis,
1778 4623 1808 4665 ut

1060 4689 1116 4729 tarn
1131 4683 1172 4729 illi
1187 4695 1266 4740 quam
1282 4685 1521 4730 Nec-Patriarchae
1534 4686 1624 4732 debita
1637 4687 1670 4732 ab
1685 4687 1807 4732 ominibus

1060 4753 1209 4798 reverentia
1223 4752 1388 4798 exhibeatur.
1404 4756 1484 4798 Porro
1499 4753 1532 4798 ab
1547 4755 1637 4798 ecdem
1647 4766 1750 4811 quoque
1761 4755 1807 4799 Ab

1059 4818 1147 4875 legato
1162 4825 1253 4864 nostro
1266 4829 1355 4864 coram
1369 4819 1513 4876 accipietis,
1527 4821 1619 4876 quanti
1629 4821 1756 4868 faciamus
1767 4833 1807 4868 ex·

1060 4886 1143 4930 celsas
1164 4885 1315 4931 animorum
1337 4889 1485 4931 vestrorum
1508 4887 1590 4942 dotes,
1612 4890 1762 4944 quantoque
1779 4889 1806 4933 in

1061 4953 1204 5008 pretiosos
1226 4953 1379 5007 habeamus,
1394 4953 1511 5010 impense
1532 4955 1667 5010 cupientes
1688 4955 1806 5011 aliquam

1060 5019 1134 5064 uobis
1148 5019 1374 5076 opportunitatem
1396 5020 1463 5074 dari,
1478 5031 1538 5075 qua,
1553 5031 1601 5076 pro
1615 5021 1711 5066 vestris
1725 5021 1753 5066 in
1768 5034 1807 5068 ca-

1061 5086 1170 5132 tholicos
1180 5088 1284 5131 nostros
1294 5086 1407 5141 meritis,
1416 5085 1543 5132 eximium
1554 5087 1661 5143 aliquod
1671 5089 1743 5144 grati
1752 5089 1807 5133 ani·

1060 5154 1097 5198 mi
1112 5153 1196 5198 nostri
1212 5153 1394 5198 testimouium
1416 5153 1594 5209 ostendamus,
1609 5157 1688 5210 atque
1704 5155 1806 5202 interea

1060 5221 1141 5266 Deum
1155 5223 1208 5277 opt.
1221 5230 1299 5275 max,
1313 5231 1329 5265 a
1343 5231 1395 5277 quo
1405 5221 1473 5265 bona
1482 5223 1576 5265 cuncta
1586 5220 1738 5277 procedunt,
1750 5233 1806 5266 exc·

1060 5299 1120 5333 rare
1135 5299 1186 5332 uon
1201 5287 1365 5340 omittemus
1379 5290 1410 5332 ut
1423 5287 1579 5332 diuturnam
1593 5287 1805 5333 incolumitatem

1059 5365 1202 5411 rerumque
1217 5355 1335 5400 omnium
1351 5355 1555 5411 prosperitatem
1570 5365 1618 5410 pro
1630 5359 1719 5400 vestra
1729 5366 1807 5412 popu·

1060 5423 1198 5478 lorumque
1213 5424 1362 5467 vestrorum
1377 5422 1502 5467 felicitate
1516 5424 1543 5466 et
1557 5421 1660 5467 divinae
1675 5433 1739 5466 suae
1749 5433 1807 5478 gra·

1060 5490 1113 5534 tiae
1126 5488 1350 5545 fulgentissImum
1361 5489 1449 5534 lumen
1460 5489 1593 5546 impertiri
1604 5489 1806 5535 celsitudinibus

1062 5555 1155 5601 restris
1170 5555 1301 5612 dIgnetur.

1099 5625 1193 5668 Datum
1215 5626 1321 5678 Romae,
1343 5623 1413 5680 apud
1432 5626 1455 5667 S.
1476 5623 1586 5670 Mariam
1608 5623 1741 5679 Maiorem,
1757 5623 1806 5668 sub

1059 5691 1157 5736 annulo
1176 5690 1326 5745 Piscatoris,
1341 5691 1383 5735 dic
1402 5702 1418 5735 ι.
1435 5689 1540 5746 augusti
1562 5701 1684 5746 ucccnx,
1704 5691 1807 5747 pontiti·

1060 5763 1134 5803 catus
1150 5757 1235 5804 nostri
1249 5767 1318 5803 anno
1333 5769 1370 5804 ιιι,

771 5889 1301 5900 mm*-

302 5989 329 6044 (¹)
344 5991 385 6034 lia
399 5991 460 6041 lieo.
481 5991 533 6032 Vct.
549 5999 594 6034 cn.
610 5994 634 6038 3,
647 6000 710 6042 pap.
727 5993 781 6034 aii.

369 6111 420 6156 lar.
439 6111 508 6157 Porri
524 6109 555 6155 de
571 6111 643 6170 Prcp.
659 6109 720 6156 Fide
735 6111 817 6157 Pariis
831 6113 849 6158 l.
865 6111 918 6157 vol.
934 6113 972 6158 lv.

1032 5991 1036 6046 Ι
1102 5991 1140 6046 (⁴⁴)
1156 5993 1197 6034 lia
1211 5993 1273 6044 Rea.
1293 5991 1345 6035 Vct.
1358 6001 1420 6043 pap.
1437 5993 1492 6033 318.

1747 555 1785 620 iil
1836 551 2025 606 en.c.1nen
