4856 7010
996 573 1053 630 utto
1074 583 1125 632 rr.
1149 573 1206 632 rttt.

328 699 418 763 aliter
438 700 489 764 vel
508 698 638 764 transire
661 697 712 764 vel
731 715 912 780 permanere
927 717 990 765 non
1007 712 1074 782 pot·

329 795 389 858 erit
409 795 442 856 in
464 795 538 858 locis
559 796 753 858 missionum.

370 903 459 950 xvrrr.
484 889 729 952 Administrandi
751 889 853 952 omnia
871 899 1072 965 sacramenta,

329 983 421 1044 etiam
443 982 638 1066 parochialia,
656 982 764 1046 ordine
785 992 816 1044 et
837 982 1073 1045 confirmatione

329 1077 474 1155 exceptis,
497 1083 527 1139 et
548 1077 645 1154 quoad
675 1084 865 1138 sacramenta
892 1075 1072 1154 parochialia

330 1172 361 1233 in
383 1170 571 1234 dioecesibus
592 1170 644 1232 ubi
667 1187 730 1234 non
746 1178 839 1233 erunt
854 1171 1005 1250 Episcopi,
1022 1169 1072 1231 vel

329 1263 480 1328 Ordinarii
502 1271 555 1326 aut
576 1279 683 1326 eorum
708 1263 833 1337 Vicarii,
857 1264 906 1326 vel
932 1265 963 1327 in
986 1279 1072 1342 paro-

328 1358 402 1422 cbiis
424 1357 477 1420 nbi
498 1373 561 1420 non
583 1369 675 1420 erunt
695 1358 831 1436 parochi,
846 1358 898 1420 vel
913 1358 964 1420 ubi
980 1364 1074 1420 erunt

329 1452 365 1513 de
387 1467 497 1515 eorum
519 1451 653 1514 licentia.
1028 1437 1043 1476 '

369 1561 436 1607 ran.
459 1545 664 1609 Benedicendi
693 1563 831 1620 coronas,
856 1545 981 1621 rosaria,
1005 1561 1073 1608 cru·

329 1657 388 1716 ree,
412 1642 585 1716 crucifixos,
608 1656 717 1718 parvas
736 1649 862 1716 statuas,
887 1639 1073 1702 numismata

328 1734 509 1813 ‹medaglie
519 1753 538 1796 v
550 1734 645 1812 vulgo
656 1741 845 1812 nuncupata,
858 1740 890 1794 et
907 1731 1074 1811 applicandi

330 1827 538 1905 indulgentias
567 1827 743 1891 huiusmodi
772 1825 1074 1889 benedictionibusa

329 1921 418 1983 nobis
439 1921 592 2000 impertiri
611 1921 716 1983 solitas
739 1919 998 1984 christifidelibus
1018 1918 1072 1997 qui

328 2030 433 2077 secum
464 2015 623 2088 babentes,
645 2014 696 2076 vel
726 2013 805 2093 apud
826 2029 859 2076 se
889 2013 1072 2085 retinentes,

328 2108 451 2187 aliquod
473 2125 511 2171 ex
532 2107 685 2187 praelatis,
708 2108 755 2186 pia
778 2122 868 2184 opera
891 2105 1073 2184 praescripta

328 2201 540 2280 adimplebunt
557 2202 592 2264 ad
608 2201 739 2262 formam
754 2199 980 2274 instructionis,
997 2214 1073 2276 quae

328 2311 383 2374 per
398 2296 520 2359 Sacram
537 2295 817 2372 congregationem
829 2293 865 2354 de
877 2293 1073 2370 Propaganda

328 2389 401 2454 Fide
431 2389 643 2464 missionariis,
665 2389 778 2467 quibus
808 2388 881 2450 baec
910 2387 1073 2449 facultasa

328 2483 416 2546 nobis
437 2484 628 2559 conceditur,
645 2497 791 2545 unacum
806 2497 966 2544 concessae
981 2479 1073 2543 iacul-

329 2577 398 2640 tatis
421 2577 642 2650 instrumento,
665 2574 870 2637 distribuitur.

367 2687 421 2733 xx.
447 2670 484 2732 Et
505 2668 676 2747 praedictae
698 2667 963 2730 missionariorum
980 2667 1073 2732 lacul-

328 2770 404 2827 tates
425 2764 518 2842 gratis
538 2767 570 2823 et
589 2763 657 2824 sine
676 2761 738 2824 ulla
753 2763 895 2825 mercede
909 2778 1073 2824 exercean-

329 2867 395 2921 tur:
419 2875 452 2920 ac
473 2873 529 2938 per
556 2855 669 2932 viginti
699 2871 795 2917 annos
825 2863 947 2917 tantum
969 2872 984 2915 a
1006 2853 1072 2916 data

327 2951 535 3032 praesentium
556 2941 716 3014 concessae
736 2947 965 3026 intelligantur.
987 2947 1073 3023 Quod

326 3048 352 3110 si
373 3049 453 3109 torte
473 3045 637 3122 contigerit
659 3044 828 3105 indicatum
848 3042 961 3119 viginti
977 3057 1074 3104 anno-

328 3155 400 3203 rum
421 3153 543 3218 tempus
564 3137 650 3202 Sedis
671 3137 807 3198 vacantis
828 3142 968 3215 tempore
989 3135 1074 3214 expi-

327 3251 406 3310 rare,
428 3248 512 3296 nunc
527 3247 583 3312 pro
598 3239 672 3294 tunc
686 3245 795 3292 omnes
809 3235 839 3290 et
853 3228 990 3304 singulas
1005 3244 1073 3307 pro-

242 3309 246 3329 '
326 3334 446 3404 rogatas
467 3325 663 3388 decernimus
686 3322 839 3402 usquead
862 3321 934 3383 novi
950 3320 1072 3384 Summi

114 3805 236 3856 clausula
249 3809 308 3856 snb·

96 3857 146 3907 lata
166 3867 192 3908 ct
216 3863 308 3910 decre-

96 3918 148 3961 tnm
163 3915 279 3964 lrrltans

328 3419 483 3484 Pontificis
497 3417 693 3494 electionem,
707 3416 742 3480 ad
757 3431 850 3495 quem
866 3415 971 3479 debeat
987 3431 1072 3494 prae-

327 3514 444 3593 positus
465 3511 630 3590 generalis,
654 3519 688 3573 ut
709 3509 892 3572 missionum
915 3509 1073 3574 Societatis

326 3608 393 3670 lesu
408 3607 560 3685 superior,
577 3619 670 3683 quam
687 3605 825 3682 primurn
841 3618 1001 3664 recurrere
1018 3619 1073 3682 pro

326 3701 506 3763 earumdem
528 3698 709 3762 facultatum
731 3697 941 3760 innovatione.

365 3793 434 3869 §b
458 3793 598 3856 caeteras
619 3799 723 3853 autem
745 3789 913 3864 facultates,
930 3807 963 3852 ac
978 3791 1072 3869 privi-

328 3887 405 3964 legia
420 3886 453 3948 in
468 3885 551 3948 bisce
566 3885 666 3947 literis
684 3892 840 3958 contenta,
853 3891 915 3946 tam
931 3884 1072 3946 societati

1129 703 1259 782 quisque
1289 701 1455 783 diplomate
1476 713 1539 766 non
1570 699 1692 766 obstare
1713 702 1873 768 decretum

1128 803 1185 871 est,
1206 797 1394 877 caeterisque
1424 797 1585 861 contrariis
1614 798 1872 877 quibuscumque.

1129 889 1247 952 lnterea
1262 905 1350 964 vero,
1366 893 1439 954 dum
1462 889 1621 954 Societatis
1642 891 1711 953 lesu
1732 892 1875 954 alumnos

1128 993 1323 1064 peramanter
1355 987 1384 1047 in
1417 986 1539 1049 cbristo
1569 986 1817 1065 complectimur,
1844 994 1875 1048 et

1128 1080 1323 1156 apostolicam
1338 1080 1381 1142 eis
1396 1080 1539 1142 omnibus
1554 1079 1801 1142 benedictionem
1817 1080 1873 1141 im-

1128 1173 1294 1249 pertimur,
1316 1173 1415 1236 Deum
1437 1173 1529 1236 enixe
1557 1188 1681 1234 oramus
1709 1179 1802 1252 atque
1823 1173 1874 1235 ob·

1127 1283 1294 1342 secramus,
1318 1275 1352 1330 ut
1373 1275 1498 1347 patrum
1518 1274 1549 1331 et
1571 1267 1724 1330 maiorum
1745 1282 1874 1329 snorum

1128 1360 1268 1441 exempla
1290 1361 1456 1437 imitantes
1480 1362 1582 1423 onmia
1604 1363 1639 1424 ad
1666 1361 1720 1423 Ilei
1743 1361 1873 1438 gloriam

1127 1453 1190 1516 sint
1211 1454 1350 1518 relaturi.

1168 1548 1280 1610 Datrrm
1302 1549 1427 1626 Romae,
1451 1548 1530 1630 apud
1552 1549 1583 1614 S.
1606 1549 1732 1612 Petrum
1749 1550 1873 1612 suban-

1129 1643 1205 1706 nulo
1232 1643 1403 1719 Piscatoris,
1429 1643 1479 1706 die
1500 1659 1545 1706 x1.
1573 1642 1638 1705 iulii
1662 1659 1873 1720 undecuma,

1129 1738 1324 1816 pontificatus
1346 1737 1443 1800 nostri
1465 1754 1548 1800 anno
1569 1753 1618 1801 rvr.

1449 2023 1557 2088 xviri.

1130 2208 1320 2272 [allisionem
1344 2209 1377 2270 ib
1400 2209 1477 2272 duos
1503 2199 1703 2291 episcopatos
1735 2211 1873 2274 dividit:

1170 2305 1380 2382 Episcopatci
1397 2306 1501 2368 Novae
1516 2305 1667 2370 Aureliae
1683 2307 1874 2369 Luisianam

1168 2399 1355 2479 inferiorem
1379 2397 1499 2462 tribuit
1521 2416 1592 2462 eum
1616 2401 1783 2462 territorio
1798 2399 1875 2466 Mis·

1168 2491 1354 2568 stampense·
1385 2493 1581 2570 superiorem
1606 2509 1678 2554 cero
1702 2494 1737 2554 in
1759 2509 1875 2555 bovum

1168 2587 1386 2664 episcopatum
1416 2587 1515 2668 eripit
1547 2602 1619 2649 eum
1645 2586 1719 2650 Sede
1742 2587 1777 2650 itt
1798 2585 1876 2652 erbe

1170 2677 1391 2742 &mmm

1383 2848 1460 2916 1.Εο
1483 2849 1543 2917 ΡΡ.
1568 2851 1625 2918 llll.

1247 2972 1283 3040 ed
1306 2979 1481 3057 perpetuen
1507 2975 1549 3042 rei
1576 2975 1755 3044 memorien.

1168 3150 1187 3224 ἓ
1210 3149 1237 3211 i.
1261 3150 1346 3212 lnter
1367 3151 1555 3231 multiplices
1574 3154 1832 3234 gravissimasque
1846 3172 1876 3216 a·

1129 3243 1296 3322 postolatus
1316 3249 1414 3306 nostri
1436 3263 1523 3308 curas
1545 3262 1608 3308 non
1627 3247 1773 3324 exiguam
1788 3255 1874 3311 tenet

1127 3345 1247 3416 partem
1265 3354 1311 3413 ea,
1327 3354 1405 3417 quae
1419 3338 1607 3402 dioecesium
1622 3355 1678 3419 per
1692 3341 1875 3410 universum

1128 3432 1235 3495 orbem
1251 3431 1486 3496 distributorum
1499 3433 1621 3512 respicit
1632 3441 1758 3496 statum.
1773 3431 1876 3514 Siqui-

1127 3523 1198 3587 dem
1218 3541 1381 3604 supremae
1409 3527 1567 3606 potestatis
1590 3527 1756 3607 iudiciique
1777 3528 1875 3591 nostri

1128 3624 1172 3680 est
1195 3635 1292 3682 novos
1322 3635 1430 3683 earum
1457 3618 1574 3682 limites
1601 3621 1802 3697 constituere,
1825 3622 1876 3684 vel

1128 3711 1311 3774 constitutos
1326 3712 1503 3787 immutare,
1519 3721 1623 3790 prout,
1639 3714 1741 3778 babila
1757 3724 1874 3793 tempo·

1127 3820 1197 3865 rum
1219 3819 1252 3864 ac
1265 3803 1569 3866 circumstantiarum
1584 3806 1716 3881 ratione,
1734 3807 1874 3870 bdelium

1128 3895 1252 3958 utilitati
1274 3897 1445 3958 conducere
1468 3897 1689 3974 dignoscimus.

1796 558 1855 632 677
1905 565 1960 620 An.
1973 566 2005 622 d.
2025 562 2094 624 tete

1922 3169 2090 3218 Prooemium.

324 3983 393 4047 lesu
414 3981 540 4058 suisque
559 3978 704 4053 alumnis,
720 3992 813 4057 quam
835 3977 1005 4058 praeposito
1021 3993 1073 4055 ge-

327 4073 436 4150 nerali,
469 4073 515 4136 uti
545 4072 627 4134 illius
650 4070 795 4150 praesuli,
820 4087 858 4132 ex
879 4069 1072 4148 benignitate

326 4166 488 4245 apostolica
509 4165 542 4227 in
565 4171 748 4244 perpetuum
766 4163 963 4226 concedimus
979 4171 1008 4225 et
1025 4166 1071 4225 in-

1167 3989 1234 4065 §2
1258 3989 1361 4065 Quum
1382 3989 1478 4052 felicis
1499 3991 1720 4055 recordationis
1735 3994 1806 4058 Pius
1823 3995 1875 4059 Pa·
1953 4011 2107 4058 memoratur

1126 4098 1163 4161 pa
1186 4081 1248 4146 Vll.
1272 4085 1411 4145 decessor
1426 4093 1531 4146 noster
1546 4100 1682 4163 persnas
1697 4087 1874 4166 apostolicas
1893 4063 2107 4164 Βῖξεῖᾱῖῗίιῗξῖἳῗῖ

1126 4177 1159 4238 in
1174 4177 1268 4241 simili
1284 4177 1381 4239 lorma
1397 4177 1498 4240 brevis
1513 4177 1562 4239 die
1577 4177 1695 4242 decima
1709 4191 1817 4259 quarta
1829 4184 1875 4247 iu·
1893 4171 2107 4281 gsslgbffifflg

108 5581 243 5640 derogatio
249 5592 307 5630 eon-

98 5636 240 5686 trariornm.

325 4263 506 4338 dulgemusa
522 4262 723 4322 decernentes
738 4257 861 4320 easdem
873 4258 952 4336 ipsas
968 4257 1071 4320 literas

326 4355 441 4425 firmas,
464 4353 577 4415 validas
599 4360 629 4414 et
643 4351 778 4414 efficaces
799 4351 932 4413 existere
946 4368 980 4413 ac
993 4350 1070 4426 lore,

323 4463 457 4526 suosque
478 4445 632 4525 plenarios
653 4451 683 4507 et
704 4446 841 4522 integros
862 4444 987 4506 enectus
1007 4459 1071 4506 sor-

326 4540 378 4603 tiri
398 4547 429 4602 et
449 4541 602 4613 obtinere,
622 4554 655 4600 ac
676 4537 736 4600 illis
756 4539 792 4600 ad
807 4552 883 4615 quos
898 4543 1024 4615 spectat,
1041 4545 1071 4598 et

324 4649 382 4716 pro
412 4643 551 4712 tempore
574 4628 832 4711 quandocumque
856 4630 1015 4711 spectabit,
1038 4631 1071 4692 in

325 4728 472 4792 omnibus
493 4732 523 4789 et
544 4741 599 4805 per
620 4725 722 4787 omnia
737 4724 914 4804 plenissime
927 4723 1072 4802 sutlraga·

325 4823 365 4898 ri,
380 4832 411 4886 et
426 4822 463 4884 ab
483 4820 527 4883 eis
547 4820 718 4899 respective
733 4817 954 4880 inviolabiliter
969 4819 1071 4880 obser-

326 4917 404 4994 vari,
425 4917 530 4996 sicque
551 4915 583 4978 in
598 4913 771 4994 praemissis
786 4928 840 4992 per
861 4927 1073 4992 quoscumque

325 5011 440 5075 iudices
461 5010 634 5073 ordinarios
654 5018 685 5072 et
706 5009 871 5088 delegatos,
894 5009 988 5070 etiam
1003 5028 1071 5074 cau·

324 5123 429 5169 sarum
445 5103 546 5185 palatii
562 5103 659 5167 nostri
675 5102 829 5181 apostolici
844 5105 1012 5180 auditores,
1026 5105 1071 5166 iu·

325 5201 418 5264 dicari
440 5207 470 5262 et
491 5198 614 5262 definiri
635 5199 757 5271 debere,
773 5212 807 5258 ac
820 5196 946 5259 irritum
961 5207 992 5260 et
1007 5199 1071 5259 ina·

326 5311 377 5370 ne,
401 5295 426 5355 si
448 5309 536 5356 secus
560 5306 652 5370 super
677 5291 724 5353 bis
749 5311 764 5352 a
785 5307 942 5370 quoquam
963 5292 1071 5370 quavis

325 5389 507 5453 auctoritate
520 5386 655 5450 scienter
669 5385 719 5447 vel
742 5385 920 5462 ignoranter
934 5385 1072 5464 contige-

325 5485 366 5548 rit
386 5483 542 5547 attentari.

364 5577 434 5655 §b
457 5577 526 5640 Non
554 5575 744 5639 obstantibus
770 5574 865 5637 lelicis
886 5575 1071 5638 recordatio·

326 5672 375 5736 nis
397 5671 480 5733 Pauli
502 5671 564 5746 lll.,
587 5670 656 5732 lulii
672 5669 735 5746 lll.,
751 5671 855 5735 Sancti
871 5672 914 5734 Pii
930 5670 981 5747 v',
997 5671 1070 5735 Gre-

326 5766 403 5842 gorii
419 5764 499 5830 Xlll.
522 5770 554 5826 et
574 5763 689 5826 Urbani
705 5763 782 5826 lllll.
799 5766 1070 5843 praedecessorum

326 5868 506 5923 nostrorum
520 5859 691 5938 apostolicis
704 5858 812 5933 literis,
825 5874 956 5921 necnon
972 5859 1071 5921 omni-

326 5953 383 6022 bus
405 5963 435 6017 et
456 5953 587 6036 singulis
616 5953 687 6028 illis,
711 5969 789 6034 quae
809 5945 854 6015 ab
867 5952 938 6034 ipsis
960 5953 993 6014 in
1013 5969 1070 6016 suo

1128 4271 1159 4333 lii
1174 4270 1348 4334 millesimo
1370 4271 1630 4348 octingentesimo
1645 4272 1797 4350 vigesimo
1814 4285 1874 4340 ter·
1892 4278 1989 4325 aestum
2003 4277 2107 4325 divasta-

1128 4363 1170 4427 tio
1191 4365 1274 4427 datas
1298 4363 1414 4440 literas,
1436 4365 1475 4426 de
1495 4365 1623 4428 consilio
1646 4368 1873 4432 venerabilium

1127 4457 1258 4519 lratrum
1279 4466 1459 4519 nostrorum
1481 4457 1608 4522 Sanctae
1641 4459 1795 4525 Romanae
1819 4464 1873 4526 Ec·

1127 4551 1234 4613 clesiae
1256 4550 1467 4615 cardinalium
1495 4553 1631 4630 negociis
1658 4554 1873 4634 Propagandae

1126 4644 1211 4708 Fidei
1226 4646 1482 4724 praepositorum,
1499 4647 1684 4723 decreverit,
1696 4646 1873 4711 Luisianam

1127 4744 1221 4800 totam
1242 4738 1324 4800 intra
1347 4737 1521 4800 triennium
1544 4739 1576 4801 in
1592 4741 1668 4802 duos
1682 4741 1872 4822 episcopatus

1126 4831 1323 4894 dividendam
1341 4846 1418 4906 esse,
1435 4847 1501 4908 nos,
1517 4832 1628 4894 auditis
1643 4836 1805 4913 praedictis
1820 4853 1874 4900 ve·

1126 4924 1316 4987 necabilibus
1331 4923 1488 5001 iratribus,
1502 4943 1535 4989 ac
1548 4925 1641 4988 rebus
1655 4928 1800 4991 omnibus
1811 4946 1875 4991 ma-

1127 5029 1196 5080 ture
1219 5017 1388 5096 perpensis,
1411 5023 1613 5080 memoratam
1635 5019 1818 5084 divisionem
1836 5023 1874 5086 ad

1119 5105 1246 5172 'exitum
1267 5112 1435 5190 perducere
1456 5128 1611 5187 curamus,
1628 5111 1661 5174 in
1676 5129 1763 5193 spem
1779 5115 1871 5178 addu-

1126 5206 1177 5280 cti,
1201 5221 1239 5266 err
1261 5207 1316 5268 bac
1337 5204 1489 5268 divisione
1516 5220 1683 5283 permagna
1713 5206 1873 5285 religionis

1126 5299 1352 5362 confirmandae
1374 5307 1404 5374 et
1425 5297 1517 5361 latius
1545 5298 1683 5380 quotidie
1704 5315 1872 5379 propagan-

1126 5393 1180 5454 dae
1193 5401 1383 5469 provcntnra
1398 5393 1568 5468 commoda,
1583 5409 1682 5471 quum
1697 5394 1872 5474 episcopatu

1125 5485 1219 5547 etiam
1231 5485 1264 5546 in
1278 5485 1431 5563 superiori
1443 5483 1585 5549 Luisiana
1597 5486 1766 5548 constituto
1781 5502 1872 5566 expe-

1126 5576 1219 5640 ditius
1239 5579 1397 5656 procurari
1413 5576 1457 5662 ibi
1473 5580 1600 5658 possint,
1617 5595 1694 5659 quae
1710 5580 1873 5643 catholico-

1126 5687 1195 5733 rum
1218 5671 1251 5731 in
1268 5670 1303 5731 iis
1319 5670 1497 5748 regionibus
1513 5687 1625 5749 magno
1641 5687 1774 5736 numero
1789 5689 1871 5736 com·

1126 5764 1316 5826 morantium
1344 5763 1505 5843 spirituale
1534 5766 1652 5828 bonum
1682 5766 1871 5844 respiciunt,

1125 5872 1204 5936 quae
1232 5858 1404 5920 conducere
1433 5868 1580 5938 poterunt
1607 5862 1643 5922 ad
1671 5861 1873 5941 copiosiorem

1125 5950 1246 6014 clerum
1267 5951 1309 6014 ibi
1330 5950 1571 6030 ellormandum,
1586 5968 1726 6040 quaeque
1747 5954 1782 6016 ad
1798 5955 1873 6032 bde-

1893 4342 1960 4378 ilem.
