4740 6962
2110 559 2209 613 unc.
2231 555 2325 612 1775

314 555 368 612 An.
382 559 413 610 0·
435 557 503 609 1775
551 557 611 620 208
1056 577 1120 622 run.
1145 578 1236 622 nour.
1261 577 1300 620 ne
1322 577 1351 620 r.
1375 576 1403 622 r.
1428 577 1509 620 exus
1532 576 1552 619 r.

533 709 641 755 corum
670 693 858 770 huiusmodi,
881 695 934 774 qui
959 695 1017 757 sub
1044 712 1099 757 suo
1121 694 1203 759 felici
1225 696 1277 758 do·
1335 693 1491 768 clausulis,
1506 693 1760 774 irritantibusque
1776 703 1806 758 et
1825 694 1891 758 aliis
1904 693 2034 758 decretis
2046 695 2078 756 in

534 786 632 848 minio
658 789 873 866 reperiuntur,
890 791 928 852 de
950 789 1111 868 apostolica
1136 789 1278 867 benigni·
1336 802 1450 863 genere
1466 784 1516 848 vel
1531 785 1563 848 in
1578 788 1691 866 specie,
1707 805 1740 852 uc
1755 787 1821 850 aliis
1836 787 1868 852 in
1888 786 2079 850 contrarium

535 885 594 942 tate
617 889 792 959 opportune
814 881 976 961 providere
1002 882 1215 960 dignaremur.
1335 877 1569 958 quomodolibet
1595 880 1758 957 concessis,
1783 879 1955 960 approbatis
1976 887 2007 940 ct
2032 877 2080 939 in·

315 979 460 1028 Facultates
473 991 516 1036 or·
574 973 1278 1054 §hNosigituripsiusvotis,quantumcum
1336 971 1468 1034 novatis.
1505 973 1620 1048 Quibus
1648 974 1793 1036 omnibus
1820 980 1851 1035 et
1882 971 2014 1049 singulis
2046 972 2080 1034 il-

302 1034 515 1135 ffi‘idri‘csau‘i‘i
535 1067 666 1130 liornino
682 1083 855 1146 possumus,
868 1068 1003 1145 benigne
1019 1083 1158 1131 annuere
1172 1068 1278 1131 volen-
1334 1064 1438 1128 lorum
1460 1073 1583 1128 tenores
1610 1067 1824 1146 praesentibus
1849 1082 1904 1146 pro
1935 1064 2028 1144 plene
2049 1071 2081 1128 et

302 1139 516 1242 dddr‘i’adidgissf
536 1168 591 1236 lec,
614 1168 774 1222 eteorum
803 1161 975 1238 singulares
1004 1177 1149 1240 personas
1171 1179 1186 1225 a
1212 1163 1278 1241 qui·
1335 1159 1527 1222 sufficienter
1547 1160 1758 1240 expressisse
1779 1161 1817 1223 de
1837 1159 1933 1222 verbo
1954 1158 1990 1220 ad
2011 1175 2080 1220 ver-

303 1257 516 1403 }ffiffissfflssgss
535 1253 640 1359 busvis
674 1253 1001 1317 excommunicationis
1036 1263 1067 1316 et
1101 1255 1277 1330 interdicti,
1335 1251 1410 1313 bum
1433 1253 1557 1314 insertis
1570 1253 1730 1329 habentes,
1746 1253 1806 1316 illis
1827 1252 1900 1315 alias
1913 1253 1946 1314 in
1960 1267 2017 1314 suo
2031 1269 2079 1314 ro-

317 1355 516 1420 ,usaruaerara-
533 1347 663 1427 aliisque
693 1347 905 1410 ecclesiasticis
930 1347 1087 1423 censuris,
1114 1348 1276 1410 sententiis
1336 1344 1410 1406 bore
1439 1345 1661 1424 permansuris,
1682 1345 1717 1408 ad
1747 1345 1988 1424 praemissorum
2009 1345 2084 1408 elie

303 1409 426 1456 ‘mmm'
534 1449 565 1504 et
587 1440 693 1520 poenis
714 1441 823 1518 quovis
854 1443 944 1503 modo
973 1450 1004 1502 et
1026 1454 1221 1520 quacumque
1242 1441 1278 1502 de
1335 1445 1421 1500 ctum
1442 1439 1497 1500 hac
1519 1438 1585 1500 vice
1606 1440 1765 1501 dumtaxat
1785 1437 1958 1516 specialiter
1975 1444 2007 1499 et
2028 1453 2080 1499 ex·

534 1551 621 1598 causa
636 1534 715 1610 latis,
730 1534 756 1594 si
771 1551 845 1612 quas
863 1534 942 1596 forte
958 1534 1169 1609 incurrerunt,
1186 1533 1279 1597 huius
1335 1547 1439 1610 presse
1450 1531 1646 1611 derogamus,
1657 1531 1830 1610 ceterisque
1841 1531 2003 1594 contrariis
2013 1531 2080 1610 qui-

535 1634 657 1690 tantum
674 1629 719 1690 rei
739 1629 836 1706 gratia
858 1627 1051 1689 absolventes
1075 1633 1106 1689 et
1126 1626 1279 1689 absolutos
1336 1623 1538 1704 buscumque.

534 1721 601 1784 fore
615 1732 787 1796 censentes,
805 1729 839 1785 ut
854 1720 910 1800 ipsi
926 1720 1041 1782 Christi
1057 1718 1163 1783 fideles
1178 1719 1278 1796 graeci
1375 1716 1487 1778 Datum
1515 1717 1640 1793 Romae,
1663 1719 1741 1797 apud
1763 1718 1794 1782 S.
1811 1718 1939 1781 Petrum
1954 1719 2012 1782 sub
2026 1735 2080 1782 au·

535 1817 567 1880 in
590 1817 719 1893 unione,
741 1833 813 1894 qua,
836 1815 1024 1896 propitiante
1046 1814 1120 1888 Deo,
1143 1828 1216 1876 cum
1237 1812 1277 1874 la·
1336 1801 1411 1870 uuio
1426 1809 1600 1886 Piscatoris,
1617 1811 1748 1874 dievrrr.
1761 1811 1866 1890 aprilis
1881 1827 2077 1890 unccuxxv„

315 4919 449 4977 berogatio
459 4926 517 4962 con·

305 4977 450 5023 trariorum.

536 1912 599 1973 tina
620 1910 744 1974 ecclesia
767 1926 852 1973 nnnc
872 1917 957 1984 sunt,
975 1909 1006 1969 iu
1029 1913 1189 1987 posterum
1203 1923 1278 1986 quo-

535 2021 596 2084 que
609 2003 824 2066 indesinenter
841 2001 1045 2081 alacriterque
1063 2009 1276 2081 perseverent,

534 2094 779 2159 fraternitatibus
794 2095 906 2155 vestris
927 2092 1116 2169 facultatem,
1129 2100 1164 2155 ut
1178 2093 1210 2155 iu
1226 2107 1278 2154 ve·

534 2190 606 2252 stris
628 2187 800 2268 respective
827 2187 1004 2251 civitatibus
1032 2196 1063 2250 et
1089 2187 1277 2250 dioecesibus

535 2284 711 2348 Austriacae
731 2281 842 2344 ditioni
857 2281 1014 2358 subiectis,
1030 2283 1158 2345 retentis
1175 2289 1277 2343 tamen

534 2395 567 2444 ac
589 2376 749 2441 celebratis
770 2375 889 2436 festivis
904 2375 1010 2438 diebus
1031 2374 1277 2438 Resurrectienis

533 2479 566 2534 et
586 2472 794 2544 Pentecostes,
810 2468 939 2547 aliisque
954 2485 1009 2547 per
1030 2482 1147 2530 annum
1171 2467 1277 2530 diebus

533 2564 707 2638 dominicis,
721 2578 778 2624 uec
799 2577 862 2624 nou
885 2561 1060 2624 Nativitatis
1082 2561 1206 2624 bomini
1223 2577 1278 2622 no-

533 2657 589 2720 stri
612 2659 679 2720 lesu
702 2656 834 2732 Christi,
858 2655 1119 2730 circumcisionis,
1148 2655 1277 2734 Epipha-

534 2753 615 2826 niae,
639 2749 847 2826 Ascensionis,
862 2765 919 2811 nee
933 2764 995 2811 non
1018 2749 1157 2828 quinque
1171 2748 1278 2812 dicatis

534 2846 643 2907 Beatae
666 2843 777 2906 llariae
798 2840 930 2918 Virgini,
952 2842 1068 2904 scilicet
1089 2842 1279 2906 Purificatio·

534 2939 594 3012 nis,
617 2935 885 3011 Annuntiationis‚
909 2934 1277 3012 Assumptionis,Nativi·

535 3029 603 3093 tatis
626 3037 657 3091 et
680 3027 908 3106 Conceptionis,
932 3043 965 3089 ac
989 3027 1083 3088 etiam
1104 3027 1189 3091 festis
1210 3045 1277 3090 san-

533 3130 657 3186 ctorum
678 3120 896 3200 Apostolorum
911 3121 994 3182 Petri
1009 3128 1040 3183 et
1054 3121 1151 3198 Pauli,
1169 3131 1198 3184 et
1213 3138 1278 3184 om·

534 3218 624 3280 nium
647 3215 844 3292 Sanctorum,
869 3214 1005 3294 reliquos
1025 3213 1089 3277 dies
1110 3214 1202 3277 festos
1224 3232 1279 3296 per

534 3312 660 3374 eosdem
674 3324 799 3387 graecos
814 3308 960 3371 celebrari
975 3306 1094 3384 solitos,
1110 3317 1202 3386 prout
1217 3325 1280 3372 ma-

535 3407 581 3484 gis
609 3419 784 3481 congruum
812 3412 905 3481 atque
935 3401 1103 3481 expediens
1130 3403 1217 3465 vobis
1246 3405 1278 3466 in

534 3499 667 3563 Domino
689 3495 856 3572 videbitur,
873 3497 1029 3573 minuere,
1046 3513 1079 3559 ac
1094 3499 1278 3576 praescripta

535 3610 590 3673 pre
611 3593 654 3656 eis
669 3591 784 3654 ieiuuia
800 3589 979 3664 transferre,
996 3606 1054 3652 uec
1067 3605 1130 3654 nou
1146 3589 1279 3653 aliorum

535 3685 755 3767 Apostolorum
770 3691 800 3745 et
819 3683 991 3760 Martyrum
1012 3686 1280 3746 commemoratio·

535 3794 609 3840 nem
632 3779 664 3838 in
687 3775 816 3837 alicuius
840 3773 898 3834 diei
914 3773 984 3835 festi
995 3773 1172 3836 celebritate
1193 3788 1279 3851 pera·

536 3885 609 3947 gere
630 3866 768 3942 valeatis,
786 3866 967 3928 auctoritate
982 3865 1157 3944 apostolica,
1170 3873 1279 3929 tenore

535 3961 757 4042 praesentium,
782 3958 980 4021 concedimus
1003 3967 1036 4020 et
1067 3958 1277 4036 indulgemus.

537 4054 745 4120 Commissum
769 4061 871 4116 tamen
894 4067 983 4130 opus,
1006 4053 1200 4115 venerabiles
1221 4054 1278 4116 fra·

535 4156 609 4224 treS,
633 4149 674 4208 ita
693 4146 852 4208 absolvere
873 4145 1031 4222 curabitis,
1047 4155 1082 4209 ut
1098 4149 1195 4225 quoad
1213 4150 1280 4211 lieri

536 4241 660 4320 poterit,
691 4249 721 4302 et
752 4239 900 4318 cuiusque
931 4241 1102 4318 respective
1133 4241 1280 4306 dioecesis

536 4335 732 4396 necessitates
753 4349 787 4394 ac
808 4334 944 4394 rationes
965 4333 1178 4412 postulabunt,
1195 4350 1280 4413 grae·

535 4444 643 4492 corum
672 4425 850 4488 huiusmodi
880 4427 1070 4504 indigentiae
1099 4435 1130 4489 et
1154 4429 1279 4492 salutari

536 4523 711 4586 animarum
734 4519 870 4582 medelae
884 4535 923 4581 ex
935 4521 1050 4583 ieiunio
1065 4521 1280 4601 percipiendae

537 4615 698 4697 prudentia
721 4622 752 4676 et
776 4614 901 4675 caritate
922 4621 1021 4674 vestra
1045 4617 1091 4693 pie
1114 4624 1280 4696 sancteque

536 4729 550 4770 a
573 4709 659 4772 vobis
681 4707 858 4771 consultum
874 4706 968 4770 luisse
982 4722 1091 4768 omnes
1111 4717 1278 4786 agnoscant

536 4812 568 4868 et
590 4803 754 4867 fateantur.

576 4899 645 4974 §ln
670 4896 738 4959 Non
760 4895 1279 4964 obstantibusconstitutionibuset

536 4991 784 5064 ordinationibus
806 4988 989 5068 apostolicis,
1012 5007 1045 5052 ac
1066 4990 1226 5056 civitatum
1248 5000 1279 5056 et

535 5089 710 5151 dioecesum
722 5083 1005 5146 huiusmodietiam
1015 5084 1200 5162 iuramento,
1209 5105 1280 5151 cou-

536 5181 711 5244 firmatione
733 5177 906 5256 apostolica,
928 5177 977 5238 vel
1002 5179 1111 5256 quavis
1133 5181 1280 5246 firmitate

536 5275 594 5337 aliu
614 5274 764 5338 roboratis
788 5272 911 5336 statutis
933 5277 963 5332 et
984 5275 1279 5354 consuetudinibus;

536 5369 708 5449 privilegiis
720 5387 854 5451 quoque,
865 5367 991 5429 indultis
1008 5373 1038 5427 st
1050 5364 1147 5427 literis
1162 5376 1280 5447 aposto-

537 5465 603 5531 licis
623 5465 836 5545 superioribus
859 5471 890 5524 et
915 5465 1055 5542 personis
1076 5467 1134 5528 sub
1156 5466 1280 5546 quibus·

537 5577 672 5641 cumque
685 5561 845 5624 ‘tenoribus
856 5570 887 5624 et
898 5561 1016 5638 formis,
1030 5579 1063 5624 ac
1073 5579 1144 5626 cum
1156 5563 1281 5644 quibus·

538 5657 585 5718 vis
596 5657 690 5718 etiam
705 5656 966 5733 derogatoriarum
979 5658 1192 5734 derogatoriis,
1202 5657 1281 5720 aliis·

538 5767 599 5829 que
613 5749 843 5826 efficacioribus,
859 5750 1086 5828 efficacissimis,
1102 5769 1135 5814 ac
1150 5750 1281 5814 insolitis

579 5967 609 6023 (l)
625 5967 686 6013 coll.
701 5977 762 6012 cum
777 5969 839 6024 Reg.
855 5969 927 6013 Brev.
942 5968 1165 6016 criminositas.
1199 5975 1202 5982 ’

1336 1902 1534 1981 pontificatus
1556 1903 1655 1966 nostri
1680 1919 1763 1966 anno
1786 1921 1809 1965 1.

1680 2187 1731 2252 Vl.

1335 2372 1474 2439 duellet
1502 2377 1620 2439 merite
1649 2377 1854 2440 directorum
1880 2383 1911 2438 et
1942 2378 2079 2442 Vicurie-

1375 2485 1449 2531 rum
1470 2470 1725 2547 Apostolicorum
1746 2471 1788 2534 ed
1808 2471 1983 2552 Collegium
2004 2475 2081 2540 Mis-

1374 2566 1503 2628 sinuum
1513 2563 1555 2626 ed
1570 2571 1694 2626 auteres
1708 2565 1954 2643 pertinentium,
1967 2583 2079 2645 oppro-

1374 2656 1428 2721 but
1450 2657 1639 2720 erectionem
1658 2657 1790 2735 Colleqii
1804 2660 1963 2738 procreetis
1983 2676 2080 2739 prope

1373 2749 1607 2814 Pudicleerium
1622 2751 1757 2829 fuctum,
1774 2753 1855 2830 qued
1869 2754 2006 2831 suscipit
2021 2751 2079 2816 sub

1374 2862 1451 2908 suee
1472 2851 1502 2906 et
1525 2844 1557 2907 S.
1584 2841 1851 2925 Conprequtiouis
1874 2845 1994 2910 tutele:
2016 2864 2081 2908 eos-

1375 2955 1433 3018 que
1455 2937 1611 3001 hertutur
1632 2937 1716 3000 illud
1738 2947 1854 3001 curent
1876 2945 1915 3001 ut
1939 2939 2080 3021 Collepiu

1376 3029 1558 3096 hebebatur
1579 3029 1760 3108 peculiaria
1775 3033 1810 3094 iu
1826 3032 1904 3110 ipsis
1918 3033 2080 3098 missioni·

1376 3127 1433 3191 bus
1448 3125 1490 3188 ed
1504 3125 1744 3187 instituendum
1758 3124 1875 3204 rubique
1896 3126 2016 3189 elerum
2032 3129 2082 3190 iu·

1376 3221 1539 3300 diganum,
1561 3234 1600 3280 ue
1622 3234 1765 3296 uuquuru
1785 3220 1872 3281 sueri
1894 3219 2000 3282 desint
2021 3222 2079 3284 rui·

1375 3313 1477 3375 ruistri
1498 3312 1554 3394 (l).

1336 3502 1565 3573 venerabilibus
1587 3500 1732 3570 iratribus
1748 3500 1840 3568 Petro
1858 3501 2008 3588 Episcopo
2024 3505 2081 3574 le·

1376 3597 1518 3664 bracensi
1554 3595 1674 3663 llieario
1706 3596 1882 3678 Apostolieo
1914 3597 2079 3680 Siameusi,

1376 3690 1543 3758 Bertrando
1577 3688 1727 3773 Episcopo
1759 3687 1922 3759 debalensi
1960 3692 2079 3762 licerio

1376 3785 1551 3868 Apostolieo
1574 3781 1721 3868 lonquini
1744 3784 1960 3867 occidentalis,
1986 3787 2080 3856 Eran-

1377 3883 1461 3948 eiseo
1485 3879 1635 3963 Episcopo
1651 3879 1882 3963 Apstopolitano
1904 3881 2022 3950 llieario
2043 3884 2080 3950 A·

1378 3973 1526 4060 postolieo
1550 3970 1733 4040 sur-ceusu
1763 3975 1791 4040 in
1815 3971 1907 4054 Sinis,
1933 3982 1966 4043 et
1986 3975 2081 4044 deor-

1376 4068 1424 4155 qio
1461 4066 1554 4135 Petro
1586 4066 1736 4149 Episcopo
1773 4067 1925 4136 Adrsnen.
1958 4068 2080 4139 licerio

1376 4159 2080 4247 ApostolieoCocineinae,lternboiaesittian-

1376 4275 1441 4343 pae,
1469 4271 1588 4324 neenou
1615 4255 1734 4322 utteeue
1757 4255 1832 4323 tiliis
1861 4257 2009 4325 modernis
2033 4259 2079 4328 [tt-

1377 4351 1547 4421 rectoribus
1570 4348 1744 4417 llissiouun
1767 4349 1804 4417 ad
1832 4348 1960 4420 Exteroa
1984 4350 2080 4421 Serui·

1377 4448 1450 4515 uarii
1474 4443 1675 4523 Parisiensie,

1590 4627 1677 4697 etus
1700 4630 1761 4697 ΡΡ.
1785 4631 1831 4698 tlt.

1416 4820 1616 4888 venerabiles
1631 4819 1747 4887 iratres
1763 4836 1801 4886 ae
1821 4821 1921 4889 dilecti
1936 4821 2000 4900 filii,

1370 4916 1497 4984 salutern
1520 4921 1552 4982 et
1573 4914 1771 4997 apostolicam
1794 4915 2045 4984 benedictionem.

1377 5108 1396 5182 g
1419 5105 1445 5167 l.
1471 5107 1504 5168 ln
1526 5106 1591 5184 ipso
1613 5105 1808 5183 pontificatus
1833 5107 1930 5169 nostri
1952 5109 2080 5186 primor-

1336 5201 1386 5262 dio
1408 5214 1553 5276 magnum
1568 5198 1655 5260 nobis
1669 5198 1702 5259 in
1717 5198 1847 5260 Domino
1870 5199 2001 5262 laetandi
2013 5221 2082 5265 cau·

1336 5310 1401 5354 sam
1416 5291 1520 5354 attulit
1534 5291 1664 5355 dilectus
1686 5291 1768 5353 nlius
1784 5291 1956 5372 Stephanus
1972 5295 2081 5372 borgia

1337 5392 1458 5447 nostrae
1480 5384 1738 5462 Congregatiouis
1759 5385 1974 5463 Propagandae
1996 5387 2080 5451 Fidei

1336 5477 1518 5551 aSecretis,
1539 5492 1610 5538 cum
1632 5493 1686 5554 pro
1711 5478 1835 5554 egregii
1861 5479 1893 5539 in
1921 5478 2081 5557 fungendo

1336 5586 1392 5631 suo
1413 5584 1545 5631 munere
1565 5569 1726 5632 sedulitate
1742 5577 1833 5649 atque
1855 5571 2006 5634 industria
2027 5589 2081 5636 no·

1337 5662 1381 5725 bis
1403 5662 1570 5740 diligenter
1598 5663 1799 5742 exposuisset,
1822 5664 1956 5742 plurima
1979 5673 2081 5728 vestra
2162 5657 2164 5661 ’

1337 5756 1373 5818 de
1396 5755 1428 5819 S.
1452 5756 1506 5818 hac
1534 5755 1612 5819 Sede
1632 5759 1741 5820 merita
1762 5765 1793 5820 et
1822 5759 2007 5839 praeclaram
2028 5776 2082 5823 ve·
