4750 6980
354 537 408 594 Aa.
422 541 452 594 d.
473 540 542 594 1796
592 538 652 606 ltlss

571 682 717 744 omnibus
737 689 768 745 et
788 683 920 762 singulis
942 685 1067 749 illorum
1089 694 1212 750 tenores
1227 705 1313 767 prae-

571 775 710 837 sentibus
731 790 785 854 pro
806 777 896 856 plene
910 785 940 840 et
953 780 1144 843 sufficienter
1158 783 1312 860 expressis

571 883 603 928 ac
624 868 662 930 de
682 870 778 932 aerbo
799 872 834 933 ad
858 871 987 934 verbum
1009 873 1134 936 insertis
1154 875 1311 951 habentes,

571 959 631 1024 illis
652 961 729 1032 alias,
751 964 782 1024 in
805 981 861 1026 suo
893 966 1002 1029 robore
1032 969 1253 1045 permansuris,
1276 970 1311 1032 ad

570 1055 807 1132 praemissorum
829 1057 974 1122 ellectum
996 1060 1050 1124 hae
1071 1061 1138 1124 vice
1152 1064 1313 1127 dumtaxat

569 1147 741 1224 specialiter
760 1157 792 1212 et
807 1167 949 1230 expresse
962 1153 1158 1230 derogamus,
1173 1157 1314 1218 caeteris-

570 1255 630 1318 que
651 1242 812 1304 contrariis
833 1243 1080 1324 quibuscunque.

609 1332 721 1394 Datum
741 1333 866 1411 Romae,
889 1337 967 1415 apud
990 1336 1021 1400 S.
1040 1339 1165 1402 Petrum
1180 1343 1239 1403 sub
1259 1359 1313 1405 an-

570 1424 646 1486 nulo
668 1425 835 1502 piscatoris,
858 1427 908 1491 die
929 1444 980 1492 xa.
997 1431 1101 1510 aprilis
1123 1449 1312 1512 audouera,

569 1517 764 1596 pontificatus
786 1520 883 1582 nostri
904 1539 986 1585 anuo
1007 1538 1087 1586 xxrr.

815 1771 1065 1788 *nu—u.—

875 1995 1006 2060 dxviii.

832 2179 1050 2250 allocutio
1231 2256 1242 2280 ,

1227 2309 1251 2354 a

570 2367 797 2446 Episcoporara
829 2379 858 2434 et
887 2372 965 2434 cleri
994 2374 1233 2438 Maronitarum
1254 2375 1311 2436 ela-

608 2461 745 2524 ctiooem
773 2465 942 2544 coufirmat
970 2466 1112 2544 Pttltppt
1139 2468 1229 2530 Petri
1252 2471 1311 2534 lla·

608 2555 717 2617 maliet
731 2556 821 2620 areb.
842 2559 939 2637 Cypri
956 2559 991 2621 ia
1007 2559 1239 2624 Potriorclaom
1257 2563 1313 2641 sp-

609 2648 918 2726 ro-Maroaitaram,
941 2656 1030 2732 eique
1049 2654 1187 2732 pallium
1209 2673 1313 2718 eauce-

608 2741 681 2815 dit;
710 2740 847 2806 Caecilii
870 2743 1056 2810 Libanensis
1079 2747 1311 2812 observantiam

607 2836 767 2918 iaiuuqit,
782 2838 929 2930 etdeuao
951 2840 1085 2904 demeat
1106 2842 1258 2906 monialis
1271 2844 1313 2906 -Α-

606 2930 692 3009 qusai
713 2935 886 2993 sectatores
905 2931 960 3014 (l).

768 3116 966 3189 venerabiles
987 3122 1113 3190 tratres.

608 3311 652 3373 Ex
662 3312 725 3374 illis
735 3311 898 3376 Orientalis
911 3314 1062 3378 Ecclesiae
1074 3317 1220 3395 partibus,
1232 3333 1310 3396 quae

567 3406 698 3468 suntin
727 3406 944 3470 coniunctione
973 3410 1094 3488 fideque
1119 3407 1310 3487 apostolicae

567 3499 661 3561 huius
682 3497 779 3576 Sedis,
802 3517 943 3580 quaeque
964 3508 1123 3580 propterea
1149 3495 1310 3582 praecipua

568 3599 689 3654 nostrae
718 3593 923 3665 solicitudinis
944 3595 977 3656 iu
998 3610 1031 3657 se
1052 3594 1150 3657 studia
1182 3611 1312 3658 conver·

567 3691 648 3762 tunt,
671 3702 780 3750 recens
799 3689 909 3771 allatus
929 3695 974 3752 est
993 3690 1134 3764 nuntius,
1150 3705 1245 3768 quem
1260 3690 1309 3752 hic

566 3781 725 3848 vobiscum
739 3783 970 3846 communicare
984 3783 1177 3862 suscipimus.
1195 3782 1307 3847 Deian-

566 3882 632 3937 ctus
662 3876 778 3939 scilicet
798 3884 845 3940 est
866 3879 898 3940 in
926 3877 1120 3957 patriarchali
1147 3877 1309 3940 Maronita-

566 3985 638 4032 rum
667 3969 816 4033 Gathedra
843 3971 975 4034 venir.
999 3970 1127 4035 Michael
1148 3971 1238 4035 Eadel
1260 3973 1309 4035 dia

567 4077 644 4125 xvir.
669 4065 740 4126 maii
768 4065 842 4127 anni
870 4068 1011 4144 proxime
1038 4067 1144 4146 elapsi,
1167 4065 1309 4128 nondum

566 4156 711 4219 conlectis
732 4158 765 4220 in
782 4174 838 4222 suo
853 4159 1061 4223 Patriarohatu
1076 4160 1193 4224 duobus
1208 4159 1307 4234 annis,

567 4265 679 4328 nempe
693 4250 809 4314 electus
824 4252 873 4314 die
888 4269 918 4314 x.
931 4255 1098 4332 septenni
1113 4267 1307 4326 uouendas,

565 4346 671 4406 statim
692 4344 755 4422 ipsa
775 4346 812 4408 ad
832 4348 910 4409 hane
931 4345 962 4410 S.
987 4346 1099 4410 Sedem
1126 4344 1309 4421 ablegatum

566 4438 702 4514 miserat,
715 4439 768 4518 qui
784 4445 814 4502 et
826 4440 990 4503 canonicae
1005 4440 1163 4503 electionis
1174 4455 1246 4501 suae
1257 4437 1308 4500 do-

566 4540 709 4596 cumenta
730 4533 765 4597 ad
788 4549 843 4595 uos
858 4533 1004 4609 deterret,
1020 4550 1034 4594 a
1050 4532 1201 4611 nobisque
1215 4533 1310 4610 ipsius

567 4628 696 4690 nomine
717 4634 747 4689 et
764 4626 923 4690 electionis
937 4628 1205 4690 confirmationem
1219 4635 1251 4690 et
1265 4643 1310 4688 sa·

607 4828 636 4885 (1)
652 4828 696 4874 Dia
710 4829 811 4874 decima
825 4829 937 4886 septima
952 4830 1016 4876 maii
1030 4830 1093 4876 anni
1107 4841 1236 4876 uoccxcv.
1249 4840 1308 4876 eum

566 4907 579 4938 e
596 4893 660 4940 vivis
675 4894 830 4940 excessisset
844 4894 927 4941 Rrhus
941 4898 967 4942 b.
980 4896 1089 4942 michael
1103 4897 1182 4942 hadal
1196 4895 1311 4942 Patriar-

565 4961 615 5008 cha
629 4963 805 5009 antiochenus
825 4967 952 5020 syrorum
971 4963 1170 5019 Maronitarum,
1185 4963 1231 5020 qui
1245 4965 1310 5008 lose

566 5031 617 5088 pho
636 5031 760 5086 Stephani
780 5030 833 5076 iam
854 5033 910 5075 tum
930 5040 946 5075 a
964 5029 1006 5076 die
1025 5041 1069 5076 xx.
1085 5035 1150 5087 sept.
1166 5041 1308 5076 uuccxcur.

566 5109 699 5144 successor
719 5099 819 5143 alectus
840 5097 934 5152 suerat,
955 5109 1085 5156 suumque
1105 5099 1255 5155 ablegatum
1277 5100 1310 5144 ad

566 5169 590 5211 S.
606 5166 697 5212 sedam
719 5166 838 5219 miserat,
857 5165 901 5210 sed
921 5166 1036 5211 nondum
1058 5167 1090 5212 ab
1111 5165 1201 5210 eidem
1224 5166 1311 5212 iuerat

565 5234 751 5279 confirmatus:
774 5232 888 5290 peractis
907 5233 1026 5278 demere
1045 5232 1252 5287 novendialibus,
1266 5238 1311 5278 ar·

565 5299 722 5356 chiepiseopi
737 5303 763 5344 at
779 5299 898 5356 Episcopi
912 5299 1029 5345 eiusdem
1051 5299 1167 5344 nationis
1182 5303 1309 5356 Syrorum

565 5367 767 5420 Maronitarum,
776 5367 873 5423 quibus
887 5365 1002 5422 elipandi
1012 5365 1181 5412 patriarchae
1192 5368 1233 5412 ius
1243 5377 1312 5411 com·

565 5434 641 5490 petit,
650 5437 831 5480 convenerunt
839 5434 881 5478 dia
891 5445 948 5478 xus.
959 5434 1026 5477 iunii
1036 5433 1119 5478 eiusd.
1128 5445 1169 5478 au.
1179 5445 1308 5480 unccxcv.

565 5502 592 5546 in
608 5506 737 5547 conventu
752 5505 776 5546 8.
792 5501 890 5546 Mariae
904 5501 936 5546 da
950 5502 1079 5553 betorica:
1092 5504 1119 5545 et
1128 5501 1248 5546 unanimi
1258 5513 1310 5546 om·

566 5570 640 5614 nium
662 5579 791 5614 consensu
812 5568 950 5623 elegerunt
968 5568 995 5612 in
1015 5567 1205 5623 patriarcham,
1224 5573 1250 5614 et
1268 5569 1310 5614 die

567 5635 686 5691 sequenti
701 5635 931 5691 proclamaverunt
946 5633 1041 5678 Rhium
1061 5637 1087 5681 l).
1103 5633 1253 5690 Philippum
1269 5638 1310 5679 Pe·

567 5707 638 5746 trum
660 5701 784 5756 demaiel,
806 5701 1026 5756 quemadmodum
1046 5713 1077 5746 ex
1101 5701 1224 5758 synodico
1246 5703 1311 5758 ipso·

567 5778 626 5812 rum
641 5767 747 5812 decreto
761 5767 929 5824 perspicuum
944 5767 1072 5812 redditur.

606 5834 744 5879 melerense
767 5833 829 5879 Eriro
850 5839 877 5878 et
895 5833 961 5879 Rriro
982 5835 1008 5878 D.
1024 5834 1157 5879 cardinali
1173 5837 1311 5881 antonello

566 5901 771 5956 postulationem
792 5901 825 5946 ab
840 5901 973 5957 Episcopis
988 5903 1014 5945 et
1028 5901 1098 5946 claro
1120 5902 1310 5948 Maronitarum

566 5967 685 6014 demere
700 5967 795 6015 iactam
810 5971 839 6012 R.
851 5971 876 6012 Ρ.
891 5970 917 6012 D.
933 5967 1046 6024 Philippi
1061 5969 1132 6014 Petri
1143 5968 1257 6014 demaiel
1267 5973 1311 6014 Ar-

1093 567 1156 614 tun.
1182 568 1271 614 PONT·
1296 570 1336 614 ba
1357 571 1385 616 P.
1409 571 1438 618 F·
1462 573 1544 618 PARS
1566 574 1586 617 l.

1365 691 1407 753 cri
1430 691 1516 754 Pallii
1543 695 1661 756 donum
1689 693 1866 772 postularet.
1897 695 1956 758 Sed
1985 694 2024 756 ob
2051 695 2111 758 iter

1366 792 1396 846 et
1418 784 1547 860 longum
1561 792 1592 846 et
1607 785 1692 848 lente
1706 786 1743 848 ab
1758 786 1905 864 ablegato
1919 787 2107 864 conlectum,

1365 876 1483 952 accidit,
1497 887 1531 941 ut
1547 878 1619 942 inde
1634 879 1665 940 in
1680 880 1759 941 hanc
1772 880 1884 942 almam
1899 881 2015 944 Urbem
2030 883 2110 946 circa

1365 967 1395 1029 id
1425 978 1546 1048 tempus
1574 973 1763 1050 pervenerit,
1793 989 1854 1050 quo
1881 974 1945 1050 ipse
1974 975 2111 1038 antistes

1367 1061 1426 1124 iam
1454 1064 1564 1142 planus
1590 1066 1713 1128 dierum
1741 1066 1990 1146 meritorumque
2016 1085 2111 1131 senex

1366 1171 1404 1218 es
1425 1158 1480 1220 hac
1501 1158 1623 1220 mortali
1645 1161 1680 1222 ad
1700 1160 1909 1223 immortalem
1924 1163 2021 1224 vitam
2035 1162 2111 1224 emi·

1368 1260 1478 1328 grarat.
1502 1253 1528 1314 ls
1548 1253 1583 1314 ad
1607 1270 1662 1316 nos
1683 1254 1791 1318 allatus
1813 1256 1947 1319 nuncius
1965 1266 2022 1332 est,
2037 1273 2110 1320 cum

1367 1343 1425 1404 lam
1448 1346 1605 1424 perspecti
1628 1345 1711 1408 illius
1736 1347 1875 1424 legitimi
1902 1349 2056 1412 electione
2076 1350 2109 1412 in

1367 1451 1402 1497 eo
1423 1453 1558 1514 eramus,
1577 1446 1611 1502 ut
1626 1442 1663 1501 de
1677 1440 1817 1502 eiusdem
1832 1440 2040 1504 Patriarchatu
2056 1458 2108 1520 po·

1366 1528 1566 1592 stulationem
1594 1543 1690 1595 ratam
1718 1534 1928 1596 redderemus.
1960 1535 2020 1598 Sed
2043 1551 2111 1598 mu·

1366 1623 1427 1684 tati
1442 1639 1548 1687 rerum
1563 1624 1640 1699 vice,
1653 1626 1836 1690 defunctum
1846 1628 2011 1691 debuimus
2024 1638 2110 1692 tanto

1368 1717 1477 1778 maiori
1491 1717 1642 1782 desiderio
1657 1737 1689 1781 ac
1704 1719 1810 1782 dolore
1824 1723 1978 1800 prosequi,
1995 1731 2110 1801 quanto

1366 1811 1571 1873 certiorarer
1598 1821 1702 1875 nostra
1730 1821 1913 1892 nostraeque
1941 1819 1979 1877 de
2001 1809 2111 1895 Plopa·

1366 1906 1464 1980 gandi
1486 1905 1559 1969 Fide
1581 1907 1834 1983 congregationis
1853 1909 1890 1970 de
1911 1908 1978 1970 eius
1999 1909 2111 1986 pietate

1366 1999 1514 2078 omnique
1528 2000 1670 2076 pastorali
1686 2001 1802 2064 virtute
1817 2005 1998 2081 expectatio.
2014 2007 2110 2080 Quam

1367 2090 1463 2168 igitur
1494 2093 1565 2155 vivo
1587 2110 1640 2172 per
1671 2102 1794 2173 tempus
1825 2110 1888 2156 non
1921 2095 2019 2172 licuit,
2040 2113 2110 2160 eam

1366 2199 1450 2246 nunc
1465 2185 1514 2247 rel
1529 2187 1667 2250 extincto
1680 2190 1932 2268 approbationem
1946 2193 2110 2253 conflrma-

1367 2276 1548 2357 tionemque
1574 2279 1693 2357 damus,
1718 2281 1882 2361 ipsumque
1902 2283 1935 2346 in
1955 2284 2037 2348 serie
2057 2285 2109 2346 Pa-

1367 2370 1570 2434 triareharum
1592 2373 1813 2438 Maronitarum
1835 2379 1909 2455 poni
1929 2381 2111 2458 censerique

1366 2461 1522 2538 volumus,
1552 2463 1647 2527 etiam
1672 2466 1697 2527 si
1719 2473 1820 2530 morte
1847 2475 2034 2544 praeventus
2056 2471 2108 2533 ho-

1366 2571 1475 2618 norem
1497 2557 1583 2619 Pallii
1597 2559 1735 2637 recipere
1748 2577 1764 2620 a
1780 2560 1868 2622 nobis
1883 2577 1946 2624 uon
1960 2565 2107 2641 potuerit.

1405 2647 1519 2712 Paucos
1539 2660 1607 2729 post
1625 2667 1747 2715 menses
1757 2654 1904 2717 *celeriter
1919 2655 1954 2716 ad
1970 2673 2026 2720 nos
2041 2672 2108 2735 per-

1365 2743 1453 2803 venit
1473 2744 1603 2807 dilectus
1618 2746 1700 2808 tilius
1715 2748 1865 2810 arsenius
1881 2748 2028 2813 Carduchi
2044 2769 2110 2814 mo·
2133 2735 2135 2742 ’

1366 2838 1481 2900 nachus
1499 2841 1694 2903 Antonianas
1708 2841 1745 2904 ab
1758 2842 1856 2906 eleeto
1871 2843 2043 2910 Patriarchi
2057 2863 2111 2909 es-

1367 2931 1455 2993 tiucti
1476 2949 1651 2998 successore
1672 2936 1840 3012 delegatus.
1865 2937 1946 3001 Cum
1960 2941 2046 3002 enim
2061 2943 2110 3004 die

1366 3041 1430 3088 xiv.
1454 3027 1532 3090 iunii
1553 3029 1628 3090 anni
1648 3030 1789 3107 proxime
1818 3033 1977 3108 praeteriti
1997 3050 2109 3098 conve-

1366 3123 1484 3184 nissent
1505 3123 1537 3184 iu
1559 3122 1590 3185 S.
1614 3121 1725 3184 Mariae
1746 3124 1784 3186 de
1810 3124 1954 3188 Bekorlm
1975 3142 2110 3190 conven·

1365 3223 1433 3278 tum
1447 3217 1613 3280 blaronitae
1628 3217 1779 3298 Episcopi,
1797 3220 1940 3282 omnibus
1954 3221 2109 3298 suffragiis

1365 3312 1527 3374 unanimes
1549 3312 1582 3374 in
1603 3328 1695 3374 suunt
1717 3313 1922 3376 Patriarcham
1944 3314 2108 3394 elegerunt

1365 3420 1436 3466 ven.
1460 3403 1589 3467 tratrem
1618 3405 1794 3484 Philippum
1823 3405 1952 3469 Petrum
1972 3408 2110 3473 Gemaiel

1365 3500 1457 3578 Cypri
1479 3500 1763 3579 archiepiscopum,
1780 3500 1996 3564 consentiente
2017 3503 2109 3565 etiam

1364 3609 1435 3654 ren.
1467 3590 1561 3655 iratre
1591 3593 1733 3656 Gabriele
1763 3594 1910 3657 Kinaider
1941 3595 2109 3674 hioppensi

1366 3687 1524 3766 Episcopo,
1546 3689 1598 3766 qui
1621 3687 1758 3764 legitime
1778 3687 1943 3767 impeditus
1958 3691 2109 3768 episcopa·

1363 3781 1443 3844 libus
1465 3797 1528 3845 non
1552 3780 1734 3844 interfuerat
1754 3782 1899 3844 comitiis.
1925 3782 2049 3846 Electus
2063 3791 2109 3846 est

1364 3877 1521 3955 Philippus
1542 3875 1678 3939 Gemaiel
1698 3882 1824 3937 sextum
1851 3891 1945 3953 agens
1966 3883 1998 3939 et
2018 3878 2108 3956 quin·

1363 3971 1578 4050 quagesimum
1600 3970 1706 4032 aetatis
1727 3985 1859 4046 annum,
1881 3986 1964 4033 anno
1984 3971 2109 4036 undeci-

1365 4079 1415 4125 mo
1437 4063 1532 4142 Cypri
1554 4063 1753 4141 Episcopatus
1773 4065 1833 4139 sui,
1856 4079 1929 4126 cunr
1949 4073 2038 4128 antea
2054 4066 2109 4128 ibi·

1364 4157 1434 4219 dem
1456 4155 1722 4235 archipresbyteri
1744 4172 1859 4219 munus
1880 4158 1938 4220 sub
1960 4159 2108 4236 Episcopo

1365 4249 1430 4312 Elia
1450 4267 1506 4312 suo
1535 4258 1644 4328 patruo
1674 4249 1809 4312 obiisset.
1840 4251 2053 4314 conteruntur
2074 4254 2108 4315 in

1364 4359 1437 4406 eum
1459 4343 1631 4406 universim
1654 4344 1824 4418 doetrinae,
1848 4345 2041 4423 prudentiae,
2058 4345 2109 4408 be

1365 4438 1537 4517 nigritatis,
1560 4439 1704 4516 vitaeque
1734 4435 2017 4515 irreprehensibilis
2045 4437 2108 4500 lau·

1364 4531 1427 4606 des,
1449 4531 1579 4611 eiusque
1599 4530 1742 4593 electioni
1765 4545 1827 4592 non
1845 4531 1948 4594 minus
1962 4531 2000 4592 ab
2014 4531 2108 4594 eecle-

1363 4625 1491 4687 siasticis
1521 4639 1614 4703 quam
1644 4623 1680 4685 ab
1701 4623 1849 4686 omnibus
1879 4624 1946 4687 eius
1974 4625 2107 4688 nationis

1363 4828 1522 4886 ehiepisoopi
1537 4828 1623 4885 cypri,
1638 4827 1688 4872 viri
1702 4828 1765 4882 zelo,
1779 4827 1946 4879 doetrinaat
1959 4828 2108 4884 prudentia,

1363 4896 1511 4954 caterisque
1521 4895 1666 4941 virtutibus
1676 4895 1821 4952 plurimum
1831 4895 2017 4949 commendati,
2028 4895 2055 4940 ln
2066 4899 2109 4942 Pa·

1364 4964 1509 5010 triarcham
1530 4963 1683 5009 Antiochiae
1703 4962 1820 5008 eiusdem
1842 4961 1966 5016 nationis,
1981 4962 2008 5007 in
2023 4963 2108 5008 locum

1364 5036 1394 5078 R.
1405 5037 1430 5078 P.
1442 5036 1468 5077 D.
1485 5031 1619 5078 Michaelis
1634 5031 1712 5075 hadel
1722 5029 1848 5084 damuati,
1857 5039 1958 5074 necnon
1969 5041 2059 5085 preces
2069 5041 2109 5076 eo·

1364 5101 1484 5146 rumdam
1499 5100 1694 5156 Episcoporum,
1703 5098 1768 5144 clari
1778 5101 1805 5142 at
1815 5097 1904 5153 populi
1917 5098 2108 5143 Maronitarum

1365 5179 1412 5222 pro
1426 5167 1594 5224 supradictae
1609 5165 1795 5223 postulationis
1810 5164 1978 5220 admissione,
1989 5167 2015 5210 at
2028 5166 2110 5211 Patri-

1364 5235 1459 5279 archae
1479 5234 1687 5288 confirmatione,
1706 5237 1728 5278 S.
1745 5232 1921 5289 congregatio
1941 5232 2053 5287 censuit,
2067 5233 2109 5278 dia

1365 5313 1420 5347 xrrr.
1438 5301 1528 5348 anartii
1542 5311 1693 5355 unccxcvr,
1708 5300 1897 5345 consulendum
1908 5309 1965 5346 assa
1975 5297 2053 5345 ssmo
2062 5310 2109 5356 pro

1339 5417 1344 5428 ,
1364 5369 1522 5413 admissione
1544 5367 1694 5424 praedictae
1715 5365 1911 5424 postulationis,
1926 5369 1953 5410 et
1972 5365 2108 5411 conflrma-

1365 5434 1436 5479 tione
1457 5433 1574 5478 eiusdem
1596 5436 1625 5478 lt.
1641 5436 1666 5476 P.
1683 5435 1708 5476 ll.
1725 5431 1836 5489 Philippi
1859 5432 1929 5477 Petri
1951 5432 1978 5476 in
1997 5432 2110 5478 Patriar-

1364 5503 1439 5546 cham
1456 5501 1646 5546 antiochenum
1663 5500 1777 5546 nationis
1792 5499 1990 5545 Maronitarum.

1405 5572 1486 5618 Quam
1502 5571 1526 5612 s.
1542 5567 1759 5624 congregationis
1776 5567 1936 5612 sententiam
1952 5565 2030 5612 ssrino
2044 5569 2109 5612 rela-

1365 5641 1418 5681 tam
1433 5646 1448 5680 a
1463 5637 1492 5678 R.
1509 5639 1533 5678 P.
1550 5639 1576 5678 D.
1592 5639 1701 5680 caesare
1716 5633 1890 5679 Branoadorio
1910 5635 2109 5691 archiepiscopo

1365 5703 1487 5747 Nisibeno
1503 5703 1528 5746 iu
1543 5702 1679 5748 audientia
1695 5701 1786 5746 hahita
1800 5700 1841 5744 dia
1855 5711 1927 5746 xxrv.
1939 5701 2033 5757 aprilis
2043 5701 2110 5747 aius-

1364 5771 1421 5814 dem
1436 5770 1508 5824 anni,
1523 5769 1654 5814 Sanctitas
1669 5772 1722 5813 Sua
1736 5768 1763 5812 in
1777 5766 1899 5813 omnibus
1909 5769 2071 5824 adprobavit,
2082 5773 2108 5814 et

1365 5837 1391 5881 in
1406 5838 1567 5882 consistorio
1582 5839 1682 5881 secrato
1697 5835 1788 5881 habito
1802 5835 1843 5880 die
1862 5846 1945 5880 xxvu.
1960 5835 2027 5882 iunii
2042 5836 2108 5883 eius·

1365 5903 1423 5948 dem
1437 5903 1500 5949 anni
1515 5903 1719 5960 postulationem
1734 5903 1909 5948 confirmavit.

2142 561 2194 614 An.
2208 566 2237 618 G.
2254 567 2313 622 tato
