4740 6962
291 518 480 572 An.c.tmm
530 515 590 579 266

511 655 611 718 edicto
641 664 825 729 numquam,
849 656 884 711 31
905 647 1021 726 inquis,
1053 646 1258 724 impugnetur

512 765 546 810 ea
568 745 721 808 Ecclesiae
750 743 925 817 auctoritas,
951 743 1004 804 sed
1035 738 1202 801 mandetur
1223 741 1258 799 ut

513 839 661 918 Episcopi
676 837 857 915 3133333331
873 837 945 898 1333
960 833 1100 913 proprio,
1116 831 1187 911 ipsis
1202 829 1258 893 sci·

512 933 583 996 licet
603 948 618 992 a
640 931 763 994 Christo
783 930 893 992 collato
908 937 1001 1007 atque
1014 927 1150 990 exercito
1165 943 1181 986 3
1196 923 1259 986 3313

513 1023 745 1104 primitivorum
768 1030 943 1101 temporum
962 1018 1257 1100 praedecessoribus.

554 1120 622 1195 §b
647 1119 686 1181 ht
707 1115 832 1179 nullum
853 1115 991 1195 suppetit
1017 1118 1257 1192 argumentum

514 1214 680 1292 Episcopus
702 1211 801 1290 primo
822 1208 875 1270 illo
896 1224 973 1270 aevo
994 1222 1074 1282 eam,
1097 1221 1189 1286 quam
1210 1206 1261 1266 ha-

515 1305 782 1379 buissedicuntur,
791 1301 986 1382 dispensandi
999 1299 1175 1363 facultatem
1186 1313 1260 1376 quo-

515 1397 550 1462 ad
575 1397 810 1460 matrimonium
838 1394 1083 1458 contrahendum
1105 1391 1262 1454 exercuis-

515 1509 558 1556 se.
583 1489 712 1554 13131111
735 1489 791 1567 ipsi
819 1487 994 1552 3333313133
1022 1487 1075 1565 qni
1095 1483 1261 1546 adversum

517 1586 549 1649 S.
564 1584 638 1646 huic
652 1580 723 1646 Sodi
740 1582 880 1645 animum
895 1578 1119 1660 praeseferunt,
1136 1575 1262 1638 nullum

517 1676 694 1742 huiusmodi
722 1674 985 1753 dispensationum
1012 1669 1262 1749 3133313313-

518 1772 626 1833 venire
646 1776 739 1848 atque
770 1767 921 1831 adducere
952 1773 1099 1845 poterunt
1121 1771 1191 1825 ante
1215 1763 1263 1823 ln·

519 1863 700 1926 nocentium
721 1861 768 1924 lll.
793 1861 846 1939 qui
868 1876 923 1939 pro
950 1859 1071 1924 Othone
1093 1855 1143 1918 tll.
1167 1856 1264 1932 impe·

517 1957 695 2018 dimentum
707 1955 739 2016 13
754 1961 863 2034 quarto
878 1949 1154 2029 consanguinitatis
1166 1950 1265 2026 gradu

519 2050 684 2124 relaxavit,
707 2050 740 2110 33
763 2057 866 2111 131333
894 2047 978 2123 lege,
1001 2051 1036 2107 ut
1058 2045 1118 2106 duo
1140 2041 1263 2121 amplis·

519 2143 595 2204 sima
617 2141 801 2204 monasteria
821 2140 900 2204 Otho
921 2138 1076 2212 fundaret,
1093 2151 1265 2213 omnesque

520 2253 575 2315 333
587 2236 757 2316 imperium
772 2234 865 2310 largis
881 2232 1087 2312 eleemosynis
1101 2239 1131 2293 31
1143 2230 1265 2292 ferven-

521 2331 603 2393 tibus
624 2327 814 2390 orationibus
835 2325 917 2389 istud
938 2323 1159 2388 ecclesiasticae
1179 2321 1266 2384 disci·

522 2425 623 2503 plinae
644 2422 761 2484 vulnus
781 2427 1004 2498 compensaret.
1028 2419 1218 2497 Quapropter
1236 2421 1266 2476 et

521 2520 659 2598 primum
674 2515 712 2578 ab
727 2513 896 2593 3333131133
912 2512 991 2576 Sede
1006 2511 1144 2575 exerceri
1160 2525 1193 2571 33
1207 2508 1268 2570 313-

522 2611 739 2693 33333113333
771 2615 904 2686 33133133
933 2606 1044 2684 333311,
1068 2613 1098 2668 31
1119 2605 1169 2666 313
1194 2619 1268 2666 3333

522 2720 617 2787 33333
638 2703 722 2765 illam
748 2702 846 2765 solam
872 2701 1094 2778 perseveravit,
1117 2707 1210 2778 atque
1231 2699 1266 2760 ad

523 2798 653 2862 eandem
674 2797 771 2859 solam
798 2795 960 2874 pertinuit,
983 2802 1076 2872 prout
1098 2793 1192 2857 totius
1214 2793 1268 2855 Ec·

522 2894 632 2974 clasiae
653 2906 804 2956 consensu
833 2890 892 2953 fuit
920 2889 1075 2966 agnitum:
1101 2903 1173 2949 nam
1195 2887 1269 2949 31133

525 2987 688 3066 Episcopus
703 2999 866 3062 nunquam
881 2997 947 3044 3331
961 2981 1020 3043 31111
1035 2980 1211 3043 facultatem
1225 2996 1269 3042 as·

524 3079 690 3157 sumpsisse
712 3083 841 3152 constat,
864 3076 950 3139 3313
966 3075 1186 3138 remotioribus
1201 3075 1269 3153 qui-

524 3176 595 3236 dem
617 3172 772 3250 gradibus,
795 3170 855 3232 nisi
876 3183 949 3232 cum
970 3170 1002 3234 S.
1026 3166 1112 3230 Sedis
1126 3183 1270 3247 expresso

525 3267 574 3330 331
605 3271 804 3346 3333333313
832 3262 996 3343 privilegio
1028 3262 1108 3325 tueri
1129 3275 1164 3324 se
1184 3276 1271 3340 posse

524 3361 727 3428 confiderent.

565 3457 634 3534 §h
659 3456 698 3518 ht
719 3453 877 3535 antiquius
899 3455 992 3517 etiam
1017 3454 1168 3516 habemus
1190 3453 1270 3532 quod

525 3552 572 3615 illi
593 3552 651 3630 ipsi
682 3550 820 3613 doctores
852 3563 916 3610 333
946 3549 1018 3611 33113
1046 3547 1272 3610 animadverte·

527 3652 614 3720 ruut,
635 3661 668 3706 ac
699 3641 835 3705 maxime
865 3641 986 3704 illustre
1018 3642 1147 3704 huiusce
1176 3655 1271 3718 penes

527 3737 732 3818 apostoticam
754 3735 937 3799 Gathedram
956 3733 1147 3799 auctoritatis
1162 3749 1273 3795 monn-

528 3837 672 3894 mentum
695 3830 727 3892 in
749 3829 974 3907 dispensatione
988 3847 1003 3890 a
1018 3828 1049 3891 S.
1067 3827 1216 3904 Gregorio
1230 3827 1269 3888 11.

528 3927 560 3988 13
581 3923 735 4002 aliquibus
761 3923 907 4000 gradibus
929 3939 984 4001 pro
1006 3922 1113 3998 Anglis
1135 3921 1272 3984 christia·

528 4033 600 4079 nam
627 4026 697 4080 tum
726 4017 819 4079 fidem
850 4016 1089 4094 suscipientibus
1120 4031 1272 4089 33333333,

527 4112 609 4192 quod
630 4125 669 4172 ex
690 4109 828 4173 eiusdem
860 4110 1018 4172 Pontisscis
1045 4110 1148 4172 verbis
1169 4110 1274 4172 edoce-

527 4221 601 4269 mur
623 4205 654 4268 13
675 4204 798 4281 Regest.
824 4203 875 4265 lib.
896 4203 943 4280 lt,
959 4221 1006 4283 ep.
1025 4204 1073 4279 17,
1089 4205 1124 4266 33
1139 4203 1274 4266 Felicem

529 4300 756 4362 messanensem
778 4297 963 4376 Episcopum
978 4298 1050 4360 edit.
1070 4297 1163 4359 Paris.
1182 4297 1272 4360 1705:

530 4393 754 4456 «incestuosos
775 4406 852 4454 3333
871 4391 960 4454 33113
990 4391 1127 4467 coniugii
1148 4391 1277 4452 nomine

531 4487 722 4566 3333133333
749 4483 841 4550 388.
866 4485 1004 4548 Ρ31311133
1033 4485 1151 4548 dudum
1181 4490 1277 4547 statu·

532 4589 600 4644 tum
622 4595 687 4642 esse
717 4578 864 4656 legimus.
898 4577 967 4641 1333
999 4579 1145 4641 33131333
1166 4593 1223 4639 333
1245 4579 1277 4639 13

531 4678 588 4738 333
608 4691 643 4737 re
663 4691 678 4736 a
700 4673 798 4748 331113,
821 4673 886 4734 3133
907 4674 1047 4734 33313313
1062 4671 1214 4748 fidelibus,
1231 4687 1277 4734 re·

532 4767 695 4849 prehendi,
710 4768 781 4845 quia
802 4768 883 4845 quod
902 4767 933 4829 13
951 4766 997 4827 313
1011 4765 1058 4843 (13
1072 4781 1163 4845 311333
1178 4781 1279 4829 3333-

532 4863 607 4926 31313
628 4856 870 4939 dispensatione)
887 4858 1061 4936 huglorum
1076 4859 1163 4934 genti
1178 4857 1280 4920 indul·

533 4957 643 5030 simus,
666 4970 730 5017 non
744 4953 875 5014 formam
890 4954 999 5028 dando,
1016 4953 1070 5016 333
1083 4952 1279 5015 3333133333-

534 5052 584 5126 33,
607 5065 647 5112 33
668 5046 898 5110 christianitatis
931 5046 1048 5109 bonum
1069 5048 1151 5126 quod
1173 5063 1279 5124 33333-

535 5152 617 5218 3331,
639 5140 856 5220 imperfectnm
878 5139 1084 5216 dimitterent,
1113 5141 1279 5218 egimus.»

534 5237 650 5314 Quibus
672 5251 710 5298 ex
731 5233 834 5296 verbis
848 5235 1063 5313 consequitur:
1083 5235 1280 5313 1833333-

536 5332 619 5394 rium
639 5329 801 5406 agnovisse
821 5327 1081 5405 impedimentum
1099 5329 1281 5406 consangni-

537 5424 640 5485 nitatis
661 5430 695 5485 ut
709 5422 860 5485 dirimens
881 5436 943 5483 non
965 5439 980 5482 a
1001 5421 1160 5498 saeculari,
1175 5425 1228 5485 sed
1244 5423 1281 5485 ab

537 5515 737 5579 ecclesiastica
757 5522 906 5593 potestate
924 5515 1136 5577 constitutum.
1155 5515 1184 5576 2.
1202 5516 1280 5577 Tan-

537 5619 606 5674 tum
625 5610 741 5683 abesse,
765 5617 799 5670 ut
821 5607 962 5687 Episcopi
982 5623 1050 5670 eam
1066 5609 1281 5672 auctoritatem

537 5703 666 5781 eiusque
688 5702 720 5764 in
748 5702 953 5780 dispensando
981 5719 1072 5765 usum
1104 5703 1281 5777 habuerint,

538 5797 658 5874 311333
681 5795 820 5858 Pontifex
842 5795 978 5859 3311333
1006 5795 1190 5872 reprehendi
1210 5797 1282 5860 scri·

539 5892 636 5964 beret,
670 5892 751 5969 quod
781 5893 816 5954 ad
847 5907 914 5953 eam
945 5889 1206 5970 dispensationem
1227 5906 1283 5970 pro

1038 527 1102 572 lllfl·
1127 527 1217 572 edda-
1242 527 1282 570 DE
1304 526 1332 570 P·
1356 523 1386 570 F·
1410 525 1492 569 PARS
1513 523 1534 566 1.

1312 640 1542 705 christianitatis
1565 640 1646 702 bono
1667 638 1855 702 devenisset.
1879 637 1908 698 3.
1933 637 2062 699 Minime

1313 736 1351 798 33
1364 734 1421 797 333
1435 733 1488 796 333
1503 739 1653 814 potestate
1667 731 1833 807 dubitasse,
1851 729 2059 794 indulsimus.

1313 827 1342 888 l.
1367 827 1500 888 11313313
1522 827 1554 888 13
1576 825 1687 888 3313313
1708 823 1869 888 3331311331
1891 825 1974 888 orbis
1994 838 2063 903 par-

1314 921 1395 983 tibus
1416 921 1538 982 firmam
1560 919 1710 998 pristinae
1730 917 1909 997 disciplinae
1931 918 2066 981 313133-

1315 1013 1473 1076 mansisse.
1805 1051 1809 1058 -

1355 1108 1373 1182 5
1394 1107 1423 1169 6.
1447 1107 1564 1186 ltaque,
1587 1110 1708 1172 etiamsi
1729 1109 1909 1190 episcopalis
1931 1107 2065 1171 auctori-

1318 1208 1361 1262 tas
1387 1207 1421 1262 ut
1452 1201 1598 1264 nonnulli
1629 1204 1769 1266 doctores
1801 1204 1997 1266 contendunt
2028 1199 2066 1261 ab

1316 1296 1380 1372 ipso
1400 1294 1583 1358 immediate
1599 1297 1661 1358 [leo
1676 1298 1867 1376 procederet,
1884 1301 2008 1358 certum
2023 1301 2065 1356 ta·

1317 1403 1390 1449 men
1411 1397 1616 1469 constansque
1636 1406 1704 1453 3333
1730 1390 1832 1464 debet,
1856 1390 1941 1452 illarn
1962 1394 2065 1450 ancto-

1318 1481 1440 1542 ritatem
1462 1497 1526 1542 333
1546 1481 1673 1545 extendi
1693 1483 2067 1558 331331333331333313-

1316 1573 1438 1650 331313
1460 1573 1832 1652 generalibus'Ecclesiae
1863 1575 1984 1652 legibus
2005 1574 2065 1637 dis·

1317 1667 1513 1744 pausationes
1534 1668 1602 1730 sine
1623 1669 1765 1748 expressa
1787 1669 1838 1731 331
1851 1668 1963 1732 saltem
1977 1667 2067 1732 133113

1317 1760 1514 1824 concessione
1534 1763 1745 1841 superioris,a
1768 1779 1827 1842 qua
1849 1763 1983 1825 sancitae
1997 1761 2069 1823 illae

1318 1859 1402 1927 sunt,
1420 1855 1587 1932 potestatis.
1598 1853 1683 1918 Fidei
1698 1855 1783 1918 enim
1799 1857 1909 1933 dogma
1925 1864 1982 1932 est,
1996 1857 2067 1934 Epi·

1318 1961 1481 2023 scaporum
1495 1950 1723 2024 auctoritatem,
1737 1949 1787 2011 vel
1801 1950 1827 2010 si
1842 1965 1858 2011 3
1870 1951 1993 2014 Christo
2008 1951 2065 2012 im-

1320 2042 1451 2106 mediate
1479 2044 1642 2118 emanarit,
1673 2042 1842 2105 subiectam
1870 2051 1974 2106 131333
2001 2059 2068 2106 esso

1320 2135 1450 2197 llomani
1472 2135 1628 2198 Pontificis
1656 2136 1846 2198 auctoritati:
1871 2151 1933 2214 qno
1962 2137 2009 2212 111,
2032 2143 2067 2199 31

1319 2230 1445 2294 subesse
1465 2233 1598 2295 debeant
1620 2232 1706 2298 Sedis
1732 2232 1925 2310 apostoticae
1945 2232 2068 2296 statutis

1321 2332 1351 2387 et
1372 2324 1600 2388 venerabilibus
1615 2341 1769 2388 canonum
1784 2326 1925 2402 decretis,
1943 2325 1975 2388 in
1990 2343 2069 2404 quae

1320 2420 1345 2482 si
1367 2421 1437 2499 quis
1467 2421 1668 2496 commiserit,
1691 2421 1816 2483 veniam
1846 2420 1904 2482 sibi
1925 2421 2068 2500 deinceps

1323 2514 1446 2577 3333311
1468 2515 1625 2590 denegari.
1649 2513 1757 2594 Neque
1771 2514 1875 2577 minus
1889 2520 2012 2576 certum
2026 2512 2069 2578 id·

1323 2607 1403 2670 circo
1426 2615 1472 2669 est
1493 2609 1631 2670 eamdem
1648 2607 1877 2687 Episcoporum
1905 2608 2069 2671 auctorita-

1324 2711 1388 2764 tem
1402 2701 1439 2763 ab
1454 2701 1505 2763 illa
1518 2700 1678 2780 superiore
1693 2699 1810 2764 ordinis
1825 2700 2007 2765 hierarchici
2018 2717 2070 2780 po-

1325 2802 1432 2858 testate
1454 2795 1536 2857 intra
1564 2796 1712 2872 quosdam
1740 2794 1856 2859 limites
1877 2797 1956 2858 circa
1978 2811 2071 2859 usum

1324 2897 1417 2970 atque
1431 2891 1616 2954 exercitium
1631 2891 1778 2969 restringi
1792 2899 1822 2954 et
1836 2890 1993 2954 contineri
2004 2906 2073 2970 pos·

1325 3001 1367 3048 se.
1381 2985 1517 3048 Omnino
1528 2984 1624 3061 igitur
1634 2985 1784 3047 sustineri
1795 2991 1946 3048 neutrum
1957 2993 2069 3063 potest,

1325 3079 1376 3142 331
1391 3077 1560 3140 Ecclesiam
1571 3079 1640 3141 iure
1649 3079 1773 3157 3333113
1788 3094 1852 3140 333
1863 3078 1976 3141 habere
1987 3085 2070 3156 pote-

1325 3180 1437 3234 statem
1458 3171 1667 3234 oonstituendi
1687 3171 1909 3250 impedimenta
1923 3171 2072 3235 dirimen-

1327 3267 1379 3341 113,
1402 3266 1451 3329 331
1469 3266 1692 3345 Episcoporum
1713 3266 1886 3344 quemlibet
1906 3281 1994 3345 posse
2014 3266 2074 3328 im·

1327 3363 1461 3441 positum
1477 3358 1653 3421 acatholica
1668 3359 1802 3422 Ecclesid
1817 3359 1895 3436 legis
1909 3359 2073 3422 vinculum

1326 3456 1503 3523 dissolvere.
1552 3473 1553 3476 ¹

1366 3551 1434 3628 57.
1458 3547 1510 3610 llis
1537 3550 1682 3612 omnibns
1702 3549 1739 3612 de
1760 3549 1857 3612 causis
1888 3557 1974 3627 33133
1998 3551 2071 3627 1333,

1327 3663 1399 3710 333.
1424 3645 1528 3718 133133,
1552 3643 1641 3705 133113
1671 3657 1727 3722 333
1748 3642 1901 3720 singulari
1928 3643 1980 3705 133
2001 3658 2075 3721 pru·

1327 3739 1431 3803 333113
1452 3752 1638 3815 cognoscere
1659 3751 1752 3814 quam
1767 3736 1897 3798 molesto
1912 3736 2017 3798 animo
2032 3737 2074 3798 13-

1327 3851 1448 3898 ramus:
1472 3831 1603 3894 minime
1634 3829 1793 3907 postulatis
1821 3831 1882 3892 tuis
1910 3846 1998 3909 posse
2019 3847 2075 3894 nos

1327 3927 1466 4005 obsequi,
1489 3939 1591 4002 neque
1612 3923 1661 3985 hic
1681 3924 1786 3997 etiam,
1803 3930 1837 3985 ut
1856 3938 1945 4001 saepe
1959 3924 2074 3986 studio-

1327 4022 1447 4084 sissime
1468 4019 1610 4092 fecimus,
1633 4016 1688 4078 tibi
1714 4015 1812 4095 reipsa
1838 4017 1955 4092 testari,
1978 4033 2074 4096 quan·

1329 4123 1391 4177 tam
1414 4114 1458 4176 tui
1481 4121 1667 4188 tuarumque
1688 4124 1798 4171 rerum
1819 4124 1874 4188 pro
1892 4111 2074 4172 3111131333-

1329 4208 1444 4270 313313
1467 4213 1497 4268 13
1518 4205 1645 4268 caritate
1665 4202 1820 4264 rationem
1843 4203 2018 4266 habeamus.
2043 4204 2074 4268 Si

1330 4302 1488 4366 facultates
1510 4297 1576 4373 tibi,
1599 4305 1692 4375 prout
1713 4296 1803 4374 petis,
1821 4298 2075 4373 concesserimus,

1331 4403 1366 4458 ut
1387 4393 1497 4456 iisdem
1519 4392 1672 4454 nimirum
1693 4388 2076 4453 33331133131331313133-

1334 4497 1380 4551 ter
1395 4486 1502 4560 utaris,
1519 4484 1595 4546 illud
1610 4491 1806 4562 sequeretur,
1823 4482 1975 4545 nimirum
1988 4498 2028 4544 ex
2042 4499 2077 4545 re

1333 4581 1395 4660 1333
1417 4594 1524 4642 omnes
1545 4575 1727 4652 credituros,
1749 4585 1779 4638 te
1799 4573 1925 4639 3311133
1941 4575 2077 4640 edictum

1334 4677 1528 4738 voluntatem
1550 4678 1635 4732 tuam
1656 4669 1873 4744 conformasse,
1890 4670 2018 4749 eiusque
2033 4671 2077 4732 31-

1335 4785 1409 4847 gore
1439 4767 1495 4830 tibi
1525 4771 1705 4844 potestatem
1736 4763 1931 4841 dispensandi
1962 4781 2080 4827 assum-

1335 4864 1438 4942 psisse,
1463 4876 1500 4921 ex
1521 4873 1582 4937 quo
1605 4863 1666 4918 tum
1694 4856 1780 4933 gravi
1813 4856 1956 4935 exemplo
1984 4860 2080 4920 maxi-

1335 4971 1423 5019 mum
1443 4961 1528 5017 certe
1549 4958 1746 5014 momentum
1759 4952 1917 5013 accederet
1932 4951 1977 5013 illi
1991 4967 2079 5030 pseu·

1333 5049 1571 5128 depoliticorum
1588 5044 1773 5119 sententiae,
1789 5059 1881 5123 quam
1898 5046 2010 5123 tuipse
2024 5062 2080 5125 pro

1336 5145 1387 5206 tui
1409 5141 1560 5217 religione
1587 5138 1688 5200 3311313
1710 5146 1740 5200 31
1762 5137 1932 5200 detestaris.
1956 5139 2081 5201 11333311

1336 5243 1491 5314 333313333
1514 5231 1590 5294 311111
1613 5245 1677 5292 3333
1700 5231 1731 5292 13
1747 5230 1818 5308 1333
1833 5229 1932 5293 331313
1949 5232 2030 5294 3333
2044 5233 2080 5295 33

1335 5327 1596 5407 dispensationum
1616 5323 1847 5386 concessionem
1869 5323 2017 5387 devenire
2034 5325 2082 5388 in·

1336 5423 1496 5498 iungatur,
1519 5418 1706 5494 nullumque
1736 5418 1810 5480 3333
1840 5417 2082 5496 perturbationis

1336 5514 1522 5596 periculum,
1538 5513 1562 5574 si
1579 5512 1644 5574 illas
1658 5511 1836 5589 petentibus
1851 5510 2019 5574 concedere
2035 5528 2082 5575 re·

1337 5607 1502 5672 cusaveris.
1527 5605 1634 5684 Neque
1656 5605 1740 5665 enim
1762 5603 1814 5682 qui
1836 5611 1960 5682 petunt,
1982 5604 2082 5667 ullum

1337 5705 1385 5765 ius
1406 5703 1442 5763 ad
1463 5698 1670 5763 obtinendum
1687 5697 1799 5758 habere
1813 5703 1995 5774 potuerunt,
2011 5713 2083 5760 curn

1338 5803 1426 5857 antea
1454 5793 1595 5872 pluribus
1617 5791 1649 5852 in
1672 5789 1802 5852 Ecclesia
1827 5789 1956 5851 saeculis
1977 5790 2084 5852 huius·

1338 5888 1422 5950 modi
1437 5884 1679 5966 dispensationes
1692 5883 1724 5944 in
1739 5899 1795 5945 usn
1811 5896 1873 5945 333
1887 5881 2013 5945 1333131.
2028 5883 2084 5945 lle·

2094 501 2200 555 xn.c.
2230 491 2320 548 1782
