4776 6974
901 565 972 609 etus
994 565 1043 609 1²1³.
1067 563 1108 608 111.

236 680 278 740 nis
299 686 332 741 et
358 677 487 742 alteram
514 681 546 743 in
575 683 671 759 gradu
702 681 874 744 revisionis.
898 680 977 756 Ouo·

235 772 308 834 circa
331 774 356 834 si
379 789 435 836 uos
454 789 508 851 spe
529 774 611 849 freti,
634 774 710 849 lore,
733 782 768 837 ut
792 774 976 852 condignam

235 877 265 928 tu
286 866 377 930 nobis
398 867 636 944 satisfactionem
655 869 826 948 praeberes,
844 869 977 930 diximus

235 961 263 1023 in
291 969 397 1023 nostra
429 963 629 1040 responsione
659 979 723 1040 cap.
747 961 798 1038 V.,
831 963 920 1040 522,
945 963 976 1023 in

234 1053 312 1114 aliud
329 1065 451 1132 tempus
466 1055 590 1117 dilierre
607 1071 662 1116 nos
677 1056 889 1117 rescissionem
908 1055 977 1116 abo·

234 1147 436 1226 litionemque
451 1149 538 1211 istius
555 1143 599 1210 tu'i
614 1149 776 1212 tribunalis
791 1164 863 1212 cum
878 1147 976 1210 omni-

234 1242 287 1304 bns
307 1242 394 1316 actis,
417 1258 495 1319 quae
524 1251 625 1320 postea
653 1249 727 1304 sunt
747 1251 922 1317 consecuta,
947 1241 975 1302 id

234 1336 427 1398 intellectum
449 1336 594 1400 volumus
619 1338 656 1399 de
678 1339 858 1398 rescissione
884 1342 976 1414 atque

232 1431 397 1493 abolitione
419 1447 569 1492 novarum
598 1429 774 1492 ollicialatus
796 1430 976 1492 facultatum

232 1526 368 1606 novique
389 1526 529 1588 revisorii
551 1525 667 1588 indicii.

270 1622 289 1696 5
311 1621 357 1682 11.
381 1620 521 1685 Levioris
551 1620 703 1681 momenti
724 1626 813 1693 esset,
842 1617 868 1678 si
895 1616 977 1696 quis-

230 1729 322 1792 quam
352 1715 550 1790 adiungeret,
572 1711 652 1789 quod
675 1728 731 1774 nos
759 1701 813 1774 cit'.
836 1728 900 1789 cap.
925 1709 974 1784 V,

230 1809 270 1882 55
291 1807 328 1869 l8
349 1813 380 1868 et
401 1807 451 1880 20,
474 1805 512 1867 de
532 1803 711 1867 officialatus
734 1804 881 1867 tribunali
896 1804 975 1866 allir-

230 1901 396 1974 mavimus,
428 1899 514 1978 quasi
545 1897 660 1961 iudices
691 1898 782 1960 buius
814 1898 976 1961 tribunalis

229 2010 300 2058 cum
322 1994 388 2056 aliis
409 2001 631 2056 concurrerent
653 1985 852 2054 inferioribus
868 1992 975 2054 iudici-

231 2090 286 2152 bus
308 2089 340 2149 in
360 2087 458 2150 causis
476 2087 569 2149 etiam
591 2086 802 2149 ecclesiasticis
824 2094 894 2148 tuae
910 2093 975 2146 tuo-

228 2197 362 2260 rumque
373 2180 642 2257 suffraganeorum
654 2181 808 2242 dioecesis:
822 2194 894 2240 cnm
905 2194 975 2240 con-

228 2287 308 2340 stare
328 2275 535 2338 contendatur
555 2290 572 2336 e
594 2283 711 2346 contra,
734 2271 762 2334 id
778 2275 815 2336 de
828 2272 900 2335 solis
915 2271 975 2334 ele-

228 2380 365 2436 ctoratus
380 2373 427 2434 tui
442 2371 584 2434 civilibus
599 2371 697 2434 causis
712 2386 777 2433 esse
795 2371 971 2434 dicendum.

227 2468 269 2530 llt
286 2468 371 2528 enim
387 2465 420 2528 iu
436 2467 512 2527 bauo
528 2466 708 2544 opinionem
725 2465 916 2538 veniremus,
933 2464 976 2526 le·

228 2562 269 2622 cit
290 2561 353 2637 ipsa
375 2558 527 2620 ordinatio
549 2565 611 2632 tua,
631 2557 718 2621 cuins
739 2557 831 2620 verba
853 2558 894 2619 ita
916 2557 976 2619 late

228 2659 346 2732 patent,
369 2659 403 2714 ut
425 2650 549 2714 nullum
570 2650 735 2714 discrimen
750 2651 914 2713 adhibeant
928 2651 975 2713 irt-

228 2756 276 2809 ter
296 2744 401 2808 civiles
417 2752 447 2806 et
462 2743 678 2806 ecclesiasticas
692 2761 807 2820 causas,
824 2751 921 2822 utque
937 2761 974 2828 ev

228 2840 291 2919 ipsa
312 2839 531 2916 indigenarum
562 2846 724 2900 auctorum
755 2839 910 2900 sententia
932 2839 974 2901 di·

227 2933 344 3010 stingui
361 2931 560 3010 intelligique
581 2937 738 3010 nequeant
758 2947 804 3007 ea,
821 2948 898 3011 quae
913 2949 928 2993 a
945 2942 976 2995 te

228 3045 285 3108 pro
305 3037 367 3090 tam
388 3025 582 3088 diversarum
596 3041 757 3088 causarum
772 3041 888 3104 genere
901 3032 975 3088 sunt

227 3119 403 3184 constituta.
429 3118 472 3179 Eo
493 3117 545 3180 vel
574 3120 686 3196 magis,
719 3118 790 3198 quia
820 3120 974 3182 contineri

228 3214 371 3292 explicite
391 3211 577 3274 videbantur
598 3212 793 3275 ordinatione
815 3220 866 3275 tua
880 3212 975 3275 eccle-

226 3305 363 3369 siasticae
383 3319 492 3367 causae
513 3306 610 3381 magis
631 3305 854 3384 privilegiatae,
871 3306 974 3384 quales

226 3410 301 3466 sunt
317 3417 382 3476 eae,
398 3402 431 3461 iu
446 3400 558 3478 quibus
573 3403 611 3463 de
625 3401 902 3464 ecclesiasticorum
917 3401 976 3465 cri-

228 3495 365 3558 minibus
392 3495 507 3572 agitur,
531 3494 576 3556 bis
598 3495 780 3572 praesertim
801 3493 903 3557 verbis
925 3496 972 3557 tit.

228 3588 322 3664 11111,
344 3589 364 3664 5
386 3586 424 3649 73
455 3619 488 3631 -
518 3597 672 3666 quantum
700 3589 735 3650 ad
763 3589 974 3664 cognitionem

227 3698 317 3762 super
343 3681 462 3745 delictis
490 3681 765 3744 ecclesiasticorum
786 3682 973 3758 servabitur,

228 3793 305 3855 quae
334 3777 483 3838 hactenus
508 3775 541 3836 iu
572 3790 631 3836 usu
655 3773 724 3848 fuit,
756 3776 974 3837 concurrentia

228 3885 297 3932 cum
319 3868 443 3931 decanis
463 3867 671 3944 capitulorum
691 3873 722 3929 et
740 3867 905 3930 ruralibus.
918 3903 952 3913 -

266 3964 285 4038 5
306 3961 355 4024 15.
381 3963 557 4034 Caeterum,
583 3960 608 4020 si
630 3960 845 4022 ecclesiasticae
868 3977 974 4025 causae

228 4055 372 4118 dioecesis
396 4063 466 4116 tuae
494 4060 685 4130 tuorumque
705 4053 973 4131 suffraganeorum

226 4148 305 4210 nibil
324 4149 440 4210 babent
461 4163 531 4208 cum
547 4147 614 4220 ltac,
630 4149 668 4210 de
681 4164 740 4226 qua
755 4149 887 4226 agimus,
903 4165 974 4212 cou-

227 4243 382 4304 curreutia
404 4254 583 4313 commune,
606 4255 662 4301 uos
684 4239 763 4302 nihil
785 4242 907 4304 veritati
923 4245 975 4306 de-

227 4343 370 4412 rogatum
388 4332 542 4395 volumus.
560 4330 678 4395 Verum
693 4341 863 4413 utcumque
878 4352 926 4397 res
941 4353 974 4398 se

227 4427 343 4498 habeat,
359 4427 386 4488 si
401 4425 522 4488 licitum
537 4433 582 4488 est
597 4425 651 4488 tibi
668 4434 824 4506 tamquam
839 4429 972 4507 principi

226 4520 294 4594 loci,
317 4527 433 4598 tuoque
462 4535 608 4599 supremo
637 4519 797 4595 tribunali,
820 4522 972 4599 teipsum

227 4614 386 4687 referenti,
409 4627 595 4674 concurrere
622 4629 693 4674 cum
722 4613 873 4676 iudicibus
895 4615 972 4678 iule-

226 4707 358 4770 rioriltus
380 4706 412 4767 in
434 4704 575 4767 civilibus
596 4705 693 4766 causis
719 4706 836 4785 primae
857 4707 972 4770 instan-

228 4801 297 4875 tiae,
320 4799 421 4864 multo
441 4799 553 4876 potiori
576 4799 645 4860 iure
660 4797 780 4861 licitum
796 4800 855 4862 erit
870 4801 899 4863 S.
919 4801 972 4866 Se·

227 4895 266 4968 di,
289 4909 369 4972 quae
392 4907 558 4970 supremus
579 4899 624 4954 est
650 4893 793 4956 omnium
814 4893 918 4971 iudex,
942 4904 973 4958 et

227 4986 401 5066 apostolico
423 4984 556 5061 Nuncio,
579 4986 632 5065 qui
659 4986 772 5048 vicario
798 4987 883 5050 illius
904 5006 971 5052 mu·

227 5099 301 5144 nere
320 5081 476 5158 fungitur,
499 5082 530 5143 iu
552 5080 649 5144 causis
671 5081 880 5145 ecclesiasticis
901 5101 971 5147 cou-

228 5191 352 5238 currere
373 5182 476 5237 tecum
496 5191 632 5254 cumque
647 5181 700 5238 tuo
716 5177 873 5253 tribunali,
889 5179 971 5258 quod

228 5268 483 5346 metropoliticam
513 5269 731 5332 auctoritatem
761 5272 817 5334 uni
845 5271 876 5334 S.
901 5272 971 5337 Sedi

228 5361 341 5424 reterre
361 5361 451 5424 debet
472 5370 637 5441 acceptam.

264 5456 283 5530 5
305 5453 352 5517 16.
377 5455 417 5518 Ut
431 5455 643 5534 probaremus,
661 5457 852 5535 prohibuisse
867 5467 908 5535 te,
925 5475 973 5521 se-

228 5549 321 5632 cunda
342 5549 486 5611 instantia
509 5550 657 5626 absoluta,
680 5567 908 5630 quamcumque
922 5569 972 5631 ap·

228 5642 435 5720 pellatiouem,
451 5643 497 5705 usi
518 5645 664 5725 equidem
678 5660 786 5708 sumus
802 5647 973 5724 responsio·

229 5741 273 5802 uis
302 5747 427 5802 nostrae
454 5755 517 5818 cap.
543 5740 592 5814 v,
615 5741 634 5814 5
657 5739 705 5813 16,
738 5757 773 5801 ιι
803 5740 971 5805 iuramenti

228 5832 368 5908 lormula,
391 5849 453 5912 quo
478 5831 631 5896 secundae
658 5832 822 5895 instantiae
843 5851 972 5896 assesso·

228 5942 272 5988 res
291 5925 575 6002 adstringebantur.
600 5927 678 5989 llaec
699 5925 786 5988 enirn
803 5927 890 5990 iusta
904 5927 971 5990 lati·

332 6072 384 6118 latr.
403 6071 471 6118 root.
488 6071 517 6118 de
534 6073 607 6132 Prop.
624 6071 685 6118 Fide
700 6072 781 6119 Partis
796 6077 814 6122 1.
830 6075 882 6120 vol.
899 6076 935 6121 lv.

1034 697 1106 744 nam
1128 683 1304 745 versionem
1326 685 1360 747 ad
1383 701 1439 746 nos
1460 685 1584 747 missam
1611 701 1777 748 assessores

1032 774 1171 851 adigebat
1193 777 1227 838 ad
1257 777 1514 854 promittendum,
1540 813 1574 823 -
1597 786 1632 840 ut
1653 786 1779 858 propter

1032 868 1163 947 aliquam
1176 869 1208 932 in
1224 872 1402 935 officialatus
1419 872 1566 935 tribunali
1576 874 1777 950 pendentem,

1033 959 1084 1022 vel
1104 961 1246 1037 decisam,
1263 980 1415 1026 causama
1436 981 1593 1044 quoquam
1616 965 1665 1028 vel
1687 965 1778 1027 mini·

1034 1069 1121 1116 mum
1143 1072 1340 1135 quocumque
1354 1059 1445 1120 modo
1459 1058 1606 1137 appellari
1621 1059 1714 1137 possit
1728 1093 1778 1136 -,

1033 1147 1145 1208 omisso
1167 1149 1302 1225 penitus,
1325 1157 1379 1214 aut
1398 1153 1577 1230 interpretis
1592 1151 1711 1215 delectu
1727 1159 1779 1214 aut

1032 1242 1190 1318 scriptoris
1205 1244 1333 1320 incuria,
1350 1245 1498 1308 vocabulo
1516 1254 1714 1324 accepturum
1729 1247 1780 1308 vel

1033 1334 1210 1398 minimum.
1240 1337 1319 1399 llaec
1351 1355 1442 1416 porro
1473 1338 1596 1400 omissio
1627 1340 1659 1400 in
1691 1355 1779 1401 causa

1033 1427 1102 1504 luit,
1124 1445 1180 1491 cur
1211 1446 1250 1491 ev
1277 1432 1379 1494 verbis
1406 1432 1583 1494 huiusmodi
1614 1433 1780 1496 coniicere·

1033 1537 1113 1599 mus,
1139 1530 1168 1584 ιι
1198 1524 1362 1588 ulteriores
1393 1525 1610 1604 appellationes
1643 1534 1777 1605 vetasse,

1033 1615 1103 1678 licet
1125 1634 1232 1678 revera
1253 1617 1292 1680 de
1313 1618 1369 1680 ista
1390 1619 1556 1682 omissione
1576 1619 1708 1682 subinde
1729 1620 1778 1681 atl-

1033 1710 1143 1773 mouiti
1166 1711 1312 1788 vidimus,
1334 1713 1386 1773 abs
1409 1721 1438 1774 te
1461 1713 1516 1776 boo
1534 1713 1599 1775 loco
1613 1730 1778 1776 assessores

1032 1803 1187 1882 prohiberi
1198 1808 1425 1880 tantummodo,
1434 1806 1603 1886 quominus
1614 1807 1779 1886 quicquam

1032 1899 1113 1960 dono
1134 1898 1281 1976 accipiant
1303 1900 1352 1961 vel
1374 1900 1559 1972 minimum,
1582 1916 1779 1979 quocumque

1033 1991 1124 2052 modo
1145 1992 1291 2070 appellari
1312 1993 1416 2070 possit.
1437 1993 1496 2056 Sed
1518 1994 1574 2055 hoc
1589 1993 1668 2055 nibil
1682 1991 1779 2056 demit

1032 2085 1069 2148 de
1084 2093 1261 2147 nostrarum
1277 2085 1473 2165 querelarum
1488 2087 1635 2150 veritate:
1653 2088 1677 2148 si
1693 2087 1779 2152 euim

1032 2178 1088 2240 boe
1110 2178 1175 2239 loco
1196 2178 1348 2254 prohibita
1370 2178 1500 2240 minime
1520 2188 1566 2242 est
1588 2186 1655 2258 post
1668 2195 1779 2243 secun-

1032 2273 1101 2335 dam
1111 2272 1290 2334 instantiam
1301 2271 1473 2352 appellatio,
1485 2273 1637 2352 prohibita
1653 2275 1778 2351 quidem

1031 2366 1082 2428 illa
1110 2367 1255 2445 explicite
1282 2373 1329 2428 est
1357 2367 1389 2429 in
1417 2366 1611 2429 ordinatione
1640 2368 1686 2430 tit.
1711 2364 1776 2444 Vl,

1031 2463 1050 2539 5
1073 2459 1120 2535 l3,
1145 2468 1179 2523 ut
1200 2459 1233 2523 in
1255 2462 1363 2524 eodem
1377 2476 1442 2538 cap.
1460 2459 1498 2523 v.
1515 2471 1638 2524 nostrae
1652 2479 1778 2544 respou-

1031 2554 1126 2614 sionis
1147 2555 1339 2616 advertimus
1360 2556 1379 2630 5
1401 2555 1448 2618 16.

1070 2649 1089 2723 5
1113 2646 1159 2707 17.
1184 2648 1262 2708 11ιιι
1283 2648 1460 2710 declaranda
1481 2656 1570 2711 eraut
1592 2653 1690 2728 quoad
1713 2651 1779 2713 obi-

1031 2739 1156 2802 cialatus
1188 2740 1323 2803 tribunal
1354 2749 1385 2802 et
1417 2741 1579 2804 revisionis
1610 2743 1776 2821 iudicium,

1031 2833 1131 2895 missis
1160 2834 1342 2912 quibusdam
1369 2834 1434 2896 aliis
1462 2833 1585 2897 levioris
1613 2839 1776 2914 momenti,

1031 2945 1108 3008 quae
1130 2927 1290 2991 emendata
1306 2928 1484 3006 propediem
1500 2929 1533 2990 in
1548 2943 1628 2991 nova
1643 2931 1779 2995 editione

1031 3020 1209 3101 prodibunt.
1225 3021 1323 3084 Nunc
1342 3029 1447 3085 autem
1468 3030 1629 3101 postquam
1644 3039 1700 3088 nos
1715 3026 1780 3088 ani-

1032 3117 1074 3178 mi
1096 3117 1193 3180 ndstvi
1221 3115 1343 3179 candori
1366 3124 1396 3179 et
1417 3116 1516 3179 bonae
1543 3116 1613 3178 lidei
1633 3119 1780 3183 satisfeci-

1031 3227 1112 3288 mus,
1135 3211 1301 3273 molestum
1324 3211 1380 3273 tibi
1401 3227 1442 3272 ue
1461 3209 1512 3286 sit,
1527 3227 1600 3274 ven.
1617 3212 1723 3289 irater,
1740 3231 1778 3276 ιιι

1031 3305 1164 3368 iniuncti
1176 3305 1264 3368 nobis
1275 3304 1439 3367 ministerii
1455 3305 1558 3368 debito
1569 3315 1695 3384 paterna
1710 3311 1779 3372 cba-

1031 3401 1120 3463 ritate
1142 3399 1292 3462 indicium
1314 3399 1368 3462 tibi
1391 3399 1456 3460 lieri
1477 3401 1513 3462 de
1529 3400 1576 3476 iis,
1593 3417 1672 3480 quae
1687 3404 1779 3467 certis

1031 3494 1206 3556 auctoribus
1227 3494 1263 3555 ad
1284 3509 1373 3556 aures
1388 3499 1506 3556 nostras
1521 3495 1613 3557 modo
1627 3511 1778 3573 pervene-

1030 3597 1115 3650 runt.
1140 3587 1233 3649 Nobis
1253 3585 1339 3649 euim
1370 3587 1501 3650 relatum
1533 3586 1604 3664 luit,
1627 3596 1658 3652 te
1679 3590 1778 3654 adbuc

1030 3681 1062 3743 iu
1084 3681 1181 3742 abusu
1211 3689 1349 3758 perstare
1369 3695 1418 3742 eas
1439 3680 1629 3744 concedendi
1658 3683 1778 3762 dispen-

1030 3775 1172 3849 sationes,
1196 3789 1275 3852 quae
1295 3781 1382 3836 tuam
1404 3777 1558 3838 excedunt
1578 3775 1775 3840 facultatem:

1029 3884 1068 3930 ev
1089 3884 1150 3946 quo
1172 3869 1217 3941 ot,
1238 3873 1272 3929 ut
1294 3868 1480 3931 scandalain
1496 3866 1714 3932 ecclesiastic
1731 3888 1778 3933 re·

1030 3961 1149 4040 publica
1171 3961 1269 4036 magis
1289 3970 1473 4037 augeantur.

1069 4055 1088 4130 5
1111 4054 1157 4116 18.
1181 4053 1259 4117 lllud
1282 4062 1439 4131 praeterea
1461 4071 1526 4118 non
1540 4055 1608 4118 sine
1624 4057 1777 4120 immenso

1030 4148 1125 4211 animi
1141 4147 1244 4210 dolore
1261 4147 1484 4224 intelleximus,
1501 4149 1535 4211 iu
1552 4157 1601 4212 tua
1618 4151 1776 4213 Bonnensi

1029 4241 1232 4305 universitate
1254 4241 1401 4319 pessimae
1424 4249 1515 4304 notae
1530 4244 1683 4306 doctrinas
1698 4246 1777 4308 tradi

1028 4344 1120 4414 atque
1134 4334 1269 4409 delendi,
1285 4350 1362 4412 quae
1376 4334 1520 4398 similiter
1534 4337 1710 4400 scandalum
1725 4355 1776 4416 pa·

1030 4431 1116 4492 rinnt
1130 4428 1259 4490 subditis
1276 4429 1336 4490 tuis
1347 4427 1497 4508 bonisque
1514 4429 1670 4506 omnibus,
1684 4447 1776 4510 quae·

1029 4537 1090 4602 que
1105 4523 1233 4598 iusuper
1247 4521 1375 4600 populos
1390 4523 1421 4584 in
1437 4538 1575 4586 errorem
1591 4525 1774 4603 coniiciuut,

1028 4618 1202 4693 iisdemque
1232 4615 1392 4692 spirituale
1422 4623 1574 4692 generant
1606 4619 1776 4684 detrimen·

1030 4718 1107 4773 tum.
1136 4709 1200 4784 Qua
1228 4708 1356 4787 quidem
1388 4707 1420 4770 iu
1449 4725 1483 4772 re
1512 4711 1643 4789 ipsemet
1672 4712 1776 4776 docuit

1027 4811 1171 4878 eventus,
1194 4817 1287 4882 quam
1315 4803 1448 4880 prudeus
1477 4810 1659 4885 rectumque
1682 4804 1777 4868 luerit

1028 4898 1191 4960 consilium
1214 4896 1340 4958 anobis
1366 4906 1555 4977 susceptum,
1578 4899 1653 4961 dum
1674 4915 1776 4964 assen-

1028 5007 1099 5055 sum
1119 4997 1261 5052 nostrum
1283 4988 1333 5052 vel
1354 4991 1391 5052 ab
1409 4991 1499 5053 initio
1514 5009 1530 5054 a
1544 5001 1576 5055 te
1590 4993 1776 5073 requisitum

1028 5103 1083 5164 pro
1105 5083 1312 5163 pensitatione
1324 5085 1422 5147 annui
1437 5086 1575 5162 subsidii,
1592 5105 1607 5147 a
1623 5097 1777 5150 monaste-

1028 5179 1081 5241 riis
1102 5176 1248 5242 dioecesis
1269 5175 1342 5238 huic
1363 5179 1561 5241 universitati
1590 5180 1774 5259 praestandi,

1028 5273 1174 5352 praebere
1206 5269 1386 5348 renuimus;
1420 5272 1496 5334 illud
1524 5274 1605 5336 iuter
1633 5273 1690 5338 alia
1711 5291 1777 5336 mo-

1028 5375 1131 5430 menta
1152 5371 1351 5426 recensentes
1372 5365 1405 5426 in
1426 5365 1580 5429 similibus
1595 5367 1707 5431 litteris
1722 5385 1776 5431 no·

1026 5460 1099 5522 stris
1112 5458 1162 5520 die
1178 5472 1253 5517 xxa.
1268 5457 1384 5528 mensis
1398 5474 1468 5536 aug.
1483 5477 1531 5522 an.
1547 5477 1771 5524 uoccuuxxvn.

1027 5553 1062 5615 ad
1086 5562 1115 5615 te
1135 5551 1212 5613 datis
1234 5581 1271 5594 -·
1291 5549 1381 5613 istbic
1402 5552 1515 5615 llorere
1536 5557 1615 5633 apud
1640 5563 1669 5618 ιι
1690 5557 1774 5618 audi-

1028 5663 1098 5709 mus
1112 5644 1283 5711 lleddericb
1301 5649 1401 5721 illum,
1415 5648 1502 5709 ouius
1517 5647 1669 5712 eiusmodi
1684 5667 1775 5729 quae-

1027 5743 1095 5802 dam
1113 5743 1288 5806 seuteutiae
1305 5743 1468 5820 thesesque
1479 5741 1678 5819 pervulgatae
1688 5751 1773 5819 stant,

1027 5843 1062 5898 ut
1084 5834 1171 5898 lacile
1194 5835 1327 5912 intelligi
1349 5835 1461 5909 valeat,
1478 5833 1644 5910 plurimam
1665 5837 1775 5899 iulerri

1027 5928 1126 5992 labem
1147 5927 1392 5992 adolescentibus
1407 5927 1444 5989 ab
1458 5943 1494 5989 ιο
1509 5943 1607 6006 posse,
1623 5936 1659 5992 ut
1674 5930 1775 5993 multo

1642 6079 1668 6122 tt

1699 549 1757 616 353
1809 553 1861 608 An.
1877 555 1907 606 d.
1928 554 1997 606 taen
