4856 7010
110 545 169 600 An.
185 549 219 602 O.
240 548 309 600 1828

338 681 376 744 tis
398 681 567 744 maioribus
590 683 650 745 tuis
671 682 774 746 literas
796 697 851 761 pro
866 697 900 746 re
922 679 990 743 nati
1012 681 1084 744 scri·

337 784 479 852 pserunt,
496 775 549 836 has
569 777 604 838 ad
628 781 669 852 te,
685 775 853 838 celsissime
874 776 1031 852 Princeps,
1047 789 1084 835 eo

337 865 485 930 libentius
506 870 626 944 damus,
639 869 719 947 quod
742 885 791 930 eas
812 867 876 930 fore
898 867 952 930 tibi
975 868 1084 930 incun-

336 960 475 1022 dissimas
496 977 560 1024 nou
582 962 769 1024 dubitamus.
795 959 934 1023 Proiecto
956 959 1083 1022 muneri

336 1059 442 1116 nostro
463 1055 567 1118 deesse
586 1056 699 1117 merito
720 1053 911 1128 videremur,
932 1055 957 1115 si
980 1061 1083 1130 gratos

335 1147 433 1209 animi
455 1164 528 1225 erga
551 1157 580 1210 te
601 1149 699 1210 nostri
721 1165 828 1210 sensus
852 1147 917 1222 tibi,
940 1147 994 1225 qui
1019 1154 1082 1209 tam

334 1240 490 1321 praeclare
511 1243 548 1305 de
570 1241 704 1304 Ecclesid
725 1241 873 1304 catbolicd
895 1247 925 1301 et
941 1241 979 1303 de
995 1240 1081 1302 nobis

334 1336 465 1398 meritus
487 1353 531 1411 es,
548 1350 732 1412 expromere
753 1335 981 1398 omitteremus.
1002 1334 1083 1397 Dile-

334 1434 419 1492 ctum
441 1429 526 1491 enim
549 1429 650 1491 tilium
673 1429 818 1490 loannem
842 1429 1008 1492 berderian
1036 1443 1081 1488 sa-

334 1522 492 1584 cerdotem
513 1522 688 1584 Armenum
712 1521 861 1600 explorati
883 1521 941 1582 zeli
963 1529 994 1583 et
1014 1536 1081 1598 spe·

334 1621 431 1678 etatae
442 1614 562 1692 pietatis
577 1615 694 1690 virum,
710 1617 836 1692 quinon
852 1615 943 1677 aliam
958 1615 996 1677 ob
1011 1631 1082 1677 caii-

333 1725 399 1769 sam
415 1708 448 1770 in
463 1708 620 1770 Persidem
641 1715 779 1784 venerat,
793 1707 852 1770 nisi
868 1713 902 1770 ut
917 1708 1079 1783 Evangelii

333 1819 443 1882 praeco
469 1805 710 1866 saluberrimum
736 1805 836 1882 divini
860 1804 946 1867 verbi
970 1819 1080 1866 semen

334 1895 374 1958 ibi
388 1903 559 1976 spargeret,
574 1898 701 1960 nefariis
716 1905 820 1960 11111111
834 1896 997 1959 calumniis
1011 1911 1079 1973 per·

334 1992 393 2054 fide
423 1992 611 2070 appetitum,
641 2007 776 2070 euqnea
803 1991 926 2052 Perside
954 1989 1082 2052 exulare

333 2084 465 2160 iussum,
496 2095 528 2147 tn
561 2100 623 2147 non
656 2085 747 2148 modo
768 2100 785 2145 a
805 2084 964 2147 subeunda
994 2082 1079 2144 exilii

334 2179 430 2256 poenal
449 2187 632 2258 exemptum
647 2177 817 2254 declarasti,
832 2177 885 2239 sed
907 2178 962 2254 ipsi
986 2175 1079 2238 licere

332 2272 516 2347 decrevisti,
540 2279 574 2334 ut
596 2272 648 2334 ubi
674 2272 749 2334 velit
776 2277 915 2344 maneat,
939 2286 999 2348 quo
1020 2269 1079 2330 sibi

332 2365 603 2444 videatnrpergat,
614 2367 708 2428 socios
719 2365 874 2438 adsciscat,
885 2362 1078 2442 praedicandi

332 2459 494 2534 Evangelii
524 2459 701 2521 ministerio
733 2459 831 2520 libere
858 2456 1074 2538 perfungatur.

332 2551 444 2614 Iniecta
465 2551 598 2614 subinde
613 2553 651 2614 de
667 2551 754 2615 nobis
776 2551 938 2613 mentione
961 2565 1078 2612 memo·
1126 2584 1130 2606 .

331 2651 398 2707 rato
417 2643 566 2707 sacerdoti
581 2661 730 2724 perquam
749 2644 927 2706 humaniter
948 2651 1076 2706 11111-

330 2745 417 2814 cepto
440 2738 555 2800 iterum
571 2753 604 2800 ac
620 2739 711 2799 tertio
732 2739 926 2811 commisisti,
943 2747 978 2800 ut
998 2737 1077 2800 salu·

332 2839 393 2894 tem
412 2830 500 2892 nobis
521 2837 575 2892 tuo
597 2831 726 2892 nomine
749 2831 874 2906 diceret,
890 2833 1076 2909 adderetque

330 2931 448 2986 nostras
460 2931 489 2985 te
501 2923 602 2985 literas
618 2931 790 3000 expectare,
803 2939 1075 3002 quorumcumque

329 3017 505 3094 principum
522 3015 620 3077 literis
637 3016 690 3077 tibi
705 3016 845 3079 cariores.
870 3018 923 3078 His
945 3033 1076 3096 propen-

327 3110 441 3172 sissimi
462 3108 559 3171 animi
574 3123 645 3185 erga
661 3109 826 3172 Ecclesiam
847 3110 1028 3173 catholicam
1044 3120 1075 3175 et

329 3219 384 3265 nos
406 3203 451 3265 tui
477 3201 754 3278 significationibus
775 3203 899 3265 difficile
924 3204 1008 3266 dictu
1029 3215 1076 3268 est

328 3303 519 3378 quantopere
540 3294 681 3358 delectati
702 3296 813 3371 simus,
830 3301 860 3357 et
875 3313 970 3375 qnam
985 3299 1075 3362 arctis

229 3461 233 3470 ι
329 3388 461 3451 vinculis
482 3387 678 3449 voluntatem
699 3388 754 3450 tibi
774 3396 924 3465 nostram,
947 3391 1076 3452 celsissi-

329 3496 379 3542 me
401 3481 557 3558 Princeps,
579 3480 793 3543 obstrinxeris.
818 3481 943 3544 Utinam
966 3498 1076 3562 oppor-

329 3580 421 3636 tunae
436 3590 470 3635 se
484 3575 574 3636 nobis
595 3574 767 3636 occasiones
784 3573 933 3638 offerrent
948 3577 1076 3638 demon-

326 3667 442 3729 strandi
466 3667 521 3729 tibi
542 3682 604 3746 quo
619 3667 650 3728 in
667 3663 765 3744 pretio
785 3667 953 3729 sublimem
974 3669 1075 3744 digui-

328 3772 422 3828 tatem
449 3771 536 3827 tuam
564 3772 595 3826 et
621 3763 882 3842 praestantissima
910 3766 1007 3827 animi
1029 3767 1074 3829 tui

327 3861 434 3924 decora
454 3859 633 3934 babeamus,
650 3865 680 3921 et
695 3865 810 3938 quanto
832 3859 933 3920 vicem
956 3860 1011 3923 tibi
1026 3875 1074 3920 re-

326 3954 445 4018 ferendi
460 3955 611 4017 desiderio
624 3955 800 4030 flagremus.
818 3951 1003 4015 Nostrorum
1019 3953 1075 4016 bn-

327 4049 459 4112 iusmodi
479 4063 629 4136 sensuum
656 4047 808 4124 quoddam
835 4045 933 4107 veluti
962 4047 1074 4126 pignus

326 4144 559 4207 essevolumus
581 4142 778 4217 munuscula,
791 4157 869 4220 quae
892 4149 997 4204 nostro
1020 4157 1074 4204 no-

325 4237 411 4300 rnine
431 4238 467 4299 ad
489 4245 520 4299 te
541 4235 752 4314 perferentur,
775 4241 805 4296 et
827 4248 903 4312 quae
926 4241 1011 4310 grata
1026 4251 1073 4299 ac·

325 4339 473 4411 septaque
495 4329 549 4392 tibi
564 4329 629 4390 fore
648 4328 845 4403 confidimus,
861 4344 925 4390 non
942 4335 1003 4390 tam
1018 4345 1074 4408 per

324 4445 358 4490 se
377 4429 452 4506 ipsa,
475 4443 569 4506 qnam
589 4428 671 4505 quod
691 4423 823 4485 eximiae
838 4421 1074 4486 benevolentiae

324 4523 357 4586 in
380 4529 410 4585 te
431 4529 555 4584 nostrae
577 4521 764 4582 documento
791 4517 896 4580 futura
919 4515 975 4578 tibi
997 4515 1072 4578 sint.

326 4618 384 4684 Sed
405 4617 514 4681 studiis
535 4631 608 4694 erga
630 4623 661 4677 te
683 4613 910 4690 uostrisprimo
933 4615 997 4677 loco
1020 4629 1071 4675 an-

325 4711 485 4776 numerari
505 4709 556 4772 abs
580 4719 609 4772 te
629 4707 772 4787 cupimus
793 4722 909 4785 preces,
926 4724 1001 4785 quas
1015 4709 1072 4769 llo-

325 4807 414 4869 mino
435 4802 665 4866 dominantium
687 4801 876 4865 incessanter
897 4800 1071 4876 offerimus,

324 4907 359 4962 ut
380 4897 597 4962 celsitudinem
621 4904 705 4958 tuam
733 4894 819 4957 omni
843 4902 983 4956 terrenae
1005 4894 1072 4956 feli-

324 4992 424 5056 citatis
446 5005 562 5069 genere
582 4988 746 5068 compleat,
762 4995 803 5064 et,
821 4989 901 5067 quod
918 4989 1070 5051 momenti

246 5163 249 5170 Ι
325 5086 417 5162 longe
443 5083 571 5145 maximi
600 5087 664 5156 est,
694 5087 837 5144 aeternae
865 5083 1072 5159 assequendae

323 5180 404 5240 viam
427 5177 590 5239 ostendere
613 5175 666 5237 tibi
682 5191 714 5236 ac
730 5175 856 5238 munire
877 5189 932 5253 pro
953 5175 1006 5236 sud
1021 5174 1071 5237 bo

324 5273 420 5334 nitate
444 5269 530 5332 velit.
555 5269 613 5330 llas
635 5269 797 5330 nobiscum
818 5282 923 5345 preces
945 5283 1007 5329 una
1030 5266 1072 5329 11-

292 5437 294 5440 ,
323 5366 459 5428 fundunt
479 5362 622 5425 catholici
649 5361 789 5423 universi
811 5361 880 5422 istic
910 5361 1070 5438 degentes,

323 5458 487 5538 praecipue
517 5470 593 5517 vero
622 5452 820 5531 missionarii,
843 5455 897 5532 qui
919 5469 984 5515 non
1005 5471 1069 5532 sua,

321 5552 373 5613 sed
395 5565 474 5628 quae
494 5548 610 5612 Gbristi
630 5556 716 5623 sunt,
732 5556 928 5626 quaerentes,
951 5547 985 5610 in
1000 5548 1072 5611 Per-

322 5643 420 5708 sidem
434 5658 467 5705 se
482 5641 659 5716 conferunt,
676 5655 752 5718 quos
774 5656 894 5716 omnes,
912 5641 1069 5722 inprimis

322 5744 428 5800 autem
450 5736 596 5798 loannem
617 5733 786 5796 berderian
808 5734 963 5796 missionis
986 5751 1072 5813 prae-

321 5829 451 5905 fectum,
473 5827 582 5905 gratia,
596 5843 689 5906 qnam
704 5828 784 5906 apud
806 5835 836 5890 te
856 5827 960 5903 inivit,
983 5829 1070 5907 peni-

322 5931 372 5986 tus
383 5923 528 5999 dignum,
542 5920 711 6000 patrocinio
725 5924 790 5997 tuo,
800 5918 968 5986 celsissime
983 5922 1072 5984 Prin·

1009 564 1065 608 ttto
1088 564 1137 610 ΡΡ.
1163 565 1219 609 xli.

1813 540 1871 605 707
1923 536 1975 590 An.
1990 541 2022 592 O.'
2043 541 2111 594 1828

1141 698 1222 761 ceps,
1244 683 1359 763 quanti
1380 697 1545 762 possumus
1566 679 1663 742 animi
1691 677 1890 741 contentione

1119 779 1121 786 ⁴
1141 777 1408 838 commendamus.

1181 868 1293 930 ilatum
1314 868 1441 942 Romae,
1457 866 1536 946 apud
1558 866 1588 929 S.
1607 866 1735 930 Petrum
1757 865 1815 929 snb
1837 883 1889 928 an-

1141 959 1216 1023 nulo
1230 961 1403 1035 Piscatoris,
1417 961 1465 1024 die
1481 975 1534 1020 xx.
1553 967 1630 1039 sept.
1645 977 1886 1035 dccccxxviii,

1139 1054 1337 1134 pontificatus
1358 1055 1455 1117 nostri
1477 1069 1559 1116 anno
1573 1070 1603 1112 v.

1397 1261 1636 1268 v-————-·—---——-—

1480 1434 1544 1497 itt.

1139 1623 1267 1684 Erectio
1293 1621 1476 1684 vicariatus
1498 1620 1666 1698 apostolici
1689 1619 1724 1682 tn
1752 1620 1886 1684 civitate

1314 1714 1513 1792 coetaneos·
1535 1714 1571 1776 t'tt
1595 1713 1707 1777 indiis.

1242 1898 1360 1966 dilecto
1382 1897 1446 1965 lilio
1469 1895 1604 1964 llerieno
1627 1894 1776 1964 falevere

1137 1991 1237 2060 electo
1253 1990 1308 2076 tp.
1326 1991 1496 2059 fricalensi
1513 1992 1540 2058 in
1559 1992 1694 2074 partibus
1712 1990 1884 2072 infidelium,

1391 2176 1465 2245 1.Εο
1487 2177 1546 2245 ΡΡ.
1570 2176 1627 2245 ΧΙΙ.

1415 2365 1532 2433 llilecle
1552 2365 1605 2445 lili,

1168 2463 1295 2531 sulutem
1318 2466 1351 2529 et
1370 2459 1568 2545 apostolicam
1595 2460 1846 2529 benedictionem.

1173 2654 1191 2728 ἓ
1215 2653 1242 2714 1.
1267 2651 1433 2730 Apostolici
1457 2650 1556 2712 nostri
1578 2650 1717 2712 muueris
1732 2650 1808 2713 ratio
1830 2667 1884 2729 po·
1930 2672 2097 2718 prooemium.

1133 2746 1237 2822 stulat,
1261 2754 1296 2807 ut
1318 2745 1353 2806 ad
1376 2761 1410 2806 ea
1431 2743 1629 2821 potissimum
1654 2742 1781 2805 sollicita
1803 2745 1882 2822 vigi·

1132 2838 1227 2901 lautia
1249 2837 1432 2899 incumbere
1452 2837 1649 2910 studeamus,
1672 2852 1749 2914 qnae
1771 2851 1884 2913 oppor-

1134 2938 1246 2993 tunum
1263 2929 1511 3006 uniuscuiusque
1528 2926 1673 2989 ecclesiae
1687 2943 1720 2988 ac
1736 2927 1881 2990 dioecesis

1133 3022 1324 3098 gubernium
1336 3029 1367 3084 et
1381 3022 1558 3083 animarum
1570 3019 1819 3082 christifidelium
1834 3037 1881 3084 re-

1132 3115 1266 3194 spiciunt
1289 3113 1465 3176 utilitatem.

1173 3208 1191 3283 ἓ
1212 3207 1450 3282 1011111111
1463 3205 1578 3268 multos
1590 3205 1650 3266 iam
1665 3221 1762 3268 annos
1772 3205 1880 3283 1111111-
1919 3239 2001 3283 aanor
2014 3247 2114 3286 mm.

1132 3299 1237 3364 nensis
1259 3301 1292 3363 in
1313 3300 1406 3361 lndiis
1434 3297 1678 3363 occidentalibus
1702 3299 1880 3378 episcopalis
1899 3289 1988 3336 110111·

1132 3394 1257 3456 ecclesia
1278 3403 1398 3473 pastore
1419 3403 1520 3455 careat
1534 3408 1657 3454 summa
1671 3408 1743 3455 cnm
1759 3392 1880 3454 cbristi-

1132 3487 1269 3550 fidelium
1292 3487 1325 3548 in
1353 3487 1465 3548 dissitis
1488 3485 1547 3548 illis
1573 3486 1811 3563 asperrimisque
1834 3502 1880 3548 re·

1131 3580 1274 3658 gionibus
1284 3579 1465 3655 degentium
1475 3579 1624 3658 pernicie,
1636 3595 1691 3640 nos
1707 3578 1779 3641 bnic
1794 3586 1880 3641 tanto

1132 3674 1211 3736 malo
1234 3671 1408 3735 remedium
1430 3675 1632 3750 adproperare
1653 3673 1825 3751 cupientes,
1842 3683 1892 3735 11·

1130 3775 1211 3854 certa
1223 3767 1349 3830 scientia
1360 3777 1524 3831 armatura
1535 3768 1757 3831 deliberatione
1769 3767 1880 3834 nostris

1131 3871 1229 3947 deque
1243 3866 1427 3946 apostolicae
1442 3863 1599 3941 potestatis
1614 3861 1819 3941 plenitudine,
1834 3862 1880 3923 in-

1132 3963 1260 4026 terdicto
1284 3961 1368 4039 prius
1389 3959 1478 4022 alteri
1500 3958 1626 4021 cuilibet
1646 3956 1820 4020 ordinariae
1835 3957 1880 4020 iu-

1131 4055 1317 4118 risdictionis
1334 4054 1364 4114 in
1375 4051 1559 4116 Guaianensi
1572 4049 1702 4113 dioecesi
1718 4050 1878 4124 exercitio,

1129 4157 1170 4224 te,
1194 4149 1231 4211 de
1254 4148 1341 4211 cuius
1364 4147 1434 4220 fide,
1458 4145 1609 4220 doctrina,
1634 4145 1810 4222 prudentia,
1834 4145 1880 4207 in·

1129 4243 1273 4320 tegritate
1301 4260 1334 4305 ae
1355 4259 1463 4306 rerum
1485 4243 1677 4322 experientia
1706 4242 1877 4320 plurimum

1130 4341 1162 4402 in
1184 4341 1317 4402 Domino
1340 4338 1535 4412 confidimns,
1559 4336 1591 4398 in
1619 4335 1778 4400 llicarium
1799 4337 1878 4414 Apo-

1128 4434 1273 4498 stolicnm
1294 4433 1389 4511 ipsius
1412 4430 1591 4508 episcopalis
1605 4429 1750 4493 ecclesiae
1770 4431 1878 4509 1111111-

1129 4528 1235 4591 nensis
1259 4529 1292 4590 in
1313 4525 1522 4604 spiritualibus
1544 4531 1575 4589 et
1599 4525 1820 4603 temporalibus
1842 4526 1876 4587 ad

1130 4632 1275 4686 nostrum
1290 4629 1321 4685 et
1332 4619 1619 4700 SedisApostolicae
1635 4619 1876 4698 beneplacitum,

1129 4718 1227 4779 donec
1241 4716 1298 4777 alia
1313 4715 1433 4777 ratione
1453 4715 1601 4792 regimini
1623 4713 1762 4776 eiusdem
1783 4715 1880 4776 eccle·

1128 4811 1190 4871 siae
1211 4823 1266 4889 per
1287 4809 1364 4870 banc
1386 4807 1530 4870 Sanctam
1558 4807 1671 4870 Sedent
1698 4807 1877 4869 consultum

1128 4903 1235 4976 fuerit,
1261 4909 1367 4964 tencre
1389 4900 1598 4978 praesentium
1623 4899 1782 4976 eligimus,
1805 4916 1877 4962 con-

1128 4995 1287 5058 stituimus
1308 5011 1341 5057 ac
1362 4993 1563 5071 deputemus,
1592 4993 1716 5071 plenam
1742 4993 1797 5054 tibi
1826 5009 1878 5055 au·

1127 5088 1302 5150 ctoritatem
1324 5093 1355 5149 et
1375 5086 1552 5149 facultatem
1576 5085 1749 5148 tribuentes
1764 5101 1797 5147 ea
1812 5102 1878 5148 om·

1128 5181 1179 5241 nia
1200 5186 1231 5241 et
1253 5179 1376 5256 singula
1399 5181 1431 5241 in
1453 5179 1696 5242 administranda
1718 5186 1825 5241 nostru
1845 5186 1877 5239 et

1128 5273 1256 5336 Sanctae
1277 5272 1364 5335 Sedis
1386 5273 1516 5334 nomine
1536 5271 1675 5346 ecclesia,
1697 5271 1822 5333 civitate
1843 5288 1877 5332 ac

1127 5367 1257 5429 dioecesi
1282 5363 1469 5443 Guajanensi
1502 5363 1667 5427 exercendi
1689 5381 1721 5426 ac
1747 5363 1877 5439 gerendi

1127 5466 1300 5538 quaesunt
1321 5457 1494 5520 ordinariae
1515 5467 1546 5520 et
1567 5457 1725 5534 delegatae
1754 5455 1876 5519 iurisdi-

1128 5550 1248 5625 ctionis,
1275 5558 1317 5625 et,
1340 5557 1408 5628 post
1428 5556 1607 5628 susceptum
1636 5549 1877 5612 consecrationis

1128 5659 1254 5718 munus,
1279 5643 1372 5705 etiam
1393 5643 1446 5704 iffa
1468 5658 1545 5721 quae
1567 5649 1641 5704 sunt
1662 5643 1789 5704 ordinis.

1166 5737 1185 5812 ἓ
1205 5737 1235 5800 8.
1260 5736 1456 5814 lniuugimus
1479 5743 1639 5814 propterea
1662 5735 1782 5799 dilectis
1805 5736 1875 5799 filiis
1905 5745 2108 5814 praeceptoque

1127 5831 1209 5893 clero
1231 5837 1261 5893 11
1283 5829 1396 5909 populo
1417 5827 1588 5905 praedictae
1603 5826 1806 5905 Guejanensis
1828 5801 2107 5913 11-ῗέἰῗξὲξὲιὲξῧῖ

1125 5921 1236 5985 clesiae
1247 5935 1280 5984 ao
1289 5921 1446 5996 dioecesis,
1456 5928 1490 5982 ut
1501 5919 1535 5982 in
1545 5919 1661 5983 virtute
1671 5931 1794 5984 sanctae
1805 5922 1875 5984 obe·
1896 5911 2000 5957 1111111·
