<?xml version="1.0" encoding="UTF-8"?>
<!DOCTYPE html PUBLIC "-//W3C//DTD XHTML 1.0 Transitional//EN"
    "http://www.w3.org/TR/xhtml1/DTD/xhtml1-transitional.dtd">
<html xmlns="http://www.w3.org/1999/xhtml" xml:lang="en" lang="en">
 <head>
  <title>
</title>
<meta http-equiv="Content-Type" content="text/html;charset=utf-8" />
  <meta name='ocr-system' content='tesseract 3.04.00' />
  <meta name='ocr-capabilities' content='ocr_page ocr_carea ocr_par ocr_line ocrx_word'/>
</head>
<body>
  <div class='ocr_page' id='page_1' title='image "./iurispontificii00martgoog_0307.png"; bbox 0 0 4776 6974; ppageno 0'>
   <div class='ocr_carea' id='block_1_1' title="bbox 300 537 599 601">
    <p class='ocr_par' dir='ltr' id='par_1_1' title="bbox 300 537 599 601">
     <span class='ocr_line' id='line_1_1' title="bbox 300 537 599 601; baseline -0.017 -9"><span class='ocrx_word' id='word_1_1' title='bbox 300 539 355 592; x_wconf 77' lang='lat' dir='ltr'>An.</span> <span class='ocrx_word' id='word_1_2' title='bbox 368 540 399 592; x_wconf 82' lang='lat'>0.</span> <span class='ocrx_word' id='word_1_3' title='bbox 421 538 491 590; x_wconf 74' lang='lat'><strong>1784</strong></span> <span class='ocrx_word' id='word_1_4' title='bbox 541 537 599 601; x_wconf 70' lang='lat'>290</span> 
     </span>
    </p>
   </div>
   <div class='ocr_carea' id='block_1_2' title="bbox 289 663 1275 2330">
    <p class='ocr_par' dir='ltr' id='par_1_2' title="bbox 311 663 1271 752">
     <span class='ocr_line' id='line_1_2' title="bbox 311 663 1271 752; baseline -0.016 -16"><span class='ocrx_word' id='word_1_5' title='bbox 311 691 346 736; x_wconf 80' lang='lat' dir='ltr'>no</span> <span class='ocrx_word' id='word_1_6' title='bbox 363 687 502 752; x_wconf 65' lang='lat' dir='ltr'>privilegiis</span> <span class='ocrx_word' id='word_1_7' title='bbox 562 675 580 750; x_wconf 75' lang='lat'>5</span> <span class='ocrx_word' id='word_1_8' title='bbox 601 675 629 734; x_wconf 90' lang='lat'>8.</span> <span class='ocrx_word' id='word_1_9' title='bbox 654 673 695 736; x_wconf 88' lang='lat' dir='ltr'>Ut</span> <span class='ocrx_word' id='word_1_10' title='bbox 716 687 791 734; x_wconf 89' lang='lat' dir='ltr'>vero</span> <span class='ocrx_word' id='word_1_11' title='bbox 806 671 841 733; x_wconf 90' lang='lat' dir='ltr'>ad</span> <span class='ocrx_word' id='word_1_12' title='bbox 856 670 930 732; x_wconf 88' lang='lat' dir='ltr'>haec</span> <span class='ocrx_word' id='word_1_13' title='bbox 946 668 1156 747; x_wconf 87' lang='lat' dir='ltr'>persequenda</span> <span class='ocrx_word' id='word_1_14' title='bbox 1173 663 1271 725; x_wconf 91' lang='lat' dir='ltr'>acrius</span> 
     </span>
    </p>

    <p class='ocr_par' dir='ltr' id='par_1_3' title="bbox 289 742 1272 844">
     <span class='ocr_line' id='line_1_3' title="bbox 289 742 1272 844; baseline -0.023 1"><span class='ocrx_word' id='word_1_15' title='bbox 289 745 395 844; x_wconf 47' lang='grc' dir='ltr'>ῗῗιῗοῖἒῖε</span> <span class='ocrx_word' id='word_1_16' title='bbox 409 742 500 788; x_wconf 55' lang='lat' dir='ltr'><strong>¹¹⁰⁰⁰s¹</strong></span> <span class='ocrx_word' id='word_1_17' title='bbox 521 770 768 842; x_wconf 83' lang='lat' dir='ltr'>inflammentur,</span> <span class='ocrx_word' id='word_1_18' title='bbox 792 765 871 828; x_wconf 88' lang='lat' dir='ltr'>etad</span> <span class='ocrx_word' id='word_1_19' title='bbox 888 769 1065 826; x_wconf 88' lang='lat' dir='ltr'>extremum</span> <span class='ocrx_word' id='word_1_20' title='bbox 1086 763 1211 825; x_wconf 85' lang='lat' dir='ltr'>nonoris</span> <span class='ocrx_word' id='word_1_21' title='bbox 1226 761 1272 822; x_wconf 93' lang='lat' dir='ltr'>in·</span> 
     </span>
    </p>

    <p class='ocr_par' dir='ltr' id='par_1_4' title="bbox 520 854 1273 938">
     <span class='ocr_line' id='line_1_4' title="bbox 520 854 1273 938; baseline -0.012 -15"><span class='ocrx_word' id='word_1_22' title='bbox 520 863 609 938; x_wconf 88' lang='lat' dir='ltr'>signe</span> <span class='ocrx_word' id='word_1_23' title='bbox 638 860 799 922; x_wconf 90' lang='lat' dir='ltr'>internum</span> <span class='ocrx_word' id='word_1_24' title='bbox 821 875 854 920; x_wconf 90' lang='lat' dir='ltr'>ac</span> <span class='ocrx_word' id='word_1_25' title='bbox 881 856 1043 936; x_wconf 79' lang='lat' dir='ltr'>spirituale</span> <span class='ocrx_word' id='word_1_26' title='bbox 1063 855 1186 934; x_wconf 80' lang='lat' dir='ltr'>aliquod</span> <span class='ocrx_word' id='word_1_27' title='bbox 1208 854 1273 916; x_wconf 93' lang='lat' dir='ltr'>ani-</span> 
     </span>
    </p>

    <p class='ocr_par' dir='ltr' id='par_1_5' title="bbox 521 946 1273 1027">
     <span class='ocr_line' id='line_1_5' title="bbox 521 946 1273 1027; baseline -0.012 -11"><span class='ocrx_word' id='word_1_28' title='bbox 521 969 644 1016; x_wconf 91' lang='lat' dir='ltr'>marum</span> <span class='ocrx_word' id='word_1_29' title='bbox 666 953 789 1015; x_wconf 91' lang='lat' dir='ltr'>lucrum</span> <span class='ocrx_word' id='word_1_30' title='bbox 811 951 982 1026; x_wconf 90' lang='lat' dir='ltr'>adiiciatur,</span> <span class='ocrx_word' id='word_1_31' title='bbox 999 947 1135 1012; x_wconf 88' lang='lat' dir='ltr'>decrevit</span> <span class='ocrx_word' id='word_1_32' title='bbox 1156 946 1273 1027; x_wconf 92' lang='lat' dir='ltr'>pariter</span> 
     </span>
    </p>

    <p class='ocr_par' dir='ltr' id='par_1_6' title="bbox 521 1041 1273 1123">
     <span class='ocr_line' id='line_1_6' title="bbox 521 1041 1273 1123; baseline -0.011 -13"><span class='ocrx_word' id='word_1_33' title='bbox 521 1048 612 1111; x_wconf 91' lang='lat' dir='ltr'>Sacra</span> <span class='ocrx_word' id='word_1_34' title='bbox 633 1044 841 1122; x_wconf 86' lang='lat' dir='ltr'>Cougregatio</span> <span class='ocrx_word' id='word_1_35' title='bbox 854 1043 1092 1123; x_wconf 91' lang='lat' dir='ltr'>supplicandum</span> <span class='ocrx_word' id='word_1_36' title='bbox 1108 1058 1174 1104; x_wconf 91' lang='lat' dir='ltr'>esse</span> <span class='ocrx_word' id='word_1_37' title='bbox 1196 1041 1273 1104; x_wconf 87' lang='lat' dir='ltr'>San·</span> 
     </span>
    </p>

    <p class='ocr_par' dir='ltr' id='par_1_7' title="bbox 521 1134 1272 1215">
     <span class='ocr_line' id='line_1_7' title="bbox 521 1134 1272 1215; baseline -0.011 -13"><span class='ocrx_word' id='word_1_38' title='bbox 521 1141 670 1214; x_wconf 91' lang='lat' dir='ltr'>ctissimo‚</span> <span class='ocrx_word' id='word_1_39' title='bbox 693 1145 729 1199; x_wconf 91' lang='lat' dir='ltr'>ut</span> <span class='ocrx_word' id='word_1_40' title='bbox 749 1136 936 1215; x_wconf 78' lang='lat' dir='ltr'>presbyteris</span> <span class='ocrx_word' id='word_1_41' title='bbox 959 1135 1030 1210; x_wconf 94' lang='lat' dir='ltr'>illis,</span> <span class='ocrx_word' id='word_1_42' title='bbox 1055 1151 1132 1214; x_wconf 93' lang='lat' dir='ltr'>quos</span> <span class='ocrx_word' id='word_1_43' title='bbox 1161 1134 1272 1196; x_wconf 88' lang='lat' dir='ltr'>Metro·</span> 
     </span>
    </p>

    <p class='ocr_par' dir='ltr' id='par_1_8' title="bbox 521 1225 1273 1312">
     <span class='ocr_line' id='line_1_8' title="bbox 521 1225 1273 1312; baseline -0.011 -18"><span class='ocrx_word' id='word_1_44' title='bbox 521 1232 677 1312; x_wconf 90' lang='lat' dir='ltr'>politanus</span> <span class='ocrx_word' id='word_1_45' title='bbox 699 1237 729 1292; x_wconf 91' lang='lat' dir='ltr'>et</span> <span class='ocrx_word' id='word_1_46' title='bbox 745 1230 887 1308; x_wconf 80' lang='lat' dir='ltr'>Episcopi</span> <span class='ocrx_word' id='word_1_47' title='bbox 901 1228 1084 1291; x_wconf 83' lang='lat' dir='ltr'>deferendae</span> <span class='ocrx_word' id='word_1_48' title='bbox 1105 1227 1204 1289; x_wconf 90' lang='lat' dir='ltr'>crucis</span> <span class='ocrx_word' id='word_1_49' title='bbox 1220 1225 1273 1286; x_wconf 92' lang='lat' dir='ltr'>bo-</span> 
     </span>
    </p>

    <p class='ocr_par' dir='ltr' id='par_1_9' title="bbox 522 1320 1272 1402">
     <span class='ocr_line' id='line_1_9' title="bbox 522 1320 1272 1402; baseline -0.012 -14"><span class='ocrx_word' id='word_1_50' title='bbox 522 1343 601 1388; x_wconf 83' lang='lat' dir='ltr'>nore</span> <span class='ocrx_word' id='word_1_51' title='bbox 621 1325 731 1402; x_wconf 90' lang='lat' dir='ltr'>dignos</span> <span class='ocrx_word' id='word_1_52' title='bbox 752 1323 944 1397; x_wconf 90' lang='lat' dir='ltr'>iudicabunt,</span> <span class='ocrx_word' id='word_1_53' title='bbox 967 1322 1070 1384; x_wconf 88' lang='lat' dir='ltr'>altaris</span> <span class='ocrx_word' id='word_1_54' title='bbox 1086 1320 1272 1400; x_wconf 90' lang='lat' dir='ltr'>privilegiati</span> 
     </span>
    </p>

    <p class='ocr_par' dir='ltr' id='par_1_10' title="bbox 522 1413 1274 1498">
     <span class='ocr_line' id='line_1_10' title="bbox 522 1413 1274 1498; baseline -0.008 -18"><span class='ocrx_word' id='word_1_55' title='bbox 522 1418 691 1498; x_wconf 85' lang='lat' dir='ltr'>personalis</span> <span class='ocrx_word' id='word_1_56' title='bbox 713 1419 843 1495; x_wconf 75' lang='lat' dir='ltr'>gratiam</span> <span class='ocrx_word' id='word_1_57' title='bbox 866 1416 911 1478; x_wconf 89' lang='lat' dir='ltr'>bis</span> <span class='ocrx_word' id='word_1_58' title='bbox 933 1416 964 1478; x_wconf 93' lang='lat' dir='ltr'>in</span> <span class='ocrx_word' id='word_1_59' title='bbox 986 1413 1175 1478; x_wconf 88' lang='lat' dir='ltr'>bebdomada</span> <span class='ocrx_word' id='word_1_60' title='bbox 1198 1413 1274 1474; x_wconf 88' lang='lat' dir='ltr'>elar-</span> 
     </span>
    </p>

    <p class='ocr_par' dir='ltr' id='par_1_11' title="bbox 524 1509 1273 1591">
     <span class='ocr_line' id='line_1_11' title="bbox 524 1509 1273 1591; baseline -0.009 -19"><span class='ocrx_word' id='word_1_61' title='bbox 524 1512 636 1588; x_wconf 88' lang='lat' dir='ltr'>giatur,</span> <span class='ocrx_word' id='word_1_62' title='bbox 659 1529 692 1572; x_wconf 93' lang='lat' dir='ltr'>ac</span> <span class='ocrx_word' id='word_1_63' title='bbox 713 1519 880 1591; x_wconf 89' lang='lat' dir='ltr'>praeterea,</span> <span class='ocrx_word' id='word_1_64' title='bbox 905 1518 939 1572; x_wconf 93' lang='lat' dir='ltr'>ut</span> <span class='ocrx_word' id='word_1_65' title='bbox 954 1509 1122 1588; x_wconf 79' lang='lat' dir='ltr'>plenariam</span> <span class='ocrx_word' id='word_1_66' title='bbox 1145 1521 1273 1568; x_wconf 90' lang='lat' dir='ltr'>suorum</span> 
     </span>
    </p>

    <p class='ocr_par' dir='ltr' id='par_1_12' title="bbox 523 1599 1273 1684">
     <span class='ocr_line' id='line_1_12' title="bbox 523 1599 1273 1684; baseline -0.012 -17"><span class='ocrx_word' id='word_1_67' title='bbox 523 1606 720 1684; x_wconf 79' lang='lat' dir='ltr'>peecatorum</span> <span class='ocrx_word' id='word_1_68' title='bbox 741 1603 969 1680; x_wconf 73' lang='lat' dir='ltr'>indulgentiam</span> <span class='ocrx_word' id='word_1_69' title='bbox 984 1601 1149 1680; x_wconf 72' lang='lat' dir='ltr'>quotannis</span> <span class='ocrx_word' id='word_1_70' title='bbox 1170 1601 1202 1662; x_wconf 92' lang='lat' dir='ltr'>in</span> <span class='ocrx_word' id='word_1_71' title='bbox 1225 1599 1273 1660; x_wconf 93' lang='lat' dir='ltr'>die</span> 
     </span>
    </p>

    <p class='ocr_par' dir='ltr' id='par_1_13' title="bbox 525 1692 1272 1774">
     <span class='ocr_line' id='line_1_13' title="bbox 525 1692 1272 1774; baseline -0.009 -15"><span class='ocrx_word' id='word_1_72' title='bbox 525 1697 601 1761; x_wconf 82' lang='lat' dir='ltr'>testo</span> <span class='ocrx_word' id='word_1_73' title='bbox 612 1705 789 1759; x_wconf 89' lang='lat' dir='ltr'>sanctorum</span> <span class='ocrx_word' id='word_1_74' title='bbox 802 1696 1017 1774; x_wconf 75' lang='lat' dir='ltr'>Apostolorum</span> <span class='ocrx_word' id='word_1_75' title='bbox 1032 1694 1115 1756; x_wconf 90' lang='lat' dir='ltr'>Petri</span> <span class='ocrx_word' id='word_1_76' title='bbox 1130 1703 1161 1754; x_wconf 94' lang='lat' dir='ltr'>et</span> <span class='ocrx_word' id='word_1_77' title='bbox 1177 1692 1272 1767; x_wconf 88' lang='lat' dir='ltr'>Pauli,</span> 
     </span>
    </p>

    <p class='ocr_par' dir='ltr' id='par_1_14' title="bbox 525 1785 1272 1868">
     <span class='ocr_line' id='line_1_14' title="bbox 525 1785 1272 1868; baseline -0.004 -18"><span class='ocrx_word' id='word_1_78' title='bbox 525 1799 617 1868; x_wconf 89' lang='lat' dir='ltr'>atquo</span> <span class='ocrx_word' id='word_1_79' title='bbox 639 1790 733 1850; x_wconf 90' lang='lat' dir='ltr'>etiam</span> <span class='ocrx_word' id='word_1_80' title='bbox 762 1788 793 1850; x_wconf 93' lang='lat' dir='ltr'>in</span> <span class='ocrx_word' id='word_1_81' title='bbox 816 1789 955 1850; x_wconf 89' lang='lat' dir='ltr'>eiusdem</span> <span class='ocrx_word' id='word_1_82' title='bbox 978 1787 1045 1848; x_wconf 89' lang='lat' dir='ltr'>iesti</span> <span class='ocrx_word' id='word_1_83' title='bbox 1074 1794 1179 1848; x_wconf 91' lang='lat' dir='ltr'>octavo</span> <span class='ocrx_word' id='word_1_84' title='bbox 1206 1785 1272 1861; x_wconf 80' lang='lat' dir='ltr'>die3</span> 
     </span>
    </p>

    <p class='ocr_par' dir='ltr' id='par_1_15' title="bbox 526 1879 1274 1961">
     <span class='ocr_line' id='line_1_15' title="bbox 526 1879 1274 1961; baseline -0.011 -15"><span class='ocrx_word' id='word_1_85' title='bbox 526 1885 732 1961; x_wconf 88' lang='lat' dir='ltr'>demumque,</span> <span class='ocrx_word' id='word_1_86' title='bbox 760 1889 795 1943; x_wconf 89' lang='lat' dir='ltr'>ut</span> <span class='ocrx_word' id='word_1_87' title='bbox 823 1881 855 1943; x_wconf 91' lang='lat' dir='ltr'>in</span> <span class='ocrx_word' id='word_1_88' title='bbox 878 1896 986 1944; x_wconf 90' lang='lat' dir='ltr'>eorum</span> <span class='ocrx_word' id='word_1_89' title='bbox 1015 1879 1123 1940; x_wconf 91' lang='lat' dir='ltr'>mortis</span> <span class='ocrx_word' id='word_1_90' title='bbox 1145 1879 1274 1940; x_wconf 91' lang='lat' dir='ltr'>articulo</span> 
     </span>
    </p>

    <p class='ocr_par' dir='ltr' id='par_1_16' title="bbox 526 1971 1274 2056">
     <span class='ocr_line' id='line_1_16' title="bbox 526 1971 1274 2056; baseline -0.009 -20"><span class='ocrx_word' id='word_1_91' title='bbox 526 1975 696 2056; x_wconf 89' lang='lat' dir='ltr'>plenariam</span> <span class='ocrx_word' id='word_1_92' title='bbox 718 1974 832 2053; x_wconf 88' lang='lat' dir='ltr'>pariter</span> <span class='ocrx_word' id='word_1_93' title='bbox 858 1989 986 2035; x_wconf 91' lang='lat' dir='ltr'>suorum</span> <span class='ocrx_word' id='word_1_94' title='bbox 1011 1980 1205 2050; x_wconf 89' lang='lat' dir='ltr'>peccatorum</span> <span class='ocrx_word' id='word_1_95' title='bbox 1229 1971 1274 2030; x_wconf 95' lang='lat' dir='ltr'>in-</span> 
     </span>
    </p>

    <p class='ocr_par' dir='ltr' id='par_1_17' title="bbox 526 2063 1274 2236">
     <span class='ocr_line' id='line_1_17' title="bbox 526 2063 1274 2146; baseline -0.007 -19"><span class='ocrx_word' id='word_1_96' title='bbox 526 2066 720 2142; x_wconf 80' lang='lat' dir='ltr'>dulgentiam</span> <span class='ocrx_word' id='word_1_97' title='bbox 742 2067 887 2144; x_wconf 90' lang='lat' dir='ltr'>consequi</span> <span class='ocrx_word' id='word_1_98' title='bbox 909 2066 1090 2146; x_wconf 87' lang='lat' dir='ltr'>possint,ex</span> <span class='ocrx_word' id='word_1_99' title='bbox 1112 2063 1274 2142; x_wconf 88' lang='lat' dir='ltr'>apostolica</span> 
     </span>
     <span class='ocr_line' id='line_1_18' title="bbox 527 2157 1093 2236; baseline -0.005 -14"><span class='ocrx_word' id='word_1_100' title='bbox 527 2157 721 2236; x_wconf 78' lang='lat' dir='ltr'>benignitate</span> <span class='ocrx_word' id='word_1_101' title='bbox 743 2159 912 2222; x_wconf 87' lang='lat' dir='ltr'>concedere</span> <span class='ocrx_word' id='word_1_102' title='bbox 934 2159 1093 2236; x_wconf 79' lang='lat' dir='ltr'>dignetur.</span> 
     </span>
    </p>

    <p class='ocr_par' dir='ltr' id='par_1_18' title="bbox 341 2251 1275 2330">
     <span class='ocr_line' id='line_1_19' title="bbox 341 2251 1275 2330; baseline -0.007 -11"><span class='ocrx_word' id='word_1_103' title='bbox 341 2257 507 2318; x_wconf 73' lang='lat' dir='ltr'>praeceptum</span> <span class='ocrx_word' id='word_1_104' title='bbox 566 2251 634 2326; x_wconf 63' lang='lat' dir='ltr'>Sil.</span> <span class='ocrx_word' id='word_1_105' title='bbox 660 2251 722 2313; x_wconf 88' lang='lat' dir='ltr'>Hoc</span> <span class='ocrx_word' id='word_1_106' title='bbox 749 2261 853 2314; x_wconf 91' lang='lat' dir='ltr'>autem</span> <span class='ocrx_word' id='word_1_107' title='bbox 882 2253 990 2316; x_wconf 88' lang='lat' dir='ltr'>Sacrae</span> <span class='ocrx_word' id='word_1_108' title='bbox 1016 2252 1275 2330; x_wconf 87' lang='lat' dir='ltr'>Congregationis</span> 
     </span>
    </p>
   </div>
   <div class='ocr_carea' id='block_1_3' title="bbox 295 2309 1275 2412">
    <p class='ocr_par' dir='ltr' id='par_1_19' title="bbox 295 2309 1275 2412">
     <span class='ocr_line' id='line_1_20' title="bbox 295 2309 1275 2412; baseline 0.002 -5"><span class='ocrx_word' id='word_1_109' title='bbox 295 2309 509 2409; x_wconf 46' lang='lat' dir='ltr'>iiiefaiprirditffi&#39;n‘iss</span> <span class='ocrx_word' id='word_1_110' title='bbox 527 2350 686 2412; x_wconf 89' lang='lat' dir='ltr'>decretum</span> <span class='ocrx_word' id='word_1_111' title='bbox 715 2349 912 2412; x_wconf 90' lang='lat' dir='ltr'>Sanctissimo</span> <span class='ocrx_word' id='word_1_112' title='bbox 940 2350 1067 2412; x_wconf 93' lang='lat' dir='ltr'>domino</span> <span class='ocrx_word' id='word_1_113' title='bbox 1090 2349 1201 2411; x_wconf 92' lang='lat' dir='ltr'>Nostro</span> <span class='ocrx_word' id='word_1_114' title='bbox 1223 2349 1275 2410; x_wconf 92' lang='lat' dir='ltr'>Pio</span> 
     </span>
    </p>
   </div>
   <div class='ocr_carea' id='block_1_4' title="bbox 296 2415 1277 3078">
    <p class='ocr_par' dir='ltr' id='par_1_20' title="bbox 296 2415 1277 3078">
     <span class='ocr_line' id='line_1_21' title="bbox 296 2415 1276 2522; baseline -0.005 -13"><span class='ocrx_word' id='word_1_115' title='bbox 296 2415 385 2462; x_wconf 75' lang='lat' dir='ltr'>orave.</span> <span class='ocrx_word' id='word_1_116' title='bbox 527 2447 582 2508; x_wconf 87' lang='grc' dir='ltr'>ΡΡ.</span> <span class='ocrx_word' id='word_1_117' title='bbox 593 2445 786 2509; x_wconf 80' lang='lat' dir='ltr'>lllrelatum</span> <span class='ocrx_word' id='word_1_118' title='bbox 799 2446 830 2506; x_wconf 91' lang='lat' dir='ltr'>iu</span> <span class='ocrx_word' id='word_1_119' title='bbox 843 2445 997 2508; x_wconf 91' lang='lat' dir='ltr'>audientia</span> <span class='ocrx_word' id='word_1_120' title='bbox 1008 2445 1111 2507; x_wconf 88' lang='lat' dir='ltr'>habita</span> <span class='ocrx_word' id='word_1_121' title='bbox 1123 2460 1177 2522; x_wconf 92' lang='lat' dir='ltr'>per</span> <span class='ocrx_word' id='word_1_122' title='bbox 1189 2460 1276 2505; x_wconf 92' lang='lat' dir='ltr'>eom-</span> 
     </span>
     <span class='ocr_line' id='line_1_22' title="bbox 526 2538 1276 2617; baseline -0.009 -14"><span class='ocrx_word' id='word_1_123' title='bbox 526 2543 598 2604; x_wconf 90' lang='lat' dir='ltr'>dem</span> <span class='ocrx_word' id='word_1_124' title='bbox 620 2539 655 2602; x_wconf 86' lang='lat' dir='ltr'>il.</span> <span class='ocrx_word' id='word_1_125' title='bbox 680 2540 712 2600; x_wconf 90' lang='lat' dir='ltr'>P.</span> <span class='ocrx_word' id='word_1_126' title='bbox 736 2540 771 2600; x_wconf 82' lang='lat' dir='ltr'>tt.</span> <span class='ocrx_word' id='word_1_127' title='bbox 796 2539 988 2617; x_wconf 86' lang='lat' dir='ltr'>Stephanum</span> <span class='ocrx_word' id='word_1_128' title='bbox 1016 2538 1126 2614; x_wconf 85' lang='lat' dir='ltr'>Borgia</span> <span class='ocrx_word' id='word_1_129' title='bbox 1147 2545 1276 2599; x_wconf 85' lang='lat' dir='ltr'>secreta·</span> 
     </span>
     <span class='ocr_line' id='line_1_23' title="bbox 527 2631 1275 2697; baseline -0.008 -1"><span class='ocrx_word' id='word_1_130' title='bbox 527 2635 610 2697; x_wconf 93' lang='lat' dir='ltr'>rium</span> <span class='ocrx_word' id='word_1_131' title='bbox 632 2634 680 2694; x_wconf 94' lang='lat' dir='ltr'>die</span> <span class='ocrx_word' id='word_1_132' title='bbox 700 2650 773 2696; x_wconf 92' lang='lat' dir='ltr'>xrrr.</span> <span class='ocrx_word' id='word_1_133' title='bbox 791 2632 869 2694; x_wconf 92' lang='lat' dir='ltr'>iunii</span> <span class='ocrx_word' id='word_1_134' title='bbox 884 2646 1101 2694; x_wconf 87' lang='lat' dir='ltr'>noccxxxxrv.</span> <span class='ocrx_word' id='word_1_135' title='bbox 1126 2631 1275 2693; x_wconf 81' lang='lat' dir='ltr'>Sanctitas</span> 
     </span>
     <span class='ocr_line' id='line_1_24' title="bbox 527 2725 1276 2804; baseline -0.008 -15"><span class='ocrx_word' id='word_1_136' title='bbox 527 2727 589 2791; x_wconf 90' lang='lat' dir='ltr'>Sua</span> <span class='ocrx_word' id='word_1_137' title='bbox 610 2728 642 2790; x_wconf 92' lang='lat' dir='ltr'>in</span> <span class='ocrx_word' id='word_1_138' title='bbox 663 2727 806 2789; x_wconf 92' lang='lat' dir='ltr'>omnibus</span> <span class='ocrx_word' id='word_1_139' title='bbox 821 2725 1013 2804; x_wconf 93' lang='lat' dir='ltr'>approbavit,</span> <span class='ocrx_word' id='word_1_140' title='bbox 1036 2731 1066 2786; x_wconf 91' lang='lat' dir='ltr'>et</span> <span class='ocrx_word' id='word_1_141' title='bbox 1083 2740 1137 2803; x_wconf 90' lang='lat' dir='ltr'>per</span> <span class='ocrx_word' id='word_1_142' title='bbox 1159 2731 1276 2801; x_wconf 91' lang='lat' dir='ltr'>aposto-</span> 
     </span>
     <span class='ocr_line' id='line_1_25' title="bbox 527 2815 1276 2883; baseline -0.013 0"><span class='ocrx_word' id='word_1_143' title='bbox 527 2823 599 2883; x_wconf 91' lang='lat' dir='ltr'>licas</span> <span class='ocrx_word' id='word_1_144' title='bbox 627 2820 660 2881; x_wconf 95' lang='lat' dir='ltr'>in</span> <span class='ocrx_word' id='word_1_145' title='bbox 687 2819 784 2881; x_wconf 88' lang='lat' dir='ltr'>iorma</span> <span class='ocrx_word' id='word_1_146' title='bbox 812 2818 919 2878; x_wconf 90' lang='lat' dir='ltr'>Brevis</span> <span class='ocrx_word' id='word_1_147' title='bbox 951 2817 1055 2878; x_wconf 88' lang='lat' dir='ltr'>literas</span> <span class='ocrx_word' id='word_1_148' title='bbox 1087 2815 1276 2878; x_wconf 72' lang='lat' dir='ltr'>:auctoritatis</span> 
     </span>
     <span class='ocr_line' id='line_1_26' title="bbox 526 2909 1215 2976; baseline -0.012 0"><span class='ocrx_word' id='word_1_149' title='bbox 526 2929 600 2976; x_wconf 88' lang='lat' dir='ltr'>suae</span> <span class='ocrx_word' id='word_1_150' title='bbox 621 2912 715 2975; x_wconf 90' lang='lat' dir='ltr'>robur</span> <span class='ocrx_word' id='word_1_151' title='bbox 735 2909 940 2974; x_wconf 88' lang='lat' dir='ltr'>adiiciendum</span> <span class='ocrx_word' id='word_1_152' title='bbox 963 2925 1027 2972; x_wconf 90' lang='lat' dir='ltr'>esse</span> <span class='ocrx_word' id='word_1_153' title='bbox 1050 2909 1215 2971; x_wconf 88' lang='lat' dir='ltr'>mandavit.</span> 
     </span>
     <span class='ocr_line' id='line_1_27' title="bbox 568 3000 1277 3078; baseline -0.008 -10"><span class='ocrx_word' id='word_1_154' title='bbox 568 3007 680 3068; x_wconf 79' lang='lat' dir='ltr'>ilatum</span> <span class='ocrx_word' id='word_1_155' title='bbox 700 3021 739 3066; x_wconf 93' lang='lat' dir='ltr'>ox</span> <span class='ocrx_word' id='word_1_156' title='bbox 760 3004 884 3065; x_wconf 85' lang='lat' dir='ltr'>aedibus</span> <span class='ocrx_word' id='word_1_157' title='bbox 906 3003 1003 3066; x_wconf 92' lang='lat' dir='ltr'>dictae</span> <span class='ocrx_word' id='word_1_158' title='bbox 1018 3000 1126 3063; x_wconf 87' lang='lat' dir='ltr'>Sacrae</span> <span class='ocrx_word' id='word_1_159' title='bbox 1141 3003 1277 3078; x_wconf 84' lang='lat' dir='ltr'>Congre-</span> 
     </span>
    </p>
   </div>
   <div class='ocr_carea' id='block_1_5' title="bbox 529 3095 1164 3312">
    <p class='ocr_par' dir='ltr' id='par_1_21' title="bbox 529 3095 1164 3312">
     <span class='ocr_line' id='line_1_28' title="bbox 529 3095 1164 3177; baseline -0.009 -17"><span class='ocrx_word' id='word_1_160' title='bbox 529 3099 660 3177; x_wconf 88' lang='lat' dir='ltr'>gationis</span> <span class='ocrx_word' id='word_1_161' title='bbox 682 3098 731 3160; x_wconf 91' lang='lat' dir='ltr'>die</span> <span class='ocrx_word' id='word_1_162' title='bbox 752 3113 820 3158; x_wconf 90' lang='lat' dir='ltr'>xrx.</span> <span class='ocrx_word' id='word_1_163' title='bbox 847 3095 925 3160; x_wconf 90' lang='lat' dir='ltr'>iunii</span> <span class='ocrx_word' id='word_1_164' title='bbox 947 3111 1164 3159; x_wconf 85' lang='lat' dir='ltr'>uocccxxxrv.</span> 
     </span>
     <span class='ocr_line' id='line_1_29' title="bbox 608 3232 837 3312; baseline 0 -18"><span class='ocrx_word' id='word_1_165' title='bbox 608 3232 837 3312; x_wconf 57' lang='lat' dir='ltr'>mmlffiffli</span> 
     </span>
    </p>
   </div>
   <div class='ocr_carea' id='block_1_6' title="bbox 663 3379 1276 3553">
    <p class='ocr_par' dir='ltr' id='par_1_22' title="bbox 663 3379 1276 3553">
     <span class='ocr_line' id='line_1_30' title="bbox 663 3379 1219 3444; baseline -0.007 -2"><span class='ocrx_word' id='word_1_166' title='bbox 663 3382 698 3442; x_wconf 90' lang='lat' dir='ltr'>L.</span> <span class='ocrx_word' id='word_1_167' title='bbox 726 3381 813 3444; x_wconf 84' lang='lat' dir='ltr'>Card.</span> <span class='ocrx_word' id='word_1_168' title='bbox 840 3381 1025 3444; x_wconf 80' lang='lat' dir='ltr'>Antoneilus</span> <span class='ocrx_word' id='word_1_169' title='bbox 1047 3379 1219 3442; x_wconf 84' lang='lat' dir='ltr'>Praefectus</span> 
     </span>
     <span class='ocr_line' id='line_1_31' title="bbox 748 3474 1276 3553; baseline -0.013 -14"><span class='ocrx_word' id='word_1_170' title='bbox 748 3475 923 3553; x_wconf 82' lang='lat' dir='ltr'>Stephanus</span> <span class='ocrx_word' id='word_1_171' title='bbox 944 3476 1054 3552; x_wconf 87' lang='lat' dir='ltr'>Borgia</span> <span class='ocrx_word' id='word_1_172' title='bbox 1075 3474 1276 3538; x_wconf 80' lang='lat' dir='ltr'>secretarius.</span> 
     </span>
    </p>
   </div>
   <div class='ocr_carea' id='block_1_7' title="bbox 298 3662 1283 5988">
    <p class='ocr_par' dir='ltr' id='par_1_23' title="bbox 298 3662 1280 3926">
     <span class='ocr_line' id='line_1_32' title="bbox 347 3662 1279 3748; baseline -0.01 -18"><span class='ocrx_word' id='word_1_173' title='bbox 347 3683 510 3748; x_wconf 76' lang='lat' dir='ltr'>conprmaoo</span> <span class='ocrx_word' id='word_1_174' title='bbox 570 3663 656 3739; x_wconf 67' lang='lat' dir='ltr'>gili.</span> <span class='ocrx_word' id='word_1_175' title='bbox 682 3663 762 3726; x_wconf 81' lang='lat' dir='ltr'>Cum</span> <span class='ocrx_word' id='word_1_176' title='bbox 783 3668 888 3746; x_wconf 86' lang='lat' dir='ltr'>autem</span> <span class='ocrx_word' id='word_1_177' title='bbox 911 3662 1073 3724; x_wconf 89' lang='lat' dir='ltr'>memorati</span> <span class='ocrx_word' id='word_1_178' title='bbox 1087 3667 1279 3741; x_wconf 80' lang='lat' dir='ltr'>exponentes</span> 
     </span>
     <span class='ocr_line' id='line_1_33' title="bbox 298 3739 1279 3838; baseline -0.006 -18"><span class='ocrx_word' id='word_1_179' title='bbox 298 3739 446 3796; x_wconf 64' lang='lat'>³⁹⁰³¹⁰¹¹⁰³·</span> <span class='ocrx_word' id='word_1_180' title='bbox 531 3759 757 3838; x_wconf 87' lang='lat' dir='ltr'>praeinsertunt</span> <span class='ocrx_word' id='word_1_181' title='bbox 779 3758 939 3818; x_wconf 81' lang='lat' dir='ltr'>decretum</span> <span class='ocrx_word' id='word_1_182' title='bbox 963 3771 1017 3832; x_wconf 89' lang='lat' dir='ltr'>pro</span> <span class='ocrx_word' id='word_1_183' title='bbox 1043 3756 1174 3817; x_wconf 81' lang='lat' dir='ltr'>firmiori</span> <span class='ocrx_word' id='word_1_184' title='bbox 1196 3754 1279 3815; x_wconf 91' lang='lat' dir='ltr'>illius</span> 
     </span>
     <span class='ocr_line' id='line_1_34' title="bbox 529 3847 1280 3926; baseline -0.007 -13"><span class='ocrx_word' id='word_1_185' title='bbox 529 3849 725 3915; x_wconf 74' lang='lat' dir='ltr'>subsistentia</span> <span class='ocrx_word' id='word_1_186' title='bbox 742 3857 772 3910; x_wconf 92' lang='lat' dir='ltr'>et</span> <span class='ocrx_word' id='word_1_187' title='bbox 790 3849 1006 3910; x_wconf 89' lang='lat' dir='ltr'>observatione</span> <span class='ocrx_word' id='word_1_188' title='bbox 1017 3847 1280 3926; x_wconf 89' lang='lat' dir='ltr'>apostolicaecon·</span> 
     </span>
    </p>

    <p class='ocr_par' dir='ltr' id='par_1_24' title="bbox 530 3940 1280 4114">
     <span class='ocr_line' id='line_1_35' title="bbox 531 3940 1278 4020; baseline -0.009 -14"><span class='ocrx_word' id='word_1_189' title='bbox 531 3943 715 4006; x_wconf 85' lang='lat' dir='ltr'>firmationis</span> <span class='ocrx_word' id='word_1_190' title='bbox 743 3950 866 4004; x_wconf 89' lang='lat' dir='ltr'>nostrae</span> <span class='ocrx_word' id='word_1_191' title='bbox 894 3941 1065 4020; x_wconf 90' lang='lat' dir='ltr'>patrocinio</span> <span class='ocrx_word' id='word_1_192' title='bbox 1092 3940 1278 4002; x_wconf 90' lang='lat' dir='ltr'>communiri</span> 
     </span>
     <span class='ocr_line' id='line_1_36' title="bbox 530 4034 1280 4114; baseline -0.009 -14"><span class='ocrx_word' id='word_1_193' title='bbox 530 4051 729 4114; x_wconf 86' lang='lat' dir='ltr'>summopere</span> <span class='ocrx_word' id='word_1_194' title='bbox 751 4035 940 4110; x_wconf 90' lang='lat' dir='ltr'>desiderent,</span> <span class='ocrx_word' id='word_1_195' title='bbox 957 4049 1012 4095; x_wconf 93' lang='lat' dir='ltr'>nos</span> <span class='ocrx_word' id='word_1_196' title='bbox 1028 4034 1106 4112; x_wconf 90' lang='lat' dir='ltr'>ipsos</span> <span class='ocrx_word' id='word_1_197' title='bbox 1121 4049 1280 4112; x_wconf 89' lang='lat' dir='ltr'>exponen-</span> 
     </span>
    </p>

    <p class='ocr_par' dir='ltr' id='par_1_25' title="bbox 531 4126 1278 4208">
     <span class='ocr_line' id='line_1_37' title="bbox 531 4126 1278 4208; baseline -0.011 -16"><span class='ocrx_word' id='word_1_198' title='bbox 531 4139 576 4192; x_wconf 88' lang='lat' dir='ltr'>tes</span> <span class='ocrx_word' id='word_1_199' title='bbox 597 4128 778 4208; x_wconf 87' lang='lat' dir='ltr'>specialibus</span> <span class='ocrx_word' id='word_1_200' title='bbox 793 4128 898 4204; x_wconf 90' lang='lat' dir='ltr'>gratiis</span> <span class='ocrx_word' id='word_1_201' title='bbox 920 4134 950 4188; x_wconf 90' lang='lat' dir='ltr'>et</span> <span class='ocrx_word' id='word_1_202' title='bbox 967 4126 1121 4188; x_wconf 85' lang='lat' dir='ltr'>favoribus</span> <span class='ocrx_word' id='word_1_203' title='bbox 1136 4126 1278 4205; x_wconf 87' lang='lat' dir='ltr'>prosequi</span> 
     </span>
    </p>

    <p class='ocr_par' dir='ltr' id='par_1_26' title="bbox 530 4219 1279 4296">
     <span class='ocr_line' id='line_1_38' title="bbox 530 4219 1279 4296; baseline -0.009 -11"><span class='ocrx_word' id='word_1_204' title='bbox 530 4223 688 4296; x_wconf 88' lang='lat' dir='ltr'>volentes,</span> <span class='ocrx_word' id='word_1_205' title='bbox 717 4229 749 4283; x_wconf 91' lang='lat' dir='ltr'>et</span> <span class='ocrx_word' id='word_1_206' title='bbox 771 4235 881 4282; x_wconf 88' lang='lat' dir='ltr'>corum</span> <span class='ocrx_word' id='word_1_207' title='bbox 902 4219 1076 4296; x_wconf 83' lang='lat' dir='ltr'>singulares</span> <span class='ocrx_word' id='word_1_208' title='bbox 1098 4235 1243 4296; x_wconf 82' lang='lat' dir='ltr'>personas</span> <span class='ocrx_word' id='word_1_209' title='bbox 1265 4235 1279 4278; x_wconf 93' lang='lat' dir='ltr'>a</span> 
     </span>
    </p>

    <p class='ocr_par' dir='ltr' id='par_1_27' title="bbox 531 4313 1281 4394">
     <span class='ocr_line' id='line_1_39' title="bbox 531 4313 1281 4394; baseline -0.004 -17"><span class='ocrx_word' id='word_1_210' title='bbox 531 4315 691 4394; x_wconf 83' lang='lat' dir='ltr'>quibusvis</span> <span class='ocrx_word' id='word_1_211' title='bbox 713 4313 1054 4387; x_wconf 69' lang='lat' dir='ltr'>excommunicationis</span> <span class='ocrx_word' id='word_1_212' title='bbox 1070 4314 1281 4392; x_wconf 87' lang='lat' dir='ltr'>suspensionis</span> 
     </span>
    </p>

    <p class='ocr_par' dir='ltr' id='par_1_28' title="bbox 532 4406 1280 4484">
     <span class='ocr_line' id='line_1_40' title="bbox 532 4406 1280 4484; baseline -0.003 -14"><span class='ocrx_word' id='word_1_213' title='bbox 532 4417 563 4471; x_wconf 89' lang='lat' dir='ltr'>et</span> <span class='ocrx_word' id='word_1_214' title='bbox 578 4407 746 4481; x_wconf 85' lang='lat' dir='ltr'>interdicti,</span> <span class='ocrx_word' id='word_1_215' title='bbox 762 4407 891 4483; x_wconf 91' lang='lat' dir='ltr'>aliisque</span> <span class='ocrx_word' id='word_1_216' title='bbox 904 4406 1116 4471; x_wconf 88' lang='lat' dir='ltr'>ecclesiasticis</span> <span class='ocrx_word' id='word_1_217' title='bbox 1130 4408 1280 4484; x_wconf 87' lang='lat' dir='ltr'>censuris,</span> 
     </span>
    </p>

    <p class='ocr_par' dir='ltr' id='par_1_29' title="bbox 531 4499 1281 4579">
     <span class='ocr_line' id='line_1_41' title="bbox 531 4499 1281 4579; baseline 0 -17"><span class='ocrx_word' id='word_1_218' title='bbox 531 4501 695 4562; x_wconf 88' lang='lat' dir='ltr'>sententiis</span> <span class='ocrx_word' id='word_1_219' title='bbox 722 4505 752 4560; x_wconf 88' lang='lat' dir='ltr'>et</span> <span class='ocrx_word' id='word_1_220' title='bbox 773 4500 881 4579; x_wconf 91' lang='lat' dir='ltr'>poenis</span> <span class='ocrx_word' id='word_1_221' title='bbox 903 4499 1012 4577; x_wconf 90' lang='lat' dir='ltr'>quovis</span> <span class='ocrx_word' id='word_1_222' title='bbox 1035 4501 1125 4562; x_wconf 93' lang='lat' dir='ltr'>modo</span> <span class='ocrx_word' id='word_1_223' title='bbox 1151 4508 1182 4562; x_wconf 88' lang='lat' dir='ltr'>et</span> <span class='ocrx_word' id='word_1_224' title='bbox 1209 4518 1281 4578; x_wconf 92' lang='lat' dir='ltr'>qua-</span> 
     </span>
    </p>

    <p class='ocr_par' dir='ltr' id='par_1_30' title="bbox 532 4592 1281 4671">
     <span class='ocr_line' id='line_1_42' title="bbox 532 4592 1281 4671; baseline 0.001 -15"><span class='ocrx_word' id='word_1_225' title='bbox 532 4609 666 4670; x_wconf 85' lang='lat' dir='ltr'>cumque</span> <span class='ocrx_word' id='word_1_226' title='bbox 688 4593 725 4654; x_wconf 90' lang='lat' dir='ltr'>de</span> <span class='ocrx_word' id='word_1_227' title='bbox 747 4609 835 4654; x_wconf 91' lang='lat' dir='ltr'>causa</span> <span class='ocrx_word' id='word_1_228' title='bbox 856 4592 936 4668; x_wconf 90' lang='lat' dir='ltr'>latis,</span> <span class='ocrx_word' id='word_1_229' title='bbox 952 4594 977 4654; x_wconf 94' lang='lat' dir='ltr'>si</span> <span class='ocrx_word' id='word_1_230' title='bbox 993 4610 1067 4671; x_wconf 91' lang='lat' dir='ltr'>quas</span> <span class='ocrx_word' id='word_1_231' title='bbox 1083 4593 1160 4656; x_wconf 87' lang='lat' dir='ltr'>iortc</span> <span class='ocrx_word' id='word_1_232' title='bbox 1176 4595 1281 4659; x_wconf 90' lang='lat' dir='ltr'>incur-</span> 
     </span>
    </p>

    <p class='ocr_par' dir='ltr' id='par_1_31' title="bbox 532 4684 1282 4763">
     <span class='ocr_line' id='line_1_43' title="bbox 532 4684 1282 4763; baseline 0.005 -15"><span class='ocrx_word' id='word_1_233' title='bbox 532 4687 644 4762; x_wconf 86' lang='lat' dir='ltr'>rerint,</span> <span class='ocrx_word' id='word_1_234' title='bbox 667 4684 759 4747; x_wconf 80' lang='lat' dir='ltr'>iratius</span> <span class='ocrx_word' id='word_1_235' title='bbox 776 4693 897 4747; x_wconf 91' lang='lat' dir='ltr'>tantum</span> <span class='ocrx_word' id='word_1_236' title='bbox 912 4687 959 4748; x_wconf 90' lang='lat' dir='ltr'>rei</span> <span class='ocrx_word' id='word_1_237' title='bbox 977 4687 1073 4763; x_wconf 90' lang='lat' dir='ltr'>gratia</span> <span class='ocrx_word' id='word_1_238' title='bbox 1088 4689 1282 4752; x_wconf 88' lang='lat' dir='ltr'>absolventes</span> 
     </span>
    </p>

    <p class='ocr_par' dir='ltr' id='par_1_32' title="bbox 532 4778 1282 4860">
     <span class='ocr_line' id='line_1_44' title="bbox 532 4778 1282 4860; baseline 0.001 -18"><span class='ocrx_word' id='word_1_239' title='bbox 532 4783 564 4842; x_wconf 91' lang='lat' dir='ltr'>e&#39;t</span> <span class='ocrx_word' id='word_1_240' title='bbox 585 4780 738 4842; x_wconf 90' lang='lat' dir='ltr'>absolutos</span> <span class='ocrx_word' id='word_1_241' title='bbox 758 4778 825 4840; x_wconf 85' lang='lat' dir='ltr'>fore</span> <span class='ocrx_word' id='word_1_242' title='bbox 845 4787 1024 4856; x_wconf 84' lang='lat' dir='ltr'>censentes,</span> <span class='ocrx_word' id='word_1_243' title='bbox 1055 4783 1282 4860; x_wconf 89' lang='lat' dir='ltr'>supplicationi-</span> 
     </span>
    </p>

    <p class='ocr_par' dir='ltr' id='par_1_33' title="bbox 533 4875 1282 4956">
     <span class='ocr_line' id='line_1_45' title="bbox 533 4875 1282 4956; baseline 0.004 -19"><span class='ocrx_word' id='word_1_244' title='bbox 533 4876 589 4938; x_wconf 90' lang='lat' dir='ltr'>bus</span> <span class='ocrx_word' id='word_1_245' title='bbox 611 4889 720 4936; x_wconf 89' lang='lat' dir='ltr'>eorum</span> <span class='ocrx_word' id='word_1_246' title='bbox 743 4875 870 4935; x_wconf 90' lang='lat' dir='ltr'>nomino</span> <span class='ocrx_word' id='word_1_247' title='bbox 891 4875 978 4936; x_wconf 90' lang='lat' dir='ltr'>nobis</span> <span class='ocrx_word' id='word_1_248' title='bbox 1000 4875 1163 4939; x_wconf 83' lang='lat' dir='ltr'>humiliter</span> <span class='ocrx_word' id='word_1_249' title='bbox 1177 4895 1282 4956; x_wconf 88' lang='lat' dir='ltr'>porre-</span> 
     </span>
    </p>

    <p class='ocr_par' dir='ltr' id='par_1_34' title="bbox 533 4968 1282 5047">
     <span class='ocr_line' id='line_1_46' title="bbox 533 4968 1282 5047; baseline 0.004 -15"><span class='ocrx_word' id='word_1_250' title='bbox 533 4970 588 5032; x_wconf 87' lang='lat' dir='ltr'>ctis</span> <span class='ocrx_word' id='word_1_251' title='bbox 610 4968 765 5044; x_wconf 91' lang='lat' dir='ltr'>inclinati,</span> <span class='ocrx_word' id='word_1_252' title='bbox 789 4969 949 5030; x_wconf 88' lang='lat' dir='ltr'>decretum</span> <span class='ocrx_word' id='word_1_253' title='bbox 978 4971 1204 5047; x_wconf 89' lang='lat' dir='ltr'>praeinsertum</span> <span class='ocrx_word' id='word_1_254' title='bbox 1230 4990 1282 5036; x_wconf 92' lang='lat' dir='ltr'>au-</span> 
     </span>
    </p>

    <p class='ocr_par' dir='ltr' id='par_1_35' title="bbox 533 5061 1281 5142">
     <span class='ocr_line' id='line_1_47' title="bbox 533 5061 1281 5142; baseline 0.003 -16"><span class='ocrx_word' id='word_1_255' title='bbox 533 5063 675 5126; x_wconf 90' lang='lat' dir='ltr'>ctoritate</span> <span class='ocrx_word' id='word_1_256' title='bbox 690 5061 850 5139; x_wconf 92' lang='lat' dir='ltr'>apostolica</span> <span class='ocrx_word' id='word_1_257' title='bbox 864 5070 970 5124; x_wconf 89' lang='lat' dir='ltr'>tenore</span> <span class='ocrx_word' id='word_1_258' title='bbox 986 5065 1197 5142; x_wconf 90' lang='lat' dir='ltr'>praesentium</span> <span class='ocrx_word' id='word_1_259' title='bbox 1211 5083 1281 5127; x_wconf 91' lang='lat' dir='ltr'>con·</span> 
     </span>
    </p>

    <p class='ocr_par' dir='ltr' id='par_1_36' title="bbox 535 5156 1280 5235">
     <span class='ocr_line' id='line_1_48' title="bbox 535 5156 1280 5235; baseline 0.005 -18"><span class='ocrx_word' id='word_1_260' title='bbox 535 5158 695 5218; x_wconf 87' lang='lat' dir='ltr'>sumamus</span> <span class='ocrx_word' id='word_1_261' title='bbox 717 5164 748 5216; x_wconf 89' lang='lat' dir='ltr'>et</span> <span class='ocrx_word' id='word_1_262' title='bbox 768 5156 990 5234; x_wconf 81' lang='lat' dir='ltr'>approbamus,</span> <span class='ocrx_word' id='word_1_263' title='bbox 1020 5156 1128 5235; x_wconf 87' lang='lat' dir='ltr'>illique</span> <span class='ocrx_word' id='word_1_264' title='bbox 1151 5159 1280 5221; x_wconf 90' lang='lat' dir='ltr'>inviola-</span> 
     </span>
    </p>

    <p class='ocr_par' dir='ltr' id='par_1_37' title="bbox 533 5249 1279 5331">
     <span class='ocr_line' id='line_1_49' title="bbox 533 5249 1279 5331; baseline 0.007 -21"><span class='ocrx_word' id='word_1_265' title='bbox 533 5250 602 5311; x_wconf 87' lang='lat' dir='ltr'>bilis</span> <span class='ocrx_word' id='word_1_266' title='bbox 617 5249 800 5328; x_wconf 88' lang='lat' dir='ltr'>apostolicae</span> <span class='ocrx_word' id='word_1_267' title='bbox 817 5249 970 5311; x_wconf 82' lang='lat' dir='ltr'>firmitatis</span> <span class='ocrx_word' id='word_1_268' title='bbox 986 5251 1082 5313; x_wconf 86' lang='lat' dir='ltr'>robur</span> <span class='ocrx_word' id='word_1_269' title='bbox 1102 5251 1279 5331; x_wconf 76' lang='lat' dir='ltr'>adiicimus3</span> 
     </span>
    </p>

    <p class='ocr_par' dir='ltr' id='par_1_38' title="bbox 533 5343 1281 5421">
     <span class='ocr_line' id='line_1_50' title="bbox 533 5343 1281 5421; baseline 0.007 -17"><span class='ocrx_word' id='word_1_270' title='bbox 533 5343 614 5404; x_wconf 93' lang='lat' dir='ltr'>salva</span> <span class='ocrx_word' id='word_1_271' title='bbox 631 5350 734 5404; x_wconf 88' lang='lat' dir='ltr'>tauron</span> <span class='ocrx_word' id='word_1_272' title='bbox 749 5357 873 5420; x_wconf 91' lang='lat' dir='ltr'>semper</span> <span class='ocrx_word' id='word_1_273' title='bbox 887 5343 920 5404; x_wconf 92' lang='lat' dir='ltr'>in</span> <span class='ocrx_word' id='word_1_274' title='bbox 932 5343 1105 5421; x_wconf 91' lang='lat' dir='ltr'>praemissis</span> <span class='ocrx_word' id='word_1_275' title='bbox 1120 5349 1281 5409; x_wconf 86' lang='lat' dir='ltr'>auetorita-</span> 
     </span>
    </p>

    <p class='ocr_par' dir='ltr' id='par_1_39' title="bbox 535 5437 1279 5513">
     <span class='ocr_line' id='line_1_51' title="bbox 535 5437 1279 5513; baseline 0.008 -17"><span class='ocrx_word' id='word_1_276' title='bbox 535 5444 565 5497; x_wconf 91' lang='lat' dir='ltr'>to</span> <span class='ocrx_word' id='word_1_277' title='bbox 585 5445 774 5498; x_wconf 89' lang='lat' dir='ltr'>memoratae</span> <span class='ocrx_word' id='word_1_278' title='bbox 789 5437 1044 5513; x_wconf 81' lang='lat' dir='ltr'>congregationis</span> <span class='ocrx_word' id='word_1_279' title='bbox 1059 5441 1279 5502; x_wconf 71' lang='lat' dir='ltr'>cardinalium.</span> 
     </span>
    </p>

    <p class='ocr_par' dir='ltr' id='par_1_40' title="bbox 302 5529 1283 5796">
     <span class='ocr_line' id='line_1_52' title="bbox 323 5529 1280 5610; baseline 0.003 -16"><span class='ocrx_word' id='word_1_280' title='bbox 323 5547 443 5594; x_wconf 78' lang='lat' dir='ltr'>clausura</span> <span class='ocrx_word' id='word_1_281' title='bbox 457 5547 515 5592; x_wconf 81' lang='lat' dir='ltr'>suo·</span> <span class='ocrx_word' id='word_1_282' title='bbox 574 5531 592 5604; x_wconf 69' lang='grc'>5</span> <span class='ocrx_word' id='word_1_283' title='bbox 617 5529 663 5590; x_wconf 92' lang='lat' dir='ltr'>tt.</span> <span class='ocrx_word' id='word_1_284' title='bbox 687 5530 896 5592; x_wconf 87' lang='lat' dir='ltr'>Decoruentes</span> <span class='ocrx_word' id='word_1_285' title='bbox 911 5531 964 5592; x_wconf 88' lang='lat' dir='ltr'>bas</span> <span class='ocrx_word' id='word_1_286' title='bbox 980 5541 1155 5610; x_wconf 86' lang='lat' dir='ltr'>praesentes</span> <span class='ocrx_word' id='word_1_287' title='bbox 1178 5535 1280 5598; x_wconf 89' lang='lat' dir='ltr'>literas</span> 
     </span>
     <span class='ocr_line' id='line_1_53' title="bbox 302 5602 1280 5702; baseline 0.006 -18"><span class='ocrx_word' id='word_1_288' title='bbox 302 5602 358 5702; x_wconf 53' lang='lat'>{213</span> <span class='ocrx_word' id='word_1_289' title='bbox 375 5602 514 5700; x_wconf 54' lang='grc' dir='ltr'>ξᾷηῑῇῗᾷἷθ·</span> <span class='ocrx_word' id='word_1_290' title='bbox 534 5639 657 5702; x_wconf 89' lang='lat' dir='ltr'>semper</span> <span class='ocrx_word' id='word_1_291' title='bbox 672 5624 787 5697; x_wconf 90' lang='lat' dir='ltr'>tirmas,</span> <span class='ocrx_word' id='word_1_292' title='bbox 815 5623 927 5686; x_wconf 92' lang='lat' dir='ltr'>validas</span> <span class='ocrx_word' id='word_1_293' title='bbox 942 5633 973 5686; x_wconf 93' lang='lat' dir='ltr'>ot</span> <span class='ocrx_word' id='word_1_294' title='bbox 991 5626 1126 5687; x_wconf 88' lang='lat' dir='ltr'>eliioaces</span> <span class='ocrx_word' id='word_1_295' title='bbox 1146 5628 1280 5690; x_wconf 77' lang='lat' dir='ltr'>existere</span> 
     </span>
     <span class='ocr_line' id='line_1_54' title="bbox 533 5715 1283 5796; baseline 0.005 -18"><span class='ocrx_word' id='word_1_296' title='bbox 533 5725 564 5778; x_wconf 90' lang='lat' dir='ltr'>et</span> <span class='ocrx_word' id='word_1_297' title='bbox 585 5715 662 5792; x_wconf 87' lang='lat' dir='ltr'>iore,</span> <span class='ocrx_word' id='word_1_298' title='bbox 675 5733 808 5794; x_wconf 86' lang='lat' dir='ltr'>suosque</span> <span class='ocrx_word' id='word_1_299' title='bbox 822 5717 978 5794; x_wconf 92' lang='lat' dir='ltr'>plenarios</span> <span class='ocrx_word' id='word_1_300' title='bbox 999 5725 1030 5779; x_wconf 89' lang='lat' dir='ltr'>et</span> <span class='ocrx_word' id='word_1_301' title='bbox 1050 5719 1188 5796; x_wconf 86' lang='lat' dir='ltr'>integros</span> <span class='ocrx_word' id='word_1_302' title='bbox 1210 5721 1283 5782; x_wconf 85' lang='lat' dir='ltr'>eile-</span> 
     </span>
    </p>

    <p class='ocr_par' dir='ltr' id='par_1_41' title="bbox 534 5809 1281 5891">
     <span class='ocr_line' id='line_1_55' title="bbox 534 5809 1281 5891; baseline 0.004 -21"><span class='ocrx_word' id='word_1_303' title='bbox 534 5816 601 5871; x_wconf 94' lang='lat' dir='ltr'>ctus</span> <span class='ocrx_word' id='word_1_304' title='bbox 622 5809 723 5870; x_wconf 92' lang='lat' dir='ltr'>sortiri</span> <span class='ocrx_word' id='word_1_305' title='bbox 750 5817 780 5870; x_wconf 90' lang='lat' dir='ltr'>et</span> <span class='ocrx_word' id='word_1_306' title='bbox 805 5811 956 5886; x_wconf 86' lang='lat' dir='ltr'>obtinere,</span> <span class='ocrx_word' id='word_1_307' title='bbox 982 5828 1016 5872; x_wconf 90' lang='lat' dir='ltr'>ac</span> <span class='ocrx_word' id='word_1_308' title='bbox 1043 5811 1116 5886; x_wconf 90' lang='lat' dir='ltr'>illis,</span> <span class='ocrx_word' id='word_1_309' title='bbox 1146 5814 1182 5874; x_wconf 92' lang='lat' dir='ltr'>ad</span> <span class='ocrx_word' id='word_1_310' title='bbox 1205 5830 1281 5891; x_wconf 92' lang='lat' dir='ltr'>quos</span> 
     </span>
    </p>

    <p class='ocr_par' dir='ltr' id='par_1_42' title="bbox 534 5904 1281 5988">
     <span class='ocr_line' id='line_1_56' title="bbox 534 5904 1281 5988; baseline 0.007 -26"><span class='ocrx_word' id='word_1_311' title='bbox 534 5910 650 5988; x_wconf 90' lang='lat' dir='ltr'>spectat</span> <span class='ocrx_word' id='word_1_312' title='bbox 666 5911 696 5964; x_wconf 92' lang='lat' dir='ltr'>et</span> <span class='ocrx_word' id='word_1_313' title='bbox 710 5918 765 5982; x_wconf 93' lang='lat' dir='ltr'>pro</span> <span class='ocrx_word' id='word_1_314' title='bbox 788 5911 926 5982; x_wconf 88' lang='lat' dir='ltr'>tempore</span> <span class='ocrx_word' id='word_1_315' title='bbox 940 5904 1200 5984; x_wconf 91' lang='lat' dir='ltr'>quandocumque</span> <span class='ocrx_word' id='word_1_316' title='bbox 1214 5922 1281 5985; x_wconf 87' lang='lat' dir='ltr'>spe-</span> 
     </span>
    </p>
   </div>
   <div class='ocr_carea' id='block_1_8' title="bbox 1046 542 1545 590">
    <p class='ocr_par' dir='ltr' id='par_1_43' title="bbox 1046 542 1545 590">
     <span class='ocr_line' id='line_1_57' title="bbox 1046 542 1545 590; baseline -0.008 0"><span class='ocrx_word' id='word_1_317' title='bbox 1046 547 1111 590; x_wconf 79' lang='lat' dir='ltr'>lUil·</span> <span class='ocrx_word' id='word_1_318' title='bbox 1136 544 1226 589; x_wconf 77' lang='lat' dir='ltr'>Pon&#39;r.</span> <span class='ocrx_word' id='word_1_319' title='bbox 1252 543 1292 586; x_wconf 81' lang='lat' dir='ltr'>br.</span> <span class='ocrx_word' id='word_1_320' title='bbox 1314 543 1342 586; x_wconf 82' lang='lat' dir='ltr'>P.</span> <span class='ocrx_word' id='word_1_321' title='bbox 1366 542 1394 586; x_wconf 83' lang='lat' dir='ltr'>F.</span> <span class='ocrx_word' id='word_1_322' title='bbox 1420 544 1502 588; x_wconf 77' lang='lat' dir='ltr'>entis</span> <span class='ocrx_word' id='word_1_323' title='bbox 1525 546 1545 588; x_wconf 91' lang='grc' dir='ltr'>Ι.</span> 
     </span>
    </p>
   </div>
   <div class='ocr_carea' id='block_1_9' title="bbox 2106 511 2374 592">
    <p class='ocr_par' dir='ltr' id='par_1_44' title="bbox 2106 511 2374 592">
     <span class='ocr_line' id='line_1_58' title="bbox 2106 511 2374 592; baseline -0.037 -21"><span class='ocrx_word' id='word_1_324' title='bbox 2106 521 2164 571; x_wconf 83' lang='lat' dir='ltr'>An.</span> <span class='ocrx_word' id='word_1_325' title='bbox 2184 517 2223 567; x_wconf 86' lang='lat' dir='ltr'>C.</span> <span class='ocrx_word' id='word_1_326' title='bbox 2252 511 2330 564; x_wconf 71' lang='lat' dir='ltr'>avet</span> <span class='ocrx_word' id='word_1_327' title='bbox 2373 545 2374 592; x_wconf 46' lang='lat' dir='ltr'>q</span> 
     </span>
    </p>
   </div>
   <div class='ocr_carea' id='block_1_10' title="bbox 1326 661 2374 3646">
    <p class='ocr_par' dir='ltr' id='par_1_45' title="bbox 1326 661 2374 3646">
     <span class='ocr_line' id='line_1_59' title="bbox 1326 661 2075 744; baseline 0 -22"><span class='ocrx_word' id='word_1_328' title='bbox 1326 661 1430 738; x_wconf 85' lang='lat' dir='ltr'>stabit,</span> <span class='ocrx_word' id='word_1_329' title='bbox 1454 663 1486 725; x_wconf 91' lang='lat' dir='ltr'>in</span> <span class='ocrx_word' id='word_1_330' title='bbox 1512 665 1657 727; x_wconf 89' lang='lat' dir='ltr'>omnibus</span> <span class='ocrx_word' id='word_1_331' title='bbox 1679 672 1709 727; x_wconf 90' lang='lat' dir='ltr'>et</span> <span class='ocrx_word' id='word_1_332' title='bbox 1731 680 1787 744; x_wconf 87' lang='lat' dir='ltr'>per</span> <span class='ocrx_word' id='word_1_333' title='bbox 1806 664 1910 727; x_wconf 90' lang='lat' dir='ltr'>omnia</span> <span class='ocrx_word' id='word_1_334' title='bbox 1933 662 2075 740; x_wconf 92' lang='lat' dir='ltr'>plenissi-</span> 
     </span>
     <span class='ocr_line' id='line_1_60' title="bbox 1328 756 2075 836; baseline -0.003 -16"><span class='ocrx_word' id='word_1_335' title='bbox 1328 773 1378 820; x_wconf 91' lang='lat' dir='ltr'>me</span> <span class='ocrx_word' id='word_1_336' title='bbox 1394 757 1567 834; x_wconf 86' lang='lat' dir='ltr'>sullragari,</span> <span class='ocrx_word' id='word_1_337' title='bbox 1579 767 1609 819; x_wconf 91' lang='lat' dir='ltr'>et</span> <span class='ocrx_word' id='word_1_338' title='bbox 1619 759 1656 821; x_wconf 91' lang='lat' dir='ltr'>ab</span> <span class='ocrx_word' id='word_1_339' title='bbox 1673 759 1716 819; x_wconf 90' lang='lat' dir='ltr'>eis</span> <span class='ocrx_word' id='word_1_340' title='bbox 1728 757 1898 836; x_wconf 88' lang='lat' dir='ltr'>respective</span> <span class='ocrx_word' id='word_1_341' title='bbox 1913 756 2075 818; x_wconf 92' lang='lat' dir='ltr'>inviolabi-</span> 
     </span>
     <span class='ocr_line' id='line_1_61' title="bbox 1327 850 2076 930; baseline -0.001 -18"><span class='ocrx_word' id='word_1_342' title='bbox 1327 851 1399 914; x_wconf 91' lang='lat' dir='ltr'>liter</span> <span class='ocrx_word' id='word_1_343' title='bbox 1421 851 1588 913; x_wconf 91' lang='lat' dir='ltr'>observari.</span> <span class='ocrx_word' id='word_1_344' title='bbox 1613 850 1725 930; x_wconf 86' lang='lat' dir='ltr'>Sioque</span> <span class='ocrx_word' id='word_1_345' title='bbox 1757 851 1790 912; x_wconf 95' lang='lat' dir='ltr'>in</span> <span class='ocrx_word' id='word_1_346' title='bbox 1818 850 1992 928; x_wconf 89' lang='lat' dir='ltr'>praemissis</span> <span class='ocrx_word' id='word_1_347' title='bbox 2022 865 2076 927; x_wconf 90' lang='lat' dir='ltr'>per</span> 
     </span>
     <span class='ocr_line' id='line_1_62' title="bbox 1327 944 2074 1028; baseline -0.005 -19"><span class='ocrx_word' id='word_1_348' title='bbox 1327 963 1540 1028; x_wconf 88' lang='lat' dir='ltr'>quoscumque</span> <span class='ocrx_word' id='word_1_349' title='bbox 1551 946 1666 1008; x_wconf 87' lang='lat' dir='ltr'>iudices</span> <span class='ocrx_word' id='word_1_350' title='bbox 1677 945 1848 1007; x_wconf 90' lang='lat' dir='ltr'>ordinarios</span> <span class='ocrx_word' id='word_1_351' title='bbox 1861 951 1891 1006; x_wconf 88' lang='lat' dir='ltr'>el</span> <span class='ocrx_word' id='word_1_352' title='bbox 1904 944 2074 1022; x_wconf 85' lang='lat' dir='ltr'>delegatos,</span> 
     </span>
     <span class='ocr_line' id='line_1_63' title="bbox 1328 1038 2075 1117; baseline -0.007 -13"><span class='ocrx_word' id='word_1_353' title='bbox 1328 1043 1421 1106; x_wconf 90' lang='lat' dir='ltr'>etiam</span> <span class='ocrx_word' id='word_1_354' title='bbox 1436 1057 1597 1104; x_wconf 90' lang='lat' dir='ltr'>causarum</span> <span class='ocrx_word' id='word_1_355' title='bbox 1617 1040 1720 1117; x_wconf 89' lang='lat' dir='ltr'>palatii</span> <span class='ocrx_word' id='word_1_356' title='bbox 1736 1039 1893 1117; x_wconf 88' lang='lat' dir='ltr'>apostolici</span> <span class='ocrx_word' id='word_1_357' title='bbox 1908 1038 2075 1112; x_wconf 89' lang='lat' dir='ltr'>auditores,</span> 
     </span>
     <span class='ocr_line' id='line_1_64' title="bbox 1329 1132 2077 1206; baseline -0.004 -10"><span class='ocrx_word' id='word_1_358' title='bbox 1329 1136 1456 1198; x_wconf 91' lang='lat' dir='ltr'>iudicari</span> <span class='ocrx_word' id='word_1_359' title='bbox 1472 1143 1502 1198; x_wconf 92' lang='lat' dir='ltr'>et</span> <span class='ocrx_word' id='word_1_360' title='bbox 1531 1134 1654 1196; x_wconf 82' lang='lat' dir='ltr'>definiri</span> <span class='ocrx_word' id='word_1_361' title='bbox 1683 1133 1808 1206; x_wconf 90' lang='lat' dir='ltr'>debere,</span> <span class='ocrx_word' id='word_1_362' title='bbox 1831 1150 1864 1194; x_wconf 90' lang='lat' dir='ltr'>ac</span> <span class='ocrx_word' id='word_1_363' title='bbox 1894 1132 2021 1193; x_wconf 89' lang='lat' dir='ltr'>irritum</span> <span class='ocrx_word' id='word_1_364' title='bbox 2047 1140 2077 1193; x_wconf 89' lang='lat' dir='ltr'>et</span> 
     </span>
     <span class='ocr_line' id='line_1_65' title="bbox 1329 1227 2078 1306; baseline -0.004 -17"><span class='ocrx_word' id='word_1_365' title='bbox 1329 1229 1432 1302; x_wconf 89' lang='lat' dir='ltr'>inane,</span> <span class='ocrx_word' id='word_1_366' title='bbox 1450 1229 1472 1290; x_wconf 89' lang='lat' dir='ltr'>si</span> <span class='ocrx_word' id='word_1_367' title='bbox 1489 1245 1577 1292; x_wconf 88' lang='lat' dir='ltr'>secus</span> <span class='ocrx_word' id='word_1_368' title='bbox 1599 1244 1692 1306; x_wconf 92' lang='lat' dir='ltr'>super</span> <span class='ocrx_word' id='word_1_369' title='bbox 1714 1227 1761 1288; x_wconf 89' lang='lat' dir='ltr'>iris</span> <span class='ocrx_word' id='word_1_370' title='bbox 1785 1243 1801 1287; x_wconf 96' lang='lat' dir='ltr'>a</span> <span class='ocrx_word' id='word_1_371' title='bbox 1824 1241 1981 1304; x_wconf 90' lang='lat' dir='ltr'>quoquam</span> <span class='ocrx_word' id='word_1_372' title='bbox 2005 1243 2078 1304; x_wconf 90' lang='lat' dir='ltr'>qua-</span> 
     </span>
     <span class='ocr_line' id='line_1_66' title="bbox 1329 1320 2078 1396; baseline -0.003 -13"><span class='ocrx_word' id='word_1_373' title='bbox 1329 1323 1375 1384; x_wconf 91' lang='lat' dir='ltr'>vis</span> <span class='ocrx_word' id='word_1_374' title='bbox 1390 1323 1573 1384; x_wconf 87' lang='lat' dir='ltr'>auctoritate</span> <span class='ocrx_word' id='word_1_375' title='bbox 1590 1323 1724 1384; x_wconf 87' lang='lat' dir='ltr'>scienter</span> <span class='ocrx_word' id='word_1_376' title='bbox 1743 1320 1792 1382; x_wconf 92' lang='lat' dir='ltr'>vel</span> <span class='ocrx_word' id='word_1_377' title='bbox 1810 1320 1990 1396; x_wconf 80' lang='lat' dir='ltr'>ignoranter</span> <span class='ocrx_word' id='word_1_378' title='bbox 2005 1335 2078 1382; x_wconf 91' lang='lat' dir='ltr'>con·</span> 
     </span>
     <span class='ocr_line' id='line_1_67' title="bbox 1331 1415 2374 1492; baseline 0.003 -17"><span class='ocrx_word' id='word_1_379' title='bbox 1331 1416 1436 1492; x_wconf 86' lang='lat' dir='ltr'>tigerit</span> <span class='ocrx_word' id='word_1_380' title='bbox 1456 1415 1612 1478; x_wconf 90' lang='lat' dir='ltr'>attentari.</span> <span class='ocrx_word' id='word_1_381' title='bbox 2373 1469 2374 1492; x_wconf 41' lang='lat'><em>2</em></span> 
     </span>
     <span class='ocr_line' id='line_1_68' title="bbox 1369 1493 2374 1584; baseline -0.008 -14"><span class='ocrx_word' id='word_1_382' title='bbox 1369 1509 1456 1584; x_wconf 69' lang='lat'>512.</span> <span class='ocrx_word' id='word_1_383' title='bbox 1489 1508 1556 1570; x_wconf 91' lang='lat' dir='ltr'>Non</span> <span class='ocrx_word' id='word_1_384' title='bbox 1590 1508 1781 1571; x_wconf 87' lang='lat' dir='ltr'>obstantibus</span> <span class='ocrx_word' id='word_1_385' title='bbox 1804 1508 2078 1570; x_wconf 89' lang='lat' dir='ltr'>constitutionibus</span> <span class='ocrx_word' id='word_1_386' title='bbox 2107 1519 2336 1584; x_wconf 70' lang='lat' dir='ltr'>oorpgarioeon-</span> <span class='ocrx_word' id='word_1_387' title='bbox 2373 1493 2374 1570; x_wconf 85' lang='lat' dir='ltr'>l</span> 
     </span>
     <span class='ocr_line' id='line_1_69' title="bbox 1329 1582 2267 1680; baseline -0.003 -18"><span class='ocrx_word' id='word_1_388' title='bbox 1329 1610 1361 1664; x_wconf 91' lang='lat' dir='ltr'>et</span> <span class='ocrx_word' id='word_1_389' title='bbox 1390 1601 1636 1664; x_wconf 90' lang='lat' dir='ltr'>ordinationibus</span> <span class='ocrx_word' id='word_1_390' title='bbox 1657 1601 1849 1680; x_wconf 86' lang='lat' dir='ltr'>apostolicis,</span> <span class='ocrx_word' id='word_1_391' title='bbox 1873 1602 1966 1662; x_wconf 89' lang='lat' dir='ltr'>etiarn</span> <span class='ocrx_word' id='word_1_392' title='bbox 1997 1601 2078 1661; x_wconf 90' lang='lat' dir='ltr'>iura-</span> <span class='ocrx_word' id='word_1_393' title='bbox 2097 1582 2267 1623; x_wconf 59' lang='lat' dir='ltr'>“mm</span> 
     </span>
     <span class='ocr_line' id='line_1_70' title="bbox 1331 1694 2079 1772; baseline -0.003 -16"><span class='ocrx_word' id='word_1_394' title='bbox 1331 1701 1448 1769; x_wconf 87' lang='lat' dir='ltr'>mento,</span> <span class='ocrx_word' id='word_1_395' title='bbox 1465 1694 1700 1756; x_wconf 81' lang='lat' dir='ltr'>confirmatione</span> <span class='ocrx_word' id='word_1_396' title='bbox 1722 1694 1884 1771; x_wconf 89' lang='lat' dir='ltr'>apostoliea</span> <span class='ocrx_word' id='word_1_397' title='bbox 1906 1695 1957 1755; x_wconf 93' lang='lat' dir='ltr'>vel</span> <span class='ocrx_word' id='word_1_398' title='bbox 1972 1695 2079 1772; x_wconf 92' lang='lat' dir='ltr'>quavis</span> 
     </span>
     <span class='ocr_line' id='line_1_71' title="bbox 1330 1786 2078 1849; baseline 0 -1"><span class='ocrx_word' id='word_1_399' title='bbox 1330 1787 1477 1849; x_wconf 84' lang='lat' dir='ltr'>divnitate</span> <span class='ocrx_word' id='word_1_400' title='bbox 1492 1786 1547 1848; x_wconf 91' lang='lat' dir='ltr'>alia</span> <span class='ocrx_word' id='word_1_401' title='bbox 1564 1787 1713 1849; x_wconf 88' lang='lat' dir='ltr'>roboratis</span> <span class='ocrx_word' id='word_1_402' title='bbox 1731 1787 1854 1849; x_wconf 88' lang='lat' dir='ltr'>statutis</span> <span class='ocrx_word' id='word_1_403' title='bbox 1869 1795 1900 1848; x_wconf 88' lang='lat' dir='ltr'>el</span> <span class='ocrx_word' id='word_1_404' title='bbox 1914 1795 2078 1848; x_wconf 91' lang='lat' dir='ltr'>consuetu-</span> 
     </span>
     <span class='ocr_line' id='line_1_72' title="bbox 1330 1879 2080 1958; baseline -0.001 -17"><span class='ocrx_word' id='word_1_405' title='bbox 1330 1881 1469 1954; x_wconf 80' lang='lat' dir='ltr'>dinibus3</span> <span class='ocrx_word' id='word_1_406' title='bbox 1493 1879 1665 1958; x_wconf 85' lang='lat' dir='ltr'>privilegiis</span> <span class='ocrx_word' id='word_1_407' title='bbox 1686 1896 1822 1958; x_wconf 90' lang='lat' dir='ltr'>quoque,</span> <span class='ocrx_word' id='word_1_408' title='bbox 1847 1879 1976 1942; x_wconf 91' lang='lat' dir='ltr'>indultis</span> <span class='ocrx_word' id='word_1_409' title='bbox 1992 1888 2023 1942; x_wconf 90' lang='lat' dir='ltr'>et</span> <span class='ocrx_word' id='word_1_410' title='bbox 2045 1879 2080 1940; x_wconf 93' lang='lat' dir='ltr'>li-</span> 
     </span>
     <span class='ocr_line' id='line_1_73' title="bbox 1331 1972 2078 2052; baseline -0.001 -18"><span class='ocrx_word' id='word_1_411' title='bbox 1331 1973 1405 2034; x_wconf 91' lang='lat' dir='ltr'>teris</span> <span class='ocrx_word' id='word_1_412' title='bbox 1433 1972 1603 2050; x_wconf 90' lang='lat' dir='ltr'>apostolicis</span> <span class='ocrx_word' id='word_1_413' title='bbox 1628 1974 1838 2051; x_wconf 88' lang='lat' dir='ltr'>superioribus</span> <span class='ocrx_word' id='word_1_414' title='bbox 1866 1979 1896 2034; x_wconf 93' lang='lat' dir='ltr'>et</span> <span class='ocrx_word' id='word_1_415' title='bbox 1923 1975 2078 2052; x_wconf 88' lang='lat' dir='ltr'>personis,</span> 
     </span>
     <span class='ocr_line' id='line_1_74' title="bbox 1329 2066 2080 2145; baseline -0.001 -18"><span class='ocrx_word' id='word_1_416' title='bbox 1329 2067 1386 2128; x_wconf 93' lang='lat' dir='ltr'>sub</span> <span class='ocrx_word' id='word_1_417' title='bbox 1408 2066 1658 2145; x_wconf 89' lang='lat' dir='ltr'>quibuscumque</span> <span class='ocrx_word' id='word_1_418' title='bbox 1678 2067 1838 2129; x_wconf 90' lang='lat' dir='ltr'>tenoribus</span> <span class='ocrx_word' id='word_1_419' title='bbox 1852 2075 1884 2127; x_wconf 91' lang='lat' dir='ltr'>et</span> <span class='ocrx_word' id='word_1_420' title='bbox 1905 2066 2022 2138; x_wconf 79' lang='lat' dir='ltr'>formis,</span> <span class='ocrx_word' id='word_1_421' title='bbox 2047 2083 2080 2126; x_wconf 91' lang='lat' dir='ltr'>ac</span> 
     </span>
     <span class='ocr_line' id='line_1_75' title="bbox 1330 2159 2079 2238; baseline -0.003 -16"><span class='ocrx_word' id='word_1_422' title='bbox 1330 2176 1401 2223; x_wconf 90' lang='lat' dir='ltr'>cum</span> <span class='ocrx_word' id='word_1_423' title='bbox 1431 2160 1591 2238; x_wconf 90' lang='lat' dir='ltr'>quibusvis</span> <span class='ocrx_word' id='word_1_424' title='bbox 1613 2159 1707 2222; x_wconf 88' lang='lat' dir='ltr'>etiam</span> <span class='ocrx_word' id='word_1_425' title='bbox 1734 2159 1999 2236; x_wconf 88' lang='lat' dir='ltr'>derogatoriarom</span> <span class='ocrx_word' id='word_1_426' title='bbox 2028 2159 2079 2220; x_wconf 91' lang='lat' dir='ltr'>de-</span> 
     </span>
     <span class='ocr_line' id='line_1_76' title="bbox 1330 2255 2081 2338; baseline -0.008 -15"><span class='ocrx_word' id='word_1_427' title='bbox 1330 2261 1505 2338; x_wconf 86' lang='lat' dir='ltr'>rogatoriis,</span> <span class='ocrx_word' id='word_1_428' title='bbox 1531 2260 1661 2336; x_wconf 88' lang='lat' dir='ltr'>aliisque</span> <span class='ocrx_word' id='word_1_429' title='bbox 1681 2255 1914 2329; x_wconf 81' lang='lat' dir='ltr'>efficacioribus,</span> <span class='ocrx_word' id='word_1_430' title='bbox 1937 2257 2081 2318; x_wconf 85' lang='lat' dir='ltr'>efficacis-</span> 
     </span>
     <span class='ocr_line' id='line_1_77' title="bbox 1330 2352 2080 2431; baseline -0.004 -14"><span class='ocrx_word' id='word_1_431' title='bbox 1330 2356 1417 2417; x_wconf 91' lang='lat' dir='ltr'>simis</span> <span class='ocrx_word' id='word_1_432' title='bbox 1438 2373 1470 2417; x_wconf 91' lang='lat' dir='ltr'>ac</span> <span class='ocrx_word' id='word_1_433' title='bbox 1491 2354 1627 2416; x_wconf 90' lang='lat' dir='ltr'>insolitis</span> <span class='ocrx_word' id='word_1_434' title='bbox 1648 2352 1803 2427; x_wconf 85' lang='lat' dir='ltr'>clausulis,</span> <span class='ocrx_word' id='word_1_435' title='bbox 1823 2352 2080 2431; x_wconf 82' lang='lat' dir='ltr'>irritant-ibasque</span> 
     </span>
     <span class='ocr_line' id='line_1_78' title="bbox 1331 2445 2079 2524; baseline -0.009 -11"><span class='ocrx_word' id='word_1_436' title='bbox 1331 2458 1361 2514; x_wconf 89' lang='lat' dir='ltr'>et</span> <span class='ocrx_word' id='word_1_437' title='bbox 1393 2452 1459 2512; x_wconf 91' lang='lat' dir='ltr'>aliis</span> <span class='ocrx_word' id='word_1_438' title='bbox 1487 2449 1617 2511; x_wconf 89' lang='lat' dir='ltr'>decretis</span> <span class='ocrx_word' id='word_1_439' title='bbox 1640 2448 1671 2510; x_wconf 93' lang='lat' dir='ltr'>in</span> <span class='ocrx_word' id='word_1_440' title='bbox 1698 2463 1813 2524; x_wconf 89' lang='lat' dir='ltr'>genere</span> <span class='ocrx_word' id='word_1_441' title='bbox 1841 2446 1891 2508; x_wconf 90' lang='lat' dir='ltr'>vel</span> <span class='ocrx_word' id='word_1_442' title='bbox 1912 2445 1945 2506; x_wconf 94' lang='lat' dir='ltr'>in</span> <span class='ocrx_word' id='word_1_443' title='bbox 1967 2447 2079 2524; x_wconf 86' lang='lat' dir='ltr'>specie,</span> 
     </span>
     <span class='ocr_line' id='line_1_79' title="bbox 1331 2537 2080 2618; baseline -0.009 -12"><span class='ocrx_word' id='word_1_444' title='bbox 1331 2563 1364 2608; x_wconf 90' lang='lat' dir='ltr'>ac</span> <span class='ocrx_word' id='word_1_445' title='bbox 1384 2545 1451 2607; x_wconf 89' lang='lat' dir='ltr'>aliis</span> <span class='ocrx_word' id='word_1_446' title='bbox 1473 2544 1505 2606; x_wconf 94' lang='lat' dir='ltr'>in</span> <span class='ocrx_word' id='word_1_447' title='bbox 1533 2542 1725 2605; x_wconf 89' lang='lat' dir='ltr'>contrarium</span> <span class='ocrx_word' id='word_1_448' title='bbox 1755 2537 1989 2618; x_wconf 90' lang='lat' dir='ltr'>quomodolibet</span> <span class='ocrx_word' id='word_1_449' title='bbox 2010 2555 2080 2600; x_wconf 90' lang='lat' dir='ltr'>con-</span> 
     </span>
     <span class='ocr_line' id='line_1_80' title="bbox 1331 2631 2081 2715; baseline -0.011 -15"><span class='ocrx_word' id='word_1_450' title='bbox 1331 2640 1433 2712; x_wconf 87' lang='lat' dir='ltr'>cessis,</span> <span class='ocrx_word' id='word_1_451' title='bbox 1450 2635 1621 2715; x_wconf 89' lang='lat' dir='ltr'>approbatis</span> <span class='ocrx_word' id='word_1_452' title='bbox 1643 2643 1672 2696; x_wconf 88' lang='lat' dir='ltr'>et</span> <span class='ocrx_word' id='word_1_453' title='bbox 1688 2631 1853 2695; x_wconf 89' lang='lat' dir='ltr'>innovatis.</span> <span class='ocrx_word' id='word_1_454' title='bbox 1876 2632 1993 2706; x_wconf 87' lang='lat' dir='ltr'>Quibus</span> <span class='ocrx_word' id='word_1_455' title='bbox 2015 2648 2081 2693; x_wconf 90' lang='lat' dir='ltr'>om·</span> 
     </span>
     <span class='ocr_line' id='line_1_81' title="bbox 1331 2727 2175 2804; baseline -0.008 -12"><span class='ocrx_word' id='word_1_456' title='bbox 1331 2731 1423 2792; x_wconf 93' lang='lat' dir='ltr'>nibus</span> <span class='ocrx_word' id='word_1_457' title='bbox 1445 2736 1475 2790; x_wconf 92' lang='lat' dir='ltr'>et</span> <span class='ocrx_word' id='word_1_458' title='bbox 1496 2727 1628 2804; x_wconf 87' lang='lat' dir='ltr'>singulis</span> <span class='ocrx_word' id='word_1_459' title='bbox 1644 2727 1771 2787; x_wconf 90' lang='lat' dir='ltr'>illorum</span> <span class='ocrx_word' id='word_1_460' title='bbox 1793 2733 1916 2787; x_wconf 89' lang='lat' dir='ltr'>tenores</span> <span class='ocrx_word' id='word_1_461' title='bbox 1938 2741 2082 2802; x_wconf 88' lang='lat' dir='ltr'>praesen·</span> <span class='ocrx_word' id='word_1_462' title='bbox 2173 2799 2175 2804; x_wconf 20' lang='grc' dir='ltr'>Ι</span> 
     </span>
     <span class='ocr_line' id='line_1_82' title="bbox 1332 2817 2082 2900; baseline -0.004 -17"><span class='ocrx_word' id='word_1_463' title='bbox 1332 2823 1413 2884; x_wconf 92' lang='lat' dir='ltr'>tibus</span> <span class='ocrx_word' id='word_1_464' title='bbox 1435 2838 1490 2900; x_wconf 88' lang='lat' dir='ltr'>pro</span> <span class='ocrx_word' id='word_1_465' title='bbox 1511 2820 1604 2899; x_wconf 89' lang='lat' dir='ltr'>plene</span> <span class='ocrx_word' id='word_1_466' title='bbox 1619 2826 1649 2880; x_wconf 90' lang='lat' dir='ltr'>et</span> <span class='ocrx_word' id='word_1_467' title='bbox 1663 2817 1855 2880; x_wconf 85' lang='lat' dir='ltr'>sufficienter</span> <span class='ocrx_word' id='word_1_468' title='bbox 1868 2818 2033 2894; x_wconf 79' lang='lat' dir='ltr'>expressis,</span> <span class='ocrx_word' id='word_1_469' title='bbox 2049 2834 2082 2880; x_wconf 92' lang='lat' dir='ltr'>ac</span> 
     </span>
     <span class='ocr_line' id='line_1_83' title="bbox 1332 2910 2081 2987; baseline -0.008 -10"><span class='ocrx_word' id='word_1_470' title='bbox 1332 2917 1369 2978; x_wconf 88' lang='lat' dir='ltr'>de</span> <span class='ocrx_word' id='word_1_471' title='bbox 1390 2915 1486 2976; x_wconf 89' lang='lat' dir='ltr'>verbo</span> <span class='ocrx_word' id='word_1_472' title='bbox 1500 2913 1536 2974; x_wconf 93' lang='lat' dir='ltr'>ad</span> <span class='ocrx_word' id='word_1_473' title='bbox 1557 2913 1688 2973; x_wconf 89' lang='lat' dir='ltr'>verbum</span> <span class='ocrx_word' id='word_1_474' title='bbox 1705 2912 1828 2972; x_wconf 90' lang='lat' dir='ltr'>insertis</span> <span class='ocrx_word' id='word_1_475' title='bbox 1843 2911 2004 2987; x_wconf 88' lang='lat' dir='ltr'>babentes,</span> <span class='ocrx_word' id='word_1_476' title='bbox 2021 2910 2081 2971; x_wconf 91' lang='lat' dir='ltr'>illis</span> 
     </span>
     <span class='ocr_line' id='line_1_84' title="bbox 1332 3003 2082 3083; baseline -0.005 -15"><span class='ocrx_word' id='word_1_477' title='bbox 1332 3008 1404 3068; x_wconf 92' lang='lat' dir='ltr'>alias</span> <span class='ocrx_word' id='word_1_478' title='bbox 1426 3007 1457 3068; x_wconf 93' lang='lat' dir='ltr'>in</span> <span class='ocrx_word' id='word_1_479' title='bbox 1480 3022 1535 3067; x_wconf 94' lang='lat' dir='ltr'>suo</span> <span class='ocrx_word' id='word_1_480' title='bbox 1558 3007 1668 3067; x_wconf 91' lang='lat' dir='ltr'>robore</span> <span class='ocrx_word' id='word_1_481' title='bbox 1689 3003 1913 3083; x_wconf 89' lang='lat' dir='ltr'>permansuris,</span> <span class='ocrx_word' id='word_1_482' title='bbox 1937 3003 1972 3063; x_wconf 91' lang='lat' dir='ltr'>ad</span> <span class='ocrx_word' id='word_1_483' title='bbox 1996 3020 2082 3081; x_wconf 89' lang='lat' dir='ltr'>prae-</span> 
     </span>
     <span class='ocr_line' id='line_1_85' title="bbox 1333 3097 2080 3173; baseline -0.005 -11"><span class='ocrx_word' id='word_1_484' title='bbox 1333 3101 1501 3162; x_wconf 87' lang='lat' dir='ltr'>missorum</span> <span class='ocrx_word' id='word_1_485' title='bbox 1527 3099 1692 3173; x_wconf 81' lang='lat' dir='ltr'>ellectum,</span> <span class='ocrx_word' id='word_1_486' title='bbox 1723 3099 1777 3160; x_wconf 90' lang='lat' dir='ltr'>bac</span> <span class='ocrx_word' id='word_1_487' title='bbox 1808 3097 1876 3158; x_wconf 90' lang='lat' dir='ltr'>vico</span> <span class='ocrx_word' id='word_1_488' title='bbox 1898 3099 2080 3171; x_wconf 90' lang='lat' dir='ltr'>dumtaxat,</span> 
     </span>
     <span class='ocr_line' id='line_1_86' title="bbox 1332 3189 2083 3272; baseline -0.007 -18"><span class='ocrx_word' id='word_1_489' title='bbox 1332 3192 1503 3272; x_wconf 91' lang='lat' dir='ltr'>specialiter</span> <span class='ocrx_word' id='word_1_490' title='bbox 1518 3199 1548 3254; x_wconf 86' lang='lat' dir='ltr'>et</span> <span class='ocrx_word' id='word_1_491' title='bbox 1574 3207 1716 3270; x_wconf 87' lang='lat' dir='ltr'>expresse</span> <span class='ocrx_word' id='word_1_492' title='bbox 1732 3190 1929 3266; x_wconf 89' lang='lat' dir='ltr'>derogamus,</span> <span class='ocrx_word' id='word_1_493' title='bbox 1942 3189 2083 3251; x_wconf 89' lang='lat' dir='ltr'>caeteris-</span> 
     </span>
     <span class='ocr_line' id='line_1_87' title="bbox 1333 3285 1859 3367; baseline -0.011 -18"><span class='ocrx_word' id='word_1_494' title='bbox 1333 3304 1394 3367; x_wconf 87' lang='lat' dir='ltr'>que</span> <span class='ocrx_word' id='word_1_495' title='bbox 1415 3286 1577 3348; x_wconf 87' lang='lat' dir='ltr'>contrariis</span> <span class='ocrx_word' id='word_1_496' title='bbox 1599 3285 1859 3363; x_wconf 89' lang='lat' dir='ltr'>quibuscumque.</span> 
     </span>
     <span class='ocr_line' id='line_1_88' title="bbox 1375 3376 2082 3456; baseline -0.008 -14"><span class='ocrx_word' id='word_1_497' title='bbox 1375 3381 1485 3442; x_wconf 85' lang='lat' dir='ltr'>Datum</span> <span class='ocrx_word' id='word_1_498' title='bbox 1523 3379 1636 3440; x_wconf 81' lang='lat' dir='ltr'>Romae</span> <span class='ocrx_word' id='word_1_499' title='bbox 1664 3377 1743 3456; x_wconf 91' lang='lat' dir='ltr'>apud</span> <span class='ocrx_word' id='word_1_500' title='bbox 1769 3377 1799 3440; x_wconf 95' lang='lat' dir='ltr'>S.</span> <span class='ocrx_word' id='word_1_501' title='bbox 1828 3377 1952 3438; x_wconf 85' lang='lat' dir='ltr'>Marium</span> <span class='ocrx_word' id='word_1_502' title='bbox 1992 3376 2082 3437; x_wconf 85' lang='lat' dir='ltr'>Maio·</span> 
     </span>
     <span class='ocr_line' id='line_1_89' title="bbox 1337 3469 2078 3550; baseline -0.009 -14"><span class='ocrx_word' id='word_1_503' title='bbox 1337 3491 1414 3550; x_wconf 77' lang='lat' dir='ltr'>ream</span> <span class='ocrx_word' id='word_1_504' title='bbox 1436 3472 1493 3534; x_wconf 91' lang='lat' dir='ltr'>sub</span> <span class='ocrx_word' id='word_1_505' title='bbox 1518 3471 1635 3534; x_wconf 90' lang='lat' dir='ltr'>annulo</span> <span class='ocrx_word' id='word_1_506' title='bbox 1658 3471 1817 3532; x_wconf 85' lang='lat' dir='ltr'>Piscatoris</span> <span class='ocrx_word' id='word_1_507' title='bbox 1838 3470 1888 3532; x_wconf 90' lang='lat' dir='ltr'>die</span> <span class='ocrx_word' id='word_1_508' title='bbox 1917 3486 1987 3531; x_wconf 89' lang='lat' dir='ltr'>xrrx.</span> <span class='ocrx_word' id='word_1_509' title='bbox 2014 3469 2078 3532; x_wconf 92' lang='lat' dir='ltr'>iulii</span> 
     </span>
     <span class='ocr_line' id='line_1_90' title="bbox 1337 3565 2040 3646; baseline -0.014 -14"><span class='ocrx_word' id='word_1_510' title='bbox 1337 3583 1552 3633; x_wconf 86' lang='lat' dir='ltr'>nueocxxxrv.</span> <span class='ocrx_word' id='word_1_511' title='bbox 1576 3565 1775 3646; x_wconf 83' lang='lat' dir='ltr'>pontificatus</span> <span class='ocrx_word' id='word_1_512' title='bbox 1791 3565 1888 3626; x_wconf 91' lang='lat' dir='ltr'>nostri</span> <span class='ocrx_word' id='word_1_513' title='bbox 1905 3579 1987 3625; x_wconf 90' lang='lat' dir='ltr'>anno</span> <span class='ocrx_word' id='word_1_514' title='bbox 2008 3580 2040 3623; x_wconf 91' lang='lat' dir='ltr'>x.</span> 
     </span>
    </p>
   </div>
   <div class='ocr_carea' id='block_1_11' title="bbox 1594 3770 1832 3780">
    <p class='ocr_par' dir='ltr' id='par_1_46' title="bbox 1594 3770 1832 3780">
     <span class='ocr_line' id='line_1_91' title="bbox 1594 3770 1832 3780; baseline -0.008 0"><span class='ocrx_word' id='word_1_515' title='bbox 1594 3770 1832 3780; x_wconf 71' lang='lat'>...-..---—-</span> 
     </span>
    </p>
   </div>
   <div class='ocr_carea' id='block_1_12' title="bbox 1693 3951 1726 4011">
    <p class='ocr_par' dir='ltr' id='par_1_47' title="bbox 1693 3951 1726 4011">
     <span class='ocr_line' id='line_1_92' title="bbox 1693 3951 1726 4011; baseline -0.091 0"><span class='ocrx_word' id='word_1_516' title='bbox 1693 3951 1726 4011; x_wconf 88' lang='lat' dir='ltr'>L.</span> 
     </span>
    </p>
   </div>
   <div class='ocr_carea' id='block_1_13' title="bbox 1339 4137 2086 4482">
    <p class='ocr_par' dir='ltr' id='par_1_48' title="bbox 1339 4137 2086 4482">
     <span class='ocr_line' id='line_1_93' title="bbox 1339 4137 2083 4218; baseline -0.007 -14"><span class='ocrx_word' id='word_1_517' title='bbox 1339 4138 1497 4204; x_wconf 85' lang='lat' dir='ltr'>Eactcttdit</span> <span class='ocrx_word' id='word_1_518' title='bbox 1520 4137 1689 4200; x_wconf 84' lang='lat' dir='ltr'>ittdrtltttot</span> <span class='ocrx_word' id='word_1_519' title='bbox 1712 4137 1874 4199; x_wconf 83' lang='lat' dir='ltr'>recitandi</span> <span class='ocrx_word' id='word_1_520' title='bbox 1897 4138 2033 4218; x_wconf 79' lang='lat' dir='ltr'>officiatur</span> <span class='ocrx_word' id='word_1_521' title='bbox 2054 4145 2083 4199; x_wconf 88' lang='lat' dir='ltr'>cl</span> 
     </span>
     <span class='ocr_line' id='line_1_94' title="bbox 1376 4230 2085 4311; baseline -0.008 -15"><span class='ocrx_word' id='word_1_522' title='bbox 1376 4235 1507 4296; x_wconf 83' lang='lat' dir='ltr'>naissum</span> <span class='ocrx_word' id='word_1_523' title='bbox 1519 4234 1555 4294; x_wconf 88' lang='lat' dir='ltr'>B.</span> <span class='ocrx_word' id='word_1_524' title='bbox 1567 4231 1697 4311; x_wconf 83' lang='lat' dir='ltr'>Apatetis</span> <span class='ocrx_word' id='word_1_525' title='bbox 1710 4231 1751 4290; x_wconf 89' lang='lat' dir='ltr'>ud</span> <span class='ocrx_word' id='word_1_526' title='bbox 1763 4230 1917 4292; x_wconf 81' lang='lat' dir='ltr'>matriolas</span> <span class='ocrx_word' id='word_1_527' title='bbox 1929 4239 2085 4292; x_wconf 81' lang='lat' dir='ltr'>rrtoatnste-</span> 
     </span>
     <span class='ocr_line' id='line_1_95' title="bbox 1378 4323 2086 4403; baseline -0.003 -15"><span class='ocrx_word' id='word_1_528' title='bbox 1378 4327 1421 4389; x_wconf 86' lang='lat' dir='ltr'>rii</span> <span class='ocrx_word' id='word_1_529' title='bbox 1439 4327 1469 4388; x_wconf 92' lang='lat' dir='ltr'>S.</span> <span class='ocrx_word' id='word_1_530' title='bbox 1483 4325 1597 4389; x_wconf 83' lang='lat' dir='ltr'>Gloroo</span> <span class='ocrx_word' id='word_1_531' title='bbox 1613 4323 1756 4386; x_wconf 84' lang='lat' dir='ltr'>cioitotis</span> <span class='ocrx_word' id='word_1_532' title='bbox 1772 4323 2038 4403; x_wconf 64' lang='lat' dir='ltr'>Cor&#39;tltopincosls</span> <span class='ocrx_word' id='word_1_533' title='bbox 2051 4323 2086 4386; x_wconf 86' lang='lat' dir='ltr'>io</span> 
     </span>
     <span class='ocr_line' id='line_1_96' title="bbox 1378 4419 1493 4482; baseline -0.026 0"><span class='ocrx_word' id='word_1_534' title='bbox 1378 4419 1493 4482; x_wconf 81' lang='lat' dir='ltr'>bad-iis.</span> 
     </span>
    </p>
   </div>
   <div class='ocr_carea' id='block_1_14' title="bbox 1478 4587 1945 4783">
    <p class='ocr_par' dir='ltr' id='par_1_49' title="bbox 1478 4587 1945 4783">
     <span class='ocr_line' id='line_1_97' title="bbox 1595 4587 1832 4658; baseline 0 -1"><span class='ocrx_word' id='word_1_535' title='bbox 1595 4589 1682 4657; x_wconf 74' lang='lat' dir='ltr'>etus</span> <span class='ocrx_word' id='word_1_536' title='bbox 1705 4589 1764 4658; x_wconf 90' lang='grc' dir='ltr'>ΡΡ.</span> <span class='ocrx_word' id='word_1_537' title='bbox 1788 4587 1832 4657; x_wconf 91' lang='lat' dir='ltr'>ltt.</span> 
     </span>
     <span class='ocr_line' id='line_1_98' title="bbox 1478 4716 1945 4783; baseline -0.002 -1"><span class='ocrx_word' id='word_1_538' title='bbox 1478 4716 1945 4783; x_wconf 60' lang='lat' dir='ltr'>mmmmmwm</span> 
     </span>
    </p>
   </div>
   <div class='ocr_carea' id='block_1_15' title="bbox 1376 4878 2319 4955">
    <p class='ocr_par' dir='ltr' id='par_1_50' title="bbox 1376 4877 2374 4955">
     <span class='ocr_line' id='line_1_99' title="bbox 1376 4878 2319 4955; baseline -0.006 -15"><span class='ocrx_word' id='word_1_539' title='bbox 1376 4881 1395 4955; x_wconf 70' lang='grc'>5</span> <span class='ocrx_word' id='word_1_540' title='bbox 1419 4880 1445 4940; x_wconf 89' lang='lat' dir='ltr'>i.</span> <span class='ocrx_word' id='word_1_541' title='bbox 1470 4881 1549 4942; x_wconf 82' lang='lat' dir='ltr'>Cum</span> <span class='ocrx_word' id='word_1_542' title='bbox 1571 4879 1649 4940; x_wconf 90' lang='lat' dir='ltr'>sicut</span> <span class='ocrx_word' id='word_1_543' title='bbox 1670 4878 1798 4940; x_wconf 85' lang='lat' dir='ltr'>dilectae</span> <span class='ocrx_word' id='word_1_544' title='bbox 1814 4879 1845 4940; x_wconf 93' lang='lat' dir='ltr'>iu</span> <span class='ocrx_word' id='word_1_545' title='bbox 1860 4878 1985 4941; x_wconf 85' lang='lat' dir='ltr'>Christo</span> <span class='ocrx_word' id='word_1_546' title='bbox 2007 4879 2087 4941; x_wconf 82' lang='lat' dir='ltr'>filiae</span> <span class='ocrx_word' id='word_1_547' title='bbox 2121 4892 2255 4945; x_wconf 77' lang='lat' dir='ltr'>expositio</span> <span class='ocrx_word' id='word_1_548' title='bbox 2272 4902 2319 4947; x_wconf 68' lang='lat' dir='ltr'>prr·-</span> 
     </span>
    </p>
   </div>
   <div class='ocr_carea' id='block_1_16' title="bbox 2106 4949 2374 5000">
    <p class='ocr_par' dir='ltr' id='par_1_51' title="bbox 2106 4949 2374 5000">
     <span class='ocr_line' id='line_1_100' title="bbox 2106 4949 2374 5000; baseline 0.004 -10"><span class='ocrx_word' id='word_1_549' title='bbox 2106 4956 2166 4990; x_wconf 87' lang='lat' dir='ltr'>cum</span> <span class='ocrx_word' id='word_1_550' title='bbox 2192 4949 2320 5000; x_wconf 81' lang='lat' dir='ltr'>porrecta·</span> <span class='ocrx_word' id='word_1_551' title='bbox 2373 4957 2374 4960; x_wconf 70' lang='grc'>’</span> 
     </span>
    </p>
   </div>
   <div class='ocr_carea' id='block_1_17' title="bbox 1336 4972 2374 5987">
    <p class='ocr_par' dir='ltr' id='par_1_52' title="bbox 1336 4972 2374 5987">
     <span class='ocr_line' id='line_1_101' title="bbox 1337 4972 2374 5048; baseline -0.006 -14"><span class='ocrx_word' id='word_1_552' title='bbox 1337 4974 1482 5035; x_wconf 86' lang='lat' dir='ltr'>abbatissa</span> <span class='ocrx_word' id='word_1_553' title='bbox 1508 4990 1562 5035; x_wconf 90' lang='lat' dir='ltr'>seu</span> <span class='ocrx_word' id='word_1_554' title='bbox 1592 4972 1735 5048; x_wconf 87' lang='lat' dir='ltr'>priorissa</span> <span class='ocrx_word' id='word_1_555' title='bbox 1761 4979 1792 5032; x_wconf 88' lang='lat' dir='ltr'>et</span> <span class='ocrx_word' id='word_1_556' title='bbox 1813 4972 1961 5033; x_wconf 90' lang='lat' dir='ltr'>moniales</span> <span class='ocrx_word' id='word_1_557' title='bbox 1983 4987 2088 5033; x_wconf 89' lang='lat' dir='ltr'>mona·</span> <span class='ocrx_word' id='word_1_558' title='bbox 2108 5009 2165 5044; x_wconf 82' lang='lat' dir='ltr'>rum</span> <span class='ocrx_word' id='word_1_559' title='bbox 2190 5009 2206 5044; x_wconf 78' lang='lat' dir='ltr'>a</span> <span class='ocrx_word' id='word_1_560' title='bbox 2229 4999 2319 5044; x_wconf 79' lang='lat' dir='ltr'>monia·</span> <span class='ocrx_word' id='word_1_561' title='bbox 2373 4995 2374 5028; x_wconf 74' lang='lat' dir='ltr'>r</span> 
     </span>
     <span class='ocr_line' id='line_1_102' title="bbox 1337 5051 2374 5129; baseline -0.005 0"><span class='ocrx_word' id='word_1_562' title='bbox 1337 5068 1421 5129; x_wconf 92' lang='lat' dir='ltr'>sterii</span> <span class='ocrx_word' id='word_1_563' title='bbox 1455 5065 1638 5128; x_wconf 90' lang='lat' dir='ltr'>monialium</span> <span class='ocrx_word' id='word_1_564' title='bbox 1663 5062 1791 5127; x_wconf 89' lang='lat' dir='ltr'>Sanctae</span> <span class='ocrx_word' id='word_1_565' title='bbox 1816 5065 1922 5127; x_wconf 86' lang='lat' dir='ltr'>Clarae</span> <span class='ocrx_word' id='word_1_566' title='bbox 1952 5065 2088 5127; x_wconf 89' lang='lat' dir='ltr'>civitatis</span> <span class='ocrx_word' id='word_1_567' title='bbox 2108 5051 2186 5097; x_wconf 51' lang='grc' dir='ltr'>ΙΜΕ-</span> <span class='ocrx_word' id='word_1_568' title='bbox 2373 5055 2374 5078; x_wconf 66' lang='lat'>³</span> 
     </span>
     <span class='ocr_line' id='line_1_103' title="bbox 1338 5158 2087 5238; baseline -0.008 -12"><span class='ocrx_word' id='word_1_569' title='bbox 1338 5159 1588 5238; x_wconf 87' lang='lat' dir='ltr'>Cartlragineusis</span> <span class='ocrx_word' id='word_1_570' title='bbox 1616 5160 1647 5220; x_wconf 92' lang='lat' dir='ltr'>in</span> <span class='ocrx_word' id='word_1_571' title='bbox 1677 5159 1770 5220; x_wconf 89' lang='lat' dir='ltr'>indiis</span> <span class='ocrx_word' id='word_1_572' title='bbox 1798 5158 1885 5220; x_wconf 92' lang='lat' dir='ltr'>nobis</span> <span class='ocrx_word' id='word_1_573' title='bbox 1913 5173 2014 5235; x_wconf 87' lang='lat' dir='ltr'>nuper</span> <span class='ocrx_word' id='word_1_574' title='bbox 2035 5176 2087 5220; x_wconf 89' lang='lat' dir='ltr'>ex·</span> 
     </span>
     <span class='ocr_line' id='line_1_104' title="bbox 1336 5253 2088 5334; baseline -0.005 -16"><span class='ocrx_word' id='word_1_575' title='bbox 1336 5256 1410 5334; x_wconf 92' lang='lat' dir='ltr'>poni</span> <span class='ocrx_word' id='word_1_576' title='bbox 1436 5253 1593 5327; x_wconf 88' lang='lat' dir='ltr'>iecerunt,</span> <span class='ocrx_word' id='word_1_577' title='bbox 1624 5254 1705 5330; x_wconf 88' lang='lat' dir='ltr'>ipsae</span> <span class='ocrx_word' id='word_1_578' title='bbox 1726 5267 1781 5329; x_wconf 94' lang='lat' dir='ltr'>pro</span> <span class='ocrx_word' id='word_1_579' title='bbox 1811 5268 1863 5328; x_wconf 87' lang='lat' dir='ltr'>eo,</span> <span class='ocrx_word' id='word_1_580' title='bbox 1892 5267 1987 5330; x_wconf 90' lang='lat' dir='ltr'>qrrem</span> <span class='ocrx_word' id='word_1_581' title='bbox 2014 5268 2088 5329; x_wconf 91' lang='lat' dir='ltr'>erga</span> 
     </span>
     <span class='ocr_line' id='line_1_105' title="bbox 1337 5345 2089 5424; baseline -0.007 -13"><span class='ocrx_word' id='word_1_582' title='bbox 1337 5351 1460 5411; x_wconf 88' lang='lat' dir='ltr'>Beatam</span> <span class='ocrx_word' id='word_1_583' title='bbox 1471 5352 1623 5424; x_wconf 72' lang='lat' dir='ltr'>agnetem</span> <span class='ocrx_word' id='word_1_584' title='bbox 1638 5345 1794 5423; x_wconf 85' lang='lat' dir='ltr'>virginem</span> <span class='ocrx_word' id='word_1_585' title='bbox 1805 5361 1944 5408; x_wconf 89' lang='lat' dir='ltr'>sororem</span> <span class='ocrx_word' id='word_1_586' title='bbox 1960 5346 2089 5408; x_wconf 89' lang='lat' dir='ltr'>Sanctae</span> 
     </span>
     <span class='ocr_line' id='line_1_106' title="bbox 1336 5439 2086 5514; baseline -0.005 -10"><span class='ocrx_word' id='word_1_587' title='bbox 1336 5442 1444 5504; x_wconf 85' lang='lat' dir='ltr'>Clarae</span> <span class='ocrx_word' id='word_1_588' title='bbox 1456 5440 1633 5502; x_wconf 87' lang='lat' dir='ltr'>dssisiensis</span> <span class='ocrx_word' id='word_1_589' title='bbox 1645 5447 1771 5514; x_wconf 81' lang='lat' dir='ltr'>gor-ont,</span> <span class='ocrx_word' id='word_1_590' title='bbox 1781 5439 1953 5500; x_wconf 91' lang='lat' dir='ltr'>devotionis</span> <span class='ocrx_word' id='word_1_591' title='bbox 1964 5439 2086 5514; x_wconf 85' lang='lat' dir='ltr'>allecto,</span> 
     </span>
     <span class='ocr_line' id='line_1_107' title="bbox 1337 5531 2087 5608; baseline -0.005 -12"><span class='ocrx_word' id='word_1_592' title='bbox 1337 5535 1473 5596; x_wconf 82' lang='lat' dir='ltr'>officium</span> <span class='ocrx_word' id='word_1_593' title='bbox 1495 5541 1525 5596; x_wconf 89' lang='lat' dir='ltr'>et</span> <span class='ocrx_word' id='word_1_594' title='bbox 1547 5535 1671 5596; x_wconf 88' lang='lat' dir='ltr'>missam</span> <span class='ocrx_word' id='word_1_595' title='bbox 1694 5535 1730 5593; x_wconf 89' lang='lat' dir='ltr'>de</span> <span class='ocrx_word' id='word_1_596' title='bbox 1749 5531 1909 5592; x_wconf 92' lang='lat' dir='ltr'>communi</span> <span class='ocrx_word' id='word_1_597' title='bbox 1924 5531 2087 5608; x_wconf 89' lang='lat' dir='ltr'>virginum</span> 
     </span>
     <span class='ocr_line' id='line_1_108' title="bbox 1336 5624 2087 5704; baseline -0.009 -13"><span class='ocrx_word' id='word_1_598' title='bbox 1336 5645 1408 5691; x_wconf 87' lang='lat' dir='ltr'>oum</span> <span class='ocrx_word' id='word_1_599' title='bbox 1430 5628 1581 5701; x_wconf 91' lang='lat' dir='ltr'>oratione,</span> <span class='ocrx_word' id='word_1_600' title='bbox 1604 5625 1781 5704; x_wconf 85' lang='lat' dir='ltr'>antiphonis</span> <span class='ocrx_word' id='word_1_601' title='bbox 1801 5626 1837 5686; x_wconf 90' lang='lat' dir='ltr'>ad</span> <span class='ocrx_word' id='word_1_602' title='bbox 1854 5624 2041 5703; x_wconf 78' lang='lat' dir='ltr'>Mupnifimtt</span> <span class='ocrx_word' id='word_1_603' title='bbox 2056 5629 2087 5684; x_wconf 88' lang='lat' dir='ltr'>et</span> 
     </span>
     <span class='ocr_line' id='line_1_109' title="bbox 1337 5716 2089 5790; baseline -0.004 -10"><span class='ocrx_word' id='word_1_604' title='bbox 1337 5722 1371 5782; x_wconf 90' lang='lat' dir='ltr'>ad</span> <span class='ocrx_word' id='word_1_605' title='bbox 1396 5720 1600 5790; x_wconf 84' lang='lat' dir='ltr'>Benedictus,</span> <span class='ocrx_word' id='word_1_606' title='bbox 1624 5737 1657 5781; x_wconf 90' lang='lat' dir='ltr'>ac</span> <span class='ocrx_word' id='word_1_607' title='bbox 1679 5717 1862 5780; x_wconf 89' lang='lat' dir='ltr'>lectionibus</span> <span class='ocrx_word' id='word_1_608' title='bbox 1883 5716 2011 5778; x_wconf 90' lang='lat' dir='ltr'>secundi</span> <span class='ocrx_word' id='word_1_609' title='bbox 2034 5733 2089 5778; x_wconf 93' lang='lat' dir='ltr'>no-</span> 
     </span>
     <span class='ocr_line' id='line_1_110' title="bbox 1337 5810 2087 5890; baseline -0.007 -15"><span class='ocrx_word' id='word_1_610' title='bbox 1337 5813 1441 5875; x_wconf 91' lang='lat' dir='ltr'>cturni</span> <span class='ocrx_word' id='word_1_611' title='bbox 1455 5813 1587 5890; x_wconf 89' lang='lat' dir='ltr'>propriis</span> <span class='ocrx_word' id='word_1_612' title='bbox 1603 5811 1742 5874; x_wconf 89' lang='lat' dir='ltr'>eiusdem</span> <span class='ocrx_word' id='word_1_613' title='bbox 1757 5811 1867 5872; x_wconf 87' lang='lat' dir='ltr'>Beatae</span> <span class='ocrx_word' id='word_1_614' title='bbox 1881 5810 2012 5886; x_wconf 80' lang='lat' dir='ltr'>Agnetis</span> <span class='ocrx_word' id='word_1_615' title='bbox 2028 5810 2087 5870; x_wconf 90' lang='lat' dir='ltr'>iam</span> 
     </span>
     <span class='ocr_line' id='line_1_111' title="bbox 1340 5903 2087 5987; baseline -0.008 -17"><span class='ocrx_word' id='word_1_616' title='bbox 1340 5925 1395 5987; x_wconf 92' lang='lat' dir='ltr'>pro</span> <span class='ocrx_word' id='word_1_617' title='bbox 1416 5908 1564 5970; x_wconf 87' lang='lat' dir='ltr'>universo</span> <span class='ocrx_word' id='word_1_618' title='bbox 1579 5908 1687 5968; x_wconf 90' lang='lat' dir='ltr'>ordine</span> <span class='ocrx_word' id='word_1_619' title='bbox 1706 5905 1863 5968; x_wconf 87' lang='lat' dir='ltr'>Minorum</span> <span class='ocrx_word' id='word_1_620' title='bbox 1885 5903 1916 5966; x_wconf 92' lang='lat' dir='ltr'>S.</span> <span class='ocrx_word' id='word_1_621' title='bbox 1935 5903 2087 5966; x_wconf 81' lang='lat' dir='ltr'>Francisci</span> 
     </span>
    </p>
   </div>
   <div class='ocr_carea' id='block_1_18' title="bbox 0 0 2409 6964">
    <p class='ocr_par' dir='ltr' id='par_1_53' title="bbox 0 0 2409 6964">
     <span class='ocr_line' id='line_1_112' title="bbox 0 0 2409 6964; baseline 0 0"><span class='ocrx_word' id='word_1_622' title='bbox 0 0 2409 6964; x_wconf 95' lang='lat' dir='ltr'> </span> 
     </span>
    </p>
   </div>
  </div>
 </body>
</html>
