4808 6988
55 583 102 638 An.
115 583 144 634 G.
166 581 235 632 1826

264 707 365 772 nilacii
399 709 594 789 aliorumque
628 707 891 772 sanctissimorum
929 705 1009 768 viro-

264 817 346 876 rum,
367 803 418 882 qui
441 801 626 879 religionem
641 799 821 864 catholicam
836 799 868 862 in
884 799 1007 862 Germa-

263 893 348 956 niam
377 893 426 958 vel
455 894 590 972 primurn
621 893 807 968 intulerunt,
831 891 880 954 vel
901 889 1009 968 ampli-

264 987 406 1050 ficerunt.

59 1089 247 1141 clausurarum
303 1081 322 1157 ς
344 1080 372 1143 7.
396 1082 474 1145 Haec
495 1099 511 1143 a
530 1089 561 1144 te
582 1088 789 1162 expectantes,
812 1080 1009 1146 decernimus

45 1149 89 1198 lata
109 1150 134 1192 ot
155 1143 229 1190 decre

44 1210 90 1250 tum
105 1199 217 1246 irritans.

52 2399 176 2456 derogatio
184 2407 246 2445 con·

42 2454 174 2502 tractorum.

231 1167 246 1179 “
264 1181 295 1238 et
317 1176 498 1238 mandamus
512 1175 565 1238 iias
581 1181 754 1256 praesentes
769 1175 873 1238 literas
887 1188 1009 1251 semper

265 1269 379 1344 firmas,
403 1268 517 1331 validas
538 1278 569 1332 et
590 1269 725 1332 efficaces
751 1269 896 1344 existere,
925 1281 1008 1328 suos-

264 1379 325 1440 que
352 1363 505 1439 plenarios
531 1370 563 1424 et
583 1363 723 1440 integros
753 1361 879 1424 allectus
905 1360 1009 1421 sortiri

236 1463 241 1472 ·
262 1463 295 1517 et
314 1455 468 1531 obtinere,
491 1472 524 1519 ao
544 1456 606 1518 illis
620 1457 655 1518 ad
677 1471 754 1536 quos
774 1460 889 1535 spectat
908 1461 939 1515 et
954 1467 1008 1531 pro

264 1557 404 1626 tempore
424 1549 682 1629 quandocumque
696 1550 854 1628 spectabit,
871 1545 1009 1626 plenissi-

263 1658 314 1705 me
340 1643 513 1720 sutiragari,
534 1649 565 1704 et
586 1644 623 1706 ab
644 1645 688 1706 eis
714 1642 936 1706 inviolabiliter
957 1640 1008 1702 ob-

263 1737 396 1813 servari,
418 1737 523 1816 sicque
542 1738 572 1798 in
589 1737 762 1816 praemissis
777 1753 832 1816 per
846 1752 1009 1816 quoscum·

263 1845 325 1908 que
345 1830 460 1893 iudices
485 1831 654 1894 ordinarios
676 1839 707 1893 et
728 1829 894 1907 delegatos,
916 1830 1008 1892 etiam

262 1939 423 1986 causarum
446 1924 547 2002 palatii
569 1924 726 2002 apostolici
747 1924 913 2000 auditores
931 1925 1009 1986 iudi-

262 2016 324 2078 cari
346 2024 377 2078 et
391 2018 513 2079 deliniri
528 2017 652 2093 debere,
668 2035 702 2081 ac
716 2017 842 2080 irritum
858 2027 888 2079 et
904 2019 1007 2094 inane,

262 2107 289 2170 si
308 2125 396 2172 secus
413 2111 567 2188 superbis
582 2128 597 2173 a
612 2112 768 2189 quoquam
784 2111 891 2189 quavis
906 2121 1009 2174 ancto-

264 2203 353 2265 ritate
375 2202 509 2266 scienter
524 2203 573 2267 vel
594 2205 773 2281 ignoranter
786 2205 951 2282 contigerit
967 2209 1008 2266 at·

264 2297 387 2358 tentari.

303 2391 322 2466 §
342 2388 371 2452 8.
389 2389 457 2454 Non
472 2390 663 2454 obstantibus
678 2391 775 2455 felicis
790 2392 1009 2456 recordationis

263 2483 422 2546 Benedicti
452 2483 506 2545 ΡΡ.
534 2483 613 2546 xlv.
643 2486 883 2563 praedecessoris
912 2487 1008 2548 nostri

262 2592 356 2654 super
376 2576 527 2640 divisione
556 2579 769 2654 materiarum,
791 2579 920 2658 aliisque
941 2596 1010 2658 apo·

187 2681 191 2688 ’
262 2669 377 2732 stolicis
398 2681 431 2730 ac
453 2670 482 2731 in
508 2670 734 2733 universalibus
755 2673 1009 2750 provincialibus-

263 2779 325 2843 que
345 2771 376 2825 et
397 2763 593 2842 synodalibus
615 2764 753 2826 conciliis
775 2765 864 2828 editis
884 2783 1010 2844 genera·

264 2855 345 2920 libus
365 2856 415 2918 vel
437 2855 618 2934 specialibus
632 2857 904 2920 constitutionibus
918 2867 949 2921 et
962 2874 1010 2921 or·

264 2949 484 3025 dinationibus,
500 2949 688 3028 caeterisque
709 2951 869 3013 contrariis
884 2953 1010 3032 quibus·

256 3058 408 3121 cumque.

304 3137 415 3198 Datum
436 3135 562 3211 Romae,
578 3137 658 3214 apud
680 3137 712 3200 S.
730 3139 856 3201 Petrum
878 3140 937 3202 sub
957 3158 1010 3205 an·

264 3228 340 3292 nulo
360 3229 532 3304 Piscatoris,
548 3229 598 3292 die
613 3243 689 3294 xvtt.
710 3231 780 3293 maii
797 3248 1008 3312 unocoxxvx,

264 3323 461 3402 pontificatus
483 3323 580 3384 nostri
602 3339 683 3385 anno
706 3340 753 3386 ιιι.

599 3704 678 3769 xit.

531 3887 746 3958 beatam

391 4081 434 4144 de
455 4079 668 4144 Hebraeorum
690 4083 884 4147 toromcoto.

307 4288 406 4337 ranltt
427 4289 469 4336 tt.
493 4289 546 4336 blla
568 4289 656 4336 XXIV·
678 4290 750 4338 ttnlt
772 4288 969 4338 ltnccdllxtt.

307 4460 603 4539 incongregatione
634 4463 773 4539 generali
801 4462 926 4525 Sanctae
955 4463 1012 4524 Ro·

269 4569 376 4616 manae
396 4562 427 4616 et
449 4553 639 4617 Universalis
668 4555 881 4634 inquisitionis
911 4555 1012 4617 babila

268 4648 301 4709 in
322 4656 480 4712 conventu
496 4648 527 4712 S.
546 4648 656 4710 llariae
670 4665 761 4726 supra
777 4648 948 4711 Minervam
963 4663 1012 4711 co-

268 4759 333 4804 ram
344 4741 1008 4804 EminentissirnisetRevetendissirnisDD.

268 4837 299 4900 S.
316 4837 472 4899 Romanae
492 4837 644 4900 Ecclesiae
658 4836 870 4900 cardinalibus
885 4852 1014 4913 genera·

267 4930 347 4993 libus
368 4931 603 5010 inquisitoribus
624 4942 730 4994 contra
745 4931 930 4992 haereticam
945 4945 1012 5008 pra-

268 5024 396 5086 vitatem
411 5041 426 5085 a
442 5025 472 5088 S
487 5025 566 5088 Sede
580 5024 749 5103 Apostolica
764 5023 938 5104 specialiter
952 5022 1013 5086 ele-

268 5119 322 5180 ctis
333 5126 364 5180 et
375 5119 538 5196 deputatis,
551 5119 706 5197 proposito
722 5135 849 5181 recursu
862 5118 1012 5180 Hebraeo-

268 5229 338 5275 rum
360 5213 570 5276 universitatis
592 5213 687 5288 urbis,
710 5229 772 5290 quo
792 5211 945 5289 supplices
959 5228 1011 5290 pe·

269 5307 385 5384 tabant,
408 5316 443 5370 ut
465 5307 496 5371 S.
520 5307 725 5383 congregatio
755 5307 790 5368 ad
812 5323 844 5368 se
866 5307 1013 5368 advocare

268 5401 450 5478 dignaretur
476 5399 699 5463 resolutionem
727 5398 812 5462 dubii
833 5401 868 5462 ad
891 5397 1014 5461 Sacram

268 5499 379 5561 Rotam
394 5498 485 5561 delati
499 5496 579 5560 circa
594 5497 803 5559 iuramentum
819 5497 855 5558 ab
869 5493 1013 5558 Hebraeis

269 5594 301 5656 in
323 5593 436 5656 iudicio
464 5592 680 5672 praestandum
708 5590 741 5652 in
764 5590 895 5668 quadam
925 5605 1013 5650 causa

269 5687 352 5750 inter
374 5687 470 5765 ipsam
491 5686 725 5749 universitatem
748 5690 779 5745 et
801 5683 952 5745 Abrabam
975 5683 1013 5744 E-

268 5781 342 5843 liam
373 5779 538 5858 Rarapbacl
568 5779 683 5857 pariter
714 5777 899 5852 Hebraeum,
931 5777 1012 5854 quod

268 5873 399 5937 dubium
420 5871 461 5932 ita
482 5887 514 5933 se
529 5869 871 5934 babebat-Stantibos
887 5877 944 5930 eto.
963 5871 1013 5934 Aa

268 5967 312 6029 sit
333 5965 567 6047 praestandum
588 5965 810 6027 iuramentum
824 5979 920 6043 cuper
940 5963 1014 6026 Tbe-

375 6115 428 6164 lur.
445 6113 514 6165 Parit.
529 6113 560 6160 de
575 6114 648 6176 Prop.
664 6112 727 6162 Fide
740 6115 822 6166 Partis
836 6118 854 6163 1.
870 6113 924 6162 vol.
940 6116 978 6164 lv.

931 587 987 635 LEO
1007 587 1058 632 ΡΡ.
1082 585 1139 632 xll.

1061 702 1186 782 pbilim,
1215 721 1271 768 seo
1300 705 1410 784 potios
1440 715 1537 780 super
1562 697 1668 764 Bittio
1700 697 1736 760 t'ra
1757 712 1808 758 co-

1060 815 1100 860 cat
1122 805 1181 861 otc.
1207 835 1228 850 -
1247 798 1493 863 Eminentissimi
1516 795 1590 870 llll,
1612 793 1723 856 auditis
1744 791 1804 852 llll.

1061 893 1276 956 consultorum
1291 895 1382 968 votis,
1398 892 1545 955 dixerunt
1555 923 1576 935 -
1588 889 1726 952 duosam
1740 900 1805 963 apc-

1061 990 1150 1048 ctora
1171 986 1212 1050 od
1235 987 1266 1051 S.
1287 987 1442 1067 Officium,
1464 983 1592 1062 ideoque
1611 979 1806 1045 oaaocortdom

1061 1097 1133 1144 esse.
1152 1115 1169 1128 -

1101 1177 1184 1252 Quod
1197 1179 1322 1258 quidem
1336 1175 1484 1238 iudicium
1495 1169 1711 1238 Sanctissimus
1722 1169 1755 1230 ll.
1767 1166 1804 1230 N.

1064 1272 1096 1334 tt.
1120 1271 1181 1334 Leo
1213 1271 1267 1332 ΡΡ.
1290 1270 1354 1334 llll.
1383 1270 1488 1332 eadem
1519 1266 1569 1328 die
1592 1267 1623 1327 in
1644 1263 1734 1324 solita
1755 1279 1807 1323 au·

1063 1365 1175 1429 dientia
1206 1365 1242 1426 R.
1267 1365 1298 1427 P.
1324 1367 1357 1426 ll.
1384 1361 1532 1426 assessori
1562 1360 1592 1423 S.
1616 1357 1712 1422 Officii
1734 1371 1806 1419 cou-

1062 1475 1141 1522 cessa
1166 1459 1254 1537 plene
1275 1456 1463 1538 approbavit.

1112 1663 1211 1710 runrx
1231 1662 1261 1707 v.
1286 1662 1339 1709 urs
1362 1661 1433 1709 ιιιιι.
1456 1639 1534 1708 roan
1557 1657 1754 1709 unocoxxvr.
1823 1628 1824 1631 '

1104 1837 1138 1898 ln
1159 1834 1399 1912 congregatione
1414 1835 1445 1899 S.
1463 1834 1617 1896 Romanae
1632 1841 1662 1895 et
1678 1831 1809 1894 Univer-

1061 1930 1131 1992 salis
1153 1929 1364 2008 inquisitionis
1379 1928 1593 1990 babitaooram
1610 1924 1809 1990 Sanctissimo

1063 2026 1097 2088 ll.
1122 2023 1159 2086 N.
1182 2025 1217 2088 ll.
1242 2023 1344 2086 Leone
1359 2023 1414 2084 ΡΡ.
1432 2022 1497 2084 llll.
1515 2021 1547 2083 in
1563 2020 1674 2098 palatio
1688 2025 1807 2096 aposto-

1064 2119 1122 2181 lico
1137 2117 1293 2192 Vaticano,
1317 2117 1422 2178 eadem
1445 2115 1593 2179 Sanctitas
1611 2113 1682 2187 Sua,
1698 2110 1809 2174 auditis

1064 2210 1390 2274 Eminentissimorum
1412 2216 1443 2270 et
1464 2207 1808 2270 Reverendissimorum

1063 2305 1123 2368 itt).
1147 2302 1356 2367 Cardinalium
1379 2301 1572 2379 generalium
1589 2299 1809 2378 inquisitorum

1064 2399 1229 2476 suffragiis,
1244 2397 1382 2460 decrevit
1397 2415 1415 2458 o
1430 2393 1548 2460 [ieierri
1564 2411 1650 2473 posse
1665 2395 1810 2457 Hebraeis

1064 2493 1275 2554 iuramentum
1297 2507 1390 2569 super
1410 2490 1528 2564 Bibliis,
1551 2489 1676 2551 excluso
1706 2495 1809 2550 tamen
1835 2529 1838 2540 ·

1064 2603 1184 2650 accessu
1206 2584 1341 2648 iudiciali
1362 2583 1396 2644 ad
1419 2599 1530 2645 eorum
1552 2581 1760 2661 Synagogam,
1779 2590 1810 2644 et

1064 2680 1186 2742 exclusa
1207 2678 1448 2757 praescriptione
1464 2677 1662 2740 determinati
1677 2676 1810 2738 volumi-

1065 2774 1112 2836 nis
1134 2773 1205 2836 libri
1227 2773 1302 2850 legis
1323 2773 1446 2851 Moysis,
1470 2771 1564 2847 vulgo
1585 2770 1658 2832 dicti
1684 2771 1806 2834 Cosrcr.

1104 2867 1204 2944 Super
1218 2865 1395 2944 Theplrilim
1411 2881 1485 2928 vcro
1500 2863 1665 2942 praescribi
1681 2879 1744 2926 nou
1760 2866 1810 2928 de·

1064 2965 1148 3028 bere.
1162 2979 1181 3022 a

1085 3167 1182 3215 runtn
1204 3168 1233 3211 V·
1257 3165 1311 3212 bru
1332 3165 1412 3210 xvlt.
1431 3163 1568 3210 xdddsrl
1590 3161 1789 3210 mdcccxxvl.

1106 3340 1140 3401 ln
1156 3337 1394 3415 congregatione
1410 3336 1440 3399 S.
1461 3335 1615 3398 Romanae
1631 3341 1661 3397 et
1676 3334 1811 3398 Univer-

1064 3433 1134 3496 salis
1155 3430 1365 3510 lnquisitionis
1386 3445 1489 3493 coram
1505 3427 1702 3492 Sanctissimo
1718 3429 1752 3490 ll.
1770 3426 1807 3490 N.

1066 3528 1099 3589 ll.
1123 3527 1228 3589 Leone
1248 3525 1303 3588 ΡΡ.
1328 3523 1391 3588 xit.
1416 3523 1516 3587 habita
1547 3523 1579 3584 in
1609 3522 1720 3600 palatio
1741 3537 1811 3601 apo-

1065 3621 1171 3685 stolico
1187 3619 1350 3694 Halieuma,
1366 3617 1472 3680 eadem
1495 3615 1646 3680 Sanctitas
1667 3613 1739 3694 Sua,
1758 3634 1811 3680 au·

1066 3715 1137 3778 ditis
1168 3713 1496 3776 Eminentissimorum
1523 3719 1554 3773 et
1580 3710 1811 3773 Reverendissi·

1066 3825 1189 3871 morum
1222 3807 1282 3870 llll.
1307 3806 1515 3870 cardinalium
1548 3805 1741 3884 generalium
1765 3806 1811 3867 in-

1065 3903 1251 3982 quisitorum
1279 3900 1442 3977 suffragiis,
1465 3916 1533 3962 rern
1559 3916 1615 3978 pro
1640 3900 1727 3978 praxi
1748 3898 1812 3978 ple·

1066 3997 1138 4059 nius
1159 3994 1313 4058 declarare
1336 3993 1455 4068 volens,
1472 3993 1560 4055 iussit
1576 3992 1653 4054 nihil
1669 3994 1812 4056 innovari

1066 4089 1144 4151 circa
1165 4087 1424 4150 consuetudinem
1446 4087 1613 4148 iuramenti
1635 4087 1748 4148 minori
1765 4103 1812 4149 so-

1065 4181 1226 4245 lemnitate
1246 4181 1391 4245 Hebraeis
1406 4180 1497 4244 delati
1512 4183 1546 4242 ad
1564 4187 1676 4243 tactum
1691 4180 1810 4243 calami.

1066 4275 1160 4338 ludex
1184 4284 1298 4350 tamen,
1319 4275 1386 4338 sive
1415 4274 1565 4349 notarius,
1587 4274 1699 4352 quibus
1730 4272 1813 4337 deie-

1066 4369 1154 4430 randi
1178 4368 1344 4431 iuramenti
1365 4369 1412 4430 ius
1433 4376 1479 4429 est
1501 4377 1531 4429 et
1552 4383 1632 4430 onus
1648 4367 1812 4444 incumbit,

1066 4464 1243 4525 iuraturum
1265 4461 1454 4539 gravissimis
1476 4462 1577 4524 verbis
1600 4477 1728 4524 monere
1747 4468 1814 4539 pot·

1067 4557 1138 4631 erit,
1160 4557 1256 4618 immo
1278 4555 1370 4618 etiam
1402 4556 1534 4630 debebit,
1557 4555 1594 4617 de
1615 4554 1813 4636 importantia

1066 4649 1234 4711 iuramenti
1257 4655 1288 4711 et
1318 4650 1425 4727 poenis
1454 4649 1597 4727 periurii,
1620 4649 1653 4711 in
1684 4649 1813 4728 quodsi

1067 4744 1203 4820 grauiter
1235 4743 1377 4805 domines
1408 4743 1680 4818 animadvertunt,
1713 4743 1813 4805 multo

1068 4836 1164 4913 magis
1194 4844 1346 4898 scrutator
1372 4837 1511 4900 cordium
1540 4839 1632 4910 Deus,
1655 4837 1708 4915 qui
1731 4838 1814 4900 inter

1067 4937 1226 5008 praecepta
1257 4931 1391 5008 decalogi
1413 4931 1470 4994 boc
1492 4947 1635 5009 expresse
1665 4931 1750 5004 tulit,
1774 4947 1814 4994 ne

1068 5024 1133 5086 eius
1149 5039 1263 5086 nomen
1277 5025 1427 5086 invanum
1440 5025 1615 5103 accipiatur,
1629 5032 1660 5087 et
1673 5043 1705 5087 se
1716 5025 1814 5087 Deum

1068 5117 1207 5180 veritatis
1230 5117 1331 5194 edicit,
1356 5119 1512 5183 timendus
1532 5127 1590 5195 est,
1607 5122 1632 5180 si
1654 5121 1687 5183 in
1702 5119 1814 5182 falsita-

1068 5211 1106 5273 tis
1129 5217 1238 5273 testem
1260 5212 1324 5291 ipse
1340 5213 1516 5275 advocetur.
1534 5213 1694 5277 iuraturus
1709 5221 1814 5275 autern

1068 5304 1212 5367 distincte
1233 5314 1264 5368 et
1282 5321 1427 5384 expresse
1441 5307 1625 5370 assentiatur
1640 5315 1731 5386 atque
1745 5322 1816 5385 pro·

1069 5399 1204 5475 iiteatur,
1230 5401 1316 5462 sein
1340 5401 1386 5477 iis,
1411 5403 1546 5481 adquae
1575 5401 1703 5464 iuranda
1732 5416 1814 5466 acee-

1068 5493 1123 5569 dit,
1140 5494 1239 5556 Deum
1263 5503 1372 5558 testem
1388 5497 1545 5558 advocare.
1564 5497 1726 5575 Perspicue
1740 5511 1814 5559 vero

1068 5586 1151 5649 idem
1173 5595 1347 5662 moneatur,
1371 5589 1583 5652 iuramentum
1612 5589 1757 5667 praestari
1780 5589 1812 5651 in

1068 5679 1159 5742 obvio
1189 5696 1283 5742 sensu
1315 5680 1481 5744 verborum
1503 5692 1534 5744 et
1557 5682 1641 5745 iuxta
1670 5681 1815 5744 intentio-

1068 5789 1142 5837 nem
1164 5773 1341 5850 delerentis,
1364 5776 1404 5837 ita
1428 5780 1463 5836 ut
1485 5775 1569 5838 nulla
1587 5775 1814 5852 tergiversatio·

1068 5886 1119 5944 ne,
1143 5877 1196 5931 aut
1223 5869 1352 5932 mentali
1382 5869 1589 5946 restrictione,
1613 5875 1664 5931 aut
1691 5869 1815 5947 propria
1848 5887 1850 5891 ·

1066 5970 1183 6026 secreta
1212 5963 1389 6028 intentione
1419 5963 1557 6028 excusari
1588 5964 1703 6041 possit,
1736 5979 1816 6043 quae

1681 6112 1709 6156 85

1728 517 1787 622 dit
1836 551 1935 646 xxo.
1956 549 2025 604 aare
