4808 6988
363 541 419 603 An.
431 547 462 603 d.
483 549 552 603 leae

350 3595 565 3698 firmitati:

351 3703 446 3752 nletrla.

602 547 662 614 eut

620 681 698 746 Item
729 697 826 744 voveo
848 687 879 744 et
900 682 980 757 iuro,
1003 679 1084 760 quod
1112 678 1179 740 sive
1206 675 1328 753 religio·

581 791 656 839 nem
676 777 836 854 ingressus
857 773 958 850 fuero,
979 774 1045 837 sire
1068 773 1099 835 in
1122 778 1205 834 statu
1227 785 1328 832 saecu·

581 867 636 930 lari
667 884 879 946 permansero,
909 869 934 932 si
968 868 1049 932 intra
1081 867 1158 929 fines
1188 865 1329 940 Europae

581 959 681 1038 fuero,
704 960 843 1041 quolibet
862 978 956 1036 auno,
972 962 998 1024 si
1019 976 1094 1023 xero
1115 966 1213 1035 extra,
1230 957 1329 1039 quoli-

581 1052 632 1117 bet
653 1055 791 1130 biennio,
814 1055 874 1118 mei
897 1054 1003 1133 ipsius,
1027 1053 1088 1115 mei
1109 1061 1219 1126 status,
1242 1066 1330 1112 exer-

581 1149 645 1212 citii
667 1155 697 1211 et
718 1149 787 1226 loci,
812 1149 865 1211 ubi
895 1163 1014 1210 moram
1046 1155 1179 1221 traxero,
1207 1145 1328 1210 Sacram

581 1241 863 1320 Congregationem
884 1242 922 1305 de
950 1239 1146 1320 Propagandae
1171 1237 1244 1302 Fide
1265 1253 1330 1302 oer-

581 1335 708 1400 tiorabo.
1114 1391 1117 1414 ,

622 1429 728 1494 Voveo
739 1437 898 1508 practerea
912 1439 942 1494 et
957 1430 1038 1504 iuro,
1051 1428 1133 1508 quod
1148 1428 1233 1490 iussu
1245 1441 1330 1505 prae·

582 1523 679 1588 dictae
700 1525 957 1602 congregationis
978 1525 1015 1586 de
1033 1519 1227 1601 Propapanda
1242 1516 1328 1592 Fide,

581 1617 632 1680 rel
652 1617 892 1680 eminentissimi
908 1633 963 1697 pro
979 1629 1118 1694 tempore
1136 1611 1328 1691 protectoris,

582 1711 650 1776 siue
671 1727 756 1774 mora
779 1712 810 1773 in
832 1711 1025 1791 provinciam
1053 1723 1155 1772 meam
1176 1713 1328 1782 revertar,

582 1813 613 1869 et
634 1806 677 1868 ibi
698 1813 849 1886 perpetuo
877 1806 908 1867 in
935 1803 1049 1866 divinis
1079 1801 1328 1866 administrandis

582 1897 718 1962 laborem
740 1915 846 1962 meum
867 1916 901 1962 ac
921 1913 1045 1978 operam
1066 1913 1122 1975 pro
1146 1896 1245 1958 salute
1265 1893 1329 1956 ani-

582 2008 705 2056 marum
726 1991 916 2072 impendam,
939 1993 1019 2071 quod
1042 1991 1135 2054 etiam
1157 1988 1327 2069 praestabo,

581 2087 606 2148 si
620 2101 692 2148 curn
708 2085 879 2163 praedictae
891 2086 977 2150 Sedis
992 2085 1115 2148 licentia
1130 2082 1328 2161 religionem,

580 2179 758 2242 societatem
779 2187 833 2242 aut
853 2179 1127 2256 congregationem
1153 2175 1328 2253 regularem

581 2273 738 2352 ingressus
759 2273 859 2348 fuero,
876 2283 906 2336 et
928 2273 959 2334 in
975 2287 1083 2335 earum
1098 2271 1199 2350 aliqua
1214 2268 1329 2349 profes-

581 2368 703 2430 sionem
724 2367 868 2429 emisero.

622 2461 762 2541 Denique
789 2477 888 2522 voveo
910 2468 940 2522 et
963 2460 1042 2534 iuro,
1066 2475 1116 2522 me
1137 2459 1329 2538 praedictum

582 2555 793 2618 iuramentum
814 2555 943 2634 eiusque
965 2552 1186 2631 obligationem
1214 2551 1329 2616 intelli-

583 2663 668 2726 gere,
690 2655 721 2710 et
742 2647 981 2710 observaturum
1004 2645 1087 2708 iuxta
1109 2645 1329 2708 declarationes

583 2741 672 2806 factas
687 2759 703 2804 a
718 2741 805 2806 Sacra
818 2739 1069 2818 congregatione
1084 2741 1122 2802 de
1134 2740 1328 2818 Propaganda

582 2835 667 2913 Fide,
689 2844 720 2899 et
743 2837 830 2898 brevi
851 2836 1015 2914 apostolico
1036 2835 1191 2897 roboratas
1208 2831 1330 2895 subdio

582 2943 636 2992 xx.
660 2929 728 2990 iulii
748 2943 867 2991 nooux.
893 2927 941 2990 Sic
963 2943 1014 2990 me
1035 2927 1115 2991 ileos
1140 2927 1276 3001 adiuvet,
1299 2933 1329 2988 et

582 3025 655 3088 baec
674 3031 777 3085 sancta
799 3023 852 3085 llei
878 3021 1048 3099 evangelia.

861 3207 989 3274 exter
1012 3207 1048 3270 ll.

648 3397 692 3462 De
713 3393 970 3459 moderatoribus
992 3401 1022 3458 et
1043 3393 1260 3458 administris.

622 3590 642 3667 s
662 3586 691 3649 ll.
715 3586 827 3650 flector
847 3585 994 3648 omnibus
1010 3591 1140 3663 praeest,
1155 3582 1222 3644 sive
1237 3581 1330 3643 maio-

582 3681 678 3759 ribus,
694 3680 761 3744 sive
775 3678 976 3744 inferioribus
990 3677 1112 3755 collegii
1127 3675 1328 3750 administris,

581 3775 644 3852 ipse
668 3784 772 3838 tamen
792 3771 912 3836 suberit
932 3771 965 3832 in
987 3769 1133 3833 omnibus
1147 3769 1329 3830 eminentis-

580 3869 660 3931 simo
682 3865 804 3945 collegii
819 3875 962 3946 patrono,
979 3864 1087 3928 Sacrae
1102 3878 1176 3924 vero
1192 3862 1330 3938 Congre-

582 3954 1330 4038 gationiPropagandaefidei‚velsingulismen-

581 4054 678 4130 sibus,
699 4052 749 4117 vel
771 4053 1030 4132 quandocumque
1044 4049 1072 4111 ei
1087 4047 1226 4122 libuerit,
1242 4063 1329 4110 aecu-

583 4155 680 4210 ratam
695 4147 803 4210 reddet
817 4147 970 4208 rationem
988 4150 1056 4206 tum
1072 4144 1109 4206 de
1122 4141 1243 4219 collegii
1262 4143 1329 4206 red·

583 4241 708 4316 ditibus,
735 4240 884 4318 impensis
906 4244 937 4300 et
958 4244 1050 4312 statu,
1079 4244 1146 4299 tum
1174 4239 1329 4314 quomodo

583 4352 616 4398 se
637 4341 745 4413 gerant
766 4333 886 4397 alumni
907 4331 958 4394 rel
979 4332 1012 4393 in
1033 4330 1147 4410 pietate
1169 4330 1218 4392 vel
1238 4331 1270 4392 in
1285 4329 1329 4392 di-

582 4428 785 4506 sciplinarum
804 4427 917 4490 studio.

623 4520 679 4585 Rei
700 4519 883 4584 domesticae
897 4535 981 4596 cura,
997 4519 1208 4582 llibemorum
1230 4516 1330 4580 adole·

583 4616 737 4679 suentium
756 4613 886 4690 indoles,
908 4614 1006 4690 magis
1033 4610 1259 4675 accommodata
1280 4626 1332 4673 eo-

584 4709 726 4774 rumdem
747 4708 915 4784 institutio,
937 4706 1055 4770 facilior
1080 4706 1211 4784 denique
1231 4703 1331 4766 subsi-

584 4806 708 4867 diorum
734 4803 866 4881 adeptio,
890 4801 1003 4863 merito
1029 4801 1154 4880 quidem
1176 4799 1331 4877 postulare

584 4904 744 4980 ridentur,
768 4914 802 4966 ut
822 4900 945 4979 collegii
967 4908 1069 4963 rector
1090 4916 1128 4961 ex
1150 4899 1257 4962 eadem
1279 4898 1330 4961 lli·

585 4999 711 5060 beruiae
732 4997 860 5060 natione
889 4995 1106 5059 constituatur.
1132 4993 1236 5072 ltaque
1257 5009 1331 5056 con·

586 5105 702 5166 gruum
724 5096 781 5166 est,
803 5097 838 5152 nt
860 5089 925 5152 eius
950 5089 1060 5151 electio
1088 5089 1139 5150 flat
1160 5104 1176 5148 a
1197 5095 1331 5166 quatuor

585 5185 749 5248 Hiberniae
764 5183 978 5263 Metropolitis,
995 5183 1060 5262 qui,
1074 5182 1331 5261 quotiescumque

586 5293 636 5340 res
659 5277 836 5356 postulabit,
865 5277 900 5338 ad
927 5277 1003 5338 tanti
1036 5275 1188 5338 momenti
1216 5291 1330 5339 munus

585 5373 672 5435 omni
693 5369 795 5434 studio
816 5387 849 5433 ac
871 5369 1048 5432 maturitate
1070 5367 1251 5444 eligendum
1279 5385 1330 5430 cu·

586 5467 699 5528 rabunt
721 5463 871 5527 eximium
893 5463 1028 5543 aliquem
1052 5460 1254 5536 sacerdotem,
1276 5462 1330 5540 qui

587 5575 650 5622 non
671 5559 772 5622 solum
794 5557 969 5636 prudentia,
985 5557 1097 5637 pietate
1112 5563 1206 5636 atque
1220 5554 1330 5618 doctri·

587 5670 638 5728 na,
653 5653 706 5714 sed
727 5653 813 5716 omni
828 5653 985 5716 virtutum
999 5667 1115 5729 genere
1130 5649 1327 5729 praefulgeat.

585 5751 644 5826 Qui
665 5765 740 5812 vero
761 5750 798 5812 ab
820 5749 974 5830 Episcopis
996 5750 1130 5812 delectus
1152 5748 1256 5825 fuerit,
1279 5747 1330 5810 de-

586 5845 640 5907 lati
662 5844 803 5908 muneris
825 5843 950 5906 nullum
974 5844 1137 5906 exercendi
1161 5843 1207 5905 ius
1229 5843 1331 5921 acqui·

586 5946 646 6015 ret,
669 5938 729 6001 nisi
749 5939 836 6019 prius
857 5937 950 6018 ipsius
973 5937 1082 6001 electio
1103 5953 1118 5998 a
1140 5935 1230 6000 Sacra
1252 5939 1331 6000 Con·

1104 560 1168 606 IUR·
1192 559 1284 606 PONT·
1307 557 1348 604 DE
1368 557 1398 602 1³.
1422 555 1451 602 F·
1475 555 1558 602 PARS
1579 555 1601 600 1.

1384 673 1565 753 gregatione
1593 670 1808 748 Propagandae
1838 669 1923 733 l'idei
1953 668 2079 748 probata
2100 676 2130 732 et

1383 767 1564 830 confirmata
1585 764 1690 829 fuerit.

1425 859 1627 939 Praecipuum
1648 861 1778 923 rectoris
1796 875 1913 922 munus
1927 858 1987 921 erit
2000 856 2133 922 sollicite

1384 953 1612 1033 diligenterque
1633 967 1740 1017 curare
1763 969 1826 1016 non
1848 951 1948 1015 solum
1969 961 2003 1014 ut
2017 967 2052 1013 ca
2067 967 2132 1014 om·

1385 1049 1446 1124 nia,
1468 1065 1545 1128 quae
1566 1047 1687 1124 collegii
1711 1047 1830 1124 legibus
1844 1048 2029 1126 praescripta
2043 1055 2130 1128 sunt,

1384 1159 1399 1202 a
1421 1141 1554 1218 singulis
1567 1149 1707 1204 accurate
1721 1147 1904 1218 serventur3
1920 1141 2082 1203 sedetiam
2098 1151 2133 1206 ut

1385 1251 1419 1296 ea
1440 1234 1503 1314 ipsa
1525 1251 1589 1298 non
1611 1250 1714 1312 aegro,
1737 1235 1788 1298 sed
1810 1251 1909 1314 aequo
1929 1242 2134 1314 promptoque

1385 1327 1488 1391 animo
1509 1328 1747 1406 adimpleantur.
1769 1327 1869 1404 Quare
1882 1328 2013 1406 ipsemet
2027 1343 2133 1390 exem·

1385 1420 1435 1499 plo
1457 1439 1512 1485 suo
1534 1423 1652 1487 monita
1674 1428 1766 1501 atque
1787 1429 1945 1500 praecepta
1967 1423 2081 1501 exequi
2103 1431 2134 1488 et

1384 1517 1569 1580 confirmare
1589 1523 1717 1594 sataget,
1739 1522 1896 1594 atquem
1916 1515 2043 1578 caeteris
2066 1530 2133 1592 gra·

1386 1613 1446 1676 tior
1462 1620 1493 1676 et
1513 1610 1672 1674 amabilior
1686 1610 1861 1674 communis
1876 1611 1958 1672 ritae
1972 1611 2133 1689 disciplina

1386 1705 1541 1782 reddatur,
1553 1706 1618 1784 ipse
1632 1705 1770 1783 primum
1787 1720 1842 1783 pro
1857 1704 1987 1780 viribus,
2003 1712 2046 1781 et,
2063 1720 2134 1783 pro·

1386 1807 1419 1863 ut
1439 1800 1487 1864 sui
1509 1800 1650 1863 muneris
1669 1807 1771 1877 partes
1793 1796 1907 1874 ferent,
1923 1815 1991 1861 eam
2005 1817 2133 1866 servare

1384 1895 1529 1958 studebit.

1425 1987 1547 2064 flector,
1562 1995 1595 2050 ut
1605 2003 1661 2049 suo
1673 2003 1805 2051 munere
1816 1987 2033 2067 perfungatur,
2046 1990 2135 2052 adin·

1386 2080 1503 2143 toribus
1524 2089 1605 2157 eget,
1630 2089 1697 2142 tum
1720 2081 1751 2143 in
1774 2081 1821 2157 iis,
1844 2097 1923 2161 quae
1936 2082 2134 2161 disciplinam

1385 2184 1416 2240 et
1426 2180 1656 2242 oeconomicam
1668 2176 1968 2240 administrationem
1981 2182 2133 2256 spectant,

1386 2281 1451 2335 turn
1473 2273 1570 2352 quoad
1586 2287 1633 2346 ea,
1649 2287 1727 2352 quae
1742 2271 1956 2334 doctrinarum
1970 2272 2072 2336 studia
2087 2287 2136 2335 re·

1384 2367 1529 2444 spiciunt.
1555 2366 1599 2428 Ad
1620 2365 1760 2443 primum
1781 2367 1861 2444 quod
1890 2367 2012 2440 attinet,
2038 2367 2135 2445 ipsius

1384 2461 1444 2522 erit
1474 2459 1621 2523 idoneum
1652 2459 1854 2534 sacerdotem,
1883 2459 2136 2522 eminentissimo

1385 2563 1514 2634 patrono
1534 2554 1734 2634 approbante,
1750 2553 1781 2614 in
1797 2553 1866 2615 vice
1888 2560 2040 2616 rectorem
2063 2571 2136 2618 cou-

1384 2649 1524 2727 stituere,
1540 2649 1593 2729 qui
1615 2651 1653 2712 de
1674 2657 1758 2712 recto
1776 2647 1898 2726 collegii
1920 2647 2137 2712 moderamine

1385 2752 1415 2808 et
1429 2744 1473 2806 rei
1488 2742 1645 2805 familiaris
1660 2741 1833 2804 ministerio
1847 2741 1906 2803 sub
1921 2743 2049 2804 rectoris
2064 2743 2136 2804 obe-

1385 2838 1501 2902 dientia
1522 2851 1627 2899 curam
1650 2843 1745 2912 gerat.
1769 2835 1900 2898 Maxima
1922 2851 1996 2898 vero
2017 2839 2056 2900 de
2077 2838 2138 2901 sol·

1386 2929 1546 2995 licitudine
1577 2929 1716 2993 doctrina
1744 2929 1915 2992 exbibenda
1941 2937 1999 2993 est.
2022 2932 2137 3006 Qtram·

1386 3024 1494 3087 obrem
1524 3023 1632 3086 stabile
1662 3037 1785 3100 semper
1805 3021 1838 3083 in
1866 3025 1976 3085 eodem
2004 3024 2137 3103 collegio

1387 3116 1576 3181 domicilium
1604 3115 1728 3178 habebit
1755 3115 1900 3193 egregius
1927 3117 2037 3195 aliquis
2067 3135 2138 3197 pre·

1385 3212 1491 3290 sbyter
1511 3209 1686 3272 studiorum
1708 3208 1881 3287 praefectus
1903 3211 1954 3288 qui
1973 3211 2068 3274 italus
2082 3213 2135 3292 sit,

1386 3307 1503 3386 quique
1524 3305 1644 3380 maiori,
1667 3321 1725 3384 qua
1747 3304 1814 3368 fieri
1835 3312 1947 3384 potest,
1970 3305 2136 3384 diligentia

1386 3408 1417 3464 et
1438 3417 1509 3462 cura
1528 3399 1691 3478 eligendus
1706 3399 1777 3475 erit,
1794 3405 1829 3462 ut
1844 3399 1934 3478 plane
1949 3401 2082 3466 idoneus
2095 3405 2136 3475 sit

1385 3499 1420 3562 ad
1444 3497 1573 3560 iuvenes
1594 3495 1765 3559 edocendos
1785 3511 1881 3560 omne
1895 3513 2052 3561 sacrarum
2067 3499 2135 3563 lite·

1386 3609 1491 3656 rarum
1514 3607 1622 3668 genus.
1648 3589 1722 3653 llius
1743 3591 1812 3664 erit,
1836 3591 1978 3654 alumnos
2000 3594 2032 3655 in
2048 3605 2135 3659 recto

1385 3687 1558 3749 studiorum
1580 3685 1701 3760 ordine,
1724 3700 1758 3745 ac
1778 3682 1930 3747 librorum
1953 3685 2076 3751 delectu
2091 3689 2136 3752 di·

1387 3781 1499 3857 rigere,
1515 3795 1550 3841 ea
1564 3782 1703 3857 repetere
1718 3785 1748 3839 et
1765 3779 1860 3854 magis
1875 3779 2039 3857 explicare,
2056 3800 2136 3862 quae

1386 3875 1418 3936 in
1440 3872 1616 3936 scholarum
1637 3870 1895 3949 praelectionibus
1917 3875 2026 3936 tradita
2047 3884 2135 3955 sunt,

1385 3968 1538 4030 iuvenum
1561 3965 1727 4042 ingenium
1749 3981 1922 4044 eorumque
1944 3981 2016 4045 erga
2033 3969 2136 4033 litera-

1385 4077 1458 4124 rum
1479 4058 1577 4123 studia
1609 4058 1804 4121 voluntatem
1831 4059 2030 4138 investigare,
2061 4064 2133 4145 quid

1387 4154 1601 4232 unusquisque
1624 4152 1656 4213 in
1679 4153 1787 4215 studiis
1807 4154 1971 4231 profecerit
1986 4157 2134 4235 experiri,

1386 4253 1514 4314 demum
1537 4248 1669 4311 libenter
1690 4263 1724 4310 ea
1745 4249 1849 4310 omnia
1871 4258 2034 4327 praestare,
2054 4269 2135 4331 quae

1386 4343 1420 4406 ad
1432 4341 1616 4406 eorumdem
1629 4356 1828 4419 progressum
1840 4341 1982 4406 conferre
1993 4354 2133 4424 possunt.

1387 4436 1524 4500 [lectoris
1552 4441 1654 4513 partes
1682 4443 1776 4498 erunt
1804 4435 1968 4514 exquirere
1999 4444 2029 4499 et
2059 4440 2135 4500 emi-

1387 4531 1569 4594 nentissimo
1585 4536 1712 4609 patrono
1723 4543 1896 4607 proponere
1911 4530 2028 4606 virum,
2040 4548 2136 4610 quem

1386 4623 1421 4686 ad
1444 4633 1507 4688 tam
1533 4623 1666 4687 arduum
1694 4623 1875 4686 obeundum
1904 4639 2018 4687 munus
2039 4628 2136 4704 aptio·

1386 4733 1453 4782 rem
1475 4717 1671 4795 iudicaverit;
1698 4719 1757 4779 erit
1777 4723 1881 4780 autem
1902 4717 2041 4781 eiusdem
2064 4719 2137 4783 Car-

1387 4813 1497 4876 dinalis
1511 4812 1643 4890 patroni,
1660 4811 1820 4888 perpensis
1841 4812 1989 4890 propositi
2009 4813 2068 4874 viri
2085 4813 2137 4875 do·

1387 4906 1480 4982 tibus,
1503 4907 1673 4968 decernere
1701 4911 1808 4967 utrum
1830 4904 1882 4966 ille
1904 4905 1940 4966 ad
1961 4906 2137 4969 studiorum

1387 4999 1611 5078 praefecturam
1633 4998 1881 5074 constituendus,
1902 5015 1959 5061 nec
1981 5015 2030 5060 ne.
2056 5000 2136 5064 'lum

1388 5093 1453 5155 vice
1477 5101 1588 5170 rector,
1611 5098 1680 5154 tum
1701 5091 1877 5154 studiorum
1905 5090 2077 5170 praefectus
2098 5109 2135 5155 ex

1388 5186 1547 5249 communi
1570 5183 1691 5261 collegii
1714 5199 1821 5246 mensa
1840 5183 1974 5246 alentur.

1426 5277 1510 5356 erod
1534 5286 1639 5340 autem
1664 5277 1775 5340 attinet
1797 5279 1832 5342 ad
1856 5278 2048 5355 spiritualem
2071 5279 2136 5342 alu-

1389 5387 1535 5434 mnorum
1546 5387 1663 5448 euram,
1679 5371 1804 5434 rectoris
1821 5388 1937 5433 munus
1952 5373 2023 5447 erit,
2035 5389 2137 5436 assen-

1389 5465 1486 5528 tiente
1506 5480 1629 5543 semper
1653 5465 1901 5528 eminentissimo
1928 5472 2069 5543 patrono,
2091 5484 2135 5528 sa-

1387 5557 1544 5622 cerdotem
1566 5560 1705 5621 doctrina
1726 5566 1756 5622 et
1778 5561 1897 5637 pietate
1913 5567 2057 5622 ornatum
2080 5559 2136 5622 lta-

1388 5652 1509 5715 lumin
1540 5652 1731 5716 ordinarium
1762 5652 1884 5730 collegii
1913 5652 2136 5716 confessarium

1386 5763 1441 5809 seu
1463 5745 1668 5810 conscientiae
1690 5745 1915 5808 moderatorem
1935 5746 2064 5823 eligere.
2083 5747 2136 5810 llic

1388 5855 1452 5902 non
1475 5840 1565 5902 modo
1586 5838 1683 5902 semel
1705 5841 1737 5901 in
1755 5839 1956 5914 bebdomada,
1972 5840 2059 5902 statis
2074 5841 2137 5904 die-

1389 5933 1445 5996 bus
1466 5940 1497 5995 et
1518 5933 1612 6008 boris,
1636 5932 1802 6012 collegium
1823 5933 1907 5996 adire
1929 5933 2087 5997 tenebitur
2100 5933 2134 5996 ad

2157 535 2207 593 An.
2217 544 2241 598 (l.
2256 549 2305 608 tete
