4754 6966
806 840 1045 926 CLEMENS
1081 841 1153 922 PP.
1183 840 1283 923 xlv.

494 1244 749 1310 GONSTITU'flO
770 1245 792 1308 f.

272 1431 451 1512 Confirmat
473 1435 634 1498 decretum
657 1433 780 1496 editum
802 1431 1017 1512 odefinitorio

308 1526 452 1603 peuerell
475 1529 611 1592 Minoris
636 1527 769 1591 Ordinis
792 1526 824 1588 S.
847 1525 1017 1588 francisci

309 1617 348 1678 de
372 1617 583 1684 Obseruantia
597 1635 695 1698 super
707 1617 889 1697 priuilepiis
904 1620 1016 1700 fruen-

308 1712 361 1774 dis
382 1730 402 1774 o
422 1713 640 1779 Missiouariis
663 1709 847 1793 depectibus
863 1713 899 1775 in
912 1716 1018 1790 porli-

308 1807 368 1870 aas
390 1807 570 1870 indiarum.

460 1978 645 2047 clemins
667 1979 726 2046 ΡΡ.
751 1978 823 2047 xlv.

410 2107 447 2174 ad
468 2106 598 2175 futuram
620 2105 664 2173 rei
693 2104 871 2173 memoriam.

100 2293 230 2341 russorum.
304 2282 377 2358 gl.
402 2283 524 2363 Exponi
550 2283 638 2346 nobis
659 2299 761 2360 nuper
787 2282 859 2344 feeit
885 2280 1014 2344 dilectus

263 2375 353 2438 filius
372 2376 479 2454 loseph
493 2379 662 2454 Ampuero,
678 2377 774 2438 frater
787 2390 931 2453 expresse
946 2390 1015 2452 pro-

264 2468 366 2531 fessos
391 2469 513 2534 Ordinis
542 2471 700 2534 llinorum
732 2469 764 2532 S.
794 2467 948 2532 francisci
976 2469 1013 2529 de

262 2561 468 2625 Obseruantia
496 2569 762 2642 nuncupatorum,
784 2578 818 2624 ac
841 2559 1014 2642 praefectus

262 2662 295 2718 et
319 2657 550 2719 commissarius
575 2655 759 2718 missionum
780 2654 813 2717 in
839 2670 936 2732 regno
958 2654 1013 2716 Pe·

262 2765 379 2827 ruane,
402 2751 496 2830 quod,
512 2765 584 2812 cum
605 2751 671 2828 ipse
691 2749 764 2810 alias
785 2767 800 2810 a
822 2746 933 2811 dilecto
949 2747 1011 2809 nlla

262 2841 418 2904 moderno
446 2842 590 2905 ministro
618 2841 756 2920 generali
777 2848 807 2903 et
833 2839 1011 2904 definitorio

262 2935 406 3012 generali
418 2936 490 2999 dicti
501 2935 624 2999 Ordinis
638 2936 786 3016 petiisset,
800 2943 834 3000 ut
848 2935 929 2998 serio
943 2953 1013 3015 per·

261 3027 370 3104 pensis
391 3027 546 3090 laboribus
568 3028 700 3090 fratrum
727 3027 938 3106 professorum
958 3028 1011 3092 Or-

261 3121 347 3184 dinis
369 3121 561 3197 huiusmodi,
585 3121 640 3201 qui
659 3137 775 3185 mainus
804 3119 1012 3184 missionario-

261 3231 339 3277 rum
361 3214 393 3276 in
415 3215 511 3278 indiis
531 3223 693 3291 exercent,
716 3216 832 3294 quiquo
856 3221 920 3278 tam
941 3231 1011 3294 pro·

260 3314 335 3387 pter
356 3308 487 3386 longum
508 3309 569 3372 iter
590 3309 672 3371 ‘terra
699 3309 841 3388 marique
861 3323 1011 3387 peragen-

192 3459 202 3474 ,
260 3401 353 3480 dum,
374 3411 438 3465 tam
452 3404 492 3465 ob
512 3403 690 3480 parcitatem
705 3420 738 3466 ac
752 3404 845 3465 etiam
865 3403 1009 3466 deficien-

261 3498 340 3560 tiam
361 3498 461 3561 victus
481 3498 515 3560 in
536 3497 611 3560 locis
630 3496 794 3577 praecipue
815 3497 955 3573 desertis,
977 3514 1010 3560 ac

260 3593 392 3654 demum
401 3599 527 3672 propter
540 3591 727 3653 laboriosum
738 3591 877 3654 eiusdem
888 3591 1009 3654 itineris

260 3701 376 3762 genuS,
398 3701 462 3748 non
484 3685 552 3748 sine
573 3685 659 3763 gravi
681 3702 790 3748 eorum
812 3686 1009 3750 incommodo

260 3778 339 3840 illuc
360 3777 458 3841 vitam
479 3778 610 3855 ducunt,
632 3779 689 3857 ipsi
712 3779 802 3842 titulo
823 3780 1007 3857 praedicato·

260 3889 336 3936 rum
369 3872 561 3950 generalium
591 3872 629 3934 de
655 3872 725 3934 iare
757 3881 1008 3952 nuncupatorum

260 3984 391 4031 suarum
422 3967 594 4047 respective
624 3966 853 4047 provinciarum
886 3966 1008 4030 Ordinis

261 4060 416 4123 eiusmodi
446 4059 611 4124 decorandi
635 4066 755 4137 essent,
778 4076 818 4123 ne
840 4060 911 4122 alias
941 4069 1008 4140 post

261 4161 307 4216 tot
329 4153 526 4216 incommoda
547 4160 578 4216 et
599 4152 717 4215 labores
742 4153 811 4216 sine
831 4154 897 4217 ullo
921 4157 1010 4234 peni·

261 4254 312 4310 tus
332 4246 463 4310 honoris
493 4247 590 4324 gradu
611 4247 647 4308 ad
668 4247 808 4326 proprios
836 4257 1009 4313 conventos

260 4343 366 4406 redire
386 4351 548 4422 cogantur.

94 4445 146 4492 nali
158 4446 243 4495 tenu.
298 4437 320 4512 ξ
340 4437 371 4499 2.
393 4437 479 4500 ldem
500 4437 644 4498 minister
658 4453 712 4498 seu
728 4438 938 4502 definitorium
956 4454 1007 4516 ge-

261 4529 367 4591 nerale
387 4529 566 4592 huiusmodi
580 4529 630 4592 die
645 4545 689 4592 xx.
713 4530 782 4592 iulii
803 4547 1002 4594 anccxuvnx.

260 4622 421 4686 decretum
443 4623 556 4700 edidit,
578 4624 666 4686 cuius
688 4631 777 4686 tenor
798 4632 862 4701 est,
885 4626 938 4705 qui
959 4642 1006 4687 se-

258 4716 380 4792 quitur,
402 4715 559 4778 videlicet:

299 4807 337 4870 In
360 4809 418 4872 bec
437 4816 594 4874 conuentu
623 4811 654 4874 S.
679 4811 848 4874 francisci
871 4811 1003 4876 Metriti

260 4901 309 4964 die
333 4919 377 4965 rx.
400 4903 479 4966 iulii
500 4921 699 4967 uncccxvnv.
723 4907 813 4968 rmus
834 4904 869 4965 P.
882 4907 921 4969 N.
944 4907 1002 4970 mi-

260 4997 364 5059 nister
385 4997 544 5078 penoratis
565 4999 609 5078 fr.
633 4999 804 5078 Pusquolis
826 5001 862 5062 dc
879 5000 1003 5062 Verisio

260 5088 391 5170 deniqne
405 5107 553 5154 annuens
566 5091 720 5170 petitioni
733 5097 865 5170 potrum
880 5092 1003 5155 missio-

261 5185 432 5246 nnriorum
456 5185 637 5265 depentinm
659 5187 695 5248 in
721 5184 871 5263 partibus
894 5186 1004 5250 ludiu-

259 5293 344 5348 rum,
368 5282 399 5337 et
427 5277 609 5342 desiderans
636 5279 816 5356 promoveri
847 5281 949 5360 napis
971 5287 1000 5343 et

258 5370 361 5450 moqis
388 5368 576 5432 huiusmodi
597 5377 746 5432 sunctum
767 5371 997 5445 ministerium,

260 5462 402 5524 concedit
428 5461 601 5544 priuilepin
627 5465 888 5543 praedicaturum
912 5481 1000 5546 pene-

260 5557 380 5619 ralium
402 5573 475 5619 oum
496 5557 565 5620 suis
587 5558 808 5621 emolumentis
829 5563 860 5620 et
880 5560 1000 5639 pretiis

260 5648 403 5713 omnibus
433 5649 502 5711 illis
531 5651 828 5728 praedicatoribus,
860 5653 916 5732 qui
945 5669 1001 5732 per

260 5744 499 5820 quatuordeeim
528 5761 628 5806 onnes
655 5745 864 5809 inservierint
886 5747 1000 5810 loudo-

261 5835 368 5900 biliter
382 5837 530 5918 Collepiis
546 5839 746 5911 Missionum,
763 5841 928 5903 dnmmodo
943 5857 1000 5918 per

261 5951 315 5998 seu
335 5951 435 5999 annos
453 5935 649 6016 perfecerint
671 5936 837 5998 missiones
859 5951 998 6014 unoquo-

1039 4256 1141 4329 ¹teras
1162 4248 1282 4324 firmae,
1310 4246 1424 4310 validas
1452 4253 1482 4308 et
1508 4248 1642 4312 efficaces
1670 4252 1837 4323 existence

1072 1261 1130 1323 qne
1151 1261 1235 1308 nuno
1257 1247 1321 1307 sioe
1343 1247 1432 1308 iuter
1450 1244 1553 1325 fideles
1574 1245 1640 1307 siae
1660 1245 1746 1307 inter
1766 1247 1816 1306 in-

1071 1339 1194 1416 fideles·
1217 1339 1297 1418 quod
1319 1336 1429 1402 debeat
1456 1343 1604 1401 constare
1624 1354 1681 1416 per
1702 1339 1815 1402 literas

1073 1433 1304 1496 testimoniales
1325 1434 1429 1511 patris
1452 1432 1630 1513 pnordioni
1653 1439 1684 1494 et
1700 1433 1816 1496 discre-

1073 1531 1180 1589 torum
1205 1527 1347 1609 Collepii,
1371 1529 1424 1590 eui
1445 1528 1666 1590 inservierint.
1693 1525 1815 1602 Quibus

1072 1620 1177 1683 literis
1188 1622 1405 1700 praesentatis
1415 1621 1600 1699 prouinciae
1611 1623 1814 1700 respectione,

1071 1713 1229 1792 praecipit
1258 1713 1369 1787 limos,
1399 1721 1437 1776 nt
1463 1723 1632 1778 seruentur
1660 1716 1737 1789 iste,
1763 1717 1814 1777 uti
1853 1783 1855 1785 ,

1072 1808 1250 1887 conformia
1271 1805 1393 1888 lepidus
1415 1813 1446 1870 et
1467 1808 1814 1890 summornmlPoutifi·

1071 1915 1142 1962 cunt
1165 1899 1429 1964 concessionibus.
1453 1902 1489 1965 fd
1503 1903 1610 1979 ipsum
1625 1902 1814 1964 conceditur

1070 1995 1298 2066 missionariis,
1316 1997 1370 2074 qni
1386 1997 1506 2076 clepunt
1518 1997 1553 2058 in
1565 1994 1813 2058 conuentibus.-

1071 2089 1121 2151 lto
1142 2095 1199 2160 est,
1223 2091 1267 2167 fr.
1295 2091 1428 2152 loannes
1449 2089 1601 2166 Baptista
1625 2086 1745 2160 Galliis,
1768 2106 1813 2150 sc·

1069 2183 1231 2244 cretarius
1252 2183 1410 2262 pecoralis
1435 2183 1577 2247 Ordinis.

1109 2275 1127 2350 5
1148 2277 1177 2337 3.
1202 2276 1282 2339 Cum
1303 2283 1419 2353 aulem,
1434 2277 1512 2338 sicut
1533 2276 1641 2339 eadem
1662 2279 1812 2355 expositio
1885 2296 2043 2398 supponens

1067 2369 1291 2446 subiungebat,
1319 2371 1419 2432 dictus
1440 2370 1547 2447 loseph
1574 2369 1733 2434 decretum
1755 2373 1812 2435 bu·
1829 2353 2044 2452 Εἷῖῐῗὲξὲξῖἶῗζ

1068 2462 1212 2538 iusmodi,
1236 2479 1297 2542 quo
1319 2463 1441 2526 firmius
1454 2463 1598 2526 subsistat
1619 2480 1653 2526 ac
1667 2470 1810 2527 servetur
1829 2457 1944 2568 {¹3³2}ssssss
1957 2459 2043 2560 gggggj

1068 2557 1213 2632 exacuas,
1228 2557 1410 2635 apostolicae
1423 2557 1667 2620 confirmationis
1688 2567 1811 2621 nostrae
1829 2545 1906 2612 uitur.

1066 2651 1236 2726 patrocinia
1257 2650 1445 2712 communiri
1471 2665 1670 2728 summopere
1693 2650 1811 2716 deside·

1067 2749 1133 2820 ret;
1157 2759 1212 2804 nos
1234 2743 1334 2821 ipsum
1362 2744 1469 2820 loseph
1489 2743 1670 2821 specialibus
1698 2744 1811 2806 favori-

1066 2837 1121 2899 bus
1142 2845 1174 2898 et
1195 2835 1300 2912 gratiis
1322 2837 1466 2915 prosequi
1486 2837 1641 2912 volentes,
1657 2843 1721 2900 ela
1741 2840 1810 2918 qui-

1065 2932 1170 2995 busvis
1191 2931 1532 3007 excommunicationis
1547 2933 1757 3010 suspensionis
1778 2943 1809 2996 et

1065 3025 1223 3090 interdicti
1248 3025 1378 3103 aliisque
1401 3025 1611 3088 ecclesiasticis
1631 3028 1806 3105 sententiis,

1064 3119 1214 3196 censuris,
1236 3127 1269 3181 et
1289 3119 1398 3198 poenis
1425 3136 1442 3179 a
1462 3119 1530 3180 iure
1550 3121 1602 3182 vel
1622 3121 1659 3184 ab
1680 3123 1807 3184 bomine

1064 3214 1172 3294 quavis
1192 3213 1348 3300 occasione
1373 3214 1423 3276 vel
1444 3230 1532 3277 causa
1554 3215 1632 3291 latis,
1647 3215 1674 3276 si
1695 3216 1807 3296 quibus

1064 3306 1296 3388 quomodolibet
1307 3307 1472 3371 innodatus
1483 3308 1600 3384 existit,
1613 3311 1648 3372 ad
1660 3310 1806 3373 effectum

1063 3403 1276 3486 praesentium
1307 3409 1428 3465 tantum
1461 3403 1725 3482 consequendum,
1754 3409 1806 3469 ba-

1064 3515 1135 3562 rum
1154 3497 1235 3560 serie
1262 3497 1457 3560 absolventes
1485 3505 1516 3560 et
1544 3493 1719 3562 absolutum
1740 3501 1807 3566 fore

1063 3600 1242 3668 censentes,
1274 3591 1548 3670 supplicationibus
1577 3593 1643 3655 eins
1677 3596 1806 3660 nomine

1062 3684 1150 3747 nobis
1171 3686 1342 3763 superbae
1363 3685 1524 3748 bumiliter
1545 3687 1693 3764 porrectis
1720 3690 1804 3752 incli-

1063 3779 1145 3855 nati,
1173 3779 1333 3842 decretum
1363 3781 1592 3858 praeinsertum
1623 3783 1805 3847 auctoritate

1062 3872 1239 3952 apostolica,
1263 3878 1371 3935 tenore
1395 3873 1618 3951 praesentium,
1641 3877 1805 3939 confirma-

1062 3983 1132 4029 mus
1166 3972 1198 4028 et
1223 3965 1443 4045 approbamus,
1476 3965 1585 4046 illique
1619 3968 1805 4034 inviolabilis

1061 4061 1239 4140 apostolicae
1261 4061 1416 4122 firmitatis
1437 4060 1533 4124 robur
1552 4060 1722 4127 adficimus.

1101 4153 1169 4230 §ln
1193 4155 1412 4230 Decernentes,
1435 4156 1556 4217 easdem
1577 4167 1753 4237 praesentes
1768 4161 1804 4223 li·
1822 4171 2033 4325 spailfflidll

1856 4279 1991 4326 servantia.

1061 4349 1091 4402 et
1119 4339 1197 4417 fore,
1217 4355 1350 4420 suosque
1376 4341 1529 4419 plenarias
1547 4345 1581 4406 et
1602 4344 1740 4423 integros
1761 4349 1804 4411 ef·

1061 4432 1159 4496 fectus
1179 4432 1284 4495 sortiri
1305 4442 1336 4495 et
1357 4433 1509 4510 obtinere,
1521 4452 1555 4498 ac
1575 4436 1647 4514 illis,
1670 4439 1707 4501 ad
1727 4459 1803 4520 quos

1060 4533 1174 4607 spectat
1189 4535 1220 4588 el
1230 4542 1285 4606 pro
1301 4534 1441 4606 tempore
1464 4530 1722 4611 quandocumque
1736 4551 1804 4613 spe-

1059 4623 1163 4700 ctabit,
1186 4623 1218 4686 in
1233 4622 1378 4685 omnibus
1393 4631 1422 4685 et
1437 4624 1608 4702 peremnia
1624 4625 1802 4704 plenissime

1060 4716 1220 4793 suflragari
1246 4723 1276 4778 et
1296 4715 1333 4778 ab
1355 4715 1420 4778 eius
1441 4717 1610 4794 respective
1641 4719 1802 4784 inviolabi-

1060 4810 1131 4872 liter
1160 4809 1330 4873 observari:
1354 4809 1459 4888 sicque
1484 4811 1516 4872 in
1545 4812 1719 4891 praemissis
1746 4831 1802 4894 per

1059 4917 1271 4982 quoscumque
1294 4901 1409 4965 iudices
1433 4903 1604 4966 ordinarios
1627 4912 1658 4967 et
1679 4905 1802 4985 delega-

1060 5005 1116 5072 tos,
1132 4997 1226 5059 eliam
1248 5012 1409 5058 causarum
1420 4996 1522 5074 palatii
1538 4999 1694 5075 apostolici
1716 5003 1801 5064 audi·

1058 5096 1150 5166 tores,
1175 5090 1300 5153 iudicari
1322 5097 1352 5152 et
1373 5089 1496 5152 definiri
1518 5091 1650 5170 debere;
1678 5110 1711 5156 ac
1732 5096 1800 5157 irri-

1057 5189 1125 5246 tum
1139 5189 1171 5246 et
1185 5183 1289 5259 inane,
1300 5183 1327 5244 si
1337 5199 1424 5246 secus
1438 5183 1589 5262 superbis
1604 5203 1797 5267 aquoquam,

1057 5276 1162 5358 quavis
1183 5277 1375 5354 auctoritate,
1387 5278 1521 5340 scienter
1547 5279 1597 5341 vel
1618 5279 1800 5357 ignoranter

1056 5371 1222 5448 contigerit
1242 5371 1398 5433 attentari.

1095 5466 1114 5540 ἓ
1135 5465 1164 5526 5.
1184 5463 1253 5527 Non
1270 5464 1464 5528 obstantibus
1477 5467 1663 5547 praemissis,
1679 5487 1713 5532 ac
1726 5487 1800 5532 eon·
1857 5491 1887 5538 nr
1909 5493 2030 5542 omnious

1055 5557 1269 5621 stitutionibus
1291 5565 1321 5622 et
1346 5557 1592 5623 ordinationibus
1613 5563 1797 5641 apostolicis,
1817 5544 2031 5650 {gpgsssslssgiffiss

1056 5667 1190 5726 necnon,
1212 5659 1363 5730 quatenus
1391 5667 1468 5730 opus
1488 5653 1540 5729 sit,
1569 5654 1692 5719 Ordinis
1713 5673 1798 5735 prae·
1818 5656 1930 5710 rogatur.

1054 5744 1138 5822 dicti,
1161 5745 1256 5806 etiam
1276 5744 1463 5820 iuramenta,
1479 5748 1716 5811 confirmatione
1729 5768 1798 5829 apo-

1054 5839 1181 5914 stolica,
1203 5836 1254 5898 vel
1275 5839 1384 5916 quavis
1410 5839 1558 5902 firmitate
1583 5841 1656 5904 alias
1677 5844 1798 5905 robora-

1055 5931 1112 6008 tis,
1138 5931 1263 5994 statutis
1293 5939 1325 5994 et
1356 5933 1643 6010 consuetudinibus,
1672 5937 1799 6014 privile·
