4722 6976
337 549 391 617 in.
406 561 436 616 o.
457 561 527 614 reor
576 545 636 622 uod

597 693 684 755 diois
706 695 868 757 micorum
884 695 915 760 S.
939 693 1107 758 l'roocisci
1128 698 1300 755 conventos
1396 693 1464 770 5²·
1489 691 1551 756 Nos
1572 695 1670 772 igitur
1696 694 1792 756 dictos
1822 701 2014 776 exponentes
2038 707 2105 772 spe·
2141 704 2324 754 recocarent·
2356 695 2357 714 ³

596 787 644 848 ocl
664 789 834 850 sentinarit'
857 788 892 850 dc
913 788 1109 870 Mezzoosrt'o
1127 785 1300 865 Portepol·
1355 786 1483 849 cialibus
1504 787 1659 851 lavoribus
1687 789 1833 867 prosequi
1861 789 2015 862 volentes,
2038 793 2067 848 et
2089 758 2171 847 ιω*

1081 565 1142 621 run.
1169 572 1259 619 ronr.
1284 571 1324 617 on
1346 573 1376 619 a·
1399 566 1427 619 r.
1453 574 1535 620 anns
1557 570 1578 621 ι.
2137 551 2191 610 in.
2205 559 2235 610 0.
2253 559 2313 612 1807

342 2097 469 2154 Enpositio
485 2107 538 2154 pre·

327 2161 391 2197 cum.

598 878 694 941 lentis
722 879 869 942 dioecesis
897 897 995 958 seper
1022 879 1239 958 applicatione
1261 879 1302 940 le-

595 987 671 1051 pom
693 979 723 1034 ct
744 977 948 1034 statutorum
970 973 1107 1036 alterins
1130 969 1301 1032 seminarii

597 1065 633 1126 dc
658 1065 818 1137 Voratoio,
841 1071 901 1128 oet
919 1066 1140 1129 Brooccones.

557 1247 727 1316 Venerabili
757 1251 845 1318 tratri
873 1250 1039 1318 laurentio
1068 1248 1301 1334 drobiepiseopo

598 1341 749 1410 llisibensi
771 1345 798 1410 in
823 1343 1029 1428 Portunalllae
1044 1349 1076 1410 el
1096 1341 1301 1426 niqartiorun

598 1437 700 1519 requie
712 1442 817 1504 nostro
831 1444 863 1506 et
875 1435 965 1506 Sedis
978 1436 1174 1524 spostolicae
1192 1436 1301 1512 nuntio,

804 1623 973 1691 eiusne.
998 1623 1056 1690 llll.

583 1805 625 1891 0
771 1810 959 1879 venerabilia
982 1813 1090 1888 trater,

481 1909 483 1914 '
591 1905 719 1972 salutern
742 1909 773 1971 et
794 1903 992 1988 apostolicam
1016 1903 1266 1970 benedictionem.

597 2093 616 2167 5
639 2094 666 2155 l.
689 2093 809 2170 Exponi
832 2093 920 2154 nobis
943 2107 1044 2170 nuper
1065 2092 1206 2153 lecerunt
1227 2088 1303 2151 dile·

558 2185 597 2247 cti
620 2186 676 2247 lilii
698 2187 840 2248 moderni
859 2184 1046 2262 guardianus
1067 2191 1097 2245 et
1119 2184 1228 2245 iratres
1249 2181 1302 2244 01·-

558 2278 637 2339 dinis
658 2279 818 2341 minorum
838 2279 869 2342 S.
887 2278 1039 2340 Francisci
1061 2282 1236 2339 conventus
1251 2274 1302 2336 vel

557 2371 717 2433 seminarii
728 2371 954 2435 dellazzaolrio
965 2369 1209 2446 Portugallensis
1219 2368 1302 2430 dioe-

558 2467 645 2542 cesiS,
668 2467 750 2544 quod
771 2466 828 2544 ipsi
851 2481 906 2544 per
929 2470 1048 2527 nostras
1070 2461 1219 2526 insimili
1241 2461 1300 2522 lor-

557 2575 605 2620 ma
628 2559 730 2621 brevis
751 2560 800 2621 die
822 2575 865 2621 ιιι.
890 2557 1024 2620 octobris
1045 2573 1196 2618 uocccxv.
1211 2571 1302 2632 expe-

558 2649 634 2712 ditas
655 2651 760 2712 literas
781 2651 999 2723 obtinuerunt,
1015 2656 1050 2711 ut
1072 2649 1171 2711 dictus
1192 2663 1301 2709 eorum

557 2751 731 2805 conventus
753 2744 802 2805 vel
824 2742 1027 2804 seminarium
1049 2741 1170 2818 legibus
1197 2749 1227 2802 et
1244 2746 1303 2800 sta·

557 2837 630 2897 tutis
652 2835 834 2897 alterutrius
854 2834 1013 2896 seminarii
1034 2832 1249 2895 conventualis
1265 2833 1303 2894 de

558 2927 712 3004 Varatojo,
735 2936 787 2990 aut
808 2928 1046 3001 Brancannes,a
1068 2933 1100 2986 te
1121 2919 1301 2988 auctoritate

559 3028 663 3083 nostra
683 3021 847 3099 apostolica
873 3021 905 3082 iu
931 3025 1117 3098 perpetuum
1138 3017 1302 3080 subiicere·

559 3123 621 3190 tur,
637 3115 802 3177 subsertis
821 3115 957 3176 modoet
972 3112 1069 3173 lorma
1086 3119 1160 3173 tunc
1180 3127 1303 3190 expres·

558 3207 610 3283 sis,
627 3215 719 3286 prout
734 3223 772 3268 ex
786 3205 896 3268 iisdem
911 3205 1023 3267 nostris
1045 3205 1154 3279 literis,
1170 3221 1302 3282 quarum

558 3307 699 3362 tenorem
710 3299 922 3379 praesentibus
932 3315 989 3378 pro
1002 3298 1095 3377 plene
1106 3305 1137 3359 et
1147 3297 1301 3360 sufficien-

557 3401 605 3456 ter
625 3409 769 3472 expresso
782 3399 814 3453 et
829 3393 947 3454 inserto
964 3391 1068 3454 baberi
1083 3392 1239 3468 volumus,
1257 3393 1302 3456 lu·

556 3489 620 3550 sius
632 3486 823 3551 continetur.
838 3487 1045 3562 domantem,
1057 3485 1136 3548 sicut
1152 3486 1182 3547 in
1195 3489 1301 3552 eadem

557 3581 751 3658 expositione
761 3580 899 3642 additum
910 3586 987 3654 erat,
998 3595 1054 3657 pro
1067 3580 1219 3643 dictarum
1235 3582 1303 3645 lite-

556 3688 662 3735 rarum
691 3671 873 3734 executione
900 3672 1049 3750 quaedam
1075 3673 1130 3734 tibi
1157 3676 1303 3737 obveniat

555 3765 717 3828 difficultas
737 3780 776 3826 ex
797 3779 845 3839 eu,
861 3766 943 3842 quod
962 3765 995 3826 in
1011 3767 1179 3827 narratoria
1193 3782 1303 3830 earum

556 3865 642 3938 parte
663 3857 834 3935 expositiva
848 3857 1101 3935 praetermissum
1116 3860 1302 3937 reperiatur,

555 3951 626 4014 dicti
648 3950 863 4012 conventualis
883 3949 1042 4012 seminarii
1062 3950 1101 4012 dc
1120 3951 1302 4014 Mezzaolrio

555 4049 678 4119 statuta,
693 4035 765 4105 licet
780 4042 825 4104 bis
839 4042 971 4117 condita,
987 4059 1043 4104 suo
1063 4049 1167 4106 tamen
1191 4045 1302 4109 ellectu

556 4137 688 4198 caruisse
698 4135 972 4198 etadbuclortasse
982 4139 1220 4216 carcre,quippe
1230 4139 1302 4217 quia

556 4227 915 4306 auetoritateapostolica
928 4227 1058 4290 minime
1070 4245 1219 4307 umquam
1234 4247 1302 4295 mu-

556 4323 621 4386 nita
642 4323 751 4398 lucre;
774 4336 908 4399 cumque
928 4322 1049 4385 accedat
1070 4330 1227 4400 praeterea
1249 4341 1302 4386 no·

557 4416 649 4480 tabile
670 4415 835 4478 discrimen
850 4421 881 4475 et
896 4415 1039 4488 varietas,
1054 4430 1132 4492 quae
1148 4417 1230 4478 inter
1245 4419 1301 4480 bu-

556 4509 688 4572 iusmodi
702 4514 816 4570 statuta
830 4524 864 4568 ac
878 4505 934 4568 alia
949 4507 1021 4570 dicti
1036 4507 1195 4571 seminarii
1207 4511 1300 4574 Bran-

555 4601 717 4665 cauuensis
737 4606 850 4662 statuta
879 4599 1062 4675 intercedit,
1084 4616 1183 4679 eoque
1205 4604 1301 4681 magis

556 4696 636 4775 quod
656 4693 730 4756 huie
749 4692 916 4753 seminario
936 4706 993 4768 per
1014 4691 1064 4754 iel.
1077 4709 1138 4755 rec.
1158 4695 1301 4758 Clemen-

556 4795 619 4850 tem
642 4787 698 4848 PP.
722 4786 773 4850 Xl.
799 4787 1062 4863 praedecessorem
1084 4794 1227 4850 nostrum
1249 4805 1301 4850 au·

554 4880 697 4944 ctoritate
712 4879 872 4957 apostoliea
886 4885 1032 4942 extensae
1047 4885 1077 4940 et
1092 4884 1301 4945 communica·

555 4981 604 5037 tae
625 4973 748 5036 luerent
769 4971 884 5049 gratiae
904 4978 935 5033 et
956 4973 1131 5051 privilegia,
1154 4991 1233 5052 quae
1253 4993 1301 5037 re·

555 5065 703 5130 colendae
727 5065 896 5127 memoriae
922 5065 1123 5128 innocentius
1146 5067 1223 5146 Papa
1245 5069 1297 5132 ill.

555 5160 769 5238 praedecessor
790 5159 898 5222 itidem
923 5164 1030 5220 noster
1050 5173 1106 5235 pro
1127 5161 1301 5223 seminariis

555 5253 733 5317 huiusmodi
746 5252 886 5330 Hispanis
896 5265 951 5328 per
961 5267 1031 5314 suas
1046 5252 1078 5313 iu
1093 5251 1187 5312 simili
1202 5252 1300 5315 lorma

555 5347 659 5410 brevis
679 5345 729 5409 die
749 5360 814 5406 xvi.
839 5345 972 5406 octobris
995 5359 1193 5406 noctxxxvr.
1217 5347 1301 5408 datas

555 5441 659 5502 literas
681 5438 862 5513 indulserat,
885 5436 997 5499 idcirco
1018 5436 1090 5498 dicti
1112 5438 1299 5512 guardianus

556 5539 587 5594 et
609 5531 717 5593 iratres
739 5545 805 5592 rem
821 5545 948 5592 omnem
964 5528 1087 5605 melius,
1103 5546 1195 5608 quam
1211 5538 1300 5593 autea

555 5626 740 5702 aperientes,
758 5623 846 5684 nobis
867 5621 1029 5685 humiliter
1044 5623 1208 5702 supplicari
1222 5623 1301 5687 iece-

555 5724 642 5792 runt,
656 5725 690 5778 ut
702 5717 733 5777 in
749 5715 923 5792 praemissis
934 5723 1109 5794 opportune
1124 5715 1298 5793 providere,

555 5818 598 5885 et,
614 5818 650 5872 ut
664 5808 755 5885 inira,
772 5807 936 5884 indulgere
958 5809 996 5870 de
1017 5808 1209 5884 benignitate
1230 5825 1301 5888 apo·

554 5904 658 5971 stolica
680 5903 892 5980 dignaremur.

1356 878 1517 956 quibusvis
1538 881 1868 944 excommunicationis
1886 889 1917 944 et
1932 881 2105 953 interdicti,

1357 971 1486 1050 aliisque
1512 973 1725 1036 ecclesiasticis
1753 974 1908 1050 censuris,
1941 973 2106 1036 sententiis

1358 1072 1389 1125 et
1410 1067 1517 1143 poeuis
1538 1067 1649 1144 quovis
1678 1067 1768 1130 modo
1790 1074 1822 1130 et
1843 1082 2041 1146 quacumque
2069 1067 2106 1129 de

1357 1173 1446 1219 causa
1464 1157 1545 1234 latis,
1567 1159 1592 1220 si
1608 1176 1683 1238 quas
1698 1158 1777 1223 lortc
1791 1160 1995 1234 incurrerint,
2012 1160 2106 1222 buius

1358 1256 1481 1312 tantum
1503 1253 1547 1312 rel
1570 1253 1666 1328 gratia
1688 1251 1884 1315 absolventes
1898 1259 1929 1314 et
1949 1251 2103 1314 absolutos

1358 1341 1424 1404 lore
1445 1353 1617 1420 censentes,
1634 1346 1909 1424 supplicationibus
1924 1345 2103 1410 huiusmodi

1359 1435 1516 1510 inclinati,
1549 1437 1671 1517 praevia
1697 1439 1856 1501 sanatione
1882 1439 2107 1517 cuiuscumque

1359 1527 1497 1592 delectus
1519 1529 1552 1590 in
1573 1528 1662 1592 dictis
1684 1529 1797 1593 nostris
1819 1528 1917 1592 literis
1938 1531 2108 1594 obvenien-

1360 1627 1405 1681 tes
1425 1635 1463 1682 ex
1486 1623 1665 1685 memoratis
1693 1624 1802 1699 causis,
1829 1623 2014 1686 fraternitati
2037 1629 2108 1686 tuae

1359 1728 1414 1792 per
1429 1721 1604 1792 praesentes
1624 1717 1852 1779 committimus
1866 1723 1898 1779 et
1912 1717 2105 1790 mandamus,

1359 1815 1394 1870 ut
1414 1808 1495 1870 dicto
1515 1809 1685 1873 seminario
1695 1811 1896 1872 conventuali
1917 1811 1954 1874 de
1969 1811 2106 1873 Mazaeo·

1358 1898 1417 1962 frio
1433 1902 1516 1978 leges
1532 1911 1563 1966 et
1577 1911 1689 1966 statuta
1703 1904 1831 1966 alterius
1844 1905 2005 1967 seminarii
2018 1921 2108 1982 prae·

1359 1995 1432 2057 dicti
1453 1996 1711 2072 Brancauuensis,
1734 2013 1804 2059 curn
1827 1999 1973 2060 omuibus
1993 2006 2024 2060 et
2042 1999 2105 2060 siu·

1359 2088 1439 2164 gulis
1448 2088 1632 2166 privilegiis,
1645 2088 1843 2153 facultatibus
1854 2097 1885 2152 et
1896 2091 2013 2166 gratiis,
2024 2107 2108 2152 com·

1359 2182 1521 2258 prehensis
1542 2182 1633 2244 etiam
1656 2181 1935 2246 modificationibus
1956 2199 2011 2262 per
2026 2185 2106 2247 (lon-

1359 2275 1572 2352 gregationem
1584 2291 1679 2336 vene.
1690 2275 1822 2338 iratrum
1834 2283 2017 2341 nostrorum
2032 2276 2106 2340 Sau-

1358 2375 1424 2430 ctae
1445 2369 1601 2431 Romanae
1624 2368 1776 2432 Ecclesiae
1797 2370 2010 2434 cardinalium
2034 2371 2106 2432 Pro-

1358 2463 1514 2539 pagandae
1534 2461 1620 2523 Fidei
1642 2463 1888 2540 praepositorum
1917 2464 1949 2526 in
1972 2463 2106 2542 capitulo

1360 2553 1497 2629 generali
1518 2552 1568 2615 die
1589 2570 1653 2616 xvv.
1677 2556 1857 2617 novembris
1878 2571 2103 2618 uucxxxxvxn.

1359 2645 1459 2723 editis,
1476 2647 1658 2708 auctoritate
1673 2655 1778 2710 nostra
1799 2649 1960 2725 apostolica
1982 2649 2013 2712 in
2035 2665 2107 2728 per-

1359 2746 1489 2816 petuum
1504 2740 1733 2817 communices;
1750 2740 1884 2820 dictique
1895 2743 2054 2804 seminarii
2069 2745 2108 2806 de

1359 2831 1541 2893 Mezzaoirio
1568 2831 1704 2894 alumnis
1725 2849 1809 2896 nunc
1830 2843 1861 2896 ct
1887 2851 1943 2912 pro
1966 2841 2107 2914 tempore

1359 2925 1574 3000 existentibus,
1591 2933 1626 2989 ut
1640 2927 1772 3004 singulis
1795 2927 1978 3005 privilegiis,
1994 2928 2107 2990 laveri-

1360 3018 1416 3080 bus
1437 3027 1469 3080 et
1490 3020 1595 3096 gratiis
1616 3019 1653 3080 ab
1673 3023 1730 3082 bac
1747 3021 1777 3084 S.
1795 3020 1873 3083 Sede
1894 3036 1950 3098 pro
1971 3023 2107 3085 alumnis

1360 3111 1604 3173 Brancauuensis
1618 3113 1778 3176 seminarii
1792 3121 1963 3192 utcumque
1983 3130 2107 3177 conces-

1358 3204 1410 3278 sis,
1433 3203 1562 3282 aliisque
1587 3204 1730 3278 indultis,
1760 3206 1873 3283 quibus
1893 3206 1926 3267 bi
1954 3206 2107 3271 Brancau-

1360 3312 1471 3358 nenses
1491 3295 1611 3359 alumni
1640 3299 1872 3376 quomodolibet
1902 3300 2054 3362 truantur
2075 3309 2107 3363 et

1360 3387 1505 3466 gaudent,
1527 3391 1593 3467 pari
1614 3392 1705 3454 modo
1725 3399 1757 3453 et
1777 3407 1874 3470 aeque
1895 3391 2108 3472 principaliter

1359 3483 1421 3544 lrui
1442 3491 1473 3546 et
1494 3482 1628 3560 gaudere
1653 3483 1749 3546 libere
1772 3491 1802 3546 et
1829 3482 1913 3546 licite
1937 3486 2053 3564 possint
2076 3495 2108 3549 et

1360 3577 1494 3651 valeant,
1524 3585 1645 3640 servata
1665 3576 1697 3639 in
1719 3577 1848 3656 reliquis
1876 3579 2030 3644 dictarum
2051 3597 2106 3643 no·

1358 3679 1494 3734 strarum
1515 3678 1546 3733 et
1575 3669 1747 3734 innocentii
1769 3673 2013 3748 praedecessoris
2041 3691 2107 3738 me-

1360 3773 1551 3827 moratarum
1562 3763 1725 3826 literarum
1736 3765 1834 3827 lorma
1849 3775 1881 3828 et
1894 3765 2105 3845 dispositione,

1359 3857 1467 3920 eadem
1488 3857 1670 3920 auctoritate
1691 3858 1837 3922 concedas
1859 3867 1891 3920 et
1912 3861 2084 3940 indulgeas.

1399 3955 1418 4029 ἓ
1440 3951 1468 4012 3.
1494 3950 1703 4012 Decernentes
1718 3952 1795 4029 ipsas
1811 3961 1988 4028 praesentes
2003 3955 2107 4018 literas
2145 3975 2261 4021 clausura
2272 3976 2320 4020 suo

1359 4048 1475 4121 lirmas,
1497 4045 1613 4108 validas
1630 4051 1660 4106 et
1675 4045 1811 4108 ellrcaces
1832 4047 1966 4110 existere
1980 4065 2013 4111 ac
2028 4049 2104 4128 lore,
2124 4027 2180 4130 {3¹ss
2196 4030 2320 4130 stiffi?

1359 4153 1492 4216 suosque
1513 4137 1711 4216 plenarioset
1734 4139 1872 4216 integros
1893 4141 2022 4205 ellectus
2041 4159 2107 4206 sor-

1360 4231 1411 4294 tiri
1433 4239 1465 4293 et
1486 4231 1641 4305 obtinere,
1664 4247 1697 4294 ac
1718 4233 1767 4307 iis,
1790 4236 1825 4296 ad
1847 4251 1924 4312 quos
1938 4243 2054 4314 spectat
2075 4244 2106 4300 et

1359 4340 1414 4404 pro
1443 4333 1586 4402 tempore
1608 4327 1867 4406 quandocumque
1890 4330 2051 4406 spectabit,
2074 4331 2106 4392 in

1359 4417 1502 4478 omnibns
1524 4424 1555 4478 et
1576 4433 1632 4496 per
1660 4419 1764 4480 omnia
1793 4419 1974 4497 plenissime
1998 4422 2105 4484 sullra·

1359 4511 1436 4587 gari,
1459 4517 1489 4571 et
1509 4510 1547 4571 ab
1568 4511 1611 4572 eis
1626 4511 2031 4588 respectiveinviolabiliter
2052 4516 2106 4578 ob-

1357 4604 1495 4679 servari;
1517 4603 1621 4680 sicque
1636 4603 1668 4664 in
1683 4604 1857 4680 praemissis
1871 4621 1927 4683 per
1941 4623 2107 4684 quoscum·

1359 4711 1418 4772 que
1434 4695 1548 4758 iudices
1571 4695 1743 4758 ordinarios
1757 4704 1789 4759 et
1809 4696 1980 4774 delegatos,
2011 4701 2105 4763 etiam

1359 4803 1519 4856 causarum
1548 4788 1648 4867 palatii
1682 4790 1781 4851 nostri
1804 4790 1961 4869 apostolici
1988 4792 2105 4856 audito·

1358 4897 1419 4957 res,
1435 4898 1468 4942 ac
1490 4882 1618 4945 Sanctae
1632 4882 1786 4944 Romanae
1798 4883 1950 4946 Ecclesiae
1960 4884 2104 4948 Cardine·

1358 4973 1402 5035 les
1417 4974 1511 5035 etiam
1522 4973 1559 5035 de
1571 4973 1665 5036 latere
1680 4973 1822 5051 Legatos,
1835 4983 1866 5038 et
1878 4975 1908 5039 S.
1921 4975 2007 5040 Sedis
2018 4975 2107 5040 Nun·

1358 5068 1431 5141 cios,
1453 5067 1571 5130 sublata
1592 5066 1635 5130 cis
1662 5075 1693 5130 et
1715 5084 1825 5132 eorum
1846 5070 1974 5132 cuilibet
1996 5072 2106 5149 quavis

1357 5159 1446 5222 aliter
1473 5161 1628 5222 iudicandi
1650 5167 1680 5222 et
1704 5161 1930 5239 interpretandi
1959 5162 2105 5226 lacultate

1358 5261 1388 5314 et
1409 5253 1600 5328 auctoritate,
1623 5253 1751 5316 iudicari
1773 5260 1804 5316 et
1828 5253 1951 5316 deliniri
1977 5255 2102 5332 debere,

1357 5363 1391 5408 ac
1414 5346 1540 5408 irritum
1560 5353 1593 5407 et
1613 5346 1717 5420 inane,
1742 5347 1768 5407 si
1792 5363 1880 5422 secus
1903 5363 1996 5426 super
2019 5349 2105 5412 bisa

1357 5453 1512 5518 quoquam
1540 5439 1646 5516 quavis
1676 5440 1857 5502 auctoritate
1887 5439 2023 5504 scienter
2054 5441 2105 5504 vel

1357 5532 1538 5608 ignoranter
1558 5531 1724 5608 contigerit
1744 5532 1901 5596 attentari.
2139 5523 2145 5532 '

1397 5626 1416 5700 ὃ
1438 5625 1466 5686 d.
1491 5625 1557 5688 Non
1579 5625 2058 5690 obstantibusconstitutionibus
2073 5635 2105 5690 et
2135 5659 2315 5716 „pompm
2356 5674 2358 5678 .

1357 5719 1603 5782 ordinationibus
1624 5717 1805 5796 apostolicis,
1835 5735 1892 5782 nec
1921 5736 1983 5784 non
2008 5721 2104 5784 dictu·
2122 5714 2260 5761 citriorum,

1356 5827 1428 5873 rum
1449 5811 1692 5873 seminariorum
1716 5817 1746 5872 et
1767 5813 1884 5874 ordinis
1908 5813 2001 5875 etiam
2024 5813 2105 5876 iura·

1357 5912 1476 5981 mento,
1498 5905 1736 5968 coullrmatione
1756 5904 1936 5983 apostolica,
1958 5905 2010 5968 vel
2030 5923 2105 5988 qua·
