4856 7010
105 523 157 574 An.
175 525 204 575 G.
227 521 296 576 1830

983 546 1053 596 atus
1076 545 1124 590 l'P.
1150 546 1219 592 vttt.

365 667 475 729 Datum
505 667 630 742 Romae,
660 668 737 746 apud
767 665 798 731 S.
827 667 950 729 Mariam
979 666 1071 730 bloio-

326 775 404 834 rem,
420 760 479 822 sub
499 760 616 822 annttlo
637 761 811 834 Piscatoris,
833 760 883 822 die
909 775 959 820 xv.
991 759 1070 821 iunii

326 869 525 929 abacorum,
541 855 739 931 pontificatus
754 853 851 916 nostri
864 869 947 916 anno
960 871 994 915 u.
1012 851 1067 935 (l).

570 1016 677 1022 -..---.
686 1015 833 1022 ----—--—=

657 1137 736 1201 Xlll.
783 1149 788 1164 ⁹

326 1323 401 1384 Post
419 1322 527 1399 plores
542 1324 723 1386 vocationis
737 1339 839 1385 enatos
855 1322 946 1402 elipit
962 1319 1071 1382 Potri-

364 1415 495 1477 nrehom
512 1415 759 1492 Babyloniensem
777 1415 1009 1480 Chaldaeorum
1025 1414 1070 1476 lo·

365 1525 479 1570 ennom
502 1509 636 1572 llorntee
658 1509 939 1588 archiepiscopum
967 1509 1072 1570 Mesor-

367 1602 493 1673 lcnsem,
510 1619 581 1664 cont
595 1602 716 1664 solvens
732 1621 751 1664 o
766 1601 895 1664 vineole
911 1600 1071 1662 Ecclesiae

366 1694 563 1767 Mesolcnsic,
592 1696 679 1774 eique
705 1697 866 1774 imponens
889 1698 1071 1756 consuetum

363 1790 436 1872 fidei
456 1791 682 1870 professionem
704 1797 733 1852 ct
756 1790 977 1851 iuramentum
1000 1787 1072 1868 fide·
1099 1830 1101 1851 .

366 1883 485 1946 litatio.

326 2064 497 2135 Venerabili
529 2066 617 2134 tratri
641 2065 740 2134 loanni
770 2065 897 2134 Hormez
919 2065 1072 2147 drehiepi·
1099 2058 1102 2157 l

366 2177 461 2246 scopo
484 2159 650 2228 blosulenei
671 2163 698 2227 ln
715 2158 921 2226 patriarcham
945 2158 1072 2241 Babylo·
1099 2162 1102 2217 t

367 2270 492 2323 neneem
515 2254 734 2323 chaldaeorum
756 2253 865 2334 electo,
1100 2221 1102 2321 l

536 2426 623 2495 Pltls
645 2425 862 2495 eetscoeus

510 2592 618 2644 sertus
641 2592 795 2644 serrorum
818 2576 882 2656 Dei,

541 2723 727 2792 Venerabilis
749 2724 859 2803 trater,
1100 2660 1102 2776 1

361 2819 489 2887 salutem
512 2824 543 2886 et
564 2819 759 2902 apostolicam
787 2818 1036 2887 benedictionem.
1100 2808 1103 2957 ἱ

367 3011 385 3086 ᾖ
410 3013 437 3072 l.
461 3011 541 3072 llum
563 3009 774 3073 Patriarcltalis
796 3007 928 3073 Ecclesia
944 3006 1073 3086 Rabylo-

329 3103 432 3165 nensis
455 3102 689 3178 Chaldaeorum,
712 3103 760 3166 cui
783 3103 832 3164 bo.
850 3118 911 3163 me.
929 3101 1073 3178 Iosephus

328 3196 543 3260 denominatus
555 3195 628 3270 ttl.,
646 3195 775 3258 ultimus
792 3195 873 3257 illius
889 3195 1072 3269 Patriareha,

328 3293 403 3354 dum
424 3289 564 3365 viveret,
574 3289 774 3366 praesidebat,
791 3304 845 3366 per
867 3288 985 3349 obitum
1001 3287 1072 3348 dicti

327 3384 448 3462 losephi
469 3384 673 3456 Patriarchae,
697 3383 749 3459 otti
777 3382 917 3460 pluribus
943 3379 1074 3442 abhinc

328 3479 418 3539 annis
440 3486 525 3538 extra
541 3475 707 3536 Romanam
727 3475 852 3537 Curiam
867 3474 1007 3536 debitum
1023 3489 1075 3534 na·

329 3579 416 3633 turae
445 3568 605 3648 persolvit,
629 3569 758 3646 pastoris
780 3567 887 3630 solatio
915 3566 1072 3642 destituta,

329 3674 422 3743 atquc
441 3663 480 3725 ob
504 3662 642 3724 locorum
665 3669 695 3722 el
718 3667 895 3738 temporum
922 3659 1074 3722 vicissitu-

329 3759 427 3832 dines,
450 3765 480 3818 et
502 3755 540 3816 ob
562 3754 664 3832 gravia
686 3752 843 3831 simulque
872 3755 1018 3815 diuturna
1040 3753 1073 3814 iu
1101 3760 1103 3797 ²

329 3849 363 3910 ed
383 3847 508 3910 natione
529 3847 658 3908 excitate
680 3845 812 3921 dissidia,
836 3846 929 3909 Sedes
952 3844 1001 3906 illa
1023 3845 1074 3906 Pa·

329 3939 498 4004 triarchalis
513 3939 573 4002 huc
588 3954 686 4016 usque
702 3939 873 4014 vacaverim
896 3945 927 4000 et
948 3937 998 4000 lel.
1010 3953 1072 4000 rec.

331 4034 391 4096 Leo
414 4033 468 4094 PP.
493 4031 558 4095 llll.
583 4033 794 4110 praedecessor
820 4037 926 4092 noster
947 4031 982 4092 ed
1005 4029 1075 4092 reli-
1101 4073 1104 4101 ,

330 4127 430 4204 gionis
453 4127 570 4188 bonum
591 4124 668 4203 apud
692 4123 756 4185 illas
779 4132 886 4200 gentes
908 4138 1075 4202 procuran-

329 4221 417 4295 dum,
440 4235 477 4281 ett
492 4227 564 4280 voto
581 4216 837 4294 Congregationis
858 4216 888 4282 S.
900 4216 935 4278 tt.
947 4215 982 4278 E.
1004 4215 1076 4278 Car-

330 4312 480 4376 dinalium
496 4311 629 4387 negotiis
644 4310 681 4371 de
691 4310 887 4388 Propagandi
902 4308 975 4372 Fide
991 4325 1074 4388 prae·

330 4405 512 4484 positorum,
535 4412 601 4482 post
622 4411 777 4464 maturam
794 4405 847 4466 hac
868 4418 962 4482 super
976 4418 1011 4464 re
1025 4403 1075 4465 de·
1102 4393 1104 4449 ἰ

1129 675 1213 728 tuam
1236 666 1359 730 illarum
1381 666 1509 744 largitor
1525 667 1701 730 ditissimus
1722 665 1871 743 multipli-

1128 761 1205 823 citer
1225 760 1399 838 insignivit,
1423 768 1453 822 et
1475 759 1662 838 gravissimis
1687 760 1873 822 testimoniis

1129 855 1268 932 acceptis,
1293 863 1322 916 te
1343 854 1588 934 probatissimam
1615 856 1697 916 vitae
1718 854 1871 916 rationem

1128 963 1231 1024 agere,
1248 955 1279 1010 et
1299 947 1488 1010 constantiae
1509 955 1691 1024 argumenta
1714 948 1871 1024 praebere,

1129 1049 1158 1102 te
1180 1049 1330 1120 perpetuo
1357 1042 1439 1103 iuxta
1469 1047 1659 1104 nostramet
1687 1040 1773 1105 Sedis
1796 1043 1872 1119 Apo·

1128 1134 1252 1196 stolicae
1280 1135 1525 1212 expectationem
1547 1149 1612 1196 esse
1637 1141 1809 1210 gesturum,
1833 1135 1872 1194 ita

1129 1237 1164 1290 nt
1193 1228 1363 1304 thaedictae
1391 1227 1583 1304 patriarchali
1609 1226 1752 1290 ecciesiae
1778 1227 1873 1302 Baby·

1128 1320 1249 1383 lonensi
1271 1319 1492 1385 Chaldaeorum
1524 1321 1644 1399 praedici
1667 1320 1780 1396 dignus
1803 1336 1873 1382 cen-

1128 1417 1232 1488 searis,
1244 1413 1355 1476 tlictam
1369 1414 1601 1491 patriarchalem
1616 1413 1773 1474 ecclesiam
1786 1413 1873 1486 scies,

1129 1508 1213 1569 voles
1228 1513 1258 1568 et
1275 1506 1399 1584 pictoris,
1416 1513 1539 1568 auctore
1554 1507 1696 1580 Domino,
1711 1505 1875 1568 salubriter

1129 1616 1240 1676 regere
1268 1607 1298 1662 et
1326 1599 1459 1662 lelioiter
1490 1599 1675 1676 gubernare,
1704 1599 1874 1662 direximus

1128 1695 1233 1756 oculos
1255 1703 1377 1756 nostrae
1398 1694 1523 1754 mentis.

1167 1788 1186 1862 ἓ
1207 1787 1237 1848 9.
1261 1787 1460 1848 intendentes
1482 1787 1577 1862 igitur
1593 1793 1651 1846 tam
1669 1784 1767 1848 dictae
1781 1787 1874 1864 patri-

1129 1880 1242 1942 archali
1257 1878 1412 1951 ecclesiae,
1429 1894 1523 1956 quam
1537 1879 1604 1942 eius
1619 1878 1706 1955 gregi
1721 1879 1875 1941 dominico

1128 1973 1295 2035 salubriter
1327 1970 1509 2049 providere,
1545 1979 1637 2049 teque
1668 1989 1682 2030 a
1716 1973 1874 2050 qttihusvis

1129 2065 1339 2142 suspensionis
1354 2064 1461 2127 elaad
1477 2065 1533 2128 hoo
1548 2065 1716 2140 dumtaxat,
1730 2073 1764 2129 ut
1778 2076 1875 2129 trans-

1130 2159 1212 2233 latio,
1234 2159 1370 2238 provisio
1389 2168 1419 2221 et
1435 2157 1598 2236 praelectio
1619 2175 1674 2238 per
1695 2176 1750 2221 nos
1773 2168 1806 2223 nt
1828 2162 1875 2222 in·

1131 2250 1175 2314 lra
1197 2252 1344 2327 iacienda,
1366 2259 1606 2330 praesentesque
1624 2261 1746 2314 nostrae
1768 2253 1876 2316 literae

1129 2363 1221 2408 suum
1244 2346 1383 2408 olebitum
1404 2346 1575 2408 sortiantur
1589 2345 1745 2422 ellectum,
1762 2347 1873 2409 harum

1129 2442 1209 2503 serie
1238 2440 1432 2502 absolventes
1462 2448 1493 2500 ot
1517 2439 1692 2502 absolutum
1714 2440 1782 2503 lore
1804 2458 1875 2504 ceu-

1130 2541 1244 2608 sentes,
1278 2533 1360 2595 iuxta
1392 2532 1550 2594 decretum
1581 2551 1595 2593 a
1625 2535 1875 2611 congregatione

1130 2628 1313 2690 eorumdem
1331 2623 1462 2687 fratrum
1479 2633 1657 2688 nostrorum
1673 2627 1802 2690 Sanctae
1819 2628 1875 2688 lto·

1131 2735 1239 2782 manac
1266 2718 1417 2781 Ecclesiae
1442 2718 1649 2781 cardinalium
1678 2720 1811 2795 negotiis
1839 2724 1876 2782 do

1131 2812 1326 2890 Propagandi
1353 2813 1426 2886 Fide
1454 2811 1602 2890 praedicti
1631 2809 1874 2891 praepositorum

1129 2914 1307 2968 emanatum
1329 2914 1360 2968 et
1381 2922 1434 2984 per
1448 2921 1504 2967 nos
1520 2907 1733 2984 approbatum,
1751 2914 1793 2981 te,
1807 2906 1876 2969 licet

1129 3001 1300 3074 absentem,
1329 3015 1344 3060 a
1371 2999 1507 3073 vinculo,
1538 3016 1599 3078 quo
1629 2999 1876 3086 archiepiscopali

1130 3094 1273 3157 ecclesiae
1294 3091 1470 3166 liconiensi,
1488 3093 1535 3154 cui
1558 3093 1717 3166 hactenus,
1736 3102 1769 3155 ut
1791 3108 1875 3169 prac-

1131 3188 1240 3261 lertur,
1263 3184 1433 3264 praeluisti,
1452 3185 1616 3259 tenebaris,
1629 3186 1666 3246 de
1681 3185 1811 3248 lretrnm
1827 3202 1877 3248 eo-

1131 3283 1272 3343 rumdem
1302 3279 1430 3342 consilio
1452 3288 1483 3341 et
1512 3277 1692 3356 apostolicae
1719 3281 1877 3358 potestatis

1130 3375 1325 3454 plenitudine
1335 3373 1541 3446 absolventes,
1552 3375 1587 3434 ad
1599 3372 1737 3434 eamdem
1751 3374 1876 3452 patriar·

1130 3467 1250 3530 chalem
1271 3467 1429 3529 ecclesiam
1448 3466 1691 3544 babylonensem
1714 3465 1876 3530 Chaldaeo·

1130 3577 1202 3624 rum
1224 3565 1261 3624 de
1290 3560 1418 3623 consilio
1447 3569 1478 3621 et
1498 3559 1657 3637 potestatis
1682 3560 1877 3639 plenitudine

1130 3655 1282 3718 similibus
1293 3655 1399 3716 eidem
1411 3651 1573 3730 apostolici
1584 3653 1764 3714 auctoritate
1781 3661 1876 3714 trans-

1131 3745 1270 3824 ierimus,
1295 3756 1386 3827 teque
1416 3747 1462 3809 illi
1484 3748 1515 3808 in
1542 3747 1748 3810 Patriatcham
1768 3748 1877 3824 praeli-

1131 3844 1229 3906 cimus
1248 3851 1280 3904 et
1303 3848 1467 3920 pastorem,
1485 3855 1601 3915 curam,
1619 3841 1759 3916 regimen
1783 3849 1813 3903 et
1827 3844 1877 3905 ad-

1132 3935 1391 3998 ministrationem
1406 3935 1503 3996 dictae
1514 3932 1722 4010 patriarchalis
1734 3933 1877 3998 eeclesiae

1130 4030 1187 4092 tibi
1208 4029 1240 4090 in
1255 4027 1467 4106 spiritualibus
1481 4035 1513 4088 et
1529 4027 1752 4104 temporalibus
1773 4029 1878 4107 plena·
1934 4083 1945 4098 ,

1131 4123 1176 4186 rie
1190 4122 1426 4194 committendo,
1437 4120 1630 4200 liberamque
1645 4121 1700 4183 tibi
1715 4124 1750 4184 ad
1765 4125 1877 4185 dictem

1131 4214 1365 4296 patriarchalem
1395 4213 1555 4276 ecclesiam
1581 4215 1762 4279 transeundi
1784 4216 1879 4278 licen·

1131 4309 1205 4370 tiam
1228 4307 1412 4371 tribuendo:
1435 4307 1468 4368 iu
1491 4305 1555 4381 illo,
1576 4306 1629 4385 qui
1651 4306 1701 4370 dat
1722 4309 1832 4385 gratias
1847 4320 1878 4372 et

1131 4403 1263 4479 largitur
1290 4401 1426 4481 praemia
1454 4399 1664 4478 confidentes,
1689 4403 1784 4480 quod,
1806 4404 1879 4466 diri·

1795 529 1851 592 727
1904 529 1956 579 dn.
1971 528 2001 580 (l.
2022 527 2091 580 1830

330 4497 544 4561 liberationem
570 4496 682 4560 Sedem
702 4495 938 4558 Patriarcbalent
959 4495 1075 4575 praedi·
1131 4503 1224 4574 gente
1236 4495 1367 4558 Domino
1382 4503 1465 4556 actus
1480 4502 1561 4571 tuos,
1577 4495 1729 4572 praedicta
1750 4497 1876 4575 patriar·

331 4601 410 4654 ctam
423 4588 1074 4667 denovoPetriarchdpt·oviderestatueril;
1132 4589 1225 4652 chelis
1247 4589 1373 4651 ecclesia
1393 4587 1452 4650 sub
1473 4594 1528 4649 tuo
1556 4587 1638 4650 lelici
1659 4590 1811 4665 gubernio
1831 4608 1878 4654 re·

331 4686 384 4763 qui
396 4694 496 4746 morte
507 4690 677 4761 proventus
689 4681 718 4744 id
729 4682 840 4758 exequi
852 4698 914 4743 non
925 4681 1074 4760 potuerim
1102 4730 1104 4755 ,
1132 4689 1222 4760 getur
1237 4683 1356 4746 utiliter
1367 4689 1396 4744 et
1412 4695 1557 4760 prospere
1568 4683 1730 4760 dirigetur,
1746 4700 1779 4748 ac
1794 4693 1878 4762 grata

331 4793 390 4840 nos
411 4779 447 4840 ad
469 4775 679 4856 provisionem
703 4774 842 4836 eiusdem
864 4775 1075 4853 patriarchalis
1102 4768 1105 4908 J
1131 4776 1164 4839 in
1179 4777 1295 4838 eisdem
1309 4775 1520 4855 spiritualibus
1535 4782 1565 4836 et
1582 4777 1799 4857 temporalibus
1813 4796 1878 4841 sus·

331 4871 476 4934 ecclesiae
490 4871 626 4948 paternis
646 4877 678 4930 et
693 4866 820 4930 solicitis
841 4867 950 4929 studiis
973 4871 1075 4930 inten-
1132 4871 1223 4949 cipiet
1244 4871 1448 4932 incrementa.

330 4967 450 5038 dentes,
468 4969 533 5041 post
548 4961 814 5062 deliberationem,
831 4977 923 5040 quem
938 4961 976 5023 de
991 4979 1075 5041 prae·
1171 4965 1190 5040 5
1210 4967 1239 5025 3.
1262 4964 1408 5039 Quocirca
1430 4963 1614 5026 fraternitati
1643 4971 1713 5028 tuae
1734 4979 1788 5044 per
1809 4981 1879 5046 apo·

331 5058 464 5121 lioioudo
495 5055 593 5118 eidem
623 5055 816 5133 patriarchali
845 5055 987 5117 ecclesiae
1008 5073 1076 5136 per-
1102 5082 1104 5097 ·
1130 5056 1359 5136 stolicescripta
1376 5057 1877 5136 mandamus,quateuusadeam·

329 5167 437 5215 sonam
459 5150 571 5211 utilem
592 5165 626 5211 ac
646 5147 834 5211 lructuosam
859 5163 933 5211 cum
960 5151 1074 5211 eisdem
1131 5149 1202 5211 dem
1234 5149 1467 5228 patriarchalem
1496 5149 1655 5212 ecclesiam
1683 5167 1753 5214 cunt
1784 5153 1877 5228 gratii

331 5243 476 5305 tratribus
498 5244 610 5305 nostris
632 5243 663 5306 S.
680 5241 715 5303 tt.
731 5240 766 5303 tt.
790 5241 1003 5304 Cardiualibus
1024 5242 1075 5302 ha·
1131 5253 1253 5305 nostrae
1278 5241 1503 5317 benedictionis
1529 5243 1690 5320 accedens,
1720 5260 1824 5307 curant
1847 5252 1878 5306 et

331 5338 455 5400 hulmus
477 5335 672 5412 diligentem,
696 5335 823 5396 demunt
840 5335 875 5395 ad
898 5341 929 5396 te
950 5335 1075 5397 Archia·
1131 5336 1431 5398 administrationem
1462 5337 1631 5415 praedictas
1661 5339 1704 5400 sic
1733 5355 1878 5400 exercere

331 5431 491 5510 piscopum
512 5428 736 5503 blosulensem,
762 5427 960 5491 consideratis
985 5443 1076 5504 gran·
1131 5430 1253 5491 studeas
1267 5429 1396 5504 solicite,
1410 5431 1541 5493 fideliter
1555 5447 1589 5494 ac
1603 5431 1785 5510 prudenter,
1797 5434 1877 5511 quod

331 5526 418 5587 dium
439 5523 594 5586 virtutum
623 5522 753 5596 meritis,
778 5520 889 5599 quihus
911 5536 1075 5600 personam
1132 5522 1245 5584 exinde
1265 5523 1378 5601 sperati
1404 5521 1522 5585 tructus
1542 5523 1740 5602 provenient,
1756 5533 1786 5586 et
1809 5534 1878 5587 tuae

373 5790 401 5848 lt)
418 5791 471 5836 sub
485 5791 534 5836 boo
548 5801 637 5836 meuse
650 5790 693 5836 die
707 5801 770 5836 xxx.
787 5790 854 5835 iunii
869 5789 943 5836 adest
957 5790 997 5836 lit.
1014 5794 1078 5836 Pro·
1133 5791 1217 5848 ipsam
1232 5793 1421 5838 commemoret
1431 5793 1580 5838 conventus
1592 5791 1779 5850 opiscoporum
1791 5792 1878 5838 Herbi·

331 5862 394 5902 oleta
414 5863 549 5911 commeante
569 5859 602 5903 ad
621 5857 851 5915 archiepiscopum
872 5858 1075 5914 limburgensem
1132 5859 1246 5915 polensis
1261 5870 1303 5905 au.
1319 5869 1497 5906 atncccxuvnt.
1513 5859 1630 5916 babitus,
1641 5861 1708 5918 apud
1722 5865 1819 5907 corceat.
1832 5865 1877 5910 Ln-

332 5929 358 5970 et
373 5925 563 5981 suffraganeos,
573 5936 653 5983 qnam
664 5937 746 5982 usque
756 5925 842 5972 adhue
852 5936 903 5972 non
914 5925 1075 5982 invenimus3
1131 5937 1234 5972 censent
1248 5927 1295 5972 vol.
1312 5930 1349 5984 V,
1364 5939 1388 5984 p.
1402 5929 1449 5972 994.
