4750 6980
308 545 362 604 Aa.
376 549 407 606 (l.
428 550 496 606 1799

546 547 606 612 tls

525 684 748 759 iurisdictione,
770 691 921 762 potestate
942 693 972 746 et
989 683 1204 761 superioritate
1218 697 1270 742 ve-

525 776 712 839 nerabilium
742 776 873 840 fratrum
901 785 1080 840 nostrorum
1106 777 1269 838 moderno·

525 887 598 933 rum
619 878 649 932 et
676 886 732 947 pro
753 877 893 949 tempore
920 871 1121 934 existentium
1142 869 1268 931 iliarum

524 965 722 1028 ecclesiarum
750 967 918 1044 respective
944 965 1134 1044 praesulum,
1157 964 1268 1042 quibus

524 1060 615 1122 modo
628 1060 752 1122 subesse
766 1061 997 1138 dignoscantur,
1013 1061 1092 1122 dicta
1106 1056 1268 1136 apostolica

524 1153 704 1216 auctoritate
715 1162 863 1232 perpetuo
878 1153 1084 1231 disiungimus
1100 1159 1191 1230 atque
1206 1150 1268 1212 exi·

524 1247 653 1309 mimus:
676 1265 709 1311 66
723 1247 826 1310 166616
841 1245 1014 1326 Suprasliae
1028 1245 1220 1324 praedictum
1235 1245 1268 1306 in

524 1340 680 1402 civitatem
702 1340 901 1418 episcopalem
923 1357 978 1418 per
999 1355 1066 1414 nos,
1086 1347 1121 1401 ut
1135 1337 1268 1416 6166161-

524 1441 587 1508 161,
609 1441 760 1508 61661661,
783 1438 814 1494 61
835 1434 1058 1496 6166661611616
1079 1430 1267 1505 huiusmodi,

524 1541 581 1588 nec
596 1541 659 1588 nun
675 1531 858 1587 memoratas
873 1525 998 1588 illarum
1012 1526 1186 1588 dioecesum
1198 1538 1267 1601 por-

524 1619 635 1695 tiones,
657 1619 776 1698 oppida‚
800 1619 873 1694 loca,
897 1619 996 1707 villas,
1019 1618 1161 1680 ecclesias
1176 1624 1206 1680 et
1221 1633 1268 1679 re-

524 1711 645 1788 gulares
666 1714 774 1776 domus
795 1727 848 1773 seu
871 1711 1050 1774 residentiae
1078 1710 1266 1785 huiusmodi,

524 1817 559 1870 ut
579 1806 763 1884 praefertur,
783 1806 1032 1884 complectentes,
1049 1811 1079 1867 et
1101 1806 1133 1867 in
1154 1805 1268 1867 616111-

523 1900 606 1975 dem,
622 1907 657 1963 ut
671 1900 855 1978 6166161161,
867 1905 1029 1962 666166166
1044 1897 1207 1976 utriusque
1221 1914 1267 1960 se-

524 2009 580 2057 xus
602 1993 782 2056 habitatores
804 2001 835 2054 et
856 1993 970 2056 incolas
994 1999 1053 2055 tam
1070 1991 1159 2054 laicos
1174 2007 1267 2069 quam

521 2086 660 2161 61611666,
676 2093 706 2149 61
727 2087 922 2165 presbyteros
937 2088 1079 2164 superius
1094 2101 1264 2163 expressos,

521 2181 667 2257 praedicti
687 2181 957 2244 Graeco-Eutheni
980 2181 1060 2243 uniti
1074 2180 1153 2243 ritus
1168 2195 1267 2242 novae

521 2274 665 2336 ecclesiae
694 2273 856 2352 episcopali
887 2273 1090 2352 Suprasliensi
1121 2273 1266 2352 illiusque

521 2369 626 2430 iuturo
647 2367 779 2445 praesuli
797 2384 852 2446 pro
866 2370 929 2432 suis
944 2369 1077 2444 civitate,
1097 2369 1264 2444 territorio,

520 2463 662 2537 dioecesi,
685 2461 768 2524 clero
796 2472 827 2526 et
848 2464 973 2540 populo,
996 2463 1036 2524 ita
1065 2463 1148 2543 quud
1179 2461 1265 2524 liceat

520 2571 669 2633 personae
696 2556 841 2620 ecciesiae
868 2557 1029 2634 episcopali
1060 2555 1265 2634 Suprasliensi

520 2665 662 2728 perum,
686 2659 720 2714 ut
741 2650 925 2727 praelertur,
949 2659 1069 2713 erectae
1090 2656 1121 2712 61
1143 2649 1265 2712 1661116-

520 2751 568 2806 tae
588 2749 651 2805 tam
673 2760 689 2804 a
709 2744 863 2821 primaeva
885 2742 968 2806 iliius
989 2744 1146 2806 erectione
1167 2751 1197 2804 et
1219 2744 1264 2805 in-

518 2838 683 2901 stitutione
712 2838 902 2911 buiusmodi,
925 2853 1017 2917 quam
1043 2836 1188 2914 deinceps
1209 2853 1265 2914 pro

520 2937 659 3009 tempure
678 2931 909 3011 quomodolibet
936 2931 1065 3009 pastoris
1086 2930 1192 2992 solatia
1214 2931 1265 2992 de-

518 3026 643 3088 stitutae
665 3025 697 3087 iu
720 3025 906 3102 Episcopum
926 3025 1004 3088 dicta
1031 3024 1192 3102 apostolica
1213 3039 1265 3084 au·

463 3102 469 3125 ⁸
519 3120 661 3182 ctoritate
676 3119 899 3196 praeficiendae
915 3133 970 3196 per
984 3135 1017 3180 se
1036 3118 1085 3180 vel
1101 3117 1197 3180 alium
1211 3133 1265 3180 seu

519 3211 593 3273 alios
614 3211 682 3275 eius
707 3211 848 3290 nomine,
873 3227 991 3287 veram,
1014 3211 1141 3288 realem,
1164 3217 1264 3274 actua-

519 3305 583 3366 lem
603 3311 634 3366 et
653 3305 842 3382 corporalem
858 3305 1092 3382 possessiouem,
1108 3321 1164 3368 seu
1178 3305 1264 3384 quasi

520 3397 681 3474 regiminis
714 3398 879 3476 spiritualis
914 3405 945 3460 et
981 3399 1152 3461 omnimodi
1188 3400 1264 3462 iuris

437 3473 449 3498 ”
519 3492 689 3554 dioecesani
712 3493 743 3554 in
766 3494 846 3556 dicto
868 3491 1041 3570 Suprasliae
1062 3492 1127 3554 loco
1149 3500 1179 3556 et
1201 3509 1265 3555 mo·

519 3585 663 3662 nasterio,
686 3586 909 3665 praedictisque
929 3585 1058 3664 oppidis,
1076 3585 1148 3648 locis
1163 3592 1193 3648 et
1208 3585 1264 3647 vil-

518 3679 555 3740 lis
575 3679 619 3741 sic
639 3693 695 3756 per
724 3694 780 3740 nos
800 3679 838 3741 ab
858 3678 975 3741 eisdem
1005 3678 1207 3756 dioecesibus,
1232 3687 1264 3742 ut

517 3771 700 3850 praeiertur,
723 3772 959 3850 dismembratis,
978 3771 1083 3834 divisis
1097 3777 1129 3833 et
1143 3788 1262 3849 separa-

517 3867 565 3940 tis,
581 3866 703 3943 propria
717 3866 897 3928 auctoritate
918 3865 1014 3928 libere
1033 3867 1263 3944 apprehendere

517 3966 548 4021 61
568 3960 789 4037 apprehensam
810 3967 961 4036 perpetuo
990 3961 1144 4022 retinere:
1169 3977 1262 4024 vene-

517 4052 620 4114 rabilis
648 4069 771 4132 quoque
802 4052 905 4115 fratris
936 4053 1033 4116 nostri
1062 4053 1202 4116 moderni
1230 4063 1261 4116 61

516 4163 571 4225 616
593 4155 732 4223 16616616
761 4147 922 4210 existentis
945 4147 1169 4225 hrcbiepiscopi
1190 4149 1260 4210 llio-

517 4239 643 4318 viensis,
665 4241 714 4303 vel
745 4240 880 4302 cuiusvis
900 4240 1038 4318 alterius,
1066 4240 1188 4303 licentia
1210 4243 1260 4303 de-

515 4349 608 4410 super
628 4333 759 4397 minime
787 4335 945 4412 requisita,
969 4335 1130 4412 apostolica
1158 4343 1261 4397 aucto·

515 4427 608 4488 ritate
628 4426 759 4505 praelata
786 4427 931 4489 similiter
958 4436 1107 4505 perpetuo
1128 4429 1260 4505 assigna-

516 4536 597 4598 mus,
613 4529 645 4582 et
659 4521 830 4598 respective
844 4519 1047 4599 supponimus
1062 4528 1153 4601 atquc
1166 4521 1260 4584 subii·

516 4631 624 4676 cimus.

1045 563 1109 611 litu.
1134 563 1223 610 PONT-
1248 563 1288 608 DE
1309 565 1338 608 Ρ.
1362 563 1391 610 E.
1416 563 1498 608 PARS
1520 565 1541 608 1.

1323 681 1421 743 libere
1450 687 1481 743 et
1512 680 1595 744 licite
1625 681 1719 760 possit
1746 687 1778 742 et
1799 681 1912 755 valeat,
1943 679 2068 757 plenam

1324 780 1355 836 61
1375 772 1546 836 absolutam
1567 774 1725 836 licentiam
1746 779 1777 835 et
1798 773 1974 836 facultatem
1989 771 2065 837 dicta

1323 865 1483 944 apostolica
1504 867 1685 930 auctoritate
1713 866 1880 928 tribuimus
1901 874 1933 929 et
1954 867 2066 943 imper-

1323 960 1430 1023 timur.

1362 1054 1381 1128 5
1404 1053 1449 1115 11.
1468 1055 1635 1135 Utriusque
1650 1071 1726 1118 vero
1741 1070 1877 1132 mensae,
1890 1056 2068 1136 episcopalis
2088 1059 2255 1172 eoffafii⁵igt
2268 1058 2327 1157 eg:

1321 1147 1436 1210 scilicet
1451 1154 1481 1208 et
1494 1149 1680 1227 capitularis,
1696 1147 1858 1226 dotationi,
1874 1165 1967 1228 quam
1982 1165 2068 1228 prae·
2088 1168 2216 1218 tueamur
2241 1166 2327 1224 prou-

1322 1242 1420 1304 dictus
1440 1242 1613 1306 Eridericus
1634 1242 1819 1306 Guillelmus
1847 1257 1913 1319 rex,
1936 1250 1972 1306 ut
1992 1261 2067 1322 quo-

1321 1350 1382 1413 que
1411 1335 1594 1415 accepimus,
1618 1337 1649 1400 in
1670 1353 1702 1398 se
1723 1337 1856 1414 suscepit
1876 1337 2068 1402 constituen-

1323 1430 1403 1504 dam,
1429 1430 1592 1508 providere
1615 1430 1767 1506 volentes,
1790 1431 1888 1492 adbuc
1909 1437 1944 1492 ut
1966 1431 2067 1509 primo

1321 1519 1445 1586 iuturus
1459 1531 1489 1586 et
1504 1539 1560 1602 pro
1573 1531 1713 1603 tempore
1728 1525 1864 1586 existens
1877 1522 2069 1602 Supraslien-

1321 1615 1361 1676 sis
1384 1616 1550 1696 Episcopus
1576 1618 1784 1696 pontificalem
1812 1619 1996 1696 dignitatem
2018 1619 2067 1682 de·

1321 1718 1428 1774 center
1462 1719 1577 1775 tenere.
1602 1729 1634 1774 ac
1669 1714 1765 1778 luturi
1795 1731 1919 1794 quoque
1954 1723 1984 1779 et
2012 1730 2067 1792 pro

1321 1812 1463 1883 tempore
1489 1807 1658 1870 existentes
1679 1808 1847 1886 capitulum
1875 1817 1906 1871 et
1928 1811 2066 1873 canonici

1320 1898 1419 1962 dictae
1433 1899 1614 1962 cathedralis
1628 1900 1773 1964 ecclesiae
1788 1917 1842 1980 per
1857 1918 1925 1980 nos,
1938 1909 1971 1965 ut
1982 1919 2067 1982 prae-

1320 1993 1437 2070 161161,
1474 2001 1593 2057 erectae
1627 2011 1764 2072 congrue
1798 1995 2004 2075 substentari,
2034 2015 2066 2062 ac

1321 2103 1415 2149 onera
1437 2087 1481 2148 eis
1502 2096 1663 2151 eteorum
1685 2089 1811 2152 cuilibet
1825 2090 1998 2170 respective
2013 2108 2067 2170 pro

1322 2188 1458 2259 tempore
1471 2183 1703 2259 quomodolibet
1718 2183 1927 2248 incumbentia
1939 2201 2067 2265 suppor-

1321 2281 1384 2335 tare
1415 2275 1585 2353 respective
1615 2276 1749 2352 valeant,
1778 2278 1878 2356 primo
1906 2279 2013 2341 iuturu
2035 2287 2066 2342 61

1320 2383 1375 2447 616
1402 2376 1553 2446 16166616,
1577 2376 1611 2430 11
1633 2369 1819 2448 6166161161,
1842 2373 1988 2434 existenti
2009 2371 2067 2437 Su-

1320 2462 1479 2540 prasliensi
1492 2463 1639 2543 Episcopo
1652 2464 1817 2542 praedicto,
1826 2465 1972 2529 videlicet
1983 2483 2066 2530 sum·

1319 2572 1402 2620 mam
1424 2565 1556 2635 quatuor
1578 2557 1715 2620 millium
1738 2558 1907 2621 talerorum
1929 2560 2065 2623 Borussi·

1318 2665 1426 2712 corum
1448 2667 1465 2712 e
1486 2650 1572 2726 regio
1593 2650 1709 2712 aerario
1731 2653 1897 2730 quotannis
1916 2652 2066 2732 inparata

1320 2743 1446 2821 pecunia
1468 2743 1682 2823 pendendam3
1713 2745 1844 2824 capitulo
1867 2761 1940 2807 vero
1969 2755 2000 2808 et
2020 2765 2066 2810 ca-

1319 2837 1439 2901 nonicis
1469 2837 1630 2916 praedictis
1660 2853 1715 2917 pro
1747 2839 1972 2918 praedictarum
1994 2842 2065 2905 dua·

1319 2948 1390 2994 rum
1412 2931 1600 3008 dignitatum
1621 2947 1654 2993 ac
1673 2938 1806 3010 quatuor
1827 2933 2064 2996 canonicatuum

1319 3031 1350 3086 et
1372 3024 1618 3102 praebendarum
1648 3040 1704 3103 per
1731 3039 1798 3102 nos,
1822 3034 1857 3088 ut
1877 3026 2065 3104 praefertur,

1320 3126 1493 3180 erectarum
1524 3125 1555 3179 et
1586 3125 1762 3180 erectorum
1794 3120 1964 3199 respectiva
1995 3123 2066 3184 dote

1319 3227 1489 3288 congruam
1510 3211 1617 3274 itidem
1638 3226 1775 3273 annuam
1796 3228 2003 3275 summamex
2018 3229 2066 3276 re·

1320 3305 1368 3384 gia
1397 3305 1578 3368 liberalitate
1607 3304 1673 3367 illas
1701 3311 1731 3367 et
1752 3305 1820 3367 illos
1842 3322 1897 3384 pro
1928 3314 2066 3385 16166616

1318 3399 1490 3478 respective
1519 3397 1731 3462 obtinentibus
1761 3399 1924 3462 annuatim
1953 3401 2067 3480 pariter

1319 3491 1526 3556 tribuendam.
1551 3493 1593 3553 lta
1615 3493 1695 3570 quod
1718 3493 1807 3555 116661
1835 3493 1935 3556 611616
1964 3494 2066 3571 611166

1318 3587 1423 3650 161616
1453 3594 1485 3649 61
1516 3603 1570 3665 616
1602 3595 1743 3666 16616616
1774 3587 1920 3649 existenti
1953 3587 2066 3665 Supra-

1316 3682 1422 3744 sliensi
1451 3681 1599 3760 Episcopo
1627 3679 1790 3760 praedicto,
1814 3680 1960 3744 videlicet
1982 3697 2066 3759 prae·

1318 3777 1429 3839 dictam
1451 3775 1513 3836 iam
1533 3774 1603 3851 sibi,
1626 3781 1661 3836 ut
1682 3773 1867 3852 praelectus,
1883 3775 2065 3838 attributam

1317 3887 1371 3933 seu
1400 3871 1608 3947 designatam3
1632 3867 1797 3944 dignitates
1825 3882 2065 3933 1616666666-

1317 3965 1435 4028 nicatus
1456 3972 1487 4026 et
1509 3963 1697 4041 praebendus
1717 3977 1773 4039 per
1795 3976 1866 4038 uos,
1882 3969 1917 4026 ut
1932 3963 2065 4041 praeier-

1318 4065 1380 4134 tur,
1403 4057 1575 4136 respective
1596 4065 1711 4120 erectas
1733 4065 1763 4120 et
1781 4067 1899 4120 erectus
1914 4077 1969 4139 pro
1987 4068 2064 4125 tem-

1315 4169 1390 4231 pore
1412 4152 1582 4230 respective
1602 4151 1826 4228 obtinentibus
1848 4153 1904 4232 616,
1922 4162 1957 4216 61
1979 4170 2064 4233 prae-

1315 4246 1425 4323 iertur,
1451 4245 1647 4308 tribuendam
1669 4247 1842 4322 respective
1855 4263 1992 4310 summas
2006 4251 2064 4313 bu·

1316 4339 1446 4402 iusmodi
1468 4339 1638 4417 respective
1659 4339 1830 4416 percipere,
1852 4341 1990 4419 exigere,
2020 4343 2063 4406 le-

1316 4451 1399 4511 vare,
1422 4441 1454 4495 61
1476 4435 1509 4496 16
1540 4447 1650 4494 661661
1672 4449 1704 4494 66
1734 4432 1911 4512 66166666116
1932 4444 1963 4497 61
1984 4438 2063 4516 capi·

1316 4529 1423 4591 tularis
1453 4527 1624 4605 respective
1655 4541 1835 4588 mensarum
1862 4543 1916 4605 per
1937 4545 2004 4606 nus,
2028 4539 2063 4593 ut

1315 4622 1499 4703 praefertur,
1528 4628 1703 4683 erectarum
1733 4621 1905 4697 respective
1936 4639 2009 4683 usus
2030 4631 2063 4686 et

298 4715 498 4764 1611666161-
556 4709 643 4784 §lb
668 4711 707 4772 Et
728 4711 887 4788 quoniam,
910 4710 990 4772 sicut
1010 4710 1125 4786 pariter
1146 4711 1260 4788 666661-
1315 4717 1482 4779 61111161661
1503 4721 1697 4789 6661611616,
1720 4713 1855 4776 cuiusvis
1880 4730 2004 4794 quoquc
2026 4716 2062 4778 li-

285 4779 328 4814 166
351 4770 497 4818 6616161616

285 4823 420 4870 mannan
446 4836 497 4871 an-
516 4801 757 4880 mus,'eiusdem
779 4804 958 4866 monasterii
980 4803 1120 4886 mqnachi
1143 4804 1260 4882 praedi-
1286 4819 1288 4894 t
1314 4811 1412 4873 centia
1434 4813 1563 4888 desuper
1584 4808 1715 4870 minime
1736 4807 1894 4884 requisita.

284 4879 326 4921 tea
362 4879 497 4926 concredi-

240 4991 242 4996 ,
284 4933 335 4980 teo.

516 4901 556 4963 611
577 4902 751 4964 animarum
772 4917 878 4964 curam
902 4901 932 4962 in
956 4900 1037 4962 villis
1057 4901 1137 4962 circa
1153 4915 1259 4962 mona·
1285 4899 1288 4929 ¹

515 4995 644 5057 sterium
666 4996 769 5074 ipsum
798 4995 1013 5072 existentibus,
1036 5009 1113 5074 quae
1135 5011 1151 5054 6
1172 5009 1259 5072 6616-

515 5085 661 5150 chialibus
690 5088 825 5150 ecclesiis
850 5095 923 5150 sunt
955 5089 1149 5164 remotiores,
1173 5104 1260 5151 exer·

515 5190 604 5258 cent;
627 5197 699 5244 cum
713 5197 865 5244 consensu
881 5197 954 5243 vero
969 5181 1173 5258 parochorum
1187 5183 1257 5261 loci,

514 5276 589 5337 dum
618 5276 826 5338 constituetur
856 5275 1033 5354 Episcopus,
1063 5275 1151 5338 166116
1179 5276 1258 5339 16161

514 5370 748 5448 propinquiores
764 5369 852 5431 villas
867 5369 1010 5432 ecclesiae
1024 5369 1188 5434 cathedrali
1204 5387 1258 5450 per

515 5480 581 5540 nos,
605 5471 642 5525 ut
663 5464 845 5542 6166161161,
868 5473 988 5526 erectae
1009 5465 1189 5542 adiungere,
1206 5481 1257 5526 cu·

514 5571 641 5637 ramque
652 5557 827 5620 animarum
838 5557 1183 5621 huiusmodimonachis
1195 5575 1257 5620 sae-

514 5650 640 5729 pedictis
660 5652 871 5728 committere;
893 5652 994 5714 eidem
1014 5659 1175 5731 propterea
1196 5654 1257 5732 pri-

514 5759 565 5806 mo
586 5743 692 5806 iuturu
721 5742 924 5823 Suprasliensi
955 5746 1114 5824 Episcopo,
1137 5754 1172 5808 ut
1194 5747 1258 5824 ipse

513 5837 544 5899 id
565 5853 621 5915 pro
641 5838 689 5899 sui
711 5837 838 5899 arbitrio
858 5845 890 5899 et
912 5839 1108 5916 conscientia,
1128 5842 1257 5902 servatis

515 5940 617 5994 tamen
639 5929 677 5993 16
699 5931 766 5994 1616
787 5932 956 6009 servandis,
979 5931 1078 5995 166616
1092 5941 1123 5994 61
1144 5935 1255 6013 exequi

1354 4903 1441 4978 §lh
1474 4901 1644 4979 Eidemque
1676 4900 1777 4978 primo
1808 4897 1913 4962 tuturo
1945 4909 1976 4964 et
2006 4919 2061 4982 pro
2081 4927 2311 5039 miiin‘ssf‘sswnssra'

1313 5002 1453 5074 tempore
1467 4993 1611 5056 existenti
1627 4991 1832 5070 Suprasliensi
1848 4992 1996 5072 Episcopo
2012 5011 2061 5074 pa-

1313 5089 1423 5151 latium
1444 5090 1477 5150 in
1499 5097 1585 5166 66116
1606 5087 1734 5149 aedilicii
1753 5085 1892 5148 eiusdem
1907 5095 2062 5150 munaste-

1313 5185 1351 5246 rii
1373 5183 1458 5245 iuxta
1480 5181 1740 5244 combinationem
1761 5197 1835 5244 cum
1856 5179 1940 5244 illius
1955 5197 2061 5246 meua·

1312 5277 1378 5339 61116
1398 5274 1560 5354 6166116116
1582 5275 1642 5336 1661
1664 5273 1785 5350 1661661,
1807 5276 1891 5353 quud
1917 5277 1989 5338 satis
2010 5277 2060 5340 de·

1312 5387 1384 5433 cens
1405 5377 1435 5432 et
1456 5386 1512 5448 pro
1533 5370 1692 5431 commoda
1715 5368 1856 5448 Episcopi
1871 5369 2061 5433 habitatione

1313 5465 1466 5527 suiiiciens
1497 5464 1614 5538 existit,
1637 5469 1780 5541 sumptus
1810 5471 1913 5526 tamen
1942 5464 2060 5543 aliquos

1313 5573 1367 5636 pro
1383 5558 1465 5621 illius
1480 5558 1702 5620 restauratione
1717 5565 1747 5618 et
1762 5559 1998 5621 conservatione
2012 5576 2062 5622 re-

1311 5653 1425 5732 quiret,
1448 5659 1479 5714 61
1501 5651 1572 5714 11661
1592 5652 1693 5714 611661
1718 5651 1906 5714 monasterio
1927 5653 1967 5713 sit
1988 5669 2060 5716 con·

1311 5746 1466 5820 iunctum,
1488 5752 1666 5821 segregatos
1695 5750 1799 5806 tamen
1828 5745 1939 5808 abillo
1969 5747 2060 5808 babet

1311 5839 1427 5916 aditus;
1451 5839 1483 5901 in
1505 5855 1566 5917 quo
1588 5839 1713 5917 quidem
1733 5839 1844 5916 palatio
1860 5839 1943 5901 idem
1958 5841 2060 5919 primo

1312 5931 1437 5995 iuturus
1468 5938 1498 5994 et
1529 5948 1584 6011 pro
1615 5942 1755 6012 tempore
1784 5933 1920 5997 existens
1948 5933 2060 6014 Supra·

2099 540 2165 594 An.
2183 536 2220 589 0.
2243 533 2313 586 1799
2370 551 2371 602 t

2088 1225 2187 1272 detur.

2081 5043 2166 5092 66666.
