4750 6980
285 561 339 615 An.
354 562 384 614 0.
407 561 474 614 teda
525 561 584 622 466

506 697 585 772 erit,
614 710 787 772 numquam
817 709 893 754 vero
918 691 971 754 rel
997 689 1184 770 copulationi
1206 691 1254 752 in·

507 799 642 862 teresse,
676 786 839 864 multoque
867 785 973 846 minus
1005 782 1252 845 benedictionem

421 942 424 948 .
506 879 671 958 impertiri.
695 878 811 952 lubeat,
838 877 991 954 increpet,
1013 877 1155 936 minetur
1182 874 1255 936 laica

506 979 638 1052 potestas
653 971 808 1032 «obedire
824 971 920 1048 magis
935 971 997 1031 ileo
1011 975 1143 1046 oportet,
1161 983 1254 1045 quam

507 1061 685 1128 hominibus
696 1083 725 1124 s.
751 1060 896 1124 Sacerdos
917 1062 970 1123 Ilei
993 1059 1114 1140 (verbis
1136 1060 1256 1123 utimur

505 1160 569 1221 diri
592 1155 757 1236 Cypriani)
779 1155 978 1232 evangelium
994 1161 1107 1214 tenens
1122 1160 1152 1214 et
1167 1152 1255 1216 Chri-

506 1253 545 1314 sti
561 1258 721 1330 praecepta
733 1249 918 1319 custodiens,
930 1247 1026 1309 occidi
1044 1251 1152 1324 potest,
1170 1246 1254 1308 vinci

507 1361 572 1408 non
593 1351 694 1422 potest
714 1343 769 1424 (i).
794 1343 877 1404 Hanc
899 1341 931 1402 in
954 1340 1092 1418 parochis
1107 1339 1169 1400 tuis
1184 1353 1257 1400 con·

506 1437 663 1510 stantiam,
677 1444 706 1497 te
720 1442 845 1497 auctore
859 1441 951 1510 atque
972 1431 1109 1505 vindice,
1126 1430 1256 1491 minime

508 1546 574 1592 esse
595 1527 773 1590 defuturam
803 1525 890 1588 nobis
911 1526 943 1586 in
971 1525 1104 1585 Domino
1133 1522 1257 1599 pollice-

508 1639 590 1684 mur.
615 1620 829 1682 Veruntamen
845 1624 977 1695 oportet,
993 1613 1254 1694 quemadmodum

507 1715 715 1776 vehementer
736 1712 788 1772 abs
809 1709 1054 1785 deveneramus
1075 1706 1181 1780 irater,
1205 1721 1257 1782 pe-

509 1809 613 1882 timus,
630 1813 723 1884 atque
737 1803 1065 1878 enixeehtaginmos,
1082 1809 1118 1861 ut
1132 1817 1184 1862 eos
1198 1800 1257 1860 eri·

509 1907 571 1978 gas,
603 1901 720 1968 docem,
745 1905 836 1974 atque
864 1895 1009 1969 horteris,
1033 1910 1085 1967 ne,
1110 1901 1143 1954 ιιι
1169 1894 1257 1954 decet

509 1995 667 2057 ministros
696 1989 812 2053 Christi
839 1998 870 2049 et
899 1987 1003 2050 lideles
1032 1987 1257 2064 dispensatores

509 2086 730 2162 mysteriorum
747 2082 812 2152 Dei,
826 2089 927 2141 sancta
942 2079 1068 2141 canibus
1083 2077 1255 2156 pauliciani,

509 2189 602 2259 atque
623 2185 784 2257 propterea
813 2188 986 2251 numquam
1013 2171 1149 2233 scelestis
1175 2169 1258 2231 hisce

510 2273 627 2350 nuptiis
648 2287 715 2332 sese
735 2269 943 2340 immisceant,
966 2265 1030 2326 imo
1052 2265 1144 2324 etiarn
1165 2265 1190 2324 si
1212 2279 1258 2324 οι-

511 2365 660 2428 tholicum
682 2367 847 2438 coniugem
868 2373 940 2420 snae
963 2356 1161 2434 professionis
1183 2355 1257 2417 obli-

510 2466 577 2520 tum
593 2457 670 2534 apud
688 2454 868 2516 ministrnm
890 2449 1091 2512 acatholicum
1114 2448 1213 2525 palam
1229 2455 1259 2508 et

510 2551 631 2630 publice
652 2565 684 2610 se
706 2547 851 2625 copulare
873 2543 971 2614 iaciat,
988 2542 1135 2619 quoniam
1158 2556 1259 2618 pecca-

511 2652 579 2706 tum
601 2644 681 2705 istud
705 2640 864 2719 publicum
880 2654 912 2699 ac
928 2635 1086 2697 notorium
1109 2650 1180 2696 cum
1197 2649 1260 2694 ma-

510 2739 592 2798 xima
613 2736 768 2796 bonorum
790 2732 961 2793 olieusione
976 2743 1144 2790 erasurum
1167 2735 1258 2798 esset,

511 2829 613 2901 illum,
635 2826 806 2907 posthabita
822 2825 908 2886 omni
931 2821 1109 2900 temporalis
1125 2821 1261 2881 iacturae

511 2921 718 2994 lormidine,a
734 2923 1001 2979 sacramentorum
1022 2911 1272 2991 participatione

511 3013 651 3087 relicere,
668 3010 851 3090 prolemque
865 3025 902 3069 οι
918 3007 1069 3068 adulterio
1091 3006 1260 3081 suscipien-

510 3105 591 3179 dam,
604 3105 703 3183 quoad
719 3101 936 3164 ecclesiasticos
948 3099 1086 3172 ellectos,
1103 3107 1260 3176 tamquam

510 3197 718 3262 adulterinam
740 3196 852 3256 habere
867 3201 897 3254 et
912 3207 1134 3268 recognoscere
1150 3197 1260 3252 tenen-

512 3299 574 3354 tur.
599 3289 706 3367 Neque
729 3303 804 3348 vero
831 3301 886 3347 nos
908 3301 942 3346 ea
965 3290 1060 3358 tanta,
1086 3300 1165 3362 quae
1188 3284 1261 3346 elle·

512 3392 639 3456 rumor,
658 3380 792 3460 pericula
809 3388 939 3453 terrent,
957 3394 1059 3457 neque
1074 3379 1111 3439 ab
1126 3379 1161 3439 iis
1177 3379 1261 3455 prin-

511 3477 639 3555 cipibus
663 3474 717 3553 qui
739 3475 771 3534 in
793 3473 860 3533 istis
888 3471 1067 3548 regionibus
1097 3479 1149 3532 tuo
1171 3469 1259 3546 spiri-

514 3568 587 3631 tuali
609 3565 755 3644 regimini
778 3563 962 3626 concreditis
984 3563 1149 3640 imperant,
1173 3563 1261 3639 quid-

512 3675 606 3739 quam
634 3658 852 3730 lormidamuS,
883 3657 964 3734 quod
995 3654 1142 3733 parochos
1172 3655 1261 3717 Chri-

512 3754 614 3831 stique
634 3751 805 3812 sacerdotes
828 3750 860 3809 in
881 3765 931 3810 eas
959 3749 1060 3823 adigat
1090 3748 1259 3823 angustias,

514 3855 548 3909 ut
572 3845 622 3906 vel
649 3859 706 3906 suo
735 3841 859 3904 muneri
890 3841 1001 3912 desint,
1032 3839 1083 3901 rel
1111 3839 1260 3916 Principis

512 3937 759 4016 indignationem
789 3935 962 3996 incurrant.
997 3932 1032 3994 ln
1061 3933 1178 3993 ditione
1206 3934 1260 3993 Ba-

512 4033 600 4096 densi
622 4047 659 4091 eo
681 4029 799 4099 edicto,
823 4027 910 4088 cuius
938 4027 975 4086 ab
997 4025 1087 4087 initio
1118 4025 1262 4086 memini-

513 4142 600 4197 mus,
624 4125 671 4184 vis
693 4121 777 4183 nulla
806 4119 940 4181 iniertur
962 4118 1168 4197 parochorum
1190 4134 1261 4180 con·

511 4211 1258 4292 scientiae‚sinovisnuptiisillorumconiugum,

512 4315 566 4390 qui
581 4329 597 4371 a
613 4307 809 4373 consistoriis
830 4305 1002 4368 acatholicis
1023 4304 1134 4381 prioris
1155 4306 1261 4364 matri-

513 4404 612 4467 monii
634 4401 759 4464 vinculo
780 4407 855 4461 sunt
876 4399 1009 4474 liberati,
1032 4398 1184 4459 interesse
1206 4413 1260 4459 no-

513 4498 583 4560 lint.
621 4497 653 4558 ln
684 4495 827 4556 Bavorica
854 4501 907 4554 ιιιι
938 4490 1085 4561 Palatina,
1119 4493 1261 4568 quamvis

512 4590 649 4668 asperius
677 4588 848 4666 quidquam
872 4585 912 4646 sit
941 4585 1111 4646 haedere
1140 4585 1262 4646 manda-

513 4691 593 4754 tum,
618 4682 697 4743 hand
722 4687 824 4740 tamen
844 4677 983 4755 parochis
1004 4676 1162 4738 catholicis
1177 4693 1261 4755 prae·

513 4781 637 4853 ceptum
661 4779 718 4843 est,
736 4777 770 4832 ut
786 4773 876 4832 novis
892 4770 1009 4847 nuptiis
1023 4769 1182 4842 intersint,
1199 4786 1261 4832 eas·

513 4885 575 4946 que
588 4883 643 4928 sua
659 4867 863 4928 benedictone
877 4865 1077 4926 confirment.
1095 4863 1261 4941 speramus

512 4968 617 5022 autem
628 4959 861 5020 serenissimum
879 4957 1145 5018 Bavariaeduoem
1160 4957 1262 5017 catho-

514 5053 610 5115 licum
625 5060 656 5114 et
671 5053 813 5129 egregiae
828 5049 939 5111 indolis
953 5048 1123 5128 principem
1138 5057 1261 5110 suomet

513 5145 642 5222 ingenio
664 5155 696 5207 et
718 5145 777 5206 tuis
799 5143 892 5204 etiam
915 5140 1055 5220 precibus
1079 5141 1262 5202 hortationi-

514 5239 634 5315 busque
655 5237 821 5300 adductum
845 5235 893 5308 iri,
911 5243 945 5297 ut
960 5234 1081 5295 saniora
1103 5232 1262 5294 haedere

514 5330 641 5394 consilia
663 5329 818 5407 suscipiat.

1034 573 1097 616 luth.
1123 572 1213 615 ΡΟΝΤ.
1239 571 1278 614 DE
1300 571 1328 614 Ρ.
1353 571 1382 614 F-
1408 572 1488 616 PARS
1512 571 1531 614 l.

1312 687 1465 748 rimorum
1488 696 1609 750 mentes
1637 688 1820 766 corrumpit,
1846 695 1939 764 atque
1960 703 1976 748 a
1997 702 2064 748 ser-

1312 779 1421 840 vandis
1452 777 1663 842 Sanctissimis
1691 780 1842 841 Ecclesiae
1871 780 2007 856 legibus,
2031 785 2063 839 et

1312 872 1494 948 praesertim
1515 872 1609 934 huius
1628 872 1817 950 Apostolioae
1840 871 1926 935 Sedis
1948 872 2064 933 consti-

1313 965 1486 1026 tutionibus
1508 965 1618 1042 abripit
1639 983 1673 1027 ιο
1694 965 1832 1027 divertit.
1859 966 1892 1026 ln
1916 965 1970 1025 hac
1984 965 2062 1043 ipsa,

1312 1058 1423 1136 dequo
1438 1059 1570 1134 agimus,
1587 1075 1674 1120 causa
1692 1066 1753 1119 tres
1774 1058 1880 1136 inquis
1894 1073 1962 1119 esse
1977 1056 2064 1119 theo-

1312 1167 1424 1228 gerum
1446 1167 1480 1212 ιο
1502 1151 1578 1212 iuris
1593 1150 1732 1212 canonici
1747 1149 1920 1226 peritorum
1934 1157 2063 1212 senten-

1313 1246 1380 1320 tias,
1411 1246 1534 1307 diverso
1564 1252 1666 1306 tamen
1696 1243 1764 1304 iure
1791 1244 1956 1318 subnixas,
1983 1259 2065 1322 quae

1313 1338 1511 1400 conciliandis
1526 1337 1573 1398 his
1588 1337 1677 1400 novis
1693 1337 1810 1414 nuptiis
1825 1352 1897 1398 cum
1917 1337 2065 1414 parocho-

1313 1447 1384 1492 rum
1403 1430 1627 1494 catholicorum
1643 1431 1816 1506 praesentia
1831 1429 1937 1490 lavent
1952 1447 1985 1492 ιο
1999 1429 2066 1492 sul-

1312 1523 1486 1600 lragontur.
1511 1523 1571 1585 Alii
1591 1524 1735 1606 sentiunt
1750 1523 1976 1584 haereticorum
2000 1539 2065 1584 ma·

1314 1616 1459 1677 trimonia
1480 1623 1671 1677 sacramenta
1693 1630 1756 1676 non
1782 1631 1859 1688 esse,
1880 1615 1933 1675 sed
1955 1614 2066 1676 civiles

1315 1717 1435 1770 tantum
1458 1717 1644 1781 contractus,
1660 1717 1754 1786 atque
1775 1710 1849 1770 adeo
1871 1709 2012 1786 perpetui
2028 1723 2065 1768 ac

1313 1800 1536 1864 indissolubilis
1558 1800 1677 1863 vinculi
1698 1800 1767 1877 lege
1788 1817 1852 1862 non
1876 1801 2065 1864 tenerihlii

1315 1895 1484 1956 haereticos
1514 1905 1678 1956 autumant
1700 1893 1852 1956 Ecclesiae
1883 1894 1964 1956 haud
1996 1910 2066 1956 esse

1313 1987 1478 2060 subiectos,
1491 2001 1594 2064 neque
1605 1987 1669 2048 suis
1679 1985 1801 2062 legibus
1813 1987 1974 2061 obnoxios,
1985 1986 2065 2064 quin

1313 2079 1432 2156 possint
1446 2081 1480 2141 ad
1495 2079 1552 2140 alia
1568 2089 1638 2141 vota
1661 2078 1802 2152 transire,
1814 2080 1839 2140 si
1855 2079 1975 2157 publica
1990 2096 2068 2142 con-

1312 2173 1424 2234 sistorii
1439 2173 1620 2234 auctoritate
1635 2171 1773 2249 aprioris
1788 2172 1978 2233 matrimonii
1994 2174 2067 2234 vin-

1314 2265 1382 2326 culo
1405 2264 1588 2327 liberentur.
1613 2265 1673 2327 hili
1688 2265 1817 2326 demum
1841 2272 1971 2327 tuentur
1992 2267 2067 2328 hae-

1314 2359 1484 2420 reticorum
1499 2357 1696 2419 matrimonia
1712 2373 1816 2420 coram
1836 2359 1978 2420 ministro
1995 2365 2067 2423 hae·

1315 2450 1411 2512 retico
1432 2449 1510 2511 inita
1535 2450 1629 2510 insito
1650 2449 1782 2528 quodam
1813 2449 1965 2512 uirilitatis
1986 2453 2066 2514 vitio

1317 2544 1410 2616 infici,
1434 2559 1468 2603 ac
1489 2542 1619 2618 proinde
1640 2543 1665 2602 si
1688 2542 1801 2604 iterum
1823 2544 1945 2605 nubant
1960 2562 2067 2608 coram

1315 2638 1445 2713 parocho
1472 2635 1634 2708 catholico,
1664 2645 1717 2696 aut
1744 2635 1828 2696 inter
1855 2653 1899 2710 se,
1923 2644 1976 2698 aut
1992 2656 2067 2702 oum

1315 2728 1463 2790 catholico
1478 2727 1622 2804 coniuge,
1640 2729 1697 2789 hoo
1710 2729 1884 2790 secundum
1904 2731 2068 2792 matrimo-

1317 2820 1405 2883 nium
1420 2821 1466 2882 uti
1484 2819 1619 2881 validum
1636 2835 1701 2881 esse
1722 2821 1964 2906 agnoscendum.
1987 2815 2065 2901 opia-

1317 2930 1368 2974 rae
1389 2913 1545 2991 praetium
1570 2911 1715 2974 ducimus
1742 2913 1877 2976 delibare
1905 2914 2006 2992 aliqua
2028 2918 2066 2978 ad

1317 3007 1369 3068 has
1398 3005 1557 3083 opiniones
1589 3005 1764 3067 refutandas
1789 3024 1821 3069 ac
1848 3007 2066 3084 eliminandae,

1317 3115 1389 3161 nam
1412 3100 1516 3161 omnio
1531 3099 1672 3176 persequi
1694 3115 1797 3176 neque
1813 3101 1912 3161 nostri
1928 3102 2068 3165 instituti

1317 3199 1375 3267 est,
1397 3209 1501 3270 noque
1524 3201 1607 3253 tuam
1629 3194 1799 3254 doctrinam
1823 3210 1856 3256 ac
1878 3194 1954 3255 iuris
1977 3211 2069 3266 cano-

1317 3287 1378 3349 nici
1400 3285 1542 3364 peritiam
1564 3285 1673 3361 lugere
1697 3294 1809 3363 potest,
1832 3295 1947 3364 quanta
1968 3289 2008 3350 sit
2029 3289 2070 3350 il-

1317 3378 1417 3440 larom
1447 3379 1632 3456 opinionum
1661 3378 1710 3440 vel
1735 3379 1922 3455 perversitas
1951 3382 1999 3444 rel
2023 3382 2067 3444 ia·

1317 3472 1401 3534 lucia.

1358 3566 1443 3641 Quod
1465 3565 1550 3626 enim
1572 3581 1624 3626 eos
1649 3565 1762 3626 attinet
1783 3565 1884 3644 primo
1914 3567 1980 3629 loco
2001 3584 2068 3630 me-

1317 3667 1465 3732 moratos,
1495 3657 1708 3735 praetermissa
1736 3659 1921 3735 quaestione
1942 3659 1993 3720 illa
2014 3659 2069 3738 (de

1317 3767 1377 3828 qua
1399 3751 1477 3812 nihil
1500 3751 1591 3812 modo
1612 3759 1748 3811 statuere
1763 3751 1922 3830 volumus)
1943 3768 1981 3814 an
1997 3755 2070 3815 hae-

1318 3845 1486 3905 reticorum
1508 3843 1651 3919 coniugia
1666 3858 1769 3904 coram
1785 3843 1930 3906 ministro
1944 3847 2068 3908 acatho-

1319 3936 1376 3998 lico
1397 3941 1553 3998 contracta
1575 3943 1762 3997 sacramenta
1784 3937 1860 4012 sint,
1877 3953 1934 3999 nec
1956 3955 2006 4014 ne,
2028 3941 2067 4002 il-

1317 4027 1369 4089 lnd
1391 4036 1476 4089 certe
1490 4026 1569 4105 quod
1585 4029 1620 4089 ad
1637 4043 1704 4088 rem
1720 4029 1854 4105 pertinet
1871 4031 2068 4107 exploratum

1317 4127 1375 4193 est,
1397 4121 1560 4196 coniugale
1581 4119 1687 4180 loedus
1709 4137 1724 4180 a
1747 4121 1843 4196 prima
1864 4139 1918 4184 sun
1940 4125 2070 4186 institu-

1318 4214 1414 4288 tione,
1437 4221 1604 4291 antequam
1626 4213 1661 4275 ad
1678 4214 1860 4275 sacramenti
1881 4216 2067 4291 dignitatem

1317 4307 1504 4380 elevaretur,
1528 4306 1634 4366 divino
1656 4306 1725 4366 iure
1746 4305 1958 4371 indissolubile
1979 4326 2068 4388 pror-

1317 4416 1369 4462 sus
1399 4406 1648 4476 perpetuumque
1678 4397 1832 4474 extitisse,
1865 4402 2066 4478 quemadmo-

1317 4491 1393 4552 dum
1415 4492 1541 4566 egregie
1566 4491 1742 4552 observasse
1769 4501 1868 4570 patres
1890 4494 2067 4558 Tridentini

1318 4585 1349 4646 in
1372 4587 1512 4646 doctrina
1533 4584 1571 4645 de
1590 4593 1782 4645 sacramento
1809 4587 2000 4648 matrimonii
2021 4589 2067 4665 ip-

1317 4683 1416 4740 semet
1445 4677 1630 4740 Benedictus
1658 4677 1737 4740 xlv.
1762 4677 1938 4741 luculenter
1964 4690 2067 4742 osten-

1318 4771 1361 4834 dit
1382 4769 1438 4851 (ἓ).
1471 4770 1509 4832 Ει
1537 4771 1606 4832 Ιίοοι
1626 4770 1696 4832 talis
1724 4769 1977 4834 indissolubilitas
2004 4791 2069 4835 ma-

1320 4864 1457 4928 trimonii
1478 4863 1604 4924 vinculo
1619 4865 1784 4926 conveniat
1805 4866 1940 4927 maxime
1960 4873 2068 4944 quate-

1318 4973 1377 5018 nus
1398 4963 1445 5018 est
1465 4963 1707 5032 sacramentum,
1723 4965 1828 5018 tamen
1849 4958 1951 5021 eidem
1972 4959 2066 5022 etiam

1317 5059 1470 5129 quatenus
1485 5055 1531 5110 est
1547 5054 1674 5110 naturae
1695 5049 1833 5112 officium
1854 5053 2014 5128 convenit,
2030 5063 2067 5115 nt

1318 5141 1442 5203 dissolvi
1463 5157 1528 5203 non
1550 5143 1655 5219 possit.
1667 5187 1674 5201 .
1687 5186 1713 5202 ..
1739 5151 1770 5205 et
1785 5144 1879 5221 prolis
1893 5147 2066 5211 educandae

1317 5233 1430 5308 studio,
1447 5240 1477 5296 et
1491 5233 1559 5296 aliis
1577 5235 1769 5296 matrimonii
1790 5235 1878 5298 bonis
1899 5247 2064 5315 repugnat,

1319 5334 1353 5388 ut
1381 5327 1449 5387 eius
1480 5325 1644 5388 vinculum
1671 5327 1712 5387 sit
1739 5326 1929 5402 dissolubile,
1958 5345 2067 5406 quem-

2103 545 2178 598 An.
2196 540 2235 593 G.
2260 535 2339 589 1803

1318 5419 1486 5480 admodum
1515 5417 1738 5480 cathechismus
1768 5421 1909 5482 eiusdem
1937 5423 2066 5484 concilii

1318 5510 1493 5572 Tridentini
1516 5512 1598 5572 iussu
1621 5512 1722 5573 editus
1744 5513 1866 5574 disertis
1888 5513 1988 5575 verbis
2010 5530 2066 5576 nos

1318 5605 1424 5668 edocet
1444 5604 1499 5681 (3).

291 5429 357 5484 curu
368 5427 494 5491 ⁸01¹l¹01¹ll
554 5423 623 5499 §o
650 5421 804 5484 Veremur
835 5421 935 5500 potius
960 5419 1169 5497 parochorum
1191 5435 1264 5481 con-

282 5482 496 5583 rdri’dirii‘ffspnffs‘iipffl
514 5517 660 5580 stantiam
682 5515 855 5578 labefactari
882 5530 969 5592 posse
992 5514 1029 5574 ab
1054 5530 1088 5576 ea
1114 5513 1261 5591 opinandi

282 5589 349 5638 Μ’
364 5589 481 5637 mmm·
514 5611 668 5682 libertate,
684 5623 763 5686 quae
784 5608 897 5685 passim
918 5623 1003 5669 nunc
1023 5607 1131 5682 serpit,
1148 5623 1182 5667 ac
1197 5604 1262 5683 plu·

556 5851 584 5907 it)
599 5854 645 5908 [cp.
660 5852 687 5896 55
699 5849 733 5895 ad
747 5849 847 5896 cornel.

556 5919 586 5974 (2)
600 5921 637 5964 De
650 5919 754 5977 synodo
767 5919 811 5965 lib.
827 5921 902 5974 xlii,
916 5931 971 5978 cap.
987 5921 1021 5966 22.

1289 5859 1294 5964 Ι
1359 5846 1390 5902 (3)
1405 5847 1474 5893 Part.
1490 5849 1522 5892 11.
1536 5845 1567 5892 de
1582 5847 1697 5892 Sacram.
1713 5845 1831 5892 matrina.
1846 5856 1901 5903 cap.
1917 5849 2052 5903 V111.,s2.
