4856 7010
100 550 193 602 Aac
217 548 283 600 1828

983 557 1040 603 nso
1061 557 1111 602 ΡΡ.
1135 557 1193 604 XII.

314 678 413 743 velint
428 687 459 742 et
474 680 607 755 valeant,
630 687 752 744 auctore
774 679 917 754 Domino,
934 674 1062 738 salubri-

314 779 361 834 ter
383 789 492 851 regere
514 781 544 835 et
566 774 741 850 gubernare
762 772 903 835 feliciter.

355 864 479 929 Dudum
512 866 667 945 siquidem
698 866 891 945 provisiones
923 862 1062 926 ecclesia-

316 975 387 1021 rum
417 960 560 1021 omnium
592 975 678 1022 nunc
698 959 876 1022 vacantium
896 964 927 1018 et
949 957 982 1018 in
1010 971 1063 1036 po-

313 1061 433 1116 sterum
455 1062 672 1116 vacaturarum
694 1052 879 1116 ordinationi
908 1058 938 1113 et
959 1050 1061 1128 provi-

313 1146 392 1207 sioni
426 1153 552 1208 nostrae
584 1145 824 1221 reservavimus,
858 1145 1061 1206 decernentes

314 1237 441 1300 irritum
463 1243 494 1300 et
515 1239 619 1315 inane,
635 1239 661 1300 si
675 1256 762 1302 secus
781 1253 873 1316 super
893 1238 941 1300 bis
956 1254 971 1296 a
987 1253 1061 1315 quo-

314 1347 407 1410 quam
429 1332 538 1408 quavis
552 1333 743 1408 auctoritate,
759 1331 894 1394 scienter
908 1330 959 1394 vel
975 1331 1061 1407 igno·

315 1433 433 1499 ranter,
463 1426 630 1503 contigerit
660 1425 816 1488 attentari.
848 1427 950 1500 Quum
974 1423 1061 1486 sedes

314 1517 585 1598 drcbiepiscopalis
605 1519 784 1596 Berytensis
803 1533 901 1597 usque
922 1517 959 1578 ab
980 1532 1061 1578 nnnc

314 1625 511 1672 uncecxxrv.
535 1612 690 1674 vacaverit
712 1611 750 1673 ob
771 1618 904 1673 mortem
926 1610 974 1672 bo.
997 1625 1057 1671 me.

315 1701 426 1779 Ignatii
449 1703 554 1766 Daken
587 1703 727 1784 Episcopi
748 1705 827 1766 ritus
853 1701 1061 1766 Graeco-liel-

313 1796 424 1872 clritae,
448 1805 479 1858 et
501 1812 580 1858 nova
601 1812 724 1874 semper
745 1805 811 1859 orta
825 1795 943 1859 luerint
965 1796 1061 1873 impe·

312 1887 462 1964 dimonte,
491 1905 531 1950 ne
558 1891 645 1952 sedes
667 1889 717 1951 illa
739 1889 778 1952 de
803 1905 885 1952 novo
912 1890 1060 1968 Episcopo

315 1983 542 2061 provideretur,
553 1983 679 2046 attentis
695 1981 899 2060 peculiaribus
914 1980 1061 2058 temporis

313 2075 564 2153 circumstantiis,
579 2093 613 2138 re
627 2083 749 2137 mature
763 2075 924 2152 perpensa,
936 2072 1059 2152 nequid

317 2167 348 2229 in
370 2169 404 2230 ed
425 2167 556 2231 dioecesi
576 2167 725 2231 catholica
739 2166 860 2244 Religio
882 2165 1061 2230 detrimenti

313 2261 420 2339 capiat,
451 2277 505 2325 nos
533 2259 571 2322 de
602 2277 698 2323 venu.
722 2260 854 2322 fratrum
882 2266 1060 2321 nostrorum

314 2353 345 2416 S.
363 2355 399 2416 li.
417 2355 451 2416 E.
470 2353 679 2418 cardinalium
700 2352 833 2430 negotiis
847 2350 1060 2430 Propagandae

314 2446 399 2509 Fidei
415 2447 660 2525 praepositorum
676 2445 803 2508 consilio
818 2446 1012 2508 decrevimus
1023 2443 1061 2505 ob

314 2540 573 2602 extraordinarias
584 2537 1060 2602 concurrentescircumstantias

315 2631 557 2693 extraordinario
576 2632 666 2693 modo
687 2629 916 2711 providendum
927 2645 1003 2704 esse,
1020 2643 1061 2689 ne

316 2724 447 2787 Ecclesia
459 2725 674 2788 llelcbitarum
689 2725 867 2803 Berytensis
882 2722 999 2786 diutius
1015 2736 1061 2782 re·

315 2827 437 2881 maneat
458 2834 515 2880 suo
536 2819 660 2882 viduata
681 2826 819 2895 pastore,
842 2816 934 2878 salvis
956 2821 1061 2876 tamen

315 2914 347 2976 in
359 2912 474 2974 futuris
489 2911 692 2974 electionibus
704 2913 823 2974 iuribus
833 2909 1019 2986 cuicumque
1031 2915 1061 2968 et

315 3009 605 3086 quomodocumque
623 3005 863 3084 pertinentibus.
882 3003 942 3066 Nos
957 3003 1059 3080 itaque

316 3107 346 3162 te
367 3117 381 3159 a
402 3100 564 3178 quibusvis
579 3098 918 3173 excommunicationis,
933 3111 1059 3176 suspen-

314 3194 409 3258 sionis
437 3203 467 3256 et
497 3192 666 3268 interdicti,
694 3191 822 3271 aliisque
849 3189 1061 3254 ecclesiasticis

314 3290 466 3366 censuris,
482 3289 646 3352 sententiis
669 3296 699 3351 et
722 3289 828 3368 poenis
846 3304 862 3348 a
877 3288 944 3350 iure
960 3286 1011 3348 vel
1024 3286 1061 3347 ab

315 3383 443 3446 bomine
464 3384 572 3462 quavis
593 3384 750 3446 occasione
771 3383 819 3445 vel
836 3400 923 3446 causa
940 3381 1019 3456 latis,
1035 3379 1060 3440 si

313 3477 425 3556 quibus
447 3475 678 3557 quomodolibet
699 3476 865 3539 innodatus
886 3475 1003 3550 existis,
1023 3474 1059 3536 ad

314 3569 459 3633 effectum
471 3571 682 3648 praesentium
698 3571 856 3633 dumtaxat
868 3581 1061 3647 consequen-

314 3662 400 3740 dum,
412 3663 524 3726 barum
539 3665 618 3726 serie
632 3663 825 3726 absolventes
840 3670 871 3725 et
885 3663 1061 3726 absolutum

314 3757 379 3819 fore
389 3762 563 3833 censentes,
579 3756 644 3833 tibi,
654 3771 726 3818 ven.
738 3755 844 3834 frater,
853 3772 908 3835 per
918 3768 1060 3834 praesen·

314 3859 359 3915 tes
380 3851 616 3926 committimus,
629 3859 663 3912 ut
677 3850 858 3914 auctoritate
873 3858 977 3912 nostra
991 3865 1061 3927 apo·

313 3945 418 4009 stolica
449 3944 598 4007 dilectum
627 3944 729 4006 lilium
757 3951 901 4006 nostrum
932 3943 1059 4004 Petrum

314 4038 462 4116 Seiabajat
485 4039 673 4101 monachum
701 4037 957 4114 congregationis
987 4036 1060 4100 San-

314 4133 354 4196 cti
376 4131 496 4195 loannis
511 4133 544 4194 in
560 4131 667 4194 Soairo
688 4131 857 4209 nuncupati
879 4132 913 4193 in
934 4131 1059 4193 brebie·

313 4227 471 4306 piscopum
494 4226 695 4304 Berytensem
718 4224 823 4302 eligas,
844 4225 885 4286 ita
907 4231 1010 4288 tamen
1026 4231 1060 4288 ut

315 4321 387 4382 baec
408 4320 518 4382 electio
530 4331 593 4380 non
609 4318 718 4382 babeat
732 4317 888 4395 ellectum,
905 4327 1059 4396 quatenus

313 4413 370 4476 alia
392 4413 501 4475 electio
523 4412 559 4473 ad
581 4411 713 4473 formam
737 4412 952 4473 instructionis
972 4427 1059 4489 prae-

313 4506 411 4570 dictae
432 4505 687 4584 Congregationis
708 4505 745 4567 de
766 4505 960 4582 Propagandi
986 4506 1060 4568 Fide

314 4601 374 4663 iam
395 4599 490 4663 fuerit
516 4599 639 4680 pacifice
662 4606 692 4660 et
714 4597 814 4660 valide
840 4605 961 4676 peracta
988 4605 1059 4660 ante

313 4696 484 4758 adventum
505 4691 716 4771 praesentium
740 4690 912 4768 literarum,
942 4690 1059 4770 tibique

313 4788 440 4868 pariter,
461 4793 497 4849 ut
525 4785 625 4848 eidem
650 4784 752 4859 Petro,
775 4792 937 4864 postquam
966 4785 1060 4847 abeo

313 4880 535 4961 professionem
551 4878 714 4941 catholicae
729 4878 800 4942 fidei
814 4879 900 4966 iuxta
914 4878 1059 4940 articulos

313 4992 329 5036 a
342 4975 415 5038 sede
430 4981 533 5037 nostra
547 4971 729 5052 propositos,
741 4987 774 5034 ao
789 4978 893 5034 nostro
908 4979 939 5033 et
950 4970 1060 5031 Roma·

314 5085 373 5132 nae
388 5067 539 5132 Ecclesiae
553 5066 680 5130 nomine
692 5065 846 5128 fidelitatis
855 5065 975 5128 debitae
989 5063 1061 5126 soli-

313 5171 380 5227 tum
396 5163 608 5226 iuramentum
629 5159 792 5238 receperis,
813 5175 929 5225 munus
954 5171 1059 5223 conse·

314 5257 458 5321 erationis
473 5257 552 5320 dicta
566 5262 670 5318 nostra
685 5255 868 5318 auctoritate
879 5254 1059 5334 impendere

313 5351 396 5414 licite
410 5350 521 5425 valeas,
542 5349 637 5411 auctis
655 5357 685 5411 et
699 5347 733 5410 in
747 5347 805 5411 hoc
820 5349 875 5412 tibi
890 5349 1058 5411 assistenti·

313 5444 369 5507 bus
393 5444 513 5506 duobus
533 5442 739 5506 sacerdotibus
766 5443 972 5505 saecularibus
993 5443 1059 5506 loco

313 5537 554 5616 Episcoporum,
586 5552 641 5597 seu
671 5535 893 5613 cuiuscumque
923 5535 1057 5612 ordinis,

312 5629 561 5708 congregationis
575 5634 607 5691 et
621 5629 758 5692 instituti
770 5628 963 5706 regularibus
973 5643 1060 5708 prae-

312 5723 411 5787 dictae
431 5725 523 5787 buius
542 5723 670 5789 Sanctae
688 5721 774 5786 Sedis
786 5721 916 5798 gratiam
931 5729 963 5785 et
976 5737 1059 5784 conr·

311 5819 493 5882 munionem
524 5817 718 5893 habentibus,
741 5815 847 5878 eadem
877 5817 1059 5879 auctoritate

311 5912 437 5993 plenam
458 5922 488 5975 et
509 5911 638 5974 liberam
658 5915 770 5976 barum
790 5909 870 5973 serie
891 5909 1058 5972 tribuimus

418 6060 469 6108 lor.
486 6059 557 6110 Post.
573 6059 604 6106 de
617 6059 692 6120 Prop.
707 6058 771 6106 Fide
784 6058 866 6106 Partis
881 6060 899 6106 1.
915 6056 967 6106 vol.
984 6059 1022 6108 ll'.

1120 674 1307 739 facultatem.
1331 675 1485 742 Volumus
1508 684 1609 740 tamen
1629 676 1799 756 eademque
1813 693 1867 740 au·

1119 769 1261 832 ctoritate
1272 771 1477 849 praecipimus
1493 778 1585 850 atque
1595 769 1804 846 decernimus,
1817 775 1864 846 ut,

1119 864 1179 925 nisi
1200 863 1332 942 receptis
1347 865 1432 943 prius
1453 865 1490 926 ab
1511 863 1564 926 illo
1585 880 1641 942 per
1656 871 1687 927 te
1701 864 1803 944 ipsum
1818 863 1865 926 iu-

1120 965 1261 1021 ramento
1275 966 1306 1021 et
1321 958 1512 1036 professione
1532 957 1603 1020 fidei
1625 955 1814 1032 huiusmodi,
1830 961 1865 1020 tu

1120 1051 1356 1114 consecrationis
1384 1067 1500 1115 munus
1521 1050 1602 1114 dicto
1627 1050 1718 1113 Petro
1745 1049 1864 1128 impen-

1119 1147 1192 1208 dere
1214 1145 1297 1209 licite
1325 1146 1437 1220 valeas,
1461 1145 1575 1224 illeque
1602 1144 1720 1207 dictum
1747 1158 1865 1205 munus

1119 1239 1275 1316 suscipere
1303 1239 1553 1319 praesumpserit,
1580 1245 1653 1300 tua
1681 1235 1864 1315 pontificalis

1118 1333 1210 1396 oflicii
1231 1334 1390 1409 exercitio,
1405 1338 1437 1393 et
1459 1340 1522 1395 tam
1544 1332 1609 1410 ipse
1623 1346 1716 1410 quam
1738 1337 1772 1393 tu
1787 1347 1802 1391 a
1818 1346 1866 1392 re·

1119 1427 1238 1502 gimine
1259 1435 1290 1488 et
1311 1425 1578 1488 administratione
1598 1421 1798 1486 ecclesiarum
1813 1437 1865 1484 ve-

1118 1525 1252 1581 strarum
1282 1517 1423 1596 suspensi
1454 1517 1520 1578 sitis
1549 1532 1586 1578 eo
1617 1517 1692 1595 ipso.
1723 1515 1791 1578 Non
1814 1515 1865 1576 ob-

1118 1612 1269 1674 stantibus
1284 1609 1560 1674 constitutionibus
1576 1615 1606 1670 et
1621 1608 1865 1672 ordinationibus

1118 1704 1290 1782 apostolicis
1312 1711 1370 1765 etc.

1160 1799 1271 1860 Datum
1292 1797 1407 1858 Rornae
1429 1797 1508 1876 apud
1530 1794 1562 1858 S.
1586 1796 1712 1859 Petrum
1733 1795 1792 1857 sub
1813 1810 1865 1856 an·

1117 1890 1192 1952 nulo
1213 1889 1386 1965 Piscatorb,
1408 1889 1458 1952 die
1479 1906 1523 1951 rv.
1540 1889 1608 1952 iulii
1624 1902 1864 1963 uncccxrvrrr„

1119 1983 1317 2062 pontificatus
1333 1975 1431 2044 n'ostri
1452 1998 1534 2045 anno
1555 2000 1585 2043 v.

1407 2359 1575 2425 XXXVIII.

1121 2543 1382 2609 Commemoratis
1402 2547 1445 2609 iis
1466 2563 1546 2626 quoe
1559 2543 1618 2610 sui
1632 2545 1692 2609 Pio
1707 2545 1771 2610 vlt.
1789 2544 1865 2606 Piti-

1157 2636 1336 2718 iodclpbioe
1366 2638 1402 2700 io
1433 2639 1581 2706 Americd
1612 2637 1865 2718 septentrionali

1158 2731 1363 2813 contigerunt
1394 2731 1429 2795 ob
1459 2732 1597 2795 schisma
1628 2731 1862 2802 Aeditoormm,

1158 2823 1316 2902 improbat
1332 2824 1548 2888 Aedittmrom
1567 2819 1865 2890 Neo-Aurelianen-

1157 2917 1243 2978 stom
1265 2925 1401 2980 coactos
1422 2919 1601 2996 petentium
1622 2935 1642 2981 o
1665 2918 1788 2984 Secuto
1812 2933 1865 2996 po·

1160 3016 1307 3076 testatem
1330 3012 1496 3076 reiicieodi
1517 3010 1670 3090 poroclms
1698 3029 1774 3090 qous
1796 3013 1866 3074 sios

1158 3105 1302 3183 ipsoram
1325 3109 1355 3167 et
1375 3104 1485 3184 populi
1512 3120 1668 3168 conscisso
1690 3105 1865 3184 Episcopus

1158 3199 1348 3279 deputarem·
1370 3203 1399 3262 ct
1414 3197 1722 3264 Atmtotsmmomm
1735 3197 1866 3278 Aposto-

1158 3292 1257 3355 licom
1278 3292 1372 3355 illim
1393 3291 1539 3356 dioecesis
1565 3291 1732 3364 bortatur,
1756 3297 1794 3354 ot
1815 3307 1866 3354 cos

1159 3385 1245 3447 ommi
1266 3387 1342 3448 oisc
1365 3385 1400 3446 io
1422 3385 1558 3464 officium
1587 3384 1738 3448 reducere
1759 3387 1862 3448 curet.

1117 3569 1289 3639 venerabili
1309 3571 1396 3638 lrslrl
1420 3569 1547 3655 losepbo
1575 3567 1781 3654 Episcopus.
1805 3569 1864 3636 lu·

1156 3665 1250 3733 devisi
1272 3670 1304 3732 el
1330 3665 1502 3749 apostolam
1532 3663 1695 3732 Ecclesiae
1719 3663 1865 3733 lieo-tlu-

1158 3759 1321 3828 retiacensi
1345 3760 1597 3841 administratori,

1373 3945 1450 4014 teo
1473 3945 1533 4016 ΡΡ.
1557 3947 1614 4014 xtt.

1329 4133 1517 4203 Venerabilis
1539 4135 1651 4215 irater,

1149 4228 1277 4296 salutem
1299 4232 1331 4295 el
1355 4227 1552 4312 apostolicam
1578 4227 1829 4296 benedictionem.

1155 4418 1220 4494 Quo
1242 4417 1367 4496 longius
1387 4418 1486 4480 nostri
1509 4426 1540 4482 et
1562 4416 1714 4481 Ecclesiae
1740 4415 1866 4481 catholi·
1933 4493 1936 4502 ¹

1117 4527 1166 4574 cae
1188 4511 1245 4573 filii
1266 4527 1282 4572 a
1303 4509 1391 4573 nobis
1420 4511 1543 4587 absum,
1567 4525 1603 4574 eo
1633 4518 1780 4590 paternus
1808 4526 1865 4572 no·

1115 4612 1196 4666 strae
1211 4619 1283 4681 erga
1299 4620 1351 4666 eos
1366 4603 1499 4666 caritatis
1511 4603 1636 4666 aflectus
1652 4603 1801 4665 intentior
1815 4605 1862 4680 tlt,
1968 4596 1970 4600 ’

1117 4707 1147 4762 et
1168 4699 1277 4773 acrior,
1300 4714 1392 4776 quam
1408 4696 1445 4760 de
1459 4697 1585 4760 aeterna
1606 4697 1744 4778 ipsorum
1765 4697 1865 4760 salute

1116 4793 1267 4870 gerimus,
1289 4807 1373 4853 cura.

1157 4887 1175 4962 ἓ
1198 4887 1225 4948 l.
1249 4887 1348 4960 Quare
1361 4901 1417 4946 nos
1431 4881 1782 4946 veliementersolicitos
1797 4883 1865 4946 red·

1116 4980 1263 5042 diderunt
1284 4977 1483 5040 fraternitatis
1510 4984 1582 5039 tuae
1611 4975 1729 5052 literae,
1752 4978 1864 5056 quibus

1117 5071 1270 5136 nunciasti
1293 5071 1450 5151 paroeciae
1476 5069 1795 5132 Neo-Aurelianensis
1817 5086 1864 5132 ae·

1117 5167 1219 5229 dituos
1240 5182 1256 5226 a
1276 5178 1423 5241 supremo
1452 5163 1678 5225 foederatarum
1704 5163 1864 5226 Amerioae

1118 5256 1371 5337 Septentrionalis
1386 5255 1618 5336 provinciarum
1633 5253 1749 5318 Senatu
1770 5254 1865 5318 iacul-

1116 5359 1212 5414 tatem
1233 5350 1379 5431 petivisse
1406 5348 1566 5412 reficiendi
1592 5351 1758 5428 parochos,
1787 5365 1864 5428 quos

1116 5445 1184 5507 sinc
1204 5445 1329 5524 praevio
1348 5444 1529 5506 eorumdem
1550 5443 1746 5506 aedituorum
1767 5450 1798 5505 et
1812 5457 1865 5521 po·

1116 5540 1182 5617 puli
1210 5553 1361 5602 consensu
1393 5538 1560 5617 Episcopus
1589 5536 1751 5613 elegisset,
1781 5537 1863 5615 quod

1115 5631 1198 5694 idem
1220 5638 1265 5694 est
1285 5648 1319 5693 ac
1341 5628 1519 5709 episcopalia
1540 5629 1608 5691 iura
1628 5629 1685 5692 sibi
1713 5643 1864 5707 usurpare

1115 5723 1207 5799 velle,
1224 5730 1255 5786 et
1269 5723 1431 5800 vigentem
1445 5720 1563 5799 ubique
1585 5728 1740 5784 terrarum
1760 5719 1864 5782 Eccle-

1114 5817 1176 5880 siae
1197 5816 1362 5880 eatbolieae
1383 5813 1576 5892 disciplinam
1590 5814 1627 5876 ab
1648 5815 1711 5877 imo
1726 5813 1861 5876 turbare.

1115 5909 1225 5988 Huius,
1238 5917 1274 5974 ut
1288 5908 1381 5986 nosti,
1395 5907 1576 5970 temeritatis
1591 5914 1699 5972 notam
1712 5907 1770 5970 sibi
1781 5907 1865 5970 haud

1731 6057 1758 6102 89

1787 543 1845 606 705
1896 540 1950 591 an.
1965 539 1995 593 o.
2016 538 2086 592 asse
