4734 7004
918 560 1059 606 cutheus
1081 557 1151 606 xltt.

268 685 459 764 corporavit3
482 684 626 746 omnium
649 682 828 745 reddituum
843 679 1011 760 quomodo-

267 781 340 843 libet
361 781 396 842 ad
420 779 498 858 ipsas
515 777 722 856 spectantium
736 776 878 838 dominos
899 775 1012 836 consti-

266 873 550 936 tuitcathedrarum
562 867 1010 948 magistros,quibusomnium

266 968 490 1048 possessionem
521 965 731 1040 concredidit,
765 971 856 1040 atque
887 961 1009 1041 plenam

265 1060 578 1124 administrationem.
611 1059 820 1122 Praebendam
850 1057 929 1118 hanc
960 1071 1011 1116 ιι-

264 1155 356 1234 pendi
379 1161 503 1216 tantum
520 1154 673 1234 praecepit
695 1152 727 1214 in
743 1150 915 1214 academiae
929 1165 1011 1212 com·

265 1249 394 1312 modum
415 1247 657 1326 utilitatemque.

304 1358 381 1404 ιιι.
405 1341 571 1418 magistris,
593 1342 681 1403 iussit
703 1355 872 1417 congruam
895 1347 1010 1400 certam

264 1437 386 1500 vicariis
407 1436 605 1498 ecclesiarum
636 1434 768 1512 singuiis
798 1434 888 1496 annis
909 1432 1010 1495 distri-

262 1531 378 1606 buere,
407 1545 575 1592 numerum
606 1537 728 1592 tantum
761 1529 943 1590 ducatorum
974 1526 1012 1586 ab

262 1622 329 1701 ipso
356 1621 556 1686 Sanctissimo
581 1622 780 1700 praefinitum
809 1619 936 1682 cuilibet
958 1618 1013 1681 tri-

262 1716 399 1792 buendo,
423 1724 541 1780 caetera
562 1716 597 1778 ad
619 1715 803 1780 academiam
828 1711 1009 1775 reservavit.

301 1827 392 1874 ιιιι
417 1808 626 1872 Praebendam
655 1807 882 1870 administrabit
903 1823 1011 1884 procu-

260 1913 360 1979 rator,
371 1904 424 1983 qui
437 1903 656 1980 magistrorum
674 1903 800 1966 nomine
812 1902 1008 1965 ecclesiarum

260 2014 476 2077 quoscumque
492 1995 621 2071 iructus,
634 1997 771 2060 redditus
786 2003 817 2058 et
828 2005 1010 2074 proventus,

260 2092 343 2166 iura,
355 2091 559 2153 obventiones
577 2098 607 2152 et
630 2091 841 2154 emolumenta
856 2090 928 2151 inde
943 2105 1012 2168 pro·

260 2185 423 2247 venientia
446 2183 542 2246 libere
565 2183 678 2264 poterit
703 2184 872 2262 percipere,
897 2184 1010 2256 levare,

260 2280 443 2352 arcendam,
466 2277 579 2351 locare,
601 2277 759 2340 dislocare.

303 2388 370 2434 ιιι.
394 2372 502 2436 Omnia
526 2373 557 2434 in
586 2371 718 2434 solutam
747 2371 908 2450 pecuniam
939 2385 1009 2432 cum

260 2466 365 2544 primo
395 2467 514 2528 redacta
542 2465 704 2542 acceperit,
726 2466 831 2526 mittet
853 2466 884 2526 in
912 2479 1011 2526 tinum

261 2558 531 2638 gazophylactum,
548 2575 604 2620 nec
627 2559 682 2636 ipsi
706 2558 895 2638 procuratori
908 2556 1011 2618 litabit

261 2653 347 2715 ultra
369 2654 432 2716 dies
454 2655 562 2716 decem
590 2653 754 2731 pecuniam
777 2653 855 2730 apud
877 2666 910 2713 se
937 2651 1010 2712 reti·

262 2761 354 2821 nere,
376 2747 523 2824 priusque
539 2745 571 2808 in
587 2744 840 2824 gazophylacium
856 2744 1008 2826 mittatur.

302 2855 356 2900 ιι.
379 2839 638 2918 Gazophylacium
656 2839 863 2902 asservabitur
879 2839 937 2900 sub
957 2854 1010 2917 po-

261 2940 374 2994 testate
400 2931 540 3008 magistri
570 2930 714 3008 liturgiae
745 2931 843 2992 tribus
873 2931 1011 2994 clavibus

260 3025 452 3100 obseratum,
474 3041 607 3102 quarum
629 3041 688 3088 una
709 3026 770 3086 ιιιι
791 3025 869 3103 apud
892 3032 1010 3102 patrem

261 3118 456 3196 generalem,
478 3117 605 3180 alteram
637 3118 772 3180 servabit
801 3118 948 3195 magister
977 3117 1011 3179 li·

261 3214 397 3290 turgiae,
422 3212 544 3273 tertiam
573 3211 721 3288 magister
749 3212 893 3275 historiae
915 3211 1009 3275 eccle-

258 3306 411 3368 siasticae.
743 3374 746 3380 ,

301 3415 368 3462 ιιι.
396 3399 520 3478 Absque
551 3399 695 3462 facultate
724 3401 818 3479 patris
843 3402 1008 3478 generalis,

260 3503 292 3558 et
325 3495 491 3573 utriusque
515 3493 653 3570 magistri
682 3511 820 3570 assensu,
847 3512 1009 3576 nunquam

258 3589 430 3667 aperietur,
449 3603 507 3649 nec
528 3587 643 3666 aliquid
658 3603 695 3649 ιι
718 3589 1010 3668 ipsogazophylacio

259 3683 462 3756 extrahetur,
486 3681 545 3742 nisi
572 3681 643 3743 inde
673 3683 862 3745 extrahenda
887 3700 1008 3746 summa

259 3793 318 3856 per
340 3773 541 3837 secretarium
562 3774 708 3837 actitetur
730 3775 761 3835 in
780 3775 858 3837 libro
880 3777 1009 3839 authen·

259 3870 324 3931 tice
340 3869 372 3930 in
386 3867 518 3946 ipsomet
540 3867 756 3946 gazophylacio
777 3869 920 3947 reposito.
938 3870 1009 3933 Ser·

260 3963 388 4024 rabitur
414 3960 506 4022 etiam
528 3960 561 4021 in
589 3961 805 4040 gazophylacio
833 3961 910 4024 liber
931 3965 1009 4026 alter

260 4054 455 4136 praebendae
466 4054 651 4117 destinatus:
676 4069 733 4116 nec
747 4071 811 4117 nou
825 4058 1007 4136 scripturae,

259 4158 292 4211 ιι
315 4153 492 4211 contractus
518 4161 590 4208 cum
617 4147 797 4210 reddituum
822 4148 1008 4214 lecatoribus

258 4241 411 4321 stipulati.

302 4351 382 4396 ιιιι.
405 4335 590 4397 Procurator
620 4334 775 4397 rationum
807 4337 882 4398 duos
911 4336 1007 4399 libros

259 4427 426 4502 custodiet,
437 4427 469 4490 in
480 4443 614 4506 quorum
630 4428 727 4492 altero
741 4439 861 4509 accepta
876 4433 1007 4507 notabit,

260 4525 294 4585 in
317 4522 377 4584 alio
399 4537 474 4583 vero
494 4537 639 4600 expensa.

302 4631 394 4679 ιιιιι.
419 4615 558 4693 Singulis
579 4619 669 4680 annis
690 4634 894 4698 expensarum
916 4622 1009 4685 ratio-

260 4727 320 4774 nes
340 4711 422 4774 dabit
436 4717 617 4791 procurator
639 4727 741 4774 coram
762 4722 848 4792 patre
870 4715 1006 4792 generali

260 4812 357 4884 atque
378 4805 546 4882 magistris.

304 4916 388 4962 ιιιι.
413 4900 519 4963 Solvet
537 4899 689 4961 academia
702 4899 834 4977 singulis
849 4902 938 4964 annis
954 4919 1008 4982 pro

261 5009 358 5055 onere
381 4993 550 5070 magisterii
572 5001 665 5072 atque
690 5009 826 5070 congrua
849 4997 1009 5072 magistro-

261 5103 347 5162 rum,
363 5087 604 5150 substitutorum
619 5087 858 5168 adiutorumque
869 5093 1009 5153 substen-

262 5184 379 5245 tatione
401 5181 486 5242 mille
502 5197 610 5242 aureos
632 5183 820 5243 monasterio
841 5181 872 5245 S.
885 5186 1006 5264 Crucis,

262 5277 452 5355 quingentos
479 5275 556 5336 circa
580 5273 696 5336 festum
718 5275 785 5338 Divi
811 5277 933 5340 loannis
955 5281 1009 5342 Ba·

263 5372 386 5450 ptistae,
408 5369 483 5430 alios
512 5368 701 5445 quingentos
723 5369 800 5432 circa
822 5369 930 5434 Natale
951 5375 1008 5436 lio-

262 5466 353 5528 mini.

304 5575 374 5620 ιιι.
398 5559 542 5621 Caeteros
564 5557 701 5621 redditus
723 5557 885 5637 impendet
905 5563 1010 5624 acade-

265 5653 326 5714 mia
342 5651 374 5714 ιι
389 5653 547 5731 emptione
570 5654 732 5726 librorum,
748 5653 781 5716 in
796 5656 1009 5733 comparandis

265 5763 321 5825 per
342 5747 491 5810 archivios
516 5749 708 5825 antiquitatis
730 5749 953 5824 monumentis,
976 5750 1009 5811 in

267 5841 464 5920 typographia
481 5841 560 5902 bene
576 5840 754 5904 instruenda
771 5843 1008 5919 characteribus,

268 5934 361 5996 etiam
391 5933 519 6011 graecis,
548 5934 714 5996 haebraicis
733 5941 836 6016 ¹atque
863 5937 1005 6015 syriacis,

374 6080 423 6128 tur.
442 6081 511 6127 Ponat.
526 6079 556 6128 de
572 6081 645 6142 drop.
660 6079 722 6128 Fide
736 6082 818 6128 Partis
833 6083 852 6130 1.
866 6082 921 6130 vol.
936 6085 976 6130 lv.

1752 548 1789 612 ty
1841 541 1894 596 An.
1908 541 1939 596 (i.
1961 541 2029 596 1759

1067 687 1179 763 quibus
1193 687 1241 748 via
1253 688 1548 766 pareturcommoda
1564 687 1736 750 academiae
1746 684 1811 747 elu-

1066 781 1481 858 consationibusvulgandtq
1493 781 1595 844 omnia
1612 780 1811 842 insumantur

1068 873 1099 935 in
1122 875 1292 936 academiae
1315 873 1482 936 utilitatem
1496 881 1526 936 et
1540 873 1732 954 protectum:
1756 890 1811 936 ne·

1068 967 1143 1030 mini
1166 967 1255 1031 liceat
1282 967 1453 1030 academiae
1473 967 1551 1029 bona
1575 966 1605 1029 in
1635 967 1708 1029 alios
1737 983 1810 1030 usus

1066 1071 1259 1125 convertere.

1104 1171 1190 1217 ιιιι
1214 1157 1268 1218 Fas
1290 1171 1353 1217 non
1374 1156 1434 1218 erit
1454 1155 1587 1233 capitulo
1599 1153 1736 1230 generali
1751 1153 1810 1214 alio

1066 1256 1209 1312 avertere
1240 1249 1455 1311 cathedrarum
1486 1247 1634 1324 redditus,
1663 1262 1720 1309 uec
1742 1245 1810 1308 illos

1067 1341 1256 1405 monasterio
1278 1341 1310 1405 S:
1335 1341 1442 1406 Crucis
1463 1342 1624 1419 deputare,
1648 1337 1739 1401 ιιιιι
1760 1337 1809 1400 ιιι

1068 1436 1273 1516 incorporare.
1290 1437 1507 1514 Quaecumque
1523 1434 1728 1514 praelatorum
1743 1431 1812 1496 red·

1066 1529 1187 1592 dituum
1211 1529 1378 1616 distractio,
1401 1528 1520 1590 etiamsi
1546 1528 1597 1590 ilat
1619 1527 1742 1604 abipso
1764 1543 1810 1588 ca·

1066 1623 1166 1702 pitulo
1187 1623 1336 1700 generali,
1361 1621 1457 1699 nulla,
1487 1637 1565 1684 cassa
1587 1620 1737 1700 irritaque
1759 1619 1811 1680 ha·

1066 1717 1186 1802 beatur.

1107 1829 1204 1876 ιιιιι
1228 1813 1348 1876 Statuta
1370 1811 1444 1872 haec
1472 1808 1671 1888 interpretari
1692 1809 1724 1870 in
1747 1825 1811 1871 aca-

1066 1908 1185 1972 demiae
1206 1905 1403 1970 commodum
1421 1903 1498 1982 patri
1510 1902 1646 1980 generali
1661 1919 1717 1980 pro
1733 1908 1809 1964 tem·

1067 2017 1139 2080 pore
1162 2000 1307 2063 existenti
1337 2007 1491 2077 tamquam
1513 1997 1703 2076 Apostolicae
1724 1994 1811 2058 Sedis

1066 2096 1206 2172 delegato
1228 2093 1331 2155 licebit
1354 2107 1496 2154 unacum
1518 2091 1732 2154 cathedrarum
1748 2105 1812 2151 ma-

1067 2190 1183 2266 gistris,
1200 2187 1278 2250 nihil
1303 2196 1405 2248 tannen
1427 2183 1550 2260 eliciat,
1565 2184 1591 2246 si
1607 2182 1658 2246 vel
1675 2200 1755 2246 unus
1770 2198 1809 2244 ιι

1042 2355 1046 2364 ,
1067 2282 1222 2360 magistris
1244 2279 1466 2344 reluctetur-
1484 2281 1596 2343 Datum
1626 2277 1811 2340 Colimbriae

1066 2377 1123 2439 sub
1145 2385 1249 2437 nostro
1275 2375 1379 2451 signo,
1395 2381 1428 2436 et
1459 2371 1561 2448 sigillo
1584 2371 1634 2433 die
1661 2370 1809 2447 vigesima

1066 2469 1212 2532 februarii
1228 2483 1309 2529 anno
1321 2467 1541 2530 incarnationis
1556 2463 1726 2528 dominicae
1742 2464 1810 2526 mil-

1067 2564 1174 2626 lesimo
1195 2561 1472 2639 septingentesimo
1499 2559 1757 2638 quinquagesimo
1778 2573 1809 2620 o·

1066 2665 1163 2718 clavo.
1188 2655 1227 2718 tl.
1253 2655 1420 2733 Episcopus
1442 2651 1673 2718 colimbriensis
1687 2683 1725 2698 -

1543 2789 1623 2850 Loco
1636 2788 1657 2866 †
1668 2785 1766 2864 Signi.

1104 2941 1174 3017 §h
1199 2939 1260 3002 Nos
1282 2942 1400 3018 itaque,
1423 2947 1584 3020 postquam
1605 2939 1808 3018 praeinsertas
1854 2948 1937 3006 supra
1960 2947 2041 2996 rotata

1065 3035 1148 3112 leges
1170 3045 1199 3098 et
1221 3034 1457 3097 constitutiones
1472 3042 1594 3096 mature
1608 3033 1741 3110 expendi
1757 3050 1808 3096 cu·
1826 3001 2041 3120 ἓξὲωξέριῖιιῷῗζ

1065 3129 1220 3204 ravimus,
1248 3128 1407 3207 cupientes
1428 3134 1459 3190 et
1488 3127 1586 3189 nostri
1614 3143 1737 3206 quoque
1758 3143 1807 3206 pa·
1826 3109 2041 3210 2?J·,{³,{,[³,⁰,¹},²,¹,¹{g

1064 3221 1200 3296 trocinii,
1216 3221 1329 3284 amoris
1350 3229 1381 3284 et
1399 3221 1636 3284 existimationis
1649 3221 1806 3299 specimen
1825 3216 2017 3298 ⁰⁰¹¹fls¹¹¹³¹¹fil¹²

1064 3315 1186 3394 aliquod
1209 3315 1379 3377 academiae
1391 3314 1568 3378 huiusmodi
1590 3313 1748 3392 praehere,
1764 3315 1808 3392 ip-

1064 3427 1175 3490 sosque
1195 3409 1374 3473 llichaelem
1406 3411 1590 3488 Episcopum
1611 3412 1649 3474 de
1671 3412 1809 3488 Congre-

1064 3507 1188 3583 gatione
1208 3521 1262 3566 sua
1284 3513 1314 3566 et
1335 3503 1461 3567 ecclesia
1481 3504 1537 3568 sibi
1553 3505 1725 3568 concredita
1741 3512 1807 3566 tan·

1065 3607 1170 3679 tepere
1191 3599 1384 3662 benemereri
1406 3603 1609 3676 pergentem,
1631 3614 1664 3660 ac
1687 3597 1808 3676 regula·

1064 3711 1113 3755 res
1141 3695 1303 3756 canonicos
1331 3691 1491 3769 liturgicus
1514 3692 1713 3766 academicos,
1738 3708 1808 3770 apo·

1063 3785 1176 3850 stolicis
1197 3786 1338 3849 laudibus
1353 3785 1617 3861 commendantes,
1634 3801 1807 3864 eorumque

1063 3882 1237 3959 singulares
1259 3896 1403 3959 personas
1417 3896 1432 3940 a
1448 3878 1607 3957 quibusvis
1628 3894 1806 3941 excommu-

1064 3976 1236 4050 nicationis,
1258 3973 1470 4053 suspensionis
1490 3981 1521 4036 ιι
1540 3972 1710 4047 interdicti,
1727 3973 1807 4035 aliis-

1063 4085 1123 4150 que
1155 4067 1364 4132 ecclesiasticis
1393 4065 1572 4140 sententiis,
1605 4066 1745 4128 censuris
1775 4074 1807 4130 et

1063 4166 1170 4246 poenis
1190 4183 1206 4226 ι
1228 4165 1296 4226 ιιιι
1317 4163 1365 4226 ιιι
1388 4163 1426 4226 ab
1447 4163 1575 4225 homine
1596 4163 1704 4242 quavis
1726 4179 1808 4225 occa·

1062 4259 1150 4321 sione
1160 4258 1210 4322 vel
1224 4273 1312 4320 causa
1323 4257 1403 4332 latis,
1416 4256 1440 4319 si
1452 4256 1564 4336 quibus
1576 4256 1807 4334 quomodolibet

1062 4354 1227 4415 innodatae
1255 4351 1404 4424 existunt,
1428 4349 1463 4411 ad
1486 4348 1632 4412 ellectum
1663 4364 1806 4427 praesen·

1064 4447 1143 4509 tium
1165 4451 1287 4508 tantum
1309 4443 1576 4521 consequendum,
1599 4442 1712 4505 harum
1727 4443 1807 4504 serie

1063 4539 1256 4603 absolventes
1285 4544 1315 4599 et
1345 4536 1497 4599 absolutas
1529 4535 1595 4600 lore
1626 4545 1805 4610 censentes,

1062 4631 1336 4712 supplicationibus
1348 4645 1454 4692 eorum
1471 4629 1599 4692 nomine
1613 4630 1701 4693 uobis
1715 4647 1807 4709 super

1062 4730 1120 4790 hoc
1134 4726 1294 4789 humiliter
1305 4725 1454 4805 porrectis
1470 4723 1621 4798 inclinati,
1638 4732 1726 4786 motu
1737 4740 1809 4803 pro·

1063 4823 1131 4902 prio
1152 4829 1183 4884 et
1204 4836 1242 4882 ιι
1264 4828 1346 4882 certa
1366 4817 1494 4880 scientia
1512 4834 1544 4878 ac
1560 4826 1679 4879 matura
1693 4818 1807 4882 delibe-

1064 4915 1183 4977 ratione
1205 4919 1307 4975 nostra
1320 4910 1428 4988 ,deque
1448 4909 1627 4987 apostolicae
1648 4912 1807 4988 potestatis

1066 5006 1270 5087 plenitudine,
1292 5003 1481 5084 praeinserta
1500 5011 1613 5065 statuta
1628 5013 1660 5065 et
1674 5003 1806 5077 decreta,

1063 5101 1141 5164 etin
1157 5101 1201 5162 eis
1216 5105 1360 5162 contenta
1376 5105 1407 5160 et
1421 5111 1563 5176 expressa
1582 5111 1806 5176 quaecumque,

1064 5205 1172 5258 tenore
1193 5191 1414 5272 praesentium,
1437 5190 1639 5269 approbamus
1654 5199 1685 5252 et
1700 5205 1807 5270 perpe·

1064 5297 1117 5352 tuo
1139 5289 1370 5360 confirmamus,
1387 5283 1509 5364 illisque
1530 5283 1717 5346 inviolabilis
1737 5300 1808 5364 apo·

1063 5381 1188 5444 stolicae
1210 5377 1365 5440 firmitatis
1387 5378 1482 5440 robur
1513 5377 1692 5452 adiicimus,
1716 5385 1809 5458 atque

1066 5476 1105 5535 ita
1127 5475 1164 5536 ab
1185 5472 1330 5534 omnibus
1361 5480 1391 5533 et
1412 5469 1557 5548 singulis,
1581 5468 1616 5530 ad
1645 5486 1721 5548 quos
1741 5487 1808 5548 spe·

1063 5573 1124 5630 ctat
1153 5575 1183 5629 et
1210 5582 1265 5644 pro
1294 5575 1433 5643 tempore
1464 5565 1722 5642 quandocumque
1742 5579 1809 5642 spe·

1062 5661 1167 5732 ctabit,
1199 5657 1418 5722 inviolabiliter
1440 5665 1471 5718 et
1497 5657 1676 5719 inconcusse
1704 5655 1807 5718 obser-

1064 5754 1129 5814 vari
1151 5753 1262 5815 debere
1283 5752 1489 5830 praecipimus
1508 5758 1538 5813 et
1560 5752 1753 5813 mandamus.

1103 5847 1122 5921 ἓ
1142 5845 1171 5907 5.
1196 5845 1432 5908 considerantes
1446 5849 1603 5922 praeterea
1616 5843 1751 5920 perutile
1765 5842 1809 5905 lo·
1840 5845 2004 5893 academicae
2018 5857 2042 5891 ι·

1063 5954 1097 6002 ιι
1118 5938 1288 6002 academiae
1315 5937 1491 6017 progressui
1519 5937 1703 6014 quantocius
1730 5936 1808 6015 typis
1826 5899 2041 6012 igssiubamss'rqauirn'
