4722 6976
329 522 383 586 An.
397 529 428 588 (l.
449 526 518 586 1814
565 521 625 595 bid

886 660 950 730 XL.

547 855 657 918 Eidem
682 854 794 920 lucani
808 853 845 916 P.
862 851 953 915 Dulce
975 853 1069 914 eleeto
1092 852 1126 914 ia
1141 851 1291 912 Patriac-

585 949 675 1011 chnrn
697 949 932 1013 Antiochenam
946 947 1091 1010 notionis
1113 944 1292 1012 Maronita-

586 1059 659 1104 rurn
681 1041 824 1117 Polliam
847 1041 992 1103 concedit
1013 1039 1070 1122 (l).

546 1227 716 1296 lienerabili
739 1227 826 1295 tratri
850 1225 950 1293 loanni
973 1225 1066 1292 llulce
1093 1221 1289 1293 patriarchae

587 1320 765 1389 Antiochen.
788 1320 917 1387 nationis
940 1319 1163 1397 Maronitarum,

756 1466 840 1535 elus
863 1464 1079 1534 [rtsoortts
1126 1485 1130 1495 ’

729 1622 838 1673 seruus
860 1620 1015 1672 seruorum
1037 1603 1104 1681 liei,

579 1703 707 1772 salutern
732 1706 764 1768 et
784 1700 980 1782 apostolicam
1004 1697 1252 1766 benedictionem.

585 1893 664 1956 ilum
687 1905 742 1952 nus
758 1889 847 1950 hodie
862 1888 1054 1965 patriarchali
1069 1886 1211 1949 ecclesiae
1226 1885 1288 1946 Au-

546 1987 677 2050 tioclren.
702 1983 835 2045 nationis
857 1981 1079 2044 Maronitarum
1099 1988 1183 2042 certo
1214 1985 1291 2041 tuuc

543 2094 687 2158 expresso
715 2075 805 2138 modo
834 2075 963 2137 Pastoris
989 2073 1097 2137 solatio
1123 2069 1288 2134 destitutae

544 2175 581 2236 de
601 2187 729 2251 persona
754 2178 803 2230 tua
826 2169 913 2229 nobis
935 2176 966 2229 et
984 2167 1214 2230 venerabilibus
1229 2165 1288 2227 ira·

542 2268 641 2328 tribus
664 2263 777 2326 nostris
796 2263 826 2325 S.
839 2261 874 2323 li.
886 2262 920 2323 E.
940 2259 1150 2324 cardinalibus
1165 2260 1204 2320 ub
1220 2266 1288 2321 tuo-

544 2375 613 2421 rum
636 2357 825 2434 exigentiam
848 2355 1033 2417 meritorum
1060 2359 1179 2430 accepta
1201 2352 1285 2414 iuuta

543 2454 703 2514 decretum
718 2451 750 2512 in
766 2447 1014 2525 congregatione
1030 2445 1213 2508 eorumdem
1228 2445 1287 2507 ira-

544 2554 627 2609 trum
655 2551 833 2606 nostrorum
865 2541 1001 2617 negociis
1026 2543 1063 2602 de
1089 2539 1286 2617 propaganda

541 2635 616 2700 Eide
636 2635 881 2716 praepositorum
903 2635 1034 2710 desuper·
1055 2641 1233 2693 emanatum
1255 2638 1286 2692 et

542 2749 597 2810 per
618 2749 672 2795 nos
693 2730 863 2791 admissum
884 2738 915 2790 et
937 2727 1150 2806 approbatum,
1168 2729 1205 2789 de
1227 2726 1285 2788 lra-

544 2836 627 2888 trum
650 2825 831 2886 eorumdem
853 2823 981 2884 consilio
1002 2821 1163 2898 apostolica
1184 2828 1285 2883 auclo-

543 2921 633 2981 ritate
655 2917 893 2997 providerimus,
924 2924 1015 2993 teque
1037 2914 1137 2977 eidem
1159 2916 1285 2993 patriar-

541 3011 620 3074 chali
639 3011 782 3073 ecclesiae
797 3011 829 3072 in
846 3009 1050 3070 Patriarcham
1066 3009 1285 3084 profecerimus

542 3116 573 3168 et
594 3108 760 3180 Pastorem,
790 3119 906 3178 curam,
934 3104 1076 3178 regimen
1103 3111 1133 3164 et
1155 3105 1285 3165 admini-

541 3201 724 3262 strationem
740 3197 833 3276 ipsius
849 3195 1056 3280 patriarchalis
1072 3196 1213 3257 ecclesiae
1231 3197 1284 3257 tibi

541 3296 575 3355 in
604 3292 815 3372 spiritualibus
841 3299 872 3351 et
901 3291 1121 3366 temporalibus
1149 3290 1285 3366 plcrrarie

541 3385 776 3459 cornmittendo‚
793 3392 885 3462 prout
900 3384 931 3445 in
955 3386 1067 3445 nostris
1089 3385 1161 3444 inite
1183 3383 1285 3444 conie-

541 3481 595 3541 ctis
619 3479 728 3540 lltterls
744 3479 864 3556 plenius
884 3479 1079 3553 continetur·;
1103 3495 1136 3538 ac
1152 3483 1284 3554 postmu-

541 3571 1046 3648 dumPallium,insigncvirlelicet
1058 3570 1283 3649 plenitudinem

541 3664 697 3742 pastoralis
722 3665 831 3738 cilicii,
857 3680 911 3742 pru
934 3673 1020 3742 parte
1041 3670 1093 3724 tua
1120 3665 1207 3724 uoltis
1229 3679 1284 3742 per

540 3759 686 3820 dilectum
701 3758 800 3820 lulium
812 3757 979 3833 Virgilium
996 3757 1147 3819 Pesaitulli
1163 3766 1283 3820 nostrae

539 3851 757 3916 consistorialis
778 3852 874 3913 Aulae
895 3850 1077 3912 advocatum
1093 3867 1126 3912 ea
1141 3867 1218 3930 quae
1232 3855 1283 3914 de·

539 3945 603 4009 cuit
618 3945 761 4008 instantia
785 3944 986 4024 postulatum,
1010 3960 1065 4006 nos
1088 3946 1149 4006 tuis
1170 3946 1284 4025 suppli-

540 4039 710 4101 cationibus
722 4047 894 4101 annuentes
908 4036 1037 4100 Pallium
1049 4039 1150 4117 ipsum
1161 4039 1198 4100 de
1209 4040 1282 4102 Cur·

540 4149 613 4213 pure
635 4131 668 4194 B.
686 4131 768 4194 Petri
790 4129 927 4208 Apostoli
948 4139 1110 4210 sumptum
1132 4147 1187 4209 per
1207 4132 1282 4196 duos

540 4242 612 4288 ven.
626 4225 736 4286 iratres
750 4229 870 4285 nostrus
882 4223 1132 4302 Arcbieplscopos
1147 4224 1196 4286 vel
1212 4226 1283 4306 Epi·

539 4335 644 4397 scopos
658 4319 690 4379 iu
705 4316 767 4378 illis
788 4317 924 4394 partibus
945 4317 1090 4393 degentes
1104 4334 1138 4378 ac
1153 4320 1283 4394 gratiam

541 4420 571 4474 et
591 4410 943 4474 communionemSedis
960 4410 1148 4489 Apostolicae
1171 4413 1283 4475 liaben-

542 4511 585 4568 tes
615 4504 669 4566 tibi
698 4503 915 4580 assignandum
945 4519 999 4582 per
1027 4503 1175 4568 dilectum
1196 4514 1227 4568 et
1249 4507 1283 4568 ll-

540 4599 618 4661 lium
640 4598 809 4661 Zaccariam
831 4597 998 4660 Arsaniam
1014 4599 1174 4662 Cardaccbi
1194 4600 1283 4664 abba·

539 4701 602 4756 tem
616 4691 792 4755 monasterii
805 4689 906 4754 Sancti
918 4693 1046 4753 Antonii
1062 4692 1282 4758 Maronitarum

540 4789 576 4850 de
591 4787 669 4848 urbe
684 4785 842 4848 Nuncium
864 4794 953 4846 tuum
968 4783 1114 4846 duximus
1128 4786 1283 4849 destinan-

1068 535 1132 590 luit.
1156 533 1248 586 PONT·
1272 534 1313 585 bit
1333 531 1363 584 P·
1386 534 1415 588 1.
1440 542 1522 592 PARS
1544 541 1565 594 l.

1347 659 1566 729 Maronitarum
1602 669 1775 748 privilegiis
1806 667 2019 735 contineatur.
2051 671 2091 735 Ut

1349 759 1444 835 igitur
1464 762 1589 837 signum
1605 781 1669 827 non
1684 765 1835 846 discrepet
1850 784 1865 827 a
1879 767 2012 844 signato,
2024 767 2089 842 sed,

1347 851 1429 930 quod
1441 857 1521 929 geris
1537 859 1684 935 exterius,
1698 853 1829 922 interius
1839 876 1944 922 serves
1960 862 1992 922 in
2003 876 2091 921 men·

1350 952 1388 1020 te,
1411 945 1637 1014 fraternitatem
1660 960 1744 1014 tuam
1767 969 1930 1017 monemus
1946 964 1976 1017 et
1991 956 2092 1019 horta·

1290 1043 1293 1048 ·
1348 1054 1419 1100 mur
1440 1047 1568 1118 attente,
1587 1053 1740 1122 quatenus
1763 1047 1971 1111 humilitatem
1992 1059 2022 1111 et
2043 1050 2090 1111 iu·

1347 1131 1474 1209 stitiam,
1491 1136 1582 1198 dante
1604 1138 1735 1199 Domino
1756 1139 1809 1216 qui
1831 1141 1882 1202 dat
1903 1141 2037 1218 praemia
2059 1151 2089 1203 et

1348 1241 1477 1288 munera
1499 1228 1660 1305 elargitur,
1676 1230 1840 1294 obseruare
1861 1232 1996 1308 studeas,
2011 1249 2090 1312 quae

1346 1336 1438 1380 suum
1459 1331 1583 1384 servant
1597 1331 1628 1385 et
1650 1333 1835 1401 promovent
1855 1333 2090 1387 servatoremac

1346 1413 1486 1475 eamdem
1517 1415 1685 1479 Ecclesiam
1716 1418 1951 1480 Patriarcbalem
1982 1420 2089 1480 Antio

1345 1507 1436 1568 cheu.
1461 1509 1593 1570 nationis
1607 1510 1827 1573 Maronitarum
1848 1528 1989 1590 sponsam
2005 1521 2090 1576 tuam

1346 1615 1434 1662 cures
1454 1601 1585 1665 sollicite
1600 1612 1725 1666 auctore
1740 1605 1871 1668 Domino
1886 1607 2090 1685 spiritualiter

1345 1701 1376 1754 et
1387 1696 1598 1773 temporaliter
1612 1708 1826 1774 augmentare.
1843 1701 1989 1776 Quocirca
2003 1716 2090 1779 prae·

1344 1785 1413 1848 latis
1435 1790 1676 1870 archiepiscopis
1697 1793 1747 1854 vel
1770 1793 1922 1872 Episcopis
1944 1810 1999 1873 per
2020 1809 2090 1873 apu-

1344 1881 1449 1944 stulica
1463 1883 1573 1962 scripta
1590 1886 1783 1962 mandamus,
1799 1893 1951 1964 quatenus
1966 1887 2021 1964 ipsi
2038 1888 2089 1949 rel

1345 1973 1421 2035 alter
1442 1991 1552 2038 eorum
1567 1978 1684 2040 dictum
1699 1978 1830 2041 Pallium
1847 1981 1931 2042 iuxta
1945 1982 2087 2044 eamdem

1344 2069 1584 2148 subsequentem
1597 2071 1726 2134 turmam
1744 2071 1798 2134 tibi
1810 2082 1920 2136 curent
1931 2090 1987 2136 seu
2000 2083 2088 2137 curet

1344 2163 1498 2240 assignare
1514 2170 1545 2226 et
1559 2181 1575 2224 a
1591 2172 1620 2225 te
1640 2174 1746 2227 nostru
1766 2173 1797 2228 et
1819 2167 1957 2228 eiusdem
1979 2167 2089 2230 liuma-

1345 2273 1401 2318 nae
1428 2257 1578 2319 Ecclesiae
1608 2259 1737 2321 nomine
1757 2259 1815 2321 sub
1843 2260 1961 2338 reliqua
1989 2260 2088 2323 iorma

1344 2349 1522 2413 huiusmodi
1544 2350 1700 2414 fidelitatis
1722 2352 1843 2414 debitae
1863 2353 1990 2416 solitum
2012 2355 2089 2416 reci-

1342 2443 1428 2519 piant
1439 2459 1493 2504 seu
1504 2444 1584 2505 ulter
1598 2459 1707 2507 eorum
1721 2446 1847 2524 recipiat
1861 2448 2086 2522 iuramentum,

1344 2536 1543 2614 eiusdemque
1557 2537 1629 2598 sica
1646 2544 1675 2599 le
1685 2539 1822 2614 praestiti
1845 2539 2013 2601 iuramenti
2029 2540 2089 2601 lor-

1344 2644 1425 2691 mam
1448 2630 1536 2691 nobis
1557 2631 1595 2691 de
1616 2631 1712 2693 verbo
1732 2631 1769 2691 ad
1789 2633 1921 2694 verbum
1944 2648 1998 2710 per
2021 2642 2087 2696 tuas

1343 2731 1478 2800 patentes
1511 2723 1628 2785 litteras
1660 2733 1714 2786 tuo
1742 2724 1841 2802 sigillo
1871 2728 2008 2788 munitas
2032 2743 2087 2804 per

1342 2817 1502 2892 proprium
1525 2818 1675 2880 nuncium
1696 2819 1904 2896 quantocitius
1932 2821 2086 2882 destinare

1344 2924 1499 2986 procures.
1524 2909 1635 2970 Forma
1658 2918 1763 2972 autem
1790 2928 1849 2988 qua
1876 2913 2002 2990 praelati
2030 2917 2088 2974 Ar-

1342 3001 1523 3079 ebiepiscopi
1547 3003 1596 3063 vel
1619 3002 1759 3081 Episcopi
1775 3004 1805 3064 in
1828 3005 2010 3080 assignando
2030 3005 2085 3066 tibi

1342 3093 1422 3156 dicto
1443 3094 1535 3157 Pallio
1558 3104 1699 3172 utentur,
1715 3097 1788 3158 haec
1803 3106 1864 3159 est:
1877 3129 1915 3144 -
1928 3098 1971 3159 Ad
1989 3100 2085 3162 hono·

1342 3205 1409 3249 rem
1431 3187 1659 3266 omnipotentis
1689 3191 1754 3264 liei,
1776 3207 1810 3252 ac
1837 3191 1946 3254 Beatae
1974 3193 2085 3255 Mariae

1342 3280 1493 3358 Virginis,
1510 3291 1540 3344 et
1557 3283 1716 3345 beatorum
1729 3284 1946 3362 Apostolorum
1958 3287 2039 3348 Petri
2054 3295 2085 3349 et

1341 3375 1439 3450 Pauli,
1455 3385 1487 3436 et
1501 3377 1622 3438 Domini
1639 3378 1738 3438 nostrl
1753 3378 1875 3440 Dumium
1891 3380 1936 3439 Pii
1953 3379 2005 3441 PP.
2017 3379 2082 3442 llll.

1341 3477 1371 3529 et
1387 3469 1514 3531 Sanctae
1530 3469 1684 3531 humanae
1698 3471 1864 3547 Ecclesiae,
1881 3489 2016 3536 necnon
2032 3473 2085 3535 Pa·

1342 3557 1673 3625 triarcbalis‘Ecclesiae
1685 3565 1867 3628 Antiochen.
1881 3567 2014 3628 nationis
2024 3566 2084 3629 Ma·

1341 3657 1515 3718 rabidarum
1528 3655 1581 3718 tibi
1597 3657 1774 3718 commissae
1791 3659 1938 3722 tradimus
1950 3661 2005 3721 tibi
2019 3661 2084 3722 Pal·

1341 3748 1416 3811 lium
1440 3751 1478 3811 de
1499 3751 1717 3828 corporelteati
1737 3751 1819 3812 Petri
1832 3761 2003 3831 sumptum,
2020 3754 2083 3832 ple·

1341 3843 1516 3906 altudinem
1538 3843 1679 3905 videlicet
1703 3846 1858 3922 pastoralis
1873 3847 1974 3922 cilicii,
1992 3856 2026 3908 ut
2046 3863 2083 3909 ao

1340 3939 1436 4000 utaris
1461 3937 1543 4000 intua
1565 3939 1724 4000 ecclesiam
1751 3945 1835 4001 tuam
1862 3941 1952 4002 certis
1974 3940 2083 4004 diebus

1339 4035 1392 4111 qui
1414 4032 1635 4108 exprimuntur
1655 4032 1689 4094 in
1711 4033 1881 4112 privilegiis
1902 4035 1930 4098 ei
1952 4037 1990 4098 ab
2004 4038 2082 4115 Apo-

1338 4127 1443 4189 stolica
1465 4126 1543 4189 Sede
1557 4127 1716 4188 concessis.
1738 4129 1897 4191 -Forma
1917 4138 2021 4192 autem
2037 4132 2082 4192 iu·

1340 4220 1473 4282 rumenti
1481 4222 1575 4374 811011
1597 4222 1761 4298 praestabis
1784 4221 1857 4284 haec
1878 4232 1940 4286 est:
1957 4255 1995 4270 -
2017 4223 2082 4301 Ego

1339 4316 1467 4377 loannes
1507 4313 1571 4376 olce
1585 4312 1756 4376 Patriarcba
1776 4316 1961 4379 Antiochen.
1985 4319 2084 4380 natio-

1340 4409 1388 4470 nis
1410 4407 1631 4471 Maronitarum
1653 4407 1690 4469 ab
1710 4410 1765 4470 hau
1786 4409 1861 4471 bora
1882 4411 1915 4473 in
1937 4421 2027 4475 antea
2049 4414 2083 4474 ii·

1340 4503 1416 4566 delis
1437 4508 1469 4564 et
1490 4503 1634 4565 obediens
1648 4517 1702 4564 eru
1718 4502 1808 4565 Beato
1826 4503 1926 4578 Petro,
1941 4505 2082 4571 Sanctae-

1340 4614 1401 4676 que
1422 4596 1612 4675 Apostolicae
1631 4595 1787 4659 Romanae
1802 4597 1952 4662 Ecclesiae
1974 4608 2005 4662 et
2026 4602 2083 4664 Do

1341 4692 1426 4753 minu
1437 4697 1544 4753 nostru
1559 4691 1686 4752 Domino
1702 4691 1754 4752 Pio
1775 4691 1872 4771 Papae
1883 4694 1945 4757 vll.
1957 4695 2084 4774 suisque

1340 4786 1565 4850 successoribus
1598 4787 1746 4850 canonice
1779 4788 1979 4851 intrantibus.
2013 4789 2082 4852 Nun

539 4883 626 4956 dum,
643 4889 678 4942 ut
700 4879 806 4954 iidem,
822 4877 1048 4956 Arcbiepiscopi
1071 4877 1121 4938 vel
1144 4879 1283 4959 Episcopi
1341 4897 1394 4941 ero
1414 4880 1447 4941 in
1476 4878 1602 4941 consilio
1623 4887 1676 4940 aut
1695 4895 1848 4943 consensu
1876 4882 1926 4944 vel
1947 4881 2026 4945 lacto
2048 4890 2083 4946 ut

538 4983 591 5036 aut
612 4989 722 5036 eorum
744 4971 821 5033 alter
842 4970 917 5032 illud
940 4969 995 5033 tibi
1014 4971 1071 5032 sub
1092 4971 1283 5051 infrascripta
1341 4973 1435 5035 uitam
1457 4973 1587 5049 perdant
1608 4973 1658 5033 vel
1680 4973 1867 5048 membrum,
1889 4991 1943 5036 seu
1964 4976 2083 5055 capian-

538 5067 637 5130 lorma
657 5067 814 5143 assignent
828 5065 878 5126 vel
898 5064 1045 5141 assignet,
1055 5072 1085 5127 et
1100 5082 1116 5126 a
1131 5073 1161 5128 te
1176 5075 1283 5129 nostro
1343 5072 1392 5127 tur
1413 5064 1489 5125 mala
1517 5064 1665 5141 captione.
1697 5064 1870 5128 Consilium
1898 5082 1973 5129 vero
2000 5068 2081 5148 quod

539 5169 569 5224 et
590 5161 745 5222 Romanae
776 5158 926 5220 Ecclesiae
953 5157 1081 5222 nomine
1109 5159 1167 5220 sub
1189 5157 1284 5222 altera
1341 5157 1417 5220 mibi
1443 5158 1591 5220 credituri
1621 5165 1694 5220 suut
1723 5173 1778 5236 per
1800 5175 1833 5220 se
1859 5168 1911 5222 aut
1938 5163 2079 5234 nuncios,

538 5253 632 5315 etiam
655 5251 864 5331 praesentibus
879 5250 995 5312 inserta
1009 5251 1107 5312 lorma
1129 5252 1283 5314 fidelitatis
1339 5267 1394 5313 seu
1407 5252 1535 5327 litteras,
1547 5253 1582 5314 ad
1595 5267 1704 5314 eurum
1718 5250 1878 5324 damnum,
1892 5270 1943 5315 me
1953 5255 2079 5331 sciente,

538 5347 657 5409 debitae
687 5347 813 5408 solitum
841 5345 990 5422 recipiant
1014 5362 1068 5407 seu
1089 5347 1216 5426 recipiat
1237 5348 1283 5410 iu·
1341 5344 1459 5406 nemini
1487 5346 1630 5423 pandam.
1664 5346 1810 5424 Papatum
1842 5345 2028 5424 Romanum,
2050 5357 2081 5410 et

538 5447 727 5503 ramentum.
759 5439 804 5501 lu
825 5445 931 5502 autem
952 5439 1046 5500 Pallio
1071 5439 1179 5503 eodem
1201 5440 1282 5503 intra
1339 5439 1452 5515 regalia
1473 5436 1576 5501 Sancti
1598 5439 1679 5501 Petri
1700 5439 1821 5502 adiutor
1843 5441 1886 5502 eis
1907 5457 1960 5503 ero
1975 5443 2010 5504 ad
2033 5457 2080 5503 re·

538 5533 650 5594 dictam
671 5533 904 5610 patriarchalem
933 5531 1093 5595 ecclesiam
1117 5540 1202 5595 tuam
1223 5534 1282 5595 illis
1340 5533 1503 5595 tinendum
1524 5540 1555 5595 et
1576 5531 1805 5595 detendendum
1828 5541 1935 5596 contra
1955 5549 2081 5597 omnem

538 5625 815 5689 dumtaxatdiebus
827 5627 923 5689 utaris
934 5625 1135 5705 quieupressi
1147 5627 1282 5706 inipsius
1340 5627 1510 5690 hominem.
1541 5625 1692 5703 Legatum
1721 5627 1911 5705 Apostolicae
1936 5627 2021 5692 Sedis
2047 5629 2080 5691 in

537 5721 745 5800 patriarchalis
768 5720 909 5784 ecclesiae
935 5719 1121 5782 Antiochea.
1148 5721 1283 5784 nationis
1340 5723 1440 5784 eundo
1462 5728 1492 5782 et
1513 5721 1671 5808 redeundo
1692 5722 1861 5784 honorilice
1883 5723 2027 5798 tractabo,
2050 5731 2081 5784 et

578 5937 607 5996 (l)
623 5937 660 5982 Ex
674 5936 764 5982 eodem
779 5937 841 5994 leeg.
856 5936 898 5982 del
911 5938 996 5994 Brevi,
1011 5938 1060 5984 vol.
1077 5941 1117 5995 ΙΙ.,
1131 5949 1188 5996 pag.
1203 5939 1235 5984 42.

2120 529 2172 590 Aa.
2185 535 2212 592 e.
2232 536 2284 600 tull
