4808 6988
361 513 415 572 An.
429 515 460 572 0.
482 513 550 572 lene
599 509 659 582 620

618 657 671 718 ius
689 651 753 718 sibi
767 667 936 733 arrogasse
952 649 1032 717 bono
1047 649 1262 714 ecclesiastico
1276 650 1324 712 in·

619 747 827 826 dependenter
847 745 885 810 oo
909 745 1073 824 Episcopis
1088 743 1323 810 administren·

618 841 662 912 di,
686 848 716 904 ct
744 839 898 920 parochos
929 838 1147 902 cortsliluendi
1177 845 1208 900 et
1239 853 1323 900 umo-

617 935 721 998 uendi.

578 1119 807 1188 llenerebilibue
829 1117 977 1186 fratribus
993 1117 1148 1186 lnbnoclo
1165 1114 1321 1184 llereobel

617 1214 851 1300 drobieplsoopo
866 1212 1086 1290 Baltimorensi,
1107 1212 1235 1294 eiusque
1257 1210 1321 1278 sul-

616 1309 774 1394 lregeneis
791 1307 1010 1392 episcopique
1026 1305 1143 1374 dilectis
1160 1304 1232 1372 lillis
1247 1309 1321 1372 len-

616 1403 768 1487 porallbue
790 1402 989 1470 eoolealerun
1017 1399 1321 1476 edministreloribua,

615 1513 654 1564 eo
675 1497 814 1566 fidelibus
830 1496 980 1564 uniuersis
994 1494 1218 1562 foederatorum
1236 1493 1321 1558 lme-

615 1592 699 1660 rioee
722 1591 947 1674 prouinciarum,

819 1776 907 1846 Plus
930 1775 990 1842 ΡΡ.
1015 1773 1072 1844 llll.

642 1965 839 2035 venerabiles
862 1965 979 2034 fretree
1001 1979 1038 2030 ao
1062 1960 1162 2030 dilecti
1185 1959 1250 2038 filii,

607 2061 736 2130 salutent
761 2065 793 2127 et
813 2058 1011 2145 apostolicam
1038 2055 1284 2126 benedictionem.

612 2253 631 2328 ἓ
656 2253 681 2315 l.
705 2251 773 2316 Non
794 2253 862 2315 sine
877 2266 989 2328 magno
1005 2249 1101 2311 animi
1123 2247 1221 2311 nostri
1236 2260 1319 2309 moe·

574 2362 645 2409 rore
659 2345 885 2422 intelleximus,
901 2343 1200 2422 Philadelpbiensem
1215 2340 1318 2404 Eccle-

572 2440 648 2502 siam
669 2439 798 2502 assiduis
819 2439 933 2503 iamdiu
955 2437 1088 2500 dissidiis
1101 2441 1132 2498 et
1145 2427 1318 2498 contentio}

573 2533 666 2595 nibus
695 2533 735 2594 ita
757 2532 879 2609 agitari,
902 2537 936 2593 ul
963 2531 1125 2594 schismata
1149 2535 1215 2592 orta
1243 2529 1316 2606 sint,

572 2641 684 2705 prestas
705 2625 833 2688 diffusae
854 2623 1024 2701 doctrinae,
1046 2643 1078 2688 ec
1101 2631 1162 2687 lota
1185 2623 1247 2701 ipsa
1268 2639 1318 2686 ec·

571 2719 660 2782 elesia
677 2719 709 2781 in
723 2717 845 2780 summi
867 2733 973 2780 rerum
995 2719 1137 2781 ommium
1160 2718 1317 2798 perturba-

573 2814 658 2876 tione
689 2819 846 2888 versetnr3
871 2811 962 2892 idque
990 2812 1107 2876 duabus
1135 2813 1316 2891 praesertim

572 2923 610 2970 ιι
625 2905 733 2983 causis,
750 2920 863 2984 nempe
884 2919 921 2967 ιι
937 2904 1043 2968 ιιιιιι
1057 2905 1229 2984 presbyteri
1243 2905 1318 2969 Gui-

572 2999 658 3064 lelmi
680 2999 785 3076 liogan
813 2999 986 3076 arrogantie
1008 2997 1195 3077 nefariisque
1222 2997 1315 3074 ausis,

571 3092 747 3155 tumeliam
763 3107 800 3153 ιι
815 3090 973 3172 potestatis
986 3092 1082 3154 ebuso
1097 3092 1314 3172 quorumdam,

570 3187 624 3266 qui
640 3183 818 3264 temporalia
833 3183 977 3247 ecclesiae
989 3184 1067 3247 bona
1083 3185 1312 3248 administrant.

570 3279 716 3343 Peruenit
736 3277 823 3341 enim
843 3277 879 3341 ad
900 3293 990 3341 aures
1008 3283 1126 3340 nostras
1147 3277 1314 3356 perditissi-

570 3387 658 3436 mum
689 3373 783 3435 istum
814 3370 1031 3448 presbyterum
1053 3369 1175 3448 flegon,
1204 3371 1315 3451 spretis

569 3475 662 3546 atque
682 3463 839 3528 subversis
860 3463 1013 3526 Ecclesiae
1035 3463 1167 3543 legibus,
1183 3465 1214 3526 in
1237 3465 1314 3530 iudi·

568 3575 636 3624 cem
650 3575 683 3622 se
696 3557 832 3620 erexisse
849 3556 1000 3620 Praesulis
1014 3559 1075 3633 suf,
1088 3572 1145 3621 nec
1159 3557 1314 3623 dubitasse

567 3652 651 3715 illins
679 3650 792 3713 famam
821 3647 961 3728 pluribus
988 3648 1175 3730 famosisque
1202 3652 1314 3714 libellis

549 3747 750 3826 dilacerare,
781 3743 887 3806 fideles
907 3759 923 3802 a
944 3743 1085 3820 legitimo
1110 3761 1166 3807 suo
1192 3744 1314 3808 Pastore

567 3847 723 3914 avertere,
746 3838 969 3918 Episcoporum
989 3836 1157 3901 concillum
1172 3841 1206 3900 ad
1222 3839 1312 3917 depo·

567 3933 708 3996 nendum
730 3931 876 3995 eumdem
898 3931 1078 3992 antistitem
1097 3931 1244 3996 advocare
1258 3949 1313 4011 per

568 4026 682 4102 literas,
699 4026 730 4088 in
750 4024 862 4104 quibus
884 4023 948 4104 ipse
970 4031 1125 4104 tamquam
1141 4027 1312 4105 snperemi-

566 4135 645 4182 nens
666 4117 862 4197 apostollcam
885 4117 920 4180 iis
943 4117 1190 4182 benedictionem
1219 4119 1311 4184 audet

565 4213 733 4292 impertiri,
754 4212 891 4291 denique
912 4210 943 4273 in
965 4213 1187 4289 possessionem
1210 4214 1312 4276 catine-

564 4306 657 4369 dralls
679 4305 833 4381 ecclesiae,
850 4304 980 4384 expulso
1002 4303 1161 4383 Episcopo,
1178 4321 1243 4369 sese
1263 4307 1309 4369 in-

565 4400 702 4462 trudere.
720 4397 788 4460 Non
805 4398 895 4460 illum
912 4397 1066 4461 bonorum
1076 4399 1232 4477 querelae,
1245 4416 1309 4464 non

564 4493 723 4556 destitutio
734 4491 927 4568 facultatum,
940 4507 1005 4554 non
1017 4493 1309 4557 excommunicatio-

564 4588 612 4649 nis
633 4601 730 4665 poena
759 4587 858 4648 eidem
880 4587 962 4649 iuste
985 4585 1022 4648 ab
1051 4585 1199 4666 Episcopo
1225 4587 1309 4650 illata

564 4681 602 4742 ub
623 4681 745 4760 incepto
766 4695 858 4743 cursu
880 4681 1038 4743 deterrere
1059 4686 1239 4758 potuerunt,
1256 4682 1307 4744 sed

562 4773 673 4851 spretis
702 4773 869 4848 omnibus,
897 4781 1088 4836 sacramenta
1117 4773 1307 4851 ministrare,

564 4865 747 4945 parochialia
770 4864 875 4928 omnia
896 4863 1003 4928 munia
1032 4881 1189 4942 exercere,
1211 4874 1243 4929 et
1263 4883 1308 4930 sa·

562 4966 717 5021 crosancle
738 4959 885 5036 mysteria
902 4959 1050 5036 sacrilego
1065 4975 1097 5020 ao
1112 4959 1230 5022 nefario
1245 4977 1308 5023 sce·

563 5053 626 5116 lere
647 5053 785 5132 quotidie
807 5052 961 5115 celebrare
976 5067 1038 5115 non
1055 5051 1219 5128 erubescit,
1236 5070 1307 5124 reus

561 5144 659 5225 palum
689 5145 816 5209 effectus
846 5146 989 5224 Corporis
1011 5152 1041 5208 et
1062 5144 1229 5224 Sanguinis
1250 5148 1307 5210 llo·

561 5239 649 5302 mini.
673 5238 862 5302 Execrabilia
883 5255 957 5301 sane
977 5245 1052 5302 suut
1074 5240 1157 5304 haec.

599 5335 619 5411 ἓ
639 5335 669 5396 2.
692 5333 778 5409 Quod
801 5349 874 5396 vero
889 5341 919 5395 et
941 5350 997 5398 nos
1010 5343 1042 5397 et
1056 5335 1236 5398 universam
1251 5337 1307 5399 Eo·

559 5428 683 5491 clesiam
697 5427 818 5490 summa
838 5441 903 5490 non
925 5428 1016 5490 modo
1034 5429 1238 5492 admiratione
1252 5432 1304 5494 sed

559 5523 652 5584 etiam
684 5521 898 5599 indignatione
926 5522 1030 5597 allicit,
1059 5521 1136 5584 illud
1168 5521 1305 5600 prolecto

558 5623 617 5692 est,
639 5618 719 5694 quod
742 5616 903 5695 presbyter
923 5617 982 5678 iste
1003 5616 1036 5678 in
1059 5623 1120 5679 tam
1143 5613 1304 5679 manifesto

558 5709 665 5784 legum
681 5709 823 5771 omniurn
837 5717 1018 5789 contemptu
1039 5710 1183 5774 invenire
1197 5717 1305 5788 potne-

558 5803 600 5862 rit
614 5816 677 5864 non
692 5817 803 5880 paucos
816 5809 994 5879 sectatores,
1011 5803 1172 5880 superbiae
1186 5813 1217 5866 et
1232 5820 1303 5866 oon·

559 5895 711 5958 tumaciae
730 5910 804 5958 suae
826 5895 965 5960 vindices
985 5913 1018 5959 ac
1038 5897 1185 5976 lautores,
1205 5899 1260 5980 qul
1274 5899 1302 5962 ei

1098 527 1164 576 lun·
1186 526 1277 576 PONE·
1302 523 1344 574 DE
1365 529 1395 574 P·
1418 525 1447 577 E.
1471 529 1553 582 PARS
1574 529 1596 580 l.

1380 651 1481 727 potius
1508 653 1693 735 (posthabita
1722 672 1757 719 ao
1781 653 1883 736 spreti
1911 655 2051 739 Episcopi
2071 677 2124 724 au-

1380 745 1533 828 ctoritute)
1543 765 1637 828 quam
1658 749 1799 827 legitimo
1813 769 1869 815 suo
1884 753 1999 816 Pastori
2016 753 2123 816 editae-

1378 857 1449 902 rere
1470 840 1649 919 maluerint,
1665 845 1712 908 oui
1729 846 1822 908 etiam
1838 845 1972 910 subsidia
1992 845 2124 910 advitae

1378 937 1637 1000 sustentationem
1668 937 1822 1016 denegare
1843 954 1907 1002 non
1930 940 2121 1004 dubitarunt.

1378 1026 1561 1091 Gravissima
1573 1029 1701 1108 quidem
1713 1032 1788 1094 haec
1799 1039 1845 1094 est
1860 1032 1972 1096 iniuria
1982 1049 2046 1096 non
2059 1049 2123 1095 mo-

1379 1120 1417 1181 do
1430 1121 1589 1202 Episcopo,
1606 1124 1658 1187 sed
1679 1127 1774 1186 etiam
1786 1125 1874 1188 nobis
1891 1141 1921 1188 ιι
1933 1126 2123 1206 Apostolicae

1378 1212 1451 1276 huic
1472 1214 1543 1278 Sedi
1565 1215 1657 1291 illata,
1679 1233 1713 1280 ac
1734 1219 1859 1296 signum
1887 1219 2066 1282 defectionis
2086 1221 2123 1282 ab

1380 1306 1533 1370 Ecclesiae
1563 1310 1728 1373 catholicae
1755 1311 1887 1387 unitate,
1910 1312 1984 1374 dum
2016 1314 2121 1375 datum

1380 1399 1416 1460 iis
1437 1419 1451 1462 a
1475 1401 1506 1466 S.
1530 1399 1608 1466 Sede
1636 1401 1793 1467 Pastorem
1821 1404 2028 1483 ignominiose
2052 1407 2121 1468 reii-

1378 1492 1476 1569 ciunt,
1493 1502 1523 1557 et
1538 1496 1715 1575 improbum
1730 1497 1903 1576 bominem,
1914 1499 1968 1578 qui
1982 1499 2019 1561 ab
2028 1499 2121 1578 ipsius

1378 1587 1530 1650 Ecclesiae
1550 1590 1772 1653 communione
1787 1593 1932 1654 rescissus
1952 1601 2011 1668 est,
2028 1593 2121 1672 impie

1376 1687 1563 1758 sequuntur,
1586 1681 1718 1744 minime
1739 1683 1962 1762 intelligentes,
1985 1702 2048 1748 non
2070 1701 2144 1774 eos¹

1378 1779 1499 1836 tantum
1520 1789 1588 1836 reos
1609 1790 1675 1838 esse
1697 1775 1750 1854 qul
1772 1775 1850 1839 mala
1872 1788 2053 1857 operantur,
2069 1782 2120 1843 sed

1376 1869 1469 1930 etiam
1484 1884 1535 1932 eos
1550 1868 1603 1948 qui
1618 1868 1736 1934 eisdem
1757 1886 1915 1934 assensum
1928 1887 2021 1935 suum
2037 1888 2121 1950 prae-

1377 1961 1462 2038 bent,
1486 1963 1602 2042 quique
1623 1963 1674 2025 rel
1695 1979 1803 2042 perse
1827 1965 1877 2028 rel
1898 1979 1953 2043 per
1973 1965 2048 2028 alios
2068 1983 2119 2030 au·

1375 2054 1500 2132 nillum,
1512 2056 1678 2120 consilium
1694 2057 1744 2120 vel
1757 2057 1893 2122 favorem
1916 2060 2025 2123 lisdem
2036 2075 2121 2139 prae·

1374 2155 1456 2210 stare
1477 2148 1606 2212 minime
1628 2149 1840 2214 reformidant.
1859 2151 2005 2230 ignorant
2026 2169 2065 2216 ne
2086 2153 2118 2229 li,

1375 2242 1456 2319 quod
1478 2241 1612 2321 Spiritus
1633 2243 1763 2308 Sanctus
1778 2245 1879 2326 posuit
1896 2247 2059 2326 Episcopus
2073 2264 2121 2310 ro·

1374 2351 1448 2414 gero
1470 2337 1638 2402 Ecclesiam
1665 2338 1736 2416 Ilei,
1758 2355 1798 2402 ιι
1818 2357 1879 2420 quo
1906 2343 2118 2422 consequitur,

1375 2431 1537 2512 Episcopus
1552 2449 1617 2496 esse
1633 2433 1736 2511 gregis
1748 2433 1860 2498 Clnristi
1872 2439 2026 2514 pastoresl
2041 2437 2118 2502 Satis

1373 2534 1477 2588 aulem
1497 2534 1694 2606 perspectum
1715 2526 1866 2606 est,quod
1888 2544 1952 2592 non
1974 2543 2048 2606 grex
2071 2547 2119 2610 pa·

1372 2628 1487 2682 storem
1502 2621 1598 2695 ducit,
1613 2623 1665 2684 sed
1686 2629 1789 2699 pastor
1810 2637 1948 2701 gregem.
1972 2624 2118 2701 ignorent

1372 2727 1423 2785 ne,
1447 2711 1674 2776 hierarchicum
1704 2715 1848 2779 ordinem
1869 2717 1910 2779 ila
1931 2717 1964 2780 in
1987 2718 2118 2782 Ecclesia

1372 2822 1438 2869 esse
1465 2806 1662 2884 institutum,
1690 2816 1724 2870 ut
1753 2809 1922 2888 presbyteri
1951 2811 2117 2892 Episcopis,

1373 2901 1512 2980 Episcopi
1533 2915 1679 2978 supremo
1709 2901 1822 2966 Christi
1851 2901 1974 2966 Vicnrio
1994 2905 2118 2969 subesse

1372 2993 1513 3070 debeant,
1536 2994 1577 3055 ita
1593 3003 1627 3057 ut
1642 2994 1802 3075 presbyter
1823 2996 1860 3058 ab
1877 2997 2037 3078 Episcopo,
2053 3015 2115 3062 non

1372 3087 1560 3167 Episcopusa
1572 3088 1754 3166 presbytero
1766 3088 1807 3151 ιιι
1821 3088 2022 3154 iudicandusf
2035 3091 2116 3171 quod

1370 3181 1395 3241 sl
1417 3179 1517 3256 lieret,
1535 3182 1629 3243 lolius
1644 3180 1798 3246 Ecclesiae
1815 3182 2027 3249 inverteretur
2041 3188 2117 3250 ordo

1370 3291 1404 3338 ac
1425 3273 1593 3354 disciplina.
1626 3274 1773 3352 ignorant
1794 3292 1851 3351 ne,
1879 3292 1942 3341 non
1966 3277 2115 3342 laieorum

1370 3383 1436 3432 esse
1447 3367 1480 3430 in
1491 3368 1700 3431 ecelesiasticis
1716 3369 1834 3433 iudiciis
1848 3386 1916 3434 sese
1929 3371 2113 3449 immiscere,

1370 3478 1447 3540 quae
1469 3461 1625 3540 Episcopis
1646 3471 1802 3526 reservata
1824 3471 1916 3542 sunm
1938 3473 2114 3546 propterea-

1370 3572 1431 3634 que
1444 3555 1512 3617 illos
1528 3555 1646 3618 nullam
1661 3555 1694 3619 in
1710 3559 1799 3620 causa
1819 3559 1993 3636 presbyteri
2007 3559 2113 3639 llogan

1369 3647 1483 3710 habere
1511 3654 1646 3729 partem,
1669 3649 1721 3712 sed
1743 3657 1864 3714 lantum
1894 3652 2041 3731 Episcopo
2063 3655 2114 3716 ob-

1371 3749 1543 3820 temperare
1564 3741 1725 3806 debuisset
1747 3744 1893 3821 ignorant
1917 3761 1958 3808 ne
1977 3744 2112 3826 denique

1369 3843 1433 3900 octe
1454 3835 1569 3912 ommia,
1592 3853 1670 3916 quae
1691 3836 1745 3900 ille
1765 3838 1912 3916 sacrilege
1940 3856 1974 3901 ec
1995 3847 2113 3905 temere

1367 3938 1503 4006 exercet,
1533 3929 1619 3992 nulla
1650 3946 1773 4010 prorsus
1797 3939 1890 4011 atque
1915 3932 2004 3996 irrita
2026 3938 2112 3997 essef

1368 4022 1456 4085 llisce
1476 4030 1579 4086 antem
1602 4026 1767 4104 perspectis
1781 4026 1926 4090 omnibus
1946 4027 2052 4105 probe,
2068 4029 2113 4093 di·

1367 4116 1440 4178 vind
1462 4115 1632 4194 opitulante
1654 4116 1919 4194 malfetanorum
1939 4135 2110 4199 speramus,

1368 4215 1413 4285 ut,
1430 4209 1483 4288 qui
1507 4209 1628 4272 inscitia
1649 4209 1699 4272 rel
1721 4225 1827 4274 errore
1848 4211 1948 4275 eidem
1968 4213 2110 4278 adbaese-

1366 4312 1446 4378 rant,
1467 4311 1499 4366 et
1521 4302 1610 4365 malis
1632 4302 1716 4366 illius
1742 4304 1859 4367 artibus
1880 4306 1999 4370 seducti
2024 4317 2109 4386 sunt,

1365 4398 1470 4474 agniti
1495 4411 1581 4460 nuno
1606 4399 1736 4460 veritate
1764 4396 1800 4460 ad
1827 4408 1942 4462 rectam
1967 4401 2110 4465 semitam

1365 4492 1468 4554 redire
1496 4491 1655 4566 festinent,
1684 4498 1715 4552 et
1739 4491 1777 4552 ab
1803 4492 1899 4572 impio
1928 4495 2055 4558 immine
2075 4497 2107 4558 ln

1366 4592 1524 4664 posterum
1545 4583 1714 4660 diligenter
1734 4601 1856 4661 carere,
1878 4601 1930 4661 ne,
1952 4586 2042 4650 illum
2063 4605 2108 4650 se·

1365 4684 1494 4754 etentes,
1524 4678 1686 4758 participes
1708 4677 1783 4740 liunt
1812 4678 1999 4744 delictorum
2029 4683 2107 4759 eins,

1363 4786 1398 4834 ac
1419 4787 1482 4835 non
1503 4770 1654 4849 effugiant
1675 4772 1792 4834 iustum
1813 4772 1962 4836 iudicium
1982 4774 2048 4837 Dei.

1404 4865 1423 4942 ἓ
1443 4863 1473 4927 3.
1496 4864 1638 4929 Alterum
1653 4873 1699 4928 est
1713 4865 1796 4945 quod
1810 4865 1962 4930 assiduam
1983 4869 2107 4945 praebet

1364 4959 1496 5024 dissidiis
1510 4966 1541 5022 ιι
1554 4959 1806 5023 contentionibus
1827 4976 1960 5036 causam,
1983 4976 2046 5024 non
2060 4978 2108 5024 so-

1363 5051 1430 5115 lum
1452 5052 1692 5133 Philadelpbiae,
1714 5054 1767 5117 sed
1795 5055 1887 5117 etlam
1909 5054 1941 5116 in
1966 5055 2106 5133 pluribus

1363 5145 1430 5207 allls
1451 5143 1614 5208 foederatis
1628 5148 1789 5210 Americae
1803 5147 1981 5226 provinciis,
1998 5151 2106 5212 immo·

1363 5239 1467 5303 dicum
1488 5239 1606 5304 scilicet
1627 5247 1718 5319 atque
1733 5241 1936 5305 effraenatnm
1950 5244 2010 5320 ius,
2025 5245 2105 5322 quod

1362 5334 1475 5396 aeditui
1496 5335 1563 5396 sive
1593 5334 1812 5412 temporalium
1841 5336 1992 5400 Ecclesiae
2012 5337 2105 5400 bono

1361 5442 1433 5492 rum
1455 5427 1718 5490 administratores
1731 5429 1789 5492 sibl
1804 5429 1961 5493 vindicare
1983 5445 2106 5510 praesu-

1361 5531 1453 5586 munt
1476 5523 1722 5600 independenter
1735 5524 1865 5586 omnino
1885 5524 1923 5588 ab
1938 5523 2101 5603 Episcopis.

1360 5617 1393 5678 ld
1414 5616 1539 5696 quidem
1562 5616 1621 5678 nisi
1644 5617 1853 5680 moderatione
1868 5617 1971 5698 ulique
1993 5619 2106 5683 limite·

1361 5718 1423 5786 tur,
1446 5718 1593 5790 perpetua
1615 5726 1680 5772 esse
1701 5711 1815 5788 poterit
1833 5711 1986 5774 abusuum
2001 5722 2031 5774 et
2045 5713 2104 5774 dis·

1358 5805 1534 5867 cordianum
1555 5804 1652 5881 origo.
1676 5803 1783 5882 ltaque
1802 5819 1976 5868 memorare
1991 5805 2104 5869 debent

1359 5896 1487 5975 aeditui,
1509 5898 1587 5978 bona
1609 5913 1688 5976 quae
1705 5897 1741 5960 ad
1756 5898 1900 5962 divinum
1913 5900 2032 5962 cultum
2047 5915 2104 5962 nec

2153 519 2204 579 An.
2216 527 2241 581 0.
2257 531 2306 591 leue
