4750 6980
959 586 1029 632 exus
1051 587 1099 631 rr.
1123 583 1165 630 rr.
1685 581 1687 588 ⁴
1753 560 1811 624 385

293 708 415 784 Quando
429 708 515 770 enim
533 725 673 787 unquam
688 707 723 770 ad
738 707 895 770 facultates
918 704 1033 768 missio·
1087 719 1189 782 neqae
1210 702 1244 765 ad
1269 710 1338 766 taae
1358 703 1547 766 auctoritatis
1568 701 1728 777 invidiam,
1747 699 1830 761 missi

295 799 386 863 uariis
402 807 433 862 et
448 799 576 864 llicarils
600 800 770 879 impertitas
785 798 923 877 propriae
946 805 977 861 et
991 797 1032 860 le·
1087 797 1124 859 ah
1144 797 1200 860 hac
1220 796 1390 875 Apostolicd
1411 796 1490 860 Sede
1519 794 1650 874 operarii
1672 804 1739 858 tuas
1761 809 1832 870 sup

295 893 416 972 gitimae
436 893 640 957 iurisdictioni
662 892 876 972 praeferendas
894 907 961 952 sese
976 906 1033 952 un·
1088 891 1208 969 pientes
1237 890 1319 952 vices
1340 890 1371 951 in
1394 890 1458 952 istis
1486 889 1702 952 remotissimis
1730 887 1828 964 regio·

294 1001 383 1068 qaam
406 987 540 1062 induxit,
557 986 615 1048 nisi
635 988 774 1050 extremi
795 988 829 1048 ad
852 988 908 1048 hoc
930 999 1033 1047 neccs-
1088 984 1179 1049 nibus
1193 990 1338 1062 spargant
1353 981 1513 1059 Evangelii
1529 981 1658 1056 semina,
1675 980 1830 1058 fidemque

294 1081 377 1142 sitate
399 1083 520 1142 coactat
542 1081 635 1142 Porro
658 1096 697 1142 ne
719 1079 795 1142 illud
817 1079 943 1158 quidem
965 1078 1033 1144 'libi
1087 1077 1284 1152 catholicam,
1317 1093 1409 1155 qaam
1441 1076 1587 1138 latissima
1618 1073 1685 1137 lieri
1714 1081 1828 1152 potest,

295 1187 356 1234 esse
377 1171 469 1234 debet
495 1170 741 1250 inexploratum,
765 1171 898 1234 doluisse
918 1187 974 1232 nos
995 1187 1034 1232 ex
1088 1169 1261 1248 praedicent
1283 1178 1374 1248 atque
1402 1169 1551 1232 dilatent?
1572 1170 1697 1232 Frustra
1726 1177 1829 1230 autem

295 1265 405 1340 animo,
428 1280 526 1344 quum
555 1266 693 1344 primum
715 1281 753 1326 ex
776 1265 872 1327 literis
902 1264 962 1325 tuis
981 1280 1034 1326 aa·
1088 1263 1125 1324 de
1139 1261 1505 1340 quibusdamcalumniis
1519 1280 1552 1324 ac
1567 1263 1655 1338 dolis,
1673 1270 1829 1340 tamquam

295 1358 447 1433 divimus,
480 1359 597 1422 iterum
633 1358 877 1422 iurisdictionem
912 1357 1034 1420 Goauae
1088 1357 1126 1418 de
1146 1357 1281 1418 subortis
1302 1357 1508 1418 offensionum
1539 1358 1635 1420 causis
1658 1357 1740 1418 iuter
1768 1358 1830 1418 hn-

295 1451 376 1516 Sedis
398 1451 498 1514 edicto
519 1451 726 1514 londinensis
748 1453 858 1516 Carne
880 1467 916 1512 ex
931 1449 1032 1512 insula
1088 1449 1154 1526 glos
1175 1460 1206 1512 et
1226 1449 1401 1526 Lusitanos,
1423 1447 1458 1510 ad
1481 1466 1537 1512 nos
1557 1450 1765 1529 conquereris.
1778 1451 1831 1513 Ni-

295 1545 457 1608 Bomhainl
487 1545 618 1608 ablatam
645 1545 748 1609 luisse.
782 1544 929 1622 Quodque
960 1543 1033 1606 haec
1088 1542 1130 1604 hil
1153 1543 1238 1604 enim
1260 1545 1294 1606 ad
1317 1559 1373 1604 nos
1393 1544 1506 1606 attinet
1527 1559 1577 1605 eas
1592 1559 1777 1620 cognoscere
1799 1551 1830 1606 et

295 1639 396 1702 dolens
407 1637 442 1700 ad
455 1653 511 1700 nos
526 1639 739 1718 perscripseris
753 1639 951 1716 gemitusque
965 1647 1033 1700 tuos
1087 1636 1287 1714 investigare,
1309 1653 1407 1714 quum
1430 1646 1552 1701 tantum
1580 1640 1677 1702 nostri
1700 1639 1740 1702 sit
1762 1655 1829 1701 mu·

295 1733 327 1794 ad
341 1733 419 1795 hanc
432 1731 464 1795 S.
480 1730 592 1796 Sedem
606 1732 762 1808 effuderis,
775 1740 931 1810 acceptum
944 1729 1032 1792 valde
1087 1730 1170 1792 neris
1192 1730 1330 1793 catholici
1360 1732 1463 1808 gregis
1488 1733 1568 1795 bono
1590 1742 1683 1812 atque
1712 1734 1831 1796 incola·

296 1832 477 1903 gratumque
498 1824 567 1887 luit.
584 1825 730 1888 Maximus
751 1828 836 1888 enim
851 1823 963 1902 gratias
978 1823 1032 1884 tibi
1087 1823 1197 1899 nitati,
1215 1834 1364 1902 quantum
1381 1823 1507 1902 quidem
1529 1825 1560 1888 iu
1584 1826 1671 1888 nobis
1686 1835 1743 1903 est,
1759 1845 1831 1892 con·

296 1917 524 1996 profitebimur,
551 1919 807 1998 quotiescumque
832 1923 951 1995 partem
980 1915 1032 1978 ali·
1086 1917 1188 1980 sulere
1209 1935 1241 1980 ac
1262 1919 1435 1996 providero.
1458 1922 1649 1998 Quapropter
1663 1922 1687 1983 si
1705 1922 1759 1983 tibi
1775 1922 1830 1984 im·

295 2027 382 2091 quam
397 2011 586 2091 Apostolicae
602 2019 724 2074 nostrae
742 2010 947 2074 solicitudinis
962 2009 1033 2072 sub-
1086 2017 1246 2089 posterum
1267 2027 1322 2090 per
1343 2013 1459 2090 Anglos
1484 2019 1665 2091 potestatem
1690 2023 1773 2076 tuam
1796 2016 1828 2078 in

296 2105 392 2167 letare
412 2107 579 2168 studueris.
598 2104 715 2167 Veram
736 2106 817 2184 quod
832 2103 923 2182 petis,
938 2111 984 2179 ut,
1003 2110 1031 2164 te
1086 2104 1188 2166 insula
1204 2105 1368 2167 Bombaind
1384 2121 1530 2170 exercere
1544 2105 1658 2182 licebit,
1674 2115 1746 2170 tunc
1761 2108 1830 2171 nul-

295 2199 327 2261 ah
346 2198 457 2276 buglis
479 2199 587 2274 eiecto,
610 2213 666 2260 nos
687 2199 778 2260 etiam
801 2197 958 2260 vicarium
977 2212 1031 2257 uo·
1086 2197 1132 2260 lus
1153 2197 1231 2260 alius
1252 2206 1373 2277 praeter
1396 2208 1425 2263 te
1446 2208 1548 2278 pastor
1569 2200 1682 2263 ibidem
1698 2218 1764 2264 esse
1779 2204 1829 2264 de·

294 2301 388 2356 strum
411 2291 585 2356 Victoriam
608 2292 789 2372 Episcopum
812 2291 979 2364 eliciamus,
1002 2290 1031 2352 id
1085 2291 1179 2353 bebit.
1205 2291 1307 2354 Donec
1334 2298 1437 2356 autem
1462 2292 1489 2354 id
1512 2293 1613 2373 ipsum
1644 2310 1706 2357 non
1728 2295 1828 2371 liceat,

295 2385 443 2449 ecaritate
456 2385 620 2448 christiani
633 2393 726 2464 atque
739 2401 755 2446 a
769 2384 884 2447 iustitid
904 2383 1032 2446 omniuo
1085 2383 1120 2444 ad
1143 2400 1198 2446 nos
1218 2401 1290 2447 cara
1313 2386 1503 2462 devolvitur,
1527 2403 1567 2449 ne
1591 2403 1664 2450 oves
1686 2388 1827 2450 viduatae

295 2481 441 2542 alisonum
471 2480 667 2542 arbitramur.
696 2479 783 2542 Tunc
811 2478 895 2540 enim
923 2493 1031 2538 rursus
1086 2478 1256 2556 pastoribus
1279 2479 1492 2555 ingemiscant,
1515 2481 1637 2543 etavii
1659 2481 1829 2545 salutisab·

295 2574 528 2636 Bombainenses
555 2575 622 2638 sine
649 2582 770 2655 pastore
796 2592 829 2638 aa
855 2577 932 2638 duce
959 2589 1031 2637 oves
1086 2578 1202 2633 errent.
1237 2572 1366 2634 Minime
1397 2573 1589 2649 dubitamus,
1618 2591 1690 2638 ven.
1721 2574 1828 2651 irater,

296 2667 403 2730 misere
432 2677 571 2732 errantes
594 2669 653 2732 sub
681 2669 869 2733 heterodoxo
899 2669 1032 2746 imperio
1086 2665 1160 2744 quin
1182 2667 1246 2744 ipse
1261 2682 1297 2728 eo
1312 2666 1443 2745 excipias
1458 2668 1561 2730 animo
1576 2668 1714 2746 responsi
1736 2668 1829 2731 haias

295 2772 500 2828 remanerent.
524 2761 636 2827 Nonne
658 2779 730 2824 vero
755 2771 821 2826 tute
842 2763 906 2840 ipse
928 2761 1031 2824 lateris
1086 2760 1184 2822 nostri
1205 2775 1326 2836 sensus,
1343 2777 1404 2839 quo
1419 2775 1475 2822 uos
1490 2760 1564 2824 illud
1580 2762 1826 2841 perscripsimus,

296 2856 476 2936 Episcopum
490 2855 675 2932 Victoriam,
690 2859 796 2921 statim
812 2875 844 2921 ac
858 2856 1031 2936 spirituales
1085 2852 1121 2914 ad
1142 2855 1316 2917 animarum
1348 2854 1464 2916 scilicet
1491 2862 1561 2917 tuae
1591 2855 1662 2919 fidei
1687 2855 1829 2917 commis·

1861 557 1915 613 An.
1929 559 1959 612 0.
1982 555 2050 610 mot

295 2951 410 3013 insulae
438 2949 575 3014 habenae
596 2967 612 3011 a
635 2960 664 3014 te
685 2960 860 3030 resumptae
888 2951 1029 3026 luerunt,
1084 2964 1188 3009 sarum
1210 2948 1341 3011 salutem
1355 2948 1557 3025 singulariter
1579 2949 1776 3030 respiciente,
1793 2949 1830 3013 ti·
1919 3023 1923 3034 Ι

295 3044 327 3106 ab
346 3044 430 3106 omni
452 3043 603 3108 Ecclesiae
625 3046 779 3122 regimine
793 3061 918 3123 prorsus
939 3045 1030 3107 desti·
1087 3043 1177 3122 bique
1192 3059 1252 3107 una
1264 3052 1409 3121 paternae
1424 3043 1659 3106 benevolentiae
1673 3045 1783 3123 pignus
1798 3062 1830 3106 e·

296 3139 377 3201 tissel
399 3139 442 3202 Te
455 3139 521 3217 ipso
535 3139 631 3216 igitur
645 3139 824 3216 confitente,
842 3145 926 3201 taam
941 3137 1031 3200 iuris·
1085 3135 1237 3213 largiente
1251 3137 1445 3216 apostolicam
1461 3136 1721 3214 benedictionem,
1733 3156 1826 3218 quaxn

296 3233 456 3296 dictionem
479 3231 632 3295 Victorias
658 3247 818 3311 nunquam
839 3232 894 3294 tibi
916 3231 1029 3310 praeri-
1084 3231 1160 3292 item
1181 3231 1214 3293 in
1243 3231 1422 3293 divinorum
1451 3246 1621 3293 munerum
1646 3233 1827 3310 auspicium,

207 3359 210 3366 ·
295 3329 370 3406 puit,
399 3327 453 3390 sed
481 3343 565 3405 eam,
594 3345 652 3407 qua
678 3327 769 3389 modo
799 3344 895 3403 cares,
918 3326 1029 3389 vicarii
1085 3333 1120 3386 at
1142 3325 1208 3400 tibi,
1231 3325 1272 3387 ita
1294 3324 1343 3385 isti
1359 3324 1505 3385 aniverso
1526 3324 1614 3401 gregi
1636 3323 1789 3404 impertiri
1812 3345 1828 3388 a

295 3421 392 3484 nostri
422 3430 571 3498 potestate
602 3422 808 3497 administrat,
837 3421 934 3484 donec
961 3437 1029 3484 eam
1083 3418 1171 3481 nobis
1193 3434 1231 3481 ex
1252 3417 1365 3480 intimo
1385 3417 1477 3478 corde
1497 3416 1631 3480 volimus
1652 3418 1822 3482 existimes.

293 3517 391 3580 denuo
412 3515 536 3594 adipisci
557 3532 661 3594 queas.
685 3515 749 3577 Cur
763 3523 866 3578 autem
882 3514 911 3577 id
927 3516 1028 3594 ipsum
1124 3515 1235 3575 Datum
1249 3510 1374 3587 Romae,
1390 3511 1469 3590 apud
1485 3510 1516 3574 S.
1535 3511 1674 3588 Petrum,
1696 3513 1754 3575 sab
1775 3531 1827 3578 an-

293 3611 377 3680 nalis,
399 3627 433 3672 ac
454 3609 578 3673 nullum
599 3611 713 3687 potius,
729 3611 753 3670 si
777 3618 809 3671 tu
825 3625 891 3672 esse
906 3611 1027 3690 nequis,
1084 3608 1159 3671 nulo
1181 3606 1340 3668 Piscatoris
1361 3605 1410 3667 die
1432 3619 1525 3666 xxxix.
1549 3605 1610 3666 ian.
1630 3621 1825 3684 naccxcur,
1856 3608 1859 3614 ‘

290 3704 322 3765 in
341 3703 444 3767 lusuld
471 3703 638 3766 Bombaind
665 3703 849 3766 catholicum
876 3712 1027 3783 pastorem
1083 3702 1278 3781 pontificatus
1300 3698 1397 3761 nostri
1419 3713 1502 3759 anno
1517 3713 1608 3760 xvrxx.

289 3814 353 3860 esse
374 3797 549 3861 desideresl
575 3797 731 3878 Numquid
761 3814 835 3876 ergo
858 3815 911 3879 per
933 3808 963 3862 te
985 3799 1030 3861 di-

288 3894 370 3954 visus
392 3898 439 3953 est
460 3890 617 3967 Christus,
641 3909 673 3954 ac
694 3893 765 3971 qnia
791 3893 1029 3957 Bombainenses

285 3985 491 4049 iurisdictioui
502 3987 726 4065 Archiepiscopi
739 3987 834 4050 Goani
847 4003 955 4066 parere
965 4005 1029 4051 uon
1400 3985 1403 3993 ⁴
1416 3982 1492 4046 GV!-

284 4087 429 4157 possunt,
452 4095 503 4142 eos
531 4080 618 4142 omni
650 4080 832 4144 christianae
860 4081 1030 4158 Religionis

284 4177 397 4256 pabulo
412 4177 576 4239 destitutos
590 4175 702 4239 idcirco
717 4193 782 4239 esse
796 4178 926 4256 paterist
946 4178 1027 4242 Num
1084 4175 1230 4238 instante
1251 4189 1321 4252 repe
1349 4172 1506 4236 catholico
1533 4179 1731 4252 seponantur
1756 4191 1829 4253 pro-

282 4287 327 4332 ne
341 4271 452 4349 aliquis
467 4269 719 4349 Archiopiscopus
734 4271 855 4334 Goanas
871 4288 925 4352 pro
939 4274 1029 4334 Bom·
1122 4267 1247 4330 vinciae
1279 4267 1469 4330 clericorum
1500 4268 1705 4348 regularium
1733 4271 1826 4333 mini·

280 4363 483 4427 balnensibus
504 4365 670 4426 crucifixus
685 4373 742 4439 est,
758 4373 810 4427 aat
825 4365 858 4427 ia
877 4365 961 4427 illias
976 4381 1029 4428 no·
1122 4363 1303 4423 strennum
1331 4360 1470 4440 infirmis
1492 4361 1528 4422 in
1555 4362 1711 4440 Hispania
1732 4371 1827 4442 atquc

280 4457 371 4519 mine
392 4457 554 4536 baptizatit
582 4459 682 4536 litque
703 4457 743 4521 ita
773 4458 899 4537 quidem
923 4460 1028 4522 Corin·
1123 4457 1267 4520 Ameriae
1295 4455 1468 4516 existentes
1497 4472 1517 4518 o
1545 4471 1672 4532 corpore
1700 4473 1827 4538 conpre-

281 4551 365 4613 thios
388 4551 562 4628 increpabat
578 4551 741 4629 Apostolus
756 4551 879 4628 Paulus,
896 4568 932 4615 eo
947 4555 1027 4632 qaod
1122 4549 1274 4629 potiottt's,
1298 4564 1335 4611 ac
1361 4548 1538 4626 eriguntur
1559 4547 1594 4610 in
1616 4565 1729 4613 novam
1756 4566 1826 4614 oon-

278 4643 444 4707 scbismata
466 4643 548 4705 inter
562 4660 613 4706 eos
627 4653 741 4722 essem,
757 4653 847 4724 atque
864 4648 1029 4726 unusquis·
1122 4643 1350 4722 prepotiancm.

279 4753 342 4816 que
364 4739 497 4800 diceret:
524 4738 589 4817 Epo
610 4753 681 4800 snm
705 4739 814 4810 Pauli,
838 4756 891 4820 eqo
920 4748 1027 4803 antem

281 4829 404 4908 Apatto,
418 4847 471 4910 epo
485 4845 557 4892 uero
577 4830 706 4908 Cophos.
731 4830 857 4909 optabat
879 4834 975 4908 enim,
993 4841 1028 4897 at
1335 4812 1422 4881 9¹⁰3
1443 4813 1504 4917 Pp·
1529 4813 1575 4882 Ἠ·

281 4925 473 5004 quicumque
501 4923 663 5002 Evangelii
692 4939 798 5003 artico
825 4934 916 5001 esset,
939 4925 1029 4989 dum·
1201 4935 1238 5002 ad
1260 4942 1433 5021 perpetuen
1459 4937 1502 5005 rei
1524 4940 1704 5008 honoriam.

282 5019 374 5082 modo
405 5016 564 5081 Christum
591 5018 794 5095 praedicaret,
817 5020 854 5081 ab
883 5020 1028 5082 omnibus

283 5111 396 5190 absque
417 5109 480 5174 ulld
502 5111 654 5174 divisione
674 5113 870 5190 exciperetur
891 5123 921 5176 et
944 5115 1027 5176 audi·
1122 5115 1140 5190 ἓ
1163 5115 1190 5176 l.
1220 5115 1411 5192 Apostolicae
1441 5114 1526 5179 Sedis
1556 5120 1731 5194 auctoritas,
1765 5137 1824 5198 qua

284 5211 380 5266 retur.
403 5204 594 5283 Quapropter
608 5205 640 5266 in
657 5205 836 5285 Epistoliad
853 5206 1027 5286 Philippen-
1083 5208 1222 5270 universi
1242 5209 1382 5271 catholici
1409 5211 1491 5272 orbis
1513 5212 1646 5274 consulit
1674 5212 1823 5290 lelicitati,

284 5316 330 5361 ses
350 5299 469 5378 inquit:
497 5296 633 5373 Qttdcm
654 5317 693 5360 ecc
716 5301 916 5368 contentione
934 5300 1026 5363 Chri·
1081 5301 1299 5378 religiosorum
1320 5302 1465 5365 ordinum
1495 5305 1654 5368 commodo
1683 5315 1713 5368 et
1744 5315 1826 5369 tran-

285 5397 370 5454 stan
384 5392 588 5455 contrutinet
605 5407 669 5452 non
684 5393 817 5463 sincere,
835 5393 1027 5458 cctsttmnn-
1081 5395 1227 5475 quillitati
1241 5397 1282 5458 sic
1296 5413 1419 5475 semper
1434 5401 1600 5477 prospexit,
1617 5407 1651 5462 at
1666 5415 1700 5462 ea
1720 5402 1824 5463 omnia

288 5493 329 5548 tes
343 5503 374 5547 sc
388 5500 574 5562 pressuram
594 5487 756 5547 suscitare
777 5487 918 5549 vinculis
934 5489 1023 5550 nats.
1081 5492 1261 5568 opportunis
1275 5493 1398 5555 sancitis
1413 5493 1533 5569 legibus
1547 5495 1730 5569 decreverit,
1747 5511 1824 5574 qaae

290 5579 367 5653 Quid
398 5579 503 5640 enimi
534 5579 619 5640 Datin
641 5579 726 5641 omni
754 5580 856 5651 inodo,
885 5582 950 5643 cicc
970 5598 1027 5659 per
1081 5585 1115 5645 ad
1138 5585 1264 5648 illorum
1292 5587 1433 5664 regimen
1463 5596 1554 5666 atque
1577 5589 1823 5654 incolumitatem

286 5673 487 5742 occasionem,
510 5672 576 5732 rice
597 5673 847 5749 pervertentem
875 5674 1025 5738 Christus
1080 5680 1222 5741 conierre
1243 5679 1274 5742 in
1298 5681 1428 5743 Domino
1450 5683 1621 5745 videretur.

288 5765 515 5835 annuistictnr,
530 5771 559 5826 ct
575 5765 610 5826 in
625 5763 681 5825 boc
695 5766 827 5844 pendeo,
840 5767 893 5830 sed
907 5775 936 5829 et
946 5785 1025 5847 potc-
1119 5773 1138 5848 5
1159 5773 1187 5836 2.
1213 5772 1318 5852 Nuper
1338 5773 1491 5852 siquidem
1507 5791 1562 5854 pro
1576 5784 1662 5855 parte
1676 5779 1824 5840 carissimi

287 5857 365 5922 dabo.
388 5859 508 5934 Quanto
536 5859 633 5935 magis
655 5866 685 5918 et
706 5865 740 5920 ta
762 5862 895 5935 gaudere
920 5862 1023 5938 debes,
1080 5866 1111 5928 in
1134 5867 1255 5929 (llrristo
1286 5867 1340 5929 lilii
1363 5868 1460 5930 nostri
1484 5868 1585 5931 Karoli
1607 5869 1821 5947 Hispaniarum

285 5967 352 6016 ven.
376 5952 487 6028 irater,
514 5955 593 6031 quod
617 5969 680 6015 non
705 5952 742 6014 ad
769 5957 1024 6033 contentionem,
1079 5959 1160 6036 regis
1182 5957 1321 6022 catholici
1343 5959 1517 6039 expositum
1544 5959 1612 6036 luit,
1637 5962 1822 6038 argentissi-

385 6101 438 6150 tur.
455 6101 523 6148 Pont.
539 6099 569 6147 de
585 6101 658 6163 Prop.
674 6099 736 6152 Fide
750 6101 831 6150 Partis
846 6106 865 6154 t.
879 6105 932 6151 Vol.
948 6105 986 6153 lv.
1691 6113 1717 6158 ta

1871 5125 2039 5172 Prooemium.

1854 5781 1983 5837 Expositio
2003 5793 2056 5840 pre·

1842 5844 1900 5880 cum
1928 5839 2054 5892 porrecta-

1841 5898 2000 5990 tliidof⁰⁸⁰
2015 5901 2055 5940 ⁰³·
