1421 1946
132 255 133 266 2
145 251 161 263 tu.
165 249 176 262 c.
185 246 215 261 1⁷8⁰

152 352 219 368 „maj-iar

144 367 197 396 Tm?
205 369 219 378 ³

153 846 178 856 111111
184 845 219 856 111119-

144 859 219 883 πωπω-ων.

564 249 599 261 NUS
610 250 635 261 ΙΨ.
647 250 668 262 Vt.

228 280 259 295 riae
270 279 351 295 'theresiae
361 279 425 299 reginae
432 279 522 299 apostolicae
532 279 601 295 facienda

229 303 244 319 in
255 303 353 319 necesitates
363 303 412 323 ipsius
422 303 495 319 dioecesis
504 302 602 319 Varadiensis

228 327 285 346 erogati
296 327 389 342 extiterunt.

247 350 257 369 s
266 350 281 365 4.
294 350 315 366 Ac
325 350 395 369 demum.
407 350 521 366 recensioribus
529 350 602 370 tempori-

228 374 256 389 bus
266 377 285 389 ex
296 374 350 389 iisdem
357 373 457 389 residualibus
464 374 549 389 redditibus
556 376 602 393 quota

228 397 291 416 triginta
304 399 372 417 quatuor
381 397 449 413 millium
460 397 533 413 ssorenor.
548 397 567 412 ah
577 401 602 412 eo·

228 421 262 436 dem
274 421 349 440 Episcopo
357 421 373 436 in
381 424 441 440 capsam
448 421 489 441 piam
498 421 555 441 pariter
562 424 602 436 nun-

227 445 298 464 cupatam
308 444 389 460 annuatim
397 444 518 460 administranda
526 444 556 460 luit
566 448 603 460 con—

227 467 281 483 stituta
291 471 309 483 ea
319 471 382 487 semper
391 467 421 483 sub
431 467 471 486 lege,
483 471 503 483 ne
510 471 538 487 pm
549 471 602 483 mensa

227 491 308 511 episcopali
319 491 395 510 praedicta
406 491 447 507 ultra
460 491 515 507 dictam
525 495 602 507 summam

227 514 340 533 septemdecim
355 514 423 530 millium
441 514 536 530 florenorum
549 515 603 530 huius-

228 537 270 553 modi
280 538 390 556 destinaretur,
398 541 448 557 eoque
456 537 502 553 modo
509 537 562 557 plures
569 538 602 558 qui-

227 561 263 577 dem
274 565 294 577 ex
304 563 343 577 tunc
352 561 454 577 Varadienses
465 561 535 581 Episcopi
545 566 561 577 se
569 566 604 581 ges-

227 586 288 600 serunt.
297 584 320 600 Ne
326 586 380 600 autem
386 585 469 604 praemissa
478 584 524 603 ultra,
531 587 546 600 et
555 585 571 601 in
579 585 602 601 in-

228 609 296 627 certum,
302 608 403 626 fluctuarent,
409 610 490 628 postquam
497 608 556 624 interea
564 610 603 624 tem—

228 631 269 651 poris
286 631 302 647 111
317 631 356 647 dicta
371 631 436 647 dioecesi
450 631 538 647 Varadiensi
553 636 603 648 novus

227 655 379 671 Graeco—catholicus
389 655 485 675 episcopatus
495 656 564 672 eiusdem
576 661 603 672 no-

227 679 275 695 minis
285 679 366 699 apostolica
381 679 473 695 auctoritate
483 682 559 700 perpetuo
570 684 603 696 ere>

227 704 261 718 ctus
272 704 287 718 et
298 702 386 721 institutus,
397 707 413 718 ac
424 706 452 722 pro
462 703 551 719 huiusmodi
562 703 603 719 dioe-

227 726 258 742 cesi
271 726 409 746 graeco-catholica
423 730 486 742 emensa
499 726 525 742 dos
539 727 557 743 ad
568 727 603 743 lun-

228 750 266 766 dum
277 750 314 766 dicti
325 749 426 769 episcopatus,
437 754 466 770 qua
477 749 526 770 prius,
541 752 572 766 tam
583 751 603 766 la-

228 774 280 789 tinum
295 777 341 793 quem
355 773 514 792 graeco-catholicum
528 774 602 794 populum

227 797 294 813 radicata
304 798 327 812 est
338 797 354 812 in
362 796 396 815 hoc,
403 799 420 812 et
427 800 455 816 pro
464 797 514 813 stabili
521 797 603 817 providen-

227 821 271 837 dum.

247 844 257 863 5
267 844 283 859 li.
295 844 315 860 Ut
325 846 405 864 propterea
416 848 456 864 quae
463 844 502 860 dicta
510 841 555 860 Maria
563 845 604 861 The-

228 868 267 884 resia
278 867 330 887 regina
344 867 435 887 apostolica.
450 868 510 887 praevia
524 870 556 884 tam
566 869 603 884 dile-

227 894 290 907 ctorum
304 891 374 906 tiliorum
387 890 499 907 modernorum
515 891 577 911 capituli
587 894 603 907 et

228 915 339 931 canonicorum
345 914 418 930 eeclesiae
424 914 527 933 Varadiensis.
534 915 575 930 illius
580 919 604 931 se-

228 938 247 954 de
257 937 339 958 episcopali
353 940 426 956 vacante,
442 937 512 957 legitime
524 938 603 958 deputati,

228 965 275 982 quam
291 961 384 977 venerabilis
399 960 451 977 fratris
467 961 518 977 Nostri
532 962 603 978 moderni

228 985 298 1005 Episcopi
305 984 403 1000 Varadiensis
410 985 547 1001 Graeco-catholici
553 989 603 1006 respe-

228 1009 270 1024 ctive
279 1008 395 1027 inhumatione,
402 1008 449 1024 enixe
456 1008 503 1024 Nobis
509 1009 604 1029 supplicave-

228 1032 254 1051 rit,
262 1034 340 1052 quatenus
347 1031 443 1051 infrascripta
450 1035 478 1051 per
485 1032 533 1052 ipsam
540 1032 603 1049 Mariam

229 1055 319 1071 Therasiam
325 1055 394 1074 reginam
402 1055 500 1075 apostolicam
508 1059 535 1075 pro
541 1056 603 1072 catholi-

229 1083 254 1095 cae
262 1078 339 1094 Ecclesiae
347 1078 414 1094 utilitate
421 1079 485 1098 provide
490 1079 561 1098 disposita
567 1083 604 1095 con-

228 1102 284 1118 cedere
290 1103 307 1117 et
314 1101 385 1117 ordinare
392 1101 501 1120 dignaremur:
510 1101 541 1117 Nos
548 1102 602 1122 igitur,

228 1125 279 1141 habita
291 1125 334 1145 prius
346 1124 365 1140 de
375 1125 404 1141 hoe
415 1127 475 1141 matura
485 1125 602 1145 deliberatione,

229 1151 259 1164 tam
271 1148 296 1168 pio
306 1150 343 1164 voto
353 1148 401 1168 ipsius
407 1148 463 1164 Mariae
470 1148 552 1165 'theresiae
563 1150 603 1169 regi-

228 1176 257 1188 nae
262 1171 354 1192 apostolicae
360 1176 430 1188 annuere
436 1172 512 1191 volentes,
519 1175 561 1188 motu
568 1177 603 1192 pro-

228 1195 262 1215 prio
271 1198 288 1211 et
299 1199 318 1211 ex
329 1197 371 1211 certa
378 1195 448 1214 scientia,
456 1196 506 1215 deque
512 1196 603 1216 apostolicae

228 1219 308 1238 potestatis
318 1218 423 1238 plenitudine,
431 1223 450 1234 ex
461 1219 505 1234 bonis
515 1221 530 1235 et
542 1220 603 1235 iuribus

228 1242 352 1262 possessionariis
359 1242 409 1258 eidem
415 1242 507 1262 episcopatui
513 1242 602 1258 Varadiensi

229 1266 262 1281 iure
273 1265 363 1285 postliminii
374 1265 418 1284 olim.
430 1267 447 1281 ut
458 1265 550 1285 praefertur,
559 1266 602 1281 ruti-

229 1289 266 1304 tutis
280 1288 369 1304 dominium
379 1288 550 1307 Magno-Varadinense
562 1293 603 1305 nuu-

228 1314 310 1332 cuparum,
324 1311 365 1331 quod
379 1312 419 1327 sicut
430 1312 517 1331 accepimus
527 1312 603 1332 amplissi-

229 1336 258 1351 mis
268 1335 354 1351 redditibus
364 1335 444 1354 provisum
452 1337 475 1351 est
482 1339 517 1351 cum
525 1336 603 1352 universis

229 1359 292 1374 decimis
303 1359 321 1375 ad
328 1359 401 1374 eumdem
409 1359 513 1378 episcopatum
520 1359 558 1374 olim
569 1363 603 1379 per-

229 1382 320 1401 tinentibus.
327 1382 395 1402 exceptis
402 1384 454 1398 tamen
462 1382 498 1401 illis,
505 1387 544 1402 quae
555 1383 571 1398 111
580 1387 604 1399 re-

230 1406 276 1425 liquis
290 1406 340 1421 tribus
353 1405 411 1421 scilieet
425 1405 510 1425 Beleniies,
522 1410 539 1422 ac
550 1406 577 1422 Bel
588 1408 603 1422 et

230 1429 279 1445 Vasko
289 1429 376 1449 respective
386 1429 479 1448 nuncupatis
488 1429 561 1445 dominiis
572 1430 603 1449 epi-

229 1453 298 1472 scopatui
311 1452 419 1472 dependebant
432 1456 460 1468 seu
473 1453 575 1472 debebantur.
586 1453 603 1469 in

230 1476 300 1492 (uturum
310 1477 363 1491 autem
370 1476 388 1491 ad
395 1480 422 1491 eos
429 1475 446 1492 ad
454 1480 493 1496 quos
500 1476 568 1492 dominia
576 1477 604 1492 1111-

230 1499 294 1515 iusmodi
306 1499 348 1515 iuxta
356 1503 379 1518 ea,
387 1503 427 1519 uuae
436 1499 503 1515 interius
510 1504 603 1515 commemo-

230 1522 311 1541 rabuntur.
326 1522 433 1542 percipientur
443 1526 471 1542 pro
487 1525 557 1543 tempore
572 1523 604 1539 exi-

230 1546 277 1561 stenti
289 1546 363 1565 Episcopo
371 1545 460 1562 Varadiensi
471 1546 515 1562 latini
522 1546 562 1562 ritus
568 1550 604 1566 apo-

230 1569 280 1584 stolica
291 1569 383 1585 auctoritate
394 1571 449 1585 tenore
456 1570 562 1589 praesentium
570 1574 604 1590 per-

231 1594 276 1612 petuo
286 1592 386 1608 concedimus
396 1594 412 1608 et
422 1593 528 1612 attribuimus.

964 250 994 266 253

650 280 660 299 S
670 280 685 296 ὓ.
697 281 717 297 Ea
729 283 780 298 tamen
792 282 832 302 lege,
842 285 860 299 ut
870 283 935 299 retentis
946 288 1004 300 annua-

631 303 659 319 tim
670 304 727 324 vigiuti
738 305 781 321 mille
793 306 856 322 florenis
866 306 969 323 rhenensious
976 311 1004 327 pro

630 331 667 343 suae
673 331 735 344 mensae
743 328 832 349 episcopalis
839 330 932 350 sumptibus.
938 335 954 346 ac
962 334 1005 350 prae·

631 352 671 366 terea
682 353 749 371 quatuor
759 352 803 368 mille
814 353 881 369 florenos
891 353 978 373 singulares
988 354 1004 370 iu

631 374 734 394 provisionem
750 376 861 395 parochialium
874 377 971 397 aliarumque
981 382 1006 393 eo-

630 397 720 417 clesiarum,
735 403 764 414 nec
777 403 808 415 non
823 400 911 416 scholarum
924 401 1006 421 utriusque

631 421 670 436 ritus
680 421 790 438 catholicarum
805 423 820 438 in
833 423 925 443 primodinto
936 424 1005 440 dominio

630 444 732 461 existentium
747 445 788 461 iuxta
804 447 875 462 eamdem
889 447 1005 467 dispositionem

631 468 717 487 praedictae
724 468 780 485 Mariae
787 469 870 486 'theresiae
877 471 940 490 reginae
947 473 1006 491 aposto-

631 491 667 507 licae
676 494 773 511 convertere,
781 497 829 513 eaque
836 493 900 513 insuper
908 494 968 510 ratione
975 495 1006 510 sin-

631 514 710 534 gularibus
721 516 803 535 oneribus,
816 520 856 536 quae
868 517 919 533 eidem
933 518 1006 538 Episcopo

631 538 654 553 uti
664 538 727 554 domino
734 540 804 555 terrestri
811 544 828 555 ae
835 542 900 559 patrono
907 541 1005 560 incumbunt,

630 561 717 577 satisfacere
733 564 813 582 teneatur3
829 563 871 579 Alios
885 568 922 580 vero
937 565 1006 584 quinque

631 584 675 600 mille
685 585 752 601 florenos
759 590 803 605 pares
810 587 826 602 in
833 587 966 603 conservationem
973 592 1006 604 sau-

631 610 701 625 ctorum.
708 610 784 625 tectorum
800 611 846 630 atque
859 611 964 627 aedificiorum
975 611 1006 631 epi-

631 632 720 652 scopalium,
725 632 798 653 -aliasque
805 634 903 650 necessitates
913 639 982 654 erogare,
989 640 1007 651 ac

631 656 696 671 demum
706 656 750 672 mille
757 656 825 673 florenos
832 658 918 677 singulares
926 658 942 673 in
949 663 1007 678 expen-

631 683 654 694 sas
668 679 755 695 consistorii
769 680 793 695 sui
806 680 896 701 episcopalis
910 681 1007 698 Varadieusis

632 704 647 717 et
658 702 723 718 Sanctae
733 702 776 718 Sedis
787 707 806 719 ex
820 704 907 720 redditibus
919 705 1006 724 primodicti

631 725 695 741 dominii
706 726 797 746 impendere
807 727 883 747 obligatus
895 728 954 744 existat.
966 729 1007 747 Quae

631 749 695 768 quidem
705 750 779 765 universa
793 754 839 766 onera
851 751 873 766 sic
883 751 954 771 imposita
965 756 1007 768 sum-

632 776 673 788 mam
683 777 751 789 annuam
763 773 826 793 triginta
834 774 903 790 millium
911 775 1006 791 florenorum

631 795 707 811 similium
717 796 792 816 efficiunt,
803 799 819 812 et
826 797 901 817 quidquid
913 798 953 814 ultra
964 803 1006 818 prae-

632 819 704 838 scriptam
715 823 792 835 summam
800 820 889 837 huiusmodi
901 821 964 840 triginta
972 821 1007 837 mil-

632 843 671 858 lium
682 843 778 859 llorenorum
791 844 851 863 parium
862 848 881 859 ex
892 844 939 864 ipsius
949 845 1008 865 primo-

631 866 669 882 dieti
682 866 747 882 dominii
761 867 863 886 proventibus
873 867 916 883 iuxta
930 868 1006 884 calculum

632 891 729 909 ussumptum
738 894 818 909 superesse
824 890 869 909 solet,
878 891 916 907 illud
924 891 945 907 ita
955 895 1007 911 repar-

632 913 679 928 titum
692 913 720 932 sit,
735 915 752 929 ut
763 913 826 929 aliunde
839 914 911 930 eeclesiae
923 915 1006 931 cathedrali

632 936 727 955 Varadleusi,
738 938 785 956 atque
792 937 833 953 illius
843 937 969 957 deservitorious.
978 942 1007 954 nec

632 963 664 976 nou
676 960 761 976 seminario
773 960 839 976 iunioris
850 960 897 980 cleri,
910 965 927 977 ac
937 962 1007 978 emeritis

632 983 739 999 deficientibus
746 984 821 1003 parochis,
827 984 892 1004 aliisque
899 985 972 1001 dioecesis
978 985 1007 1001 Va-

632 1007 706 1022 radiensis
714 1007 799 1027 praedictae
806 1008 922 1024 necessitatibus
929 1009 965 1024 satis
972 1013 1006 1029 pro-

632 1030 683 1046 visum
693 1030 719 1049 sit,
730 1032 746 1046 et
756 1034 788 1046 non
798 1031 853 1050 exigua
861 1032 908 1047 etiam
915 1035 975 1048 summa
983 1036 1006 1048 re-

632 1055 699 1073 manent,
710 1057 749 1073 quae
760 1054 778 1070 ad
790 1054 856 1070 fundum
865 1055 953 1071 studiorum
960 1058 1007 1075 atque

631 1077 718 1093 scholarum
728 1077 773 1096 regui
784 1078 872 1097 Hungariae
882 1078 969 1098 praedictae
978 1083 1007 1099 pro

631 1101 707 1116 mutuatis
720 1104 740 1116 ex
750 1101 777 1116 illo
790 1102 806 1116 in
817 1101 913 1118 orthodoxae
926 1102 1006 1122 religionis

631 1124 716 1140 utilitatem
730 1124 810 1144 dictaeque
821 1124 895 1141 dioecffiis
909 1125 1006 1142 Varadiensis

631 1148 729 1163 necessitates
739 1148 841 1164 occurrendas
848 1149 928 1165 nonnullis
939 1150 1006 1169 capitali-

631 1171 659 1187 bus
669 1171 741 1190 summis,
752 1175 781 1187 neo
791 1175 824 1187 nou
834 1172 852 1188 ad
863 1176 923 1192 capsam
933 1173 1006 1192 parocho-

631 1198 667 1210 rum
677 1194 758 1210 aunuatim
769 1195 849 1211 uumerari
861 1195 921 1215 debeat,
932 1198 979 1216 prout
989 1196 1005 1212 in

631 1218 679 1234 literis
690 1217 821 1234 fundationalibus
831 1220 847 1234 et
861 1219 946 1238 respective
956 1220 1006 1239 dispo-

630 1241 680 1257 sitivis
687 1241 761 1261 praedicti
768 1241 862 1261 episcopatus
870 1242 967 1258 Varadiensis
974 1243 1007 1263 ple-

631 1265 667 1280 nius
677 1264 772 1280 continetur.

651 1288 660 1307 g
671 1288 685 1303 ⁷.
700 1288 741 1304 Cum
755 1292 793 1303 vero
806 1288 889 1304 vicariatus
901 1289 951 1308 graeci
966 1290 1006 1305 ritus

631 1311 742 1328 catholicorum
749 1311 867 1328 Varadiensium
878 1312 894 1328 in
901 1313 1005 1333 episcopatum

631 1335 741 1351 Vnradiensem
751 1335 820 1351 eiusdem
828 1336 878 1354 graeci
887 1336 931 1355 ritus.
938 1338 955 1352 ut
963 1341 1006 1356 prae-

630 1358 686 1377 iertur,
697 1360 764 1377 erectus,
775 1358 879 1379 dioecesisque
890 1360 965 1379 praedicta
977 1360 1006 1376 Va-

631 1382 710 1401 radiensis,
719 1382 735 1397 in
742 1382 779 1398 duas
787 1382 853 1402 proinde
860 1383 936 1398 dioeceses
943 1387 971 1403 pro
978 1383 1007 1399 dn-

631 1405 667 1425 plici
678 1405 728 1421 tidelis
738 1405 791 1425 populi
801 1405 834 1421 ritu
844 1406 943 1425 huiusmodi,
957 1407 1006 1422 divisa

631 1428 657 1447 sit,
667 1430 684 1443 et.
694 1430 754 1444 attento
764 1428 805 1448 quod
817 1429 899 1445 vicariatus
909 1429 1006 1446 Varadiensis

631 1452 720 1468 huiusmodi
734 1454 779 1468 antea
794 1457 856 1472 quoque
871 1457 906 1469 eum
921 1457 949 1469 suo
964 1454 1006 1469 clero

630 1475 693 1495 suisque
703 1475 779 1495 parochiis
789 1477 805 1491 et
811 1476 868 1491 scholis
875 1480 894 1492 ex
903 1476 952 1492 11111111)
959 1477 1006 1497 ipsius

632 1498 729 1514 Varadiensis
739 1499 833 1519 episcopatus
843 1500 904 1515 dotatus
916 1500 974 1519 extitit,
985 1500 1006 1516 ita

631 1526 652 1538 ne
661 1522 678 1538 in
685 1524 764 1542 posterum
772 1524 805 1542 post
811 1523 931 1543 separationem,
939 1526 957 1539 ut
963 1528 1006 1543 prae-

631 1545 687 1564 fertur,
698 1546 753 1561 iactam
763 1546 832 1565 quaestio
839 1546 890 1566 aliqua
900 1547 966 1563 oriatur:
975 1547 1006 1563 Nos

632 1572 712 1590 propterea
722 1573 742 1585 ex
749 1570 793 1585 bonis
800 1569 837 1585 dicti
845 1569 941 1586 Varadiensis
948 1572 1006 1590 episco-

631 1595 676 1613 patus
686 1593 775 1609 dominium
786 1593 862 1612 Belenijes
869 1593 920 1609 eidem
931 1594 1006 1614 episcopa-

1019 250 1040 263 An
1043 260 1047 264 .
1054 251 1069 264 C.
1080 250 1115 264 1780

1020 288 1059 302 uffa·
1065 288 1121 302 necuit·-

1014 301 1121 327 ἱῗιῖἒιῗῗὲὲέἓῆῗ

1014 328 1056 340 tuum⁴

1033 1297 1066 1309 1111111
1074 1297 1122 1308 nime

1015 1313 1047 1323 rum
