<?xml version="1.0" encoding="UTF-8"?>
<!DOCTYPE html PUBLIC "-//W3C//DTD XHTML 1.0 Transitional//EN"
    "http://www.w3.org/TR/xhtml1/DTD/xhtml1-transitional.dtd">
<html xmlns="http://www.w3.org/1999/xhtml" xml:lang="en" lang="en">
 <head>
  <title>
</title>
<meta http-equiv="Content-Type" content="text/html;charset=utf-8" />
  <meta name='ocr-system' content='tesseract 3.04.00' />
  <meta name='ocr-capabilities' content='ocr_page ocr_carea ocr_par ocr_line ocrx_word'/>
</head>
<body>
  <div class='ocr_page' id='page_1' title='image "./iurispontificii00martgoog_0085.png"; bbox 0 0 4734 7004; ppageno 0'>
   <div class='ocr_carea' id='block_1_1' title="bbox 315 587 503 640">
    <p class='ocr_par' dir='ltr' id='par_1_1' title="bbox 315 587 503 640">
     <span class='ocr_line' id='line_1_1' title="bbox 315 587 503 640; baseline 0 -2"><span class='ocrx_word' id='word_1_1' title='bbox 315 587 369 639; x_wconf 78' lang='lat' dir='ltr'>An.</span> <span class='ocrx_word' id='word_1_2' title='bbox 383 587 412 640; x_wconf 90' lang='lat' dir='ltr'>C.</span> <span class='ocrx_word' id='word_1_3' title='bbox 436 588 503 638; x_wconf 86' lang='grc'><strong>1762</strong></span> 
     </span>
    </p>
   </div>
   <div class='ocr_carea' id='block_1_2' title="bbox 308 2231 522 2757">
    <p class='ocr_par' dir='ltr' id='par_1_2' title="bbox 308 2231 522 2757">
     <span class='ocr_line' id='line_1_2' title="bbox 322 2231 521 2294; baseline -0.005 -18"><span class='ocrx_word' id='word_1_4' title='bbox 322 2231 521 2294; x_wconf 70' lang='grc' dir='ltr'>ξὀηηίωη,ηηηη-</span> 
     </span>
     <span class='ocr_line' id='line_1_3' title="bbox 308 2284 520 2330; baseline 0 -2"><span class='ocrx_word' id='word_1_5' title='bbox 308 2294 350 2329; x_wconf 85' lang='lat' dir='ltr'>vra</span> <span class='ocrx_word' id='word_1_6' title='bbox 372 2284 520 2330; x_wconf 80' lang='lat' dir='ltr'>avocatione</span> 
     </span>
     <span class='ocr_line' id='line_1_4' title="bbox 308 2347 522 2393; baseline -0.005 -10"><span class='ocrx_word' id='word_1_7' title='bbox 308 2347 444 2383; x_wconf 85' lang='lat' dir='ltr'>causarum</span> <span class='ocrx_word' id='word_1_8' title='bbox 461 2348 522 2393; x_wconf 89' lang='lat' dir='ltr'>qua-</span> 
     </span>
     <span class='ocr_line' id='line_1_5' title="bbox 308 2391 522 2447; baseline 0 -11"><span class='ocrx_word' id='word_1_9' title='bbox 308 2391 522 2447; x_wconf 89' lang='lat' dir='ltr'>rumcumquein·</span> 
     </span>
     <span class='ocr_line' id='line_1_6' title="bbox 308 2444 521 2501; baseline -0.009 -11"><span class='ocrx_word' id='word_1_10' title='bbox 308 2444 521 2501; x_wconf 82' lang='lat' dir='ltr'>terArcbieplsco</span> 
     </span>
     <span class='ocr_line' id='line_1_7' title="bbox 308 2497 521 2554; baseline -0.009 -11"><span class='ocrx_word' id='word_1_11' title='bbox 308 2508 369 2554; x_wconf 90' lang='lat' dir='ltr'>pum</span> <span class='ocrx_word' id='word_1_12' title='bbox 394 2503 419 2544; x_wconf 91' lang='lat' dir='ltr'>et</span> <span class='ocrx_word' id='word_1_13' title='bbox 442 2497 521 2542; x_wconf 88' lang='lat' dir='ltr'>rolle-</span> 
     </span>
     <span class='ocr_line' id='line_1_8' title="bbox 309 2549 521 2608; baseline -0.005 -12"><span class='ocrx_word' id='word_1_14' title='bbox 309 2551 378 2608; x_wconf 86' lang='lat' dir='ltr'>gium</span> <span class='ocrx_word' id='word_1_15' title='bbox 401 2549 521 2597; x_wconf 83' lang='lat' dir='ltr'>Pololen-</span> 
     </span>
     <span class='ocr_line' id='line_1_9' title="bbox 310 2604 520 2660; baseline 0.005 -12"><span class='ocrx_word' id='word_1_16' title='bbox 310 2616 345 2660; x_wconf 84' lang='lat' dir='ltr'>sc,</span> <span class='ocrx_word' id='word_1_17' title='bbox 357 2615 408 2650; x_wconf 87' lang='lat' dir='ltr'>rem</span> <span class='ocrx_word' id='word_1_18' title='bbox 425 2604 520 2650; x_wconf 87' lang='lat' dir='ltr'>ludica-</span> 
     </span>
     <span class='ocr_line' id='line_1_10' title="bbox 309 2658 522 2704; baseline -0.009 0"><span class='ocrx_word' id='word_1_19' title='bbox 309 2662 363 2704; x_wconf 84' lang='lat' dir='ltr'>tam</span> <span class='ocrx_word' id='word_1_20' title='bbox 369 2658 484 2704; x_wconf 84' lang='lat' dir='ltr'>Rotaleni</span> <span class='ocrx_word' id='word_1_21' title='bbox 493 2669 522 2702; x_wconf 87' lang='lat' dir='ltr'>ea</span> 
     </span>
     <span class='ocr_line' id='line_1_11' title="bbox 308 2711 521 2757; baseline 0 -1"><span class='ocrx_word' id='word_1_22' title='bbox 308 2711 521 2757; x_wconf 77' lang='lat' dir='ltr'>desolatamcon·</span> 
     </span>
    </p>
   </div>
   <div class='ocr_carea' id='block_1_3' title="bbox 308 2765 522 2865">
    <p class='ocr_par' dir='ltr' id='par_1_3' title="bbox 308 2765 522 2865">
     <span class='ocr_line' id='line_1_12' title="bbox 308 2765 522 2822; baseline 0 -12"><span class='ocrx_word' id='word_1_23' title='bbox 308 2765 522 2822; x_wconf 86' lang='lat' dir='ltr'>lirmatetappro·</span> 
     </span>
     <span class='ocr_line' id='line_1_13' title="bbox 309 2821 359 2865; baseline -0.06 0"><span class='ocrx_word' id='word_1_24' title='bbox 309 2821 359 2865; x_wconf 88' lang='lat' dir='ltr'>bat.</span> 
     </span>
    </p>
   </div>
   <div class='ocr_carea' id='block_1_4' title="bbox 554 586 592 648">
    <p class='ocr_par' dir='ltr' id='par_1_4' title="bbox 554 586 592 648">
     <span class='ocr_line' id='line_1_14' title="bbox 554 586 592 648; baseline 0 0"><span class='ocrx_word' id='word_1_25' title='bbox 554 586 592 648; x_wconf 80' lang='lat'>78</span> 
     </span>
    </p>
   </div>
   <div class='ocr_carea' id='block_1_5' title="bbox 533 720 1288 4640">
    <p class='ocr_par' dir='ltr' id='par_1_5' title="bbox 533 720 1284 2205">
     <span class='ocr_line' id='line_1_15' title="bbox 534 720 1277 804; baseline -0.007 -19"><span class='ocrx_word' id='word_1_26' title='bbox 534 722 626 786; x_wconf 93' lang='lat' dir='ltr'>nibus</span> <span class='ocrx_word' id='word_1_27' title='bbox 646 730 731 786; x_wconf 88' lang='lat' dir='ltr'>recte</span> <span class='ocrx_word' id='word_1_28' title='bbox 754 729 857 804; x_wconf 92' lang='lat' dir='ltr'>posset</span> <span class='ocrx_word' id='word_1_29' title='bbox 877 729 978 804; x_wconf 90' lang='lat' dir='ltr'>partes</span> <span class='ocrx_word' id='word_1_30' title='bbox 1005 723 1171 802; x_wconf 89' lang='lat' dir='ltr'>praedictas</span> <span class='ocrx_word' id='word_1_31' title='bbox 1194 720 1277 781; x_wconf 86' lang='lat' dir='ltr'>inter</span> 
     </span>
     <span class='ocr_line' id='line_1_16' title="bbox 533 813 1275 896; baseline -0.004 -20"><span class='ocrx_word' id='word_1_32' title='bbox 533 833 566 878; x_wconf 93' lang='lat' dir='ltr'>se</span> <span class='ocrx_word' id='word_1_33' title='bbox 587 815 770 880; x_wconf 79' lang='lat' dir='ltr'>dissidentes</span> <span class='ocrx_word' id='word_1_34' title='bbox 785 819 818 880; x_wconf 91' lang='lat' dir='ltr'>in</span> <span class='ocrx_word' id='word_1_35' title='bbox 838 818 999 896; x_wconf 82' lang='lat' dir='ltr'>pristinam</span> <span class='ocrx_word' id='word_1_36' title='bbox 1015 813 1209 878; x_wconf 82' lang='lat' dir='ltr'>concordiam</span> <span class='ocrx_word' id='word_1_37' title='bbox 1228 828 1275 892; x_wconf 89' lang='lat' dir='ltr'>pa·</span> 
     </span>
     <span class='ocr_line' id='line_1_17' title="bbox 534 909 1277 988; baseline -0.007 -16"><span class='ocrx_word' id='word_1_38' title='bbox 534 927 665 988; x_wconf 89' lang='lat' dir='ltr'>cemque</span> <span class='ocrx_word' id='word_1_39' title='bbox 687 911 847 974; x_wconf 90' lang='lat' dir='ltr'>reducere.</span> <span class='ocrx_word' id='word_1_40' title='bbox 872 909 905 972; x_wconf 86' lang='lat' dir='ltr'>ld</span> <span class='ocrx_word' id='word_1_41' title='bbox 926 925 997 972; x_wconf 92' lang='lat' dir='ltr'>cum</span> <span class='ocrx_word' id='word_1_42' title='bbox 1020 910 1120 972; x_wconf 89' lang='lat' dir='ltr'>dictus</span> <span class='ocrx_word' id='word_1_43' title='bbox 1148 909 1277 971; x_wconf 87' lang='lat' dir='ltr'>loannes</span> 
     </span>
     <span class='ocr_line' id='line_1_18' title="bbox 534 1001 1279 1084; baseline -0.005 -18"><span class='ocrx_word' id='word_1_44' title='bbox 534 1004 714 1067; x_wconf 84' lang='lat' dir='ltr'>Franciscus</span> <span class='ocrx_word' id='word_1_45' title='bbox 735 1005 902 1084; x_wconf 87' lang='lat' dir='ltr'>Episcopus</span> <span class='ocrx_word' id='word_1_46' title='bbox 923 1010 954 1065; x_wconf 89' lang='lat' dir='ltr'>et</span> <span class='ocrx_word' id='word_1_47' title='bbox 976 1001 1156 1076; x_wconf 89' lang='lat' dir='ltr'>Cardinalis,</span> <span class='ocrx_word' id='word_1_48' title='bbox 1172 1001 1206 1062; x_wconf 92' lang='lat' dir='ltr'>iu</span> <span class='ocrx_word' id='word_1_49' title='bbox 1223 1003 1279 1062; x_wconf 89' lang='lat' dir='ltr'>nu·</span> 
     </span>
     <span class='ocr_line' id='line_1_19' title="bbox 535 1093 1279 1175; baseline -0.008 -17"><span class='ocrx_word' id='word_1_50' title='bbox 535 1098 635 1160; x_wconf 89' lang='lat' dir='ltr'>manis</span> <span class='ocrx_word' id='word_1_51' title='bbox 656 1099 754 1160; x_wconf 91' lang='lat' dir='ltr'>adbuc</span> <span class='ocrx_word' id='word_1_52' title='bbox 776 1106 888 1175; x_wconf 82' lang='lat' dir='ltr'>agente</span> <span class='ocrx_word' id='word_1_53' title='bbox 914 1095 1081 1159; x_wconf 83' lang='lat' dir='ltr'>Benedicta</span> <span class='ocrx_word' id='word_1_54' title='bbox 1102 1093 1279 1171; x_wconf 87' lang='lat' dir='ltr'>praedeces-</span> 
     </span>
     <span class='ocr_line' id='line_1_20' title="bbox 535 1186 1279 1270; baseline -0.005 -20"><span class='ocrx_word' id='word_1_55' title='bbox 535 1207 604 1253; x_wconf 89' lang='lat' dir='ltr'>sore</span> <span class='ocrx_word' id='word_1_56' title='bbox 626 1191 791 1270; x_wconf 90' lang='lat' dir='ltr'>praedicto,</span> <span class='ocrx_word' id='word_1_57' title='bbox 812 1189 961 1269; x_wconf 87' lang='lat' dir='ltr'>consequi</span> <span class='ocrx_word' id='word_1_58' title='bbox 983 1189 1185 1267; x_wconf 86' lang='lat' dir='ltr'>nequivisset,</span> <span class='ocrx_word' id='word_1_59' title='bbox 1208 1186 1279 1247; x_wconf 90' lang='lat' dir='ltr'>bor-</span> 
     </span>
     <span class='ocr_line' id='line_1_21' title="bbox 537 1279 1279 1362; baseline -0.009 -16"><span class='ocrx_word' id='word_1_60' title='bbox 537 1291 602 1348; x_wconf 87' lang='grc' dir='ltr'>ωω</span> <span class='ocrx_word' id='word_1_61' title='bbox 623 1285 766 1362; x_wconf 85' lang='lat' dir='ltr'>deinceps</span> <span class='ocrx_word' id='word_1_62' title='bbox 789 1291 895 1346; x_wconf 88' lang='lat' dir='ltr'>nostro</span> <span class='ocrx_word' id='word_1_63' title='bbox 917 1284 974 1344; x_wconf 90' lang='lat' dir='ltr'>boc</span> <span class='ocrx_word' id='word_1_64' title='bbox 1000 1296 1125 1343; x_wconf 86' lang='lat' dir='ltr'>cursum</span> <span class='ocrx_word' id='word_1_65' title='bbox 1146 1279 1204 1341; x_wconf 91' lang='lat' dir='ltr'>sibi</span> <span class='ocrx_word' id='word_1_66' title='bbox 1226 1295 1279 1340; x_wconf 92' lang='lat' dir='ltr'>ne-</span> 
     </span>
     <span class='ocr_line' id='line_1_22' title="bbox 536 1376 1279 1456; baseline -0.007 -19"><span class='ocrx_word' id='word_1_67' title='bbox 536 1377 656 1454; x_wconf 82' lang='lat' dir='ltr'>gotium</span> <span class='ocrx_word' id='word_1_68' title='bbox 685 1377 883 1456; x_wconf 85' lang='lat' dir='ltr'>suscepisset,</span> <span class='ocrx_word' id='word_1_69' title='bbox 911 1376 1144 1452; x_wconf 86' lang='lat' dir='ltr'>investigando,</span> <span class='ocrx_word' id='word_1_70' title='bbox 1170 1389 1279 1435; x_wconf 87' lang='lat' dir='ltr'>consu-</span> 
     </span>
     <span class='ocr_line' id='line_1_23' title="bbox 536 1470 1281 1550; baseline -0.008 -16"><span class='ocrx_word' id='word_1_71' title='bbox 536 1472 627 1534; x_wconf 90' lang='lat' dir='ltr'>lendo</span> <span class='ocrx_word' id='word_1_72' title='bbox 648 1471 908 1550; x_wconf 89' lang='lat' dir='ltr'>deliberandoque</span> <span class='ocrx_word' id='word_1_73' title='bbox 930 1471 963 1531; x_wconf 92' lang='lat' dir='ltr'>in</span> <span class='ocrx_word' id='word_1_74' title='bbox 985 1485 1053 1532; x_wconf 90' lang='lat' dir='ltr'>eam</span> <span class='ocrx_word' id='word_1_75' title='bbox 1069 1470 1196 1530; x_wconf 90' lang='lat' dir='ltr'>demum</span> <span class='ocrx_word' id='word_1_76' title='bbox 1211 1481 1281 1529; x_wconf 86' lang='lat' dir='ltr'>sen·</span> 
     </span>
     <span class='ocr_line' id='line_1_24' title="bbox 538 1560 1280 1640; baseline -0.009 -14"><span class='ocrx_word' id='word_1_77' title='bbox 538 1567 667 1628; x_wconf 90' lang='lat' dir='ltr'>tentiam</span> <span class='ocrx_word' id='word_1_78' title='bbox 690 1565 789 1640; x_wconf 91' lang='lat' dir='ltr'>venit,</span> <span class='ocrx_word' id='word_1_79' title='bbox 812 1573 847 1626; x_wconf 91' lang='lat' dir='ltr'>ut</span> <span class='ocrx_word' id='word_1_80' title='bbox 870 1565 1079 1626; x_wconf 83' lang='lat' dir='ltr'>restituendae</span> <span class='ocrx_word' id='word_1_81' title='bbox 1102 1560 1280 1624; x_wconf 88' lang='lat' dir='ltr'>concordiae</span> 
     </span>
     <span class='ocr_line' id='line_1_25' title="bbox 537 1653 1283 1737; baseline -0.012 -16"><span class='ocrx_word' id='word_1_82' title='bbox 537 1661 685 1737; x_wconf 91' lang='lat' dir='ltr'>quosdam</span> <span class='ocrx_word' id='word_1_83' title='bbox 706 1659 850 1722; x_wconf 82' lang='lat' dir='ltr'>articulos</span> <span class='ocrx_word' id='word_1_84' title='bbox 871 1664 1061 1736; x_wconf 92' lang='lat' dir='ltr'>opportunos</span> <span class='ocrx_word' id='word_1_85' title='bbox 1081 1654 1147 1717; x_wconf 87' lang='lat' dir='ltr'>lore</span> <span class='ocrx_word' id='word_1_86' title='bbox 1169 1653 1283 1715; x_wconf 89' lang='lat' dir='ltr'>iudica-</span> 
     </span>
     <span class='ocr_line' id='line_1_26' title="bbox 537 1748 1281 1831; baseline -0.008 -18"><span class='ocrx_word' id='word_1_87' title='bbox 537 1759 596 1828; x_wconf 88' lang='lat' dir='ltr'>ret,</span> <span class='ocrx_word' id='word_1_88' title='bbox 620 1769 697 1831; x_wconf 90' lang='lat' dir='ltr'>quos</span> <span class='ocrx_word' id='word_1_89' title='bbox 718 1754 845 1831; x_wconf 89' lang='lat' dir='ltr'>quidem</span> <span class='ocrx_word' id='word_1_90' title='bbox 860 1752 1004 1814; x_wconf 87' lang='lat' dir='ltr'>articulos</span> <span class='ocrx_word' id='word_1_91' title='bbox 1019 1765 1091 1812; x_wconf 89' lang='lat' dir='ltr'>cum</span> <span class='ocrx_word' id='word_1_92' title='bbox 1107 1748 1281 1811; x_wconf 90' lang='lat' dir='ltr'>carissimus</span> 
     </span>
     <span class='ocr_line' id='line_1_27' title="bbox 537 1843 1282 1917; baseline -0.009 -11"><span class='ocrx_word' id='word_1_93' title='bbox 537 1846 571 1908; x_wconf 92' lang='lat' dir='ltr'>in</span> <span class='ocrx_word' id='word_1_94' title='bbox 588 1847 709 1909; x_wconf 89' lang='lat' dir='ltr'>Christo</span> <span class='ocrx_word' id='word_1_95' title='bbox 725 1847 806 1908; x_wconf 91' lang='lat' dir='ltr'>lilius</span> <span class='ocrx_word' id='word_1_96' title='bbox 822 1844 1108 1908; x_wconf 85' lang='lat' dir='ltr'>nosterFriderlcus</span> <span class='ocrx_word' id='word_1_97' title='bbox 1123 1843 1282 1917; x_wconf 77' lang='lat' dir='ltr'>Augustus</span> 
     </span>
     <span class='ocr_line' id='line_1_28' title="bbox 538 1935 1284 2016; baseline -0.009 -15"><span class='ocrx_word' id='word_1_98' title='bbox 538 1939 682 2002; x_wconf 91' lang='lat' dir='ltr'>Poloniae</span> <span class='ocrx_word' id='word_1_99' title='bbox 709 1956 763 2001; x_wconf 88' lang='lat' dir='ltr'>rex</span> <span class='ocrx_word' id='word_1_100' title='bbox 786 1938 915 2001; x_wconf 89' lang='lat' dir='ltr'>illustris</span> <span class='ocrx_word' id='word_1_101' title='bbox 941 1939 1108 2016; x_wconf 81' lang='lat' dir='ltr'>diiigenter</span> <span class='ocrx_word' id='word_1_102' title='bbox 1129 1935 1284 2013; x_wconf 79' lang='lat' dir='ltr'>expende·</span> 
     </span>
     <span class='ocr_line' id='line_1_29' title="bbox 538 2005 1281 2110; baseline -0.005 -19"><span class='ocrx_word' id='word_1_103' title='bbox 538 2032 591 2109; x_wconf 90' lang='lat' dir='ltr'>rit,</span> <span class='ocrx_word' id='word_1_104' title='bbox 609 2033 729 2094; x_wconf 89' lang='lat' dir='ltr'>censuit</span> <span class='ocrx_word' id='word_1_105' title='bbox 747 2050 781 2094; x_wconf 89' lang='lat' dir='ltr'>ea</span> <span class='ocrx_word' id='word_1_106' title='bbox 803 2035 922 2095; x_wconf 87' lang='lat' dir='ltr'>ratione</span> <span class='ocrx_word' id='word_1_107' title='bbox 943 2047 1048 2110; x_wconf 89' lang='lat' dir='ltr'>pacem</span> <span class='ocrx_word' id='word_1_108' title='bbox 1071 2005 1281 2092; x_wconf 68' lang='lat' dir='ltr'>concordiam·</span> 
     </span>
     <span class='ocr_line' id='line_1_30' title="bbox 539 2126 1137 2205; baseline -0.01 -18"><span class='ocrx_word' id='word_1_109' title='bbox 539 2141 600 2205; x_wconf 92' lang='lat' dir='ltr'>que</span> <span class='ocrx_word' id='word_1_110' title='bbox 621 2127 743 2188; x_wconf 86' lang='lat' dir='ltr'>restitui</span> <span class='ocrx_word' id='word_1_111' title='bbox 766 2126 1018 2204; x_wconf 79' lang='lat' dir='ltr'>constabilitique</span> <span class='ocrx_word' id='word_1_112' title='bbox 1040 2139 1137 2203; x_wconf 90' lang='lat' dir='ltr'>posse.</span> 
     </span>
    </p>

    <p class='ocr_par' dir='ltr' id='par_1_6' title="bbox 539 2216 1288 4640">
     <span class='ocr_line' id='line_1_31' title="bbox 579 2216 1281 2297; baseline -0.003 -17"><span class='ocrx_word' id='word_1_113' title='bbox 579 2219 647 2294; x_wconf 74' lang='lat' dir='ltr'>§la</span> <span class='ocrx_word' id='word_1_114' title='bbox 672 2219 777 2297; x_wconf 88' lang='lat' dir='ltr'>ltaque</span> <span class='ocrx_word' id='word_1_115' title='bbox 799 2236 866 2294; x_wconf 91' lang='lat' dir='ltr'>nos,</span> <span class='ocrx_word' id='word_1_116' title='bbox 889 2220 938 2280; x_wconf 92' lang='lat' dir='ltr'>cui</span> <span class='ocrx_word' id='word_1_117' title='bbox 962 2220 1098 2280; x_wconf 85' lang='lat' dir='ltr'>maxime</span> <span class='ocrx_word' id='word_1_118' title='bbox 1120 2216 1203 2280; x_wconf 89' lang='lat' dir='ltr'>cordi</span> <span class='ocrx_word' id='word_1_119' title='bbox 1225 2225 1281 2291; x_wconf 90' lang='lat' dir='ltr'>est,</span> 
     </span>
     <span class='ocr_line' id='line_1_32' title="bbox 541 2313 1282 2386; baseline -0.004 -12"><span class='ocrx_word' id='word_1_120' title='bbox 541 2319 586 2386; x_wconf 90' lang='lat' dir='ltr'>ui,</span> <span class='ocrx_word' id='word_1_121' title='bbox 599 2313 848 2376; x_wconf 85' lang='lat' dir='ltr'>contentionibus</span> <span class='ocrx_word' id='word_1_122' title='bbox 863 2313 1001 2386; x_wconf 87' lang='lat' dir='ltr'>sublatis,</span> <span class='ocrx_word' id='word_1_123' title='bbox 1018 2313 1195 2374; x_wconf 89' lang='lat' dir='ltr'>animorum</span> <span class='ocrx_word' id='word_1_124' title='bbox 1211 2325 1282 2372; x_wconf 88' lang='lat' dir='ltr'>con·</span> 
     </span>
     <span class='ocr_line' id='line_1_33' title="bbox 542 2404 1284 2468; baseline -0.003 -2"><span class='ocrx_word' id='word_1_125' title='bbox 542 2405 658 2468; x_wconf 89' lang='lat' dir='ltr'>iunctio</span> <span class='ocrx_word' id='word_1_126' title='bbox 690 2416 720 2468; x_wconf 91' lang='lat' dir='ltr'>et</span> <span class='ocrx_word' id='word_1_127' title='bbox 755 2407 837 2467; x_wconf 93' lang='lat' dir='ltr'>inter</span> <span class='ocrx_word' id='word_1_128' title='bbox 871 2407 1031 2468; x_wconf 89' lang='lat' dir='ltr'>ministros</span> <span class='ocrx_word' id='word_1_129' title='bbox 1065 2404 1284 2467; x_wconf 88' lang='lat' dir='ltr'>ecclesiasticos</span> 
     </span>
     <span class='ocr_line' id='line_1_34' title="bbox 541 2497 1284 2578; baseline -0.003 -19"><span class='ocrx_word' id='word_1_130' title='bbox 541 2515 598 2577; x_wconf 83' lang='lat' dir='ltr'>pax</span> <span class='ocrx_word' id='word_1_131' title='bbox 612 2509 766 2574; x_wconf 89' lang='lat' dir='ltr'>servetur,</span> <span class='ocrx_word' id='word_1_132' title='bbox 781 2515 858 2578; x_wconf 91' lang='lat' dir='ltr'>quae</span> <span class='ocrx_word' id='word_1_133' title='bbox 881 2515 1023 2575; x_wconf 87' lang='lat' dir='ltr'>magnam</span> <span class='ocrx_word' id='word_1_134' title='bbox 1040 2499 1149 2559; x_wconf 89' lang='lat' dir='ltr'>ailerre</span> <span class='ocrx_word' id='word_1_135' title='bbox 1164 2497 1284 2577; x_wconf 88' lang='lat' dir='ltr'>populls</span> 
     </span>
     <span class='ocr_line' id='line_1_35' title="bbox 540 2590 1285 2676; baseline -0.004 -22"><span class='ocrx_word' id='word_1_136' title='bbox 540 2592 714 2654; x_wconf 89' lang='lat' dir='ltr'>christianis</span> <span class='ocrx_word' id='word_1_137' title='bbox 745 2601 837 2670; x_wconf 82' lang='lat' dir='ltr'>queat</span> <span class='ocrx_word' id='word_1_138' title='bbox 867 2593 1078 2676; x_wconf 89' lang='lat' dir='ltr'>spiritualium</span> <span class='ocrx_word' id='word_1_139' title='bbox 1110 2591 1143 2652; x_wconf 89' lang='lat' dir='ltr'>in</span> <span class='ocrx_word' id='word_1_140' title='bbox 1175 2590 1285 2667; x_wconf 92' lang='lat' dir='ltr'>primis</span> 
     </span>
     <span class='ocr_line' id='line_1_36' title="bbox 540 2683 1285 2764; baseline -0.004 -18"><span class='ocrx_word' id='word_1_141' title='bbox 540 2689 776 2748; x_wconf 87' lang='lat' dir='ltr'>commodorum</span> <span class='ocrx_word' id='word_1_142' title='bbox 798 2694 930 2764; x_wconf 87' lang='lat' dir='ltr'>partem,</span> <span class='ocrx_word' id='word_1_143' title='bbox 954 2693 1104 2764; x_wconf 88' lang='lat' dir='ltr'>quantum</span> <span class='ocrx_word' id='word_1_144' title='bbox 1133 2699 1206 2746; x_wconf 92' lang='lat' dir='ltr'>cum</span> <span class='ocrx_word' id='word_1_145' title='bbox 1229 2683 1285 2744; x_wconf 88' lang='lat' dir='ltr'>llo-</span> 
     </span>
     <span class='ocr_line' id='line_1_37' title="bbox 540 2778 1286 2856; baseline -0.001 -17"><span class='ocrx_word' id='word_1_146' title='bbox 540 2779 626 2840; x_wconf 91' lang='lat' dir='ltr'>mino</span> <span class='ocrx_word' id='word_1_147' title='bbox 638 2794 812 2856; x_wconf 91' lang='lat' dir='ltr'>possumus,</span> <span class='ocrx_word' id='word_1_148' title='bbox 826 2779 861 2839; x_wconf 93' lang='lat' dir='ltr'>ad</span> <span class='ocrx_word' id='word_1_149' title='bbox 876 2778 1108 2840; x_wconf 89' lang='lat' dir='ltr'>testatissimum</span> <span class='ocrx_word' id='word_1_150' title='bbox 1120 2778 1286 2840; x_wconf 92' lang='lat' dir='ltr'>detrimen·</span> 
     </span>
     <span class='ocr_line' id='line_1_38' title="bbox 541 2872 1285 2950; baseline -0.003 -16"><span class='ocrx_word' id='word_1_151' title='bbox 541 2880 608 2934; x_wconf 93' lang='lat' dir='ltr'>tum</span> <span class='ocrx_word' id='word_1_152' title='bbox 638 2873 784 2934; x_wconf 88' lang='lat' dir='ltr'>ambabus</span> <span class='ocrx_word' id='word_1_153' title='bbox 813 2872 952 2950; x_wconf 90' lang='lat' dir='ltr'>partibus</span> <span class='ocrx_word' id='word_1_154' title='bbox 976 2888 1014 2932; x_wconf 82' lang='lat' dir='ltr'>ex</span> <span class='ocrx_word' id='word_1_155' title='bbox 1041 2872 1218 2950; x_wconf 89' lang='lat' dir='ltr'>sumptibus</span> <span class='ocrx_word' id='word_1_156' title='bbox 1241 2877 1285 2932; x_wconf 91' lang='lat' dir='ltr'>tot</span> 
     </span>
     <span class='ocr_line' id='line_1_39' title="bbox 539 2964 1286 3044; baseline 0 -19"><span class='ocrx_word' id='word_1_157' title='bbox 539 2965 643 3026; x_wconf 91' lang='lat' dir='ltr'>litium</span> <span class='ocrx_word' id='word_1_158' title='bbox 664 2982 719 3044; x_wconf 88' lang='lat' dir='ltr'>per</span> <span class='ocrx_word' id='word_1_159' title='bbox 741 2966 881 3044; x_wconf 89' lang='lat' dir='ltr'>plurium</span> <span class='ocrx_word' id='word_1_160' title='bbox 902 2979 1056 3026; x_wconf 90' lang='lat' dir='ltr'>annorum</span> <span class='ocrx_word' id='word_1_161' title='bbox 1078 2966 1212 3044; x_wconf 89' lang='lat' dir='ltr'>spatium</span> <span class='ocrx_word' id='word_1_162' title='bbox 1234 2964 1286 3025; x_wconf 90' lang='lat' dir='ltr'>de·</span> 
     </span>
     <span class='ocr_line' id='line_1_40' title="bbox 539 3056 1284 3135; baseline 0 -17"><span class='ocrx_word' id='word_1_163' title='bbox 539 3056 698 3120; x_wconf 78' lang='lat' dir='ltr'>sensarum</span> <span class='ocrx_word' id='word_1_164' title='bbox 724 3067 756 3119; x_wconf 89' lang='lat' dir='ltr'>et</span> <span class='ocrx_word' id='word_1_165' title='bbox 780 3066 823 3119; x_wconf 90' lang='lat' dir='ltr'>tot</span> <span class='ocrx_word' id='word_1_166' title='bbox 852 3073 1017 3118; x_wconf 90' lang='lat' dir='ltr'>causarum</span> <span class='ocrx_word' id='word_1_167' title='bbox 1038 3059 1284 3135; x_wconf 88' lang='lat' dir='ltr'>propositionum</span> 
     </span>
     <span class='ocr_line' id='line_1_41' title="bbox 540 3150 1284 3226; baseline -0.004 -13"><span class='ocrx_word' id='word_1_168' title='bbox 540 3151 604 3213; x_wconf 91' lang='lat' dir='ltr'>lere</span> <span class='ocrx_word' id='word_1_169' title='bbox 634 3151 777 3214; x_wconf 90' lang='lat' dir='ltr'>omnium</span> <span class='ocrx_word' id='word_1_170' title='bbox 805 3152 837 3211; x_wconf 90' lang='lat' dir='ltr'>in</span> <span class='ocrx_word' id='word_1_171' title='bbox 868 3151 1018 3213; x_wconf 91' lang='lat' dir='ltr'>damnum</span> <span class='ocrx_word' id='word_1_172' title='bbox 1046 3150 1284 3226; x_wconf 88' lang='lat' dir='ltr'>collitigantium</span> 
     </span>
     <span class='ocr_line' id='line_1_42' title="bbox 539 3243 1286 3324; baseline -0.001 -19"><span class='ocrx_word' id='word_1_173' title='bbox 539 3245 662 3307; x_wconf 91' lang='lat' dir='ltr'>illatum</span> <span class='ocrx_word' id='word_1_174' title='bbox 681 3243 923 3324; x_wconf 87' lang='lat' dir='ltr'>propulsandum</span> <span class='ocrx_word' id='word_1_175' title='bbox 940 3243 1208 3323; x_wconf 83' lang='lat' dir='ltr'>reparandamque</span> <span class='ocrx_word' id='word_1_176' title='bbox 1220 3259 1286 3322; x_wconf 90' lang='lat' dir='ltr'>pro·</span> 
     </span>
     <span class='ocr_line' id='line_1_43' title="bbox 539 3337 1286 3416; baseline -0.001 -18"><span class='ocrx_word' id='word_1_177' title='bbox 539 3339 715 3416; x_wconf 89' lang='lat' dir='ltr'>spicicntes,</span> <span class='ocrx_word' id='word_1_178' title='bbox 728 3345 821 3416; x_wconf 87' lang='lat' dir='ltr'>atque</span> <span class='ocrx_word' id='word_1_179' title='bbox 836 3337 971 3413; x_wconf 89' lang='lat' dir='ltr'>benigne</span> <span class='ocrx_word' id='word_1_180' title='bbox 981 3337 1144 3414; x_wconf 90' lang='lat' dir='ltr'>providere</span> <span class='ocrx_word' id='word_1_181' title='bbox 1159 3337 1286 3415; x_wconf 92' lang='lat' dir='ltr'>cupien-</span> 
     </span>
     <span class='ocr_line' id='line_1_44' title="bbox 542 3431 1286 3509; baseline -0.004 -16"><span class='ocrx_word' id='word_1_182' title='bbox 542 3440 598 3506; x_wconf 87' lang='lat' dir='ltr'>tes,</span> <span class='ocrx_word' id='word_1_183' title='bbox 621 3432 750 3509; x_wconf 90' lang='lat' dir='ltr'>allisque</span> <span class='ocrx_word' id='word_1_184' title='bbox 773 3432 865 3493; x_wconf 89' lang='lat' dir='ltr'>iustis</span> <span class='ocrx_word' id='word_1_185' title='bbox 885 3447 924 3491; x_wconf 84' lang='lat' dir='ltr'>eu</span> <span class='ocrx_word' id='word_1_186' title='bbox 946 3431 1044 3492; x_wconf 90' lang='lat' dir='ltr'>causis</span> <span class='ocrx_word' id='word_1_187' title='bbox 1071 3431 1211 3492; x_wconf 89' lang='lat' dir='ltr'>animum</span> <span class='ocrx_word' id='word_1_188' title='bbox 1232 3443 1286 3491; x_wconf 90' lang='lat' dir='ltr'>no-</span> 
     </span>
     <span class='ocr_line' id='line_1_45' title="bbox 540 3523 1286 3602; baseline -0.001 -17"><span class='ocrx_word' id='word_1_189' title='bbox 540 3534 641 3586; x_wconf 91' lang='lat' dir='ltr'>strum</span> <span class='ocrx_word' id='word_1_190' title='bbox 658 3525 855 3585; x_wconf 90' lang='lat' dir='ltr'>moventibus</span> <span class='ocrx_word' id='word_1_191' title='bbox 871 3523 1005 3597; x_wconf 90' lang='lat' dir='ltr'>adducti,</span> <span class='ocrx_word' id='word_1_192' title='bbox 1023 3523 1286 3602; x_wconf 86' lang='lat' dir='ltr'>procedentesque</span> 
     </span>
     <span class='ocr_line' id='line_1_46' title="bbox 541 3616 1285 3682; baseline -0.004 -2"><span class='ocrx_word' id='word_1_193' title='bbox 541 3620 626 3682; x_wconf 83' lang='lat' dir='ltr'>iuxta</span> <span class='ocrx_word' id='word_1_194' title='bbox 650 3625 835 3680; x_wconf 91' lang='lat' dir='ltr'>memoratos</span> <span class='ocrx_word' id='word_1_195' title='bbox 856 3616 1033 3678; x_wconf 87' lang='lat' dir='ltr'>articulosa</span> <span class='ocrx_word' id='word_1_196' title='bbox 1055 3622 1226 3678; x_wconf 88' lang='lat' dir='ltr'>memorato</span> <span class='ocrx_word' id='word_1_197' title='bbox 1241 3617 1285 3678; x_wconf 94' lang='lat' dir='ltr'>lo-</span> 
     </span>
     <span class='ocr_line' id='line_1_47' title="bbox 541 3711 1286 3790; baseline -0.004 -17"><span class='ocrx_word' id='word_1_198' title='bbox 541 3729 622 3774; x_wconf 91' lang='lat' dir='ltr'>aune</span> <span class='ocrx_word' id='word_1_199' title='bbox 644 3713 804 3776; x_wconf 84' lang='lat' dir='ltr'>Franclsco</span> <span class='ocrx_word' id='word_1_200' title='bbox 826 3713 975 3790; x_wconf 86' lang='lat' dir='ltr'>Episcopo</span> <span class='ocrx_word' id='word_1_201' title='bbox 997 3718 1027 3772; x_wconf 91' lang='lat' dir='ltr'>et</span> <span class='ocrx_word' id='word_1_202' title='bbox 1048 3711 1201 3774; x_wconf 87' lang='lat' dir='ltr'>Cardlnall</span> <span class='ocrx_word' id='word_1_203' title='bbox 1218 3727 1286 3788; x_wconf 91' lang='lat' dir='ltr'>pro·</span> 
     </span>
     <span class='ocr_line' id='line_1_48' title="bbox 541 3807 1286 3886; baseline -0.003 -18"><span class='ocrx_word' id='word_1_204' title='bbox 541 3808 665 3886; x_wconf 86' lang='lat' dir='ltr'>positos,</span> <span class='ocrx_word' id='word_1_205' title='bbox 689 3815 719 3868; x_wconf 92' lang='lat' dir='ltr'>et</span> <span class='ocrx_word' id='word_1_206' title='bbox 742 3807 858 3867; x_wconf 92' lang='lat' dir='ltr'>adlcto</span> <span class='ocrx_word' id='word_1_207' title='bbox 879 3807 1035 3870; x_wconf 81' lang='lat' dir='ltr'>Friderico</span> <span class='ocrx_word' id='word_1_208' title='bbox 1056 3809 1197 3883; x_wconf 77' lang='lat' dir='ltr'>Augusto</span> <span class='ocrx_word' id='word_1_209' title='bbox 1212 3821 1286 3881; x_wconf 89' lang='lat' dir='ltr'>rege</span> 
     </span>
     <span class='ocr_line' id='line_1_49' title="bbox 540 3901 1288 3981; baseline 0.001 -20"><span class='ocrx_word' id='word_1_210' title='bbox 540 3903 688 3964; x_wconf 90' lang='lat' dir='ltr'>admissos</span> <span class='ocrx_word' id='word_1_211' title='bbox 713 3903 967 3981; x_wconf 87' lang='lat' dir='ltr'>approbatosque,</span> <span class='ocrx_word' id='word_1_212' title='bbox 984 3919 1040 3965; x_wconf 90' lang='lat' dir='ltr'>nec</span> <span class='ocrx_word' id='word_1_213' title='bbox 1062 3917 1126 3963; x_wconf 92' lang='lat' dir='ltr'>non</span> <span class='ocrx_word' id='word_1_214' title='bbox 1148 3901 1288 3963; x_wconf 88' lang='lat' dir='ltr'>donatio·</span> 
     </span>
     <span class='ocr_line' id='line_1_50' title="bbox 542 3995 1288 4074; baseline -0.004 -12"><span class='ocrx_word' id='word_1_215' title='bbox 542 4001 590 4062; x_wconf 86' lang='lat' dir='ltr'>nis</span> <span class='ocrx_word' id='word_1_216' title='bbox 614 4009 771 4074; x_wconf 90' lang='lat' dir='ltr'>tenorem,</span> <span class='ocrx_word' id='word_1_217' title='bbox 793 4015 826 4060; x_wconf 86' lang='lat' dir='ltr'>ac</span> <span class='ocrx_word' id='word_1_218' title='bbox 847 3997 1087 4072; x_wconf 87' lang='lat' dir='ltr'>controversiae,</span> <span class='ocrx_word' id='word_1_219' title='bbox 1104 4013 1160 4057; x_wconf 93' lang='lat' dir='ltr'>seu</span> <span class='ocrx_word' id='word_1_220' title='bbox 1183 3995 1244 4057; x_wconf 90' lang='lat' dir='ltr'>litis</span> <span class='ocrx_word' id='word_1_221' title='bbox 1257 4005 1288 4059; x_wconf 90' lang='lat' dir='ltr'>et</span> 
     </span>
     <span class='ocr_line' id='line_1_51' title="bbox 541 4094 1287 4174; baseline -0.008 -13"><span class='ocrx_word' id='word_1_222' title='bbox 541 4116 659 4174; x_wconf 90' lang='lat' dir='ltr'>causae,</span> <span class='ocrx_word' id='word_1_223' title='bbox 676 4115 710 4160; x_wconf 90' lang='lat' dir='ltr'>ac</span> <span class='ocrx_word' id='word_1_224' title='bbox 729 4099 963 4160; x_wconf 87' lang='lat' dir='ltr'>sententiarum</span> <span class='ocrx_word' id='word_1_225' title='bbox 986 4097 1057 4158; x_wconf 91' lang='lat' dir='ltr'>inde</span> <span class='ocrx_word' id='word_1_226' title='bbox 1078 4096 1114 4158; x_wconf 91' lang='lat' dir='ltr'>ab</span> <span class='ocrx_word' id='word_1_227' title='bbox 1135 4094 1287 4156; x_wconf 90' lang='lat' dir='ltr'>auditorio</span> 
     </span>
     <span class='ocr_line' id='line_1_52' title="bbox 542 4187 1288 4271; baseline -0.008 -18"><span class='ocrx_word' id='word_1_228' title='bbox 542 4193 697 4271; x_wconf 87' lang='lat' dir='ltr'>praedicto</span> <span class='ocrx_word' id='word_1_229' title='bbox 730 4191 862 4252; x_wconf 91' lang='lat' dir='ltr'>latarum</span> <span class='ocrx_word' id='word_1_230' title='bbox 894 4187 1074 4252; x_wconf 86' lang='lat' dir='ltr'>huiusmodi</span> <span class='ocrx_word' id='word_1_231' title='bbox 1107 4196 1223 4250; x_wconf 90' lang='lat' dir='ltr'>statum</span> <span class='ocrx_word' id='word_1_232' title='bbox 1257 4196 1288 4248; x_wconf 88' lang='lat' dir='ltr'>et</span> 
     </span>
     <span class='ocr_line' id='line_1_53' title="bbox 543 4281 1287 4362; baseline -0.009 -15"><span class='ocrx_word' id='word_1_233' title='bbox 543 4287 665 4361; x_wconf 89' lang='lat' dir='ltr'>merita,</span> <span class='ocrx_word' id='word_1_234' title='bbox 688 4286 890 4362; x_wconf 90' lang='lat' dir='ltr'>nominaque,</span> <span class='ocrx_word' id='word_1_235' title='bbox 905 4291 936 4344; x_wconf 90' lang='lat' dir='ltr'>et</span> <span class='ocrx_word' id='word_1_236' title='bbox 958 4281 1155 4359; x_wconf 89' lang='lat' dir='ltr'>cognomina,</span> <span class='ocrx_word' id='word_1_237' title='bbox 1168 4297 1201 4341; x_wconf 91' lang='lat' dir='ltr'>ac</span> <span class='ocrx_word' id='word_1_238' title='bbox 1215 4297 1287 4357; x_wconf 90' lang='lat' dir='ltr'>qua-</span> 
     </span>
     <span class='ocr_line' id='line_1_54' title="bbox 544 4374 1287 4453; baseline -0.011 -12"><span class='ocrx_word' id='word_1_239' title='bbox 544 4381 644 4443; x_wconf 89' lang='lat' dir='ltr'>litates</span> <span class='ocrx_word' id='word_1_240' title='bbox 675 4380 812 4442; x_wconf 90' lang='lat' dir='ltr'>iudicum</span> <span class='ocrx_word' id='word_1_241' title='bbox 837 4384 868 4438; x_wconf 90' lang='lat' dir='ltr'>et</span> <span class='ocrx_word' id='word_1_242' title='bbox 898 4377 1149 4453; x_wconf 87' lang='lat' dir='ltr'>collitigantium,</span> <span class='ocrx_word' id='word_1_243' title='bbox 1179 4383 1210 4434; x_wconf 92' lang='lat' dir='ltr'>et</span> <span class='ocrx_word' id='word_1_244' title='bbox 1231 4374 1287 4434; x_wconf 90' lang='lat' dir='ltr'>alia</span> 
     </span>
     <span class='ocr_line' id='line_1_55' title="bbox 544 4467 1288 4553; baseline -0.015 -16"><span class='ocrx_word' id='word_1_245' title='bbox 544 4488 757 4553; x_wconf 87' lang='lat' dir='ltr'>quaecumque</span> <span class='ocrx_word' id='word_1_246' title='bbox 791 4471 885 4533; x_wconf 91' lang='lat' dir='ltr'>etiam</span> <span class='ocrx_word' id='word_1_247' title='bbox 915 4471 1089 4548; x_wconf 80' lang='lat' dir='ltr'>specificam</span> <span class='ocrx_word' id='word_1_248' title='bbox 1117 4477 1147 4530; x_wconf 90' lang='lat' dir='ltr'>et</span> <span class='ocrx_word' id='word_1_249' title='bbox 1176 4467 1288 4529; x_wconf 92' lang='lat' dir='ltr'>indivi-</span> 
     </span>
     <span class='ocr_line' id='line_1_56' title="bbox 544 4561 1288 4640; baseline -0.013 -9"><span class='ocrx_word' id='word_1_250' title='bbox 544 4571 635 4631; x_wconf 90' lang='lat' dir='ltr'>duam</span> <span class='ocrx_word' id='word_1_251' title='bbox 665 4567 856 4628; x_wconf 89' lang='lat' dir='ltr'>mentionem</span> <span class='ocrx_word' id='word_1_252' title='bbox 886 4573 917 4626; x_wconf 86' lang='lat' dir='ltr'>et</span> <span class='ocrx_word' id='word_1_253' title='bbox 937 4562 1166 4640; x_wconf 82' lang='lat' dir='ltr'>expressionem</span> <span class='ocrx_word' id='word_1_254' title='bbox 1187 4561 1288 4638; x_wconf 90' lang='lat' dir='ltr'>requi·</span> 
     </span>
    </p>
   </div>
   <div class='ocr_carea' id='block_1_6' title="bbox 545 4663 1294 6062">
    <p class='ocr_par' dir='ltr' id='par_1_7' title="bbox 545 4663 1294 6062">
     <span class='ocr_line' id='line_1_57' title="bbox 545 4663 1289 4747; baseline -0.012 -15"><span class='ocrx_word' id='word_1_255' title='bbox 545 4671 645 4732; x_wconf 88' lang='lat' dir='ltr'>rontia</span> <span class='ocrx_word' id='word_1_256' title='bbox 667 4665 880 4747; x_wconf 90' lang='lat' dir='ltr'>praesentibus</span> <span class='ocrx_word' id='word_1_257' title='bbox 901 4680 956 4742; x_wconf 93' lang='lat' dir='ltr'>pro</span> <span class='ocrx_word' id='word_1_258' title='bbox 977 4663 1068 4743; x_wconf 90' lang='lat' dir='ltr'>plene</span> <span class='ocrx_word' id='word_1_259' title='bbox 1090 4671 1120 4725; x_wconf 93' lang='lat' dir='ltr'>et</span> <span class='ocrx_word' id='word_1_260' title='bbox 1134 4663 1289 4724; x_wconf 89' lang='lat' dir='ltr'>sulllclen·</span> 
     </span>
     <span class='ocr_line' id='line_1_58' title="bbox 546 4757 1289 4837; baseline -0.011 -13"><span class='ocrx_word' id='word_1_261' title='bbox 546 4771 593 4825; x_wconf 90' lang='lat' dir='ltr'>ter</span> <span class='ocrx_word' id='word_1_262' title='bbox 621 4762 764 4836; x_wconf 78' lang='lat' dir='ltr'>insertiS,</span> <span class='ocrx_word' id='word_1_263' title='bbox 794 4759 945 4837; x_wconf 79' lang='lat' dir='ltr'>expressis</span> <span class='ocrx_word' id='word_1_264' title='bbox 970 4767 1002 4820; x_wconf 91' lang='lat' dir='ltr'>et</span> <span class='ocrx_word' id='word_1_265' title='bbox 1029 4757 1210 4834; x_wconf 83' lang='lat' dir='ltr'>specificans</span> <span class='ocrx_word' id='word_1_266' title='bbox 1237 4757 1289 4816; x_wconf 90' lang='lat' dir='ltr'>ba-</span> 
     </span>
     <span class='ocr_line' id='line_1_59' title="bbox 547 4851 1289 4933; baseline -0.013 -13"><span class='ocrx_word' id='word_1_267' title='bbox 547 4859 665 4932; x_wconf 80' lang='lat' dir='ltr'>bentes,</span> <span class='ocrx_word' id='word_1_268' title='bbox 688 4863 775 4919; x_wconf 89' lang='lat' dir='ltr'>motu</span> <span class='ocrx_word' id='word_1_269' title='bbox 798 4855 932 4933; x_wconf 89' lang='lat' dir='ltr'>proprio,</span> <span class='ocrx_word' id='word_1_270' title='bbox 948 4869 981 4913; x_wconf 87' lang='lat' dir='ltr'>ae</span> <span class='ocrx_word' id='word_1_271' title='bbox 999 4867 1035 4912; x_wconf 82' lang='lat' dir='ltr'>en</span> <span class='ocrx_word' id='word_1_272' title='bbox 1058 4857 1141 4913; x_wconf 91' lang='lat' dir='ltr'>certa</span> <span class='ocrx_word' id='word_1_273' title='bbox 1161 4851 1289 4913; x_wconf 90' lang='lat' dir='ltr'>scientia</span> 
     </span>
     <span class='ocr_line' id='line_1_60' title="bbox 545 4943 1289 5024; baseline -0.013 -9"><span class='ocrx_word' id='word_1_274' title='bbox 545 4959 576 5015; x_wconf 89' lang='lat' dir='ltr'>et</span> <span class='ocrx_word' id='word_1_275' title='bbox 592 4962 712 5014; x_wconf 88' lang='lat' dir='ltr'>matura</span> <span class='ocrx_word' id='word_1_276' title='bbox 728 4947 948 5012; x_wconf 82' lang='lat' dir='ltr'>deliberatione</span> <span class='ocrx_word' id='word_1_277' title='bbox 965 4944 1089 5020; x_wconf 87' lang='lat' dir='ltr'>nostris,</span> <span class='ocrx_word' id='word_1_278' title='bbox 1105 4943 1206 5021; x_wconf 88' lang='lat' dir='ltr'>deque</span> <span class='ocrx_word' id='word_1_279' title='bbox 1220 4960 1289 5024; x_wconf 91' lang='lat' dir='ltr'>apo-</span> 
     </span>
     <span class='ocr_line' id='line_1_61' title="bbox 545 5039 1291 5123; baseline -0.009 -16"><span class='ocrx_word' id='word_1_280' title='bbox 545 5046 669 5109; x_wconf 88' lang='lat' dir='ltr'>stolicae</span> <span class='ocrx_word' id='word_1_281' title='bbox 691 5043 847 5123; x_wconf 89' lang='lat' dir='ltr'>potestatis</span> <span class='ocrx_word' id='word_1_282' title='bbox 862 5039 1068 5120; x_wconf 90' lang='lat' dir='ltr'>plenitudine,</span> <span class='ocrx_word' id='word_1_283' title='bbox 1082 5054 1291 5117; x_wconf 90' lang='lat' dir='ltr'>quascumque</span> 
     </span>
     <span class='ocr_line' id='line_1_62' title="bbox 547 5133 1290 5216; baseline -0.011 -14"><span class='ocrx_word' id='word_1_284' title='bbox 547 5141 615 5203; x_wconf 89' lang='lat' dir='ltr'>lites</span> <span class='ocrx_word' id='word_1_285' title='bbox 637 5148 668 5201; x_wconf 92' lang='lat' dir='ltr'>et</span> <span class='ocrx_word' id='word_1_286' title='bbox 689 5155 792 5202; x_wconf 89' lang='lat' dir='ltr'>causas</span> <span class='ocrx_word' id='word_1_287' title='bbox 821 5151 913 5216; x_wconf 90' lang='lat' dir='ltr'>super</span> <span class='ocrx_word' id='word_1_288' title='bbox 935 5134 1096 5212; x_wconf 84' lang='lat' dir='ltr'>praeniissa</span> <span class='ocrx_word' id='word_1_289' title='bbox 1126 5133 1290 5195; x_wconf 89' lang='lat' dir='ltr'>donatione</span> 
     </span>
     <span class='ocr_line' id='line_1_63' title="bbox 547 5226 1291 5314; baseline -0.016 -15"><span class='ocrx_word' id='word_1_290' title='bbox 547 5246 817 5314; x_wconf 86' lang='lat' dir='ltr'>quorumcumque</span> <span class='ocrx_word' id='word_1_291' title='bbox 839 5229 991 5291; x_wconf 93' lang='lat' dir='ltr'>bonorum</span> <span class='ocrx_word' id='word_1_292' title='bbox 1012 5226 1169 5288; x_wconf 89' lang='lat' dir='ltr'>stabilium</span> <span class='ocrx_word' id='word_1_293' title='bbox 1191 5227 1291 5304; x_wconf 80' lang='lat' dir='ltr'>cuius-</span> 
     </span>
     <span class='ocr_line' id='line_1_64' title="bbox 547 5321 1292 5409; baseline -0.016 -14"><span class='ocrx_word' id='word_1_294' title='bbox 547 5346 680 5409; x_wconf 85' lang='lat' dir='ltr'>cumque</span> <span class='ocrx_word' id='word_1_295' title='bbox 703 5327 856 5406; x_wconf 85' lang='lat' dir='ltr'>qualitatis</span> <span class='ocrx_word' id='word_1_296' title='bbox 885 5331 915 5384; x_wconf 90' lang='lat' dir='ltr'>et</span> <span class='ocrx_word' id='word_1_297' title='bbox 936 5321 1060 5400; x_wconf 90' lang='lat' dir='ltr'>speciei,</span> <span class='ocrx_word' id='word_1_298' title='bbox 1083 5339 1098 5380; x_wconf 88' lang='lat' dir='ltr'>a</span> <span class='ocrx_word' id='word_1_299' title='bbox 1121 5330 1292 5383; x_wconf 87' lang='lat' dir='ltr'>memorato</span> 
     </span>
     <span class='ocr_line' id='line_1_65' title="bbox 549 5416 1290 5506; baseline -0.02 -15"><span class='ocrx_word' id='word_1_300' title='bbox 549 5427 703 5506; x_wconf 87' lang='lat' dir='ltr'>Stephano</span> <span class='ocrx_word' id='word_1_301' title='bbox 727 5422 867 5484; x_wconf 87' lang='lat' dir='ltr'>Poloniae</span> <span class='ocrx_word' id='word_1_302' title='bbox 893 5435 967 5496; x_wconf 88' lang='lat' dir='ltr'>rege</span> <span class='ocrx_word' id='word_1_303' title='bbox 988 5416 1023 5477; x_wconf 92' lang='lat' dir='ltr'>ad</span> <span class='ocrx_word' id='word_1_304' title='bbox 1045 5417 1290 5478; x_wconf 89' lang='lat' dir='ltr'>construendum</span> 
     </span>
     <span class='ocr_line' id='line_1_66' title="bbox 549 5511 1291 5596; baseline -0.015 -13"><span class='ocrx_word' id='word_1_305' title='bbox 549 5521 804 5596; x_wconf 88' lang='lat' dir='ltr'>laudandumque</span> <span class='ocrx_word' id='word_1_306' title='bbox 832 5534 865 5578; x_wconf 92' lang='lat' dir='ltr'>ac</span> <span class='ocrx_word' id='word_1_307' title='bbox 891 5511 1157 5575; x_wconf 87' lang='lat' dir='ltr'>manutenendum</span> <span class='ocrx_word' id='word_1_308' title='bbox 1185 5527 1291 5590; x_wconf 90' lang='lat' dir='ltr'>supra-</span> 
     </span>
     <span class='ocr_line' id='line_1_67' title="bbox 549 5603 1292 5689; baseline -0.011 -13"><span class='ocrx_word' id='word_1_309' title='bbox 549 5616 665 5678; x_wconf 89' lang='lat' dir='ltr'>dictum</span> <span class='ocrx_word' id='word_1_310' title='bbox 677 5613 851 5689; x_wconf 86' lang='lat' dir='ltr'>Collegium</span> <span class='ocrx_word' id='word_1_311' title='bbox 865 5607 1024 5673; x_wconf 89' lang='lat' dir='ltr'>Societatis</span> <span class='ocrx_word' id='word_1_312' title='bbox 1039 5604 1105 5666; x_wconf 92' lang='lat' dir='ltr'>lesu</span> <span class='ocrx_word' id='word_1_313' title='bbox 1121 5603 1292 5668; x_wconf 88' lang='lat' dir='ltr'>Polokense</span> 
     </span>
     <span class='ocr_line' id='line_1_68' title="bbox 549 5701 1293 5777; baseline -0.011 -8"><span class='ocrx_word' id='word_1_314' title='bbox 549 5724 630 5769; x_wconf 91' lang='lat' dir='ltr'>anno</span> <span class='ocrx_word' id='word_1_315' title='bbox 652 5721 822 5768; x_wconf 83' lang='lat' dir='ltr'>uncxxuu.</span> <span class='ocrx_word' id='word_1_316' title='bbox 849 5701 948 5766; x_wconf 90' lang='lat' dir='ltr'>eidem</span> <span class='ocrx_word' id='word_1_317' title='bbox 972 5701 1127 5775; x_wconf 81' lang='lat' dir='ltr'>Societati,</span> <span class='ocrx_word' id='word_1_318' title='bbox 1152 5708 1186 5761; x_wconf 87' lang='lat' dir='ltr'>ut</span> <span class='ocrx_word' id='word_1_319' title='bbox 1207 5715 1293 5777; x_wconf 92' lang='lat' dir='ltr'>prae-</span> 
     </span>
     <span class='ocr_line' id='line_1_69' title="bbox 550 5794 1292 5874; baseline -0.009 -13"><span class='ocrx_word' id='word_1_320' title='bbox 550 5800 659 5873; x_wconf 89' lang='lat' dir='ltr'>lertur,</span> <span class='ocrx_word' id='word_1_321' title='bbox 676 5798 763 5874; x_wconf 88' lang='lat' dir='ltr'>iacta,</span> <span class='ocrx_word' id='word_1_322' title='bbox 780 5800 861 5860; x_wconf 88' lang='lat' dir='ltr'>inter</span> <span class='ocrx_word' id='word_1_323' title='bbox 883 5805 1090 5859; x_wconf 91' lang='lat' dir='ltr'>memoratum</span> <span class='ocrx_word' id='word_1_324' title='bbox 1113 5794 1292 5861; x_wconf 82' lang='lat' dir='ltr'>Florianum</span> 
     </span>
     <span class='ocr_line' id='line_1_70' title="bbox 550 5889 1292 5972; baseline -0.009 -16"><span class='ocrx_word' id='word_1_325' title='bbox 550 5894 821 5972; x_wconf 70' lang='lat' dir='ltr'>,archiepiscopum</span> <span class='ocrx_word' id='word_1_326' title='bbox 844 5909 876 5953; x_wconf 88' lang='lat' dir='ltr'>ac</span> <span class='ocrx_word' id='word_1_327' title='bbox 897 5892 1024 5954; x_wconf 89' lang='lat' dir='ltr'>clericos</span> <span class='ocrx_word' id='word_1_328' title='bbox 1039 5889 1198 5966; x_wconf 88' lang='lat' dir='ltr'>regulares</span> <span class='ocrx_word' id='word_1_329' title='bbox 1213 5889 1292 5950; x_wconf 91' lang='lat' dir='ltr'>eius-</span> 
     </span>
     <span class='ocr_line' id='line_1_71' title="bbox 551 5985 1294 6062; baseline -0.008 -12"><span class='ocrx_word' id='word_1_330' title='bbox 551 5990 621 6050; x_wconf 87' lang='lat' dir='ltr'>dem</span> <span class='ocrx_word' id='word_1_331' title='bbox 643 5987 803 6051; x_wconf 91' lang='lat' dir='ltr'>Societatis</span> <span class='ocrx_word' id='word_1_332' title='bbox 825 5987 892 6049; x_wconf 91' lang='lat' dir='ltr'>iesu</span> <span class='ocrx_word' id='word_1_333' title='bbox 914 6001 1017 6048; x_wconf 91' lang='lat' dir='ltr'>coram</span> <span class='ocrx_word' id='word_1_334' title='bbox 1034 5985 1186 6047; x_wconf 89' lang='lat' dir='ltr'>auditorio</span> <span class='ocrx_word' id='word_1_335' title='bbox 1207 5997 1294 6062; x_wconf 90' lang='lat' dir='ltr'>prae·</span> 
     </span>
    </p>
   </div>
   <div class='ocr_carea' id='block_1_7' title="bbox 1055 596 1550 646">
    <p class='ocr_par' dir='ltr' id='par_1_8' title="bbox 1055 596 1550 646">
     <span class='ocr_line' id='line_1_72' title="bbox 1055 596 1550 646; baseline -0.018 1"><span class='ocrx_word' id='word_1_336' title='bbox 1055 603 1119 646; x_wconf 83' lang='lat' dir='ltr'>ibn.</span> <span class='ocrx_word' id='word_1_337' title='bbox 1144 602 1234 646; x_wconf 77' lang='lat' dir='ltr'>bonr-</span> <span class='ocrx_word' id='word_1_338' title='bbox 1259 599 1299 644; x_wconf 80' lang='lat' dir='ltr'>bb</span> <span class='ocrx_word' id='word_1_339' title='bbox 1321 599 1349 644; x_wconf 74' lang='grc' dir='ltr'>Ρ.</span> <span class='ocrx_word' id='word_1_340' title='bbox 1374 598 1402 642; x_wconf 77' lang='lat' dir='ltr'>F·</span> <span class='ocrx_word' id='word_1_341' title='bbox 1426 597 1508 642; x_wconf 77' lang='lat' dir='ltr'>bans</span> <span class='ocrx_word' id='word_1_342' title='bbox 1530 596 1550 640; x_wconf 90' lang='lat'>1.</span> 
     </span>
    </p>
   </div>
   <div class='ocr_carea' id='block_1_8' title="bbox 1333 705 2093 5593">
    <p class='ocr_par' dir='ltr' id='par_1_9' title="bbox 1333 705 2093 5593">
     <span class='ocr_line' id='line_1_73' title="bbox 1333 705 2076 794; baseline -0.019 -14"><span class='ocrx_word' id='word_1_343' title='bbox 1333 717 1412 780; x_wconf 87' lang='lat' dir='ltr'>dicio</span> <span class='ocrx_word' id='word_1_344' title='bbox 1434 713 1563 794; x_wconf 90' lang='lat' dir='ltr'>aliisque</span> <span class='ocrx_word' id='word_1_345' title='bbox 1590 712 1684 776; x_wconf 89' lang='lat' dir='ltr'>etiam</span> <span class='ocrx_word' id='word_1_346' title='bbox 1712 710 1862 773; x_wconf 91' lang='lat' dir='ltr'>iudicibus</span> <span class='ocrx_word' id='word_1_347' title='bbox 1886 715 1917 772; x_wconf 91' lang='lat' dir='ltr'>et</span> <span class='ocrx_word' id='word_1_348' title='bbox 1940 705 2076 769; x_wconf 90' lang='lat' dir='ltr'>tribuna-</span> 
     </span>
     <span class='ocr_line' id='line_1_74' title="bbox 1334 805 2078 886; baseline -0.016 -15"><span class='ocrx_word' id='word_1_349' title='bbox 1334 810 1414 873; x_wconf 91' lang='lat' dir='ltr'>libus</span> <span class='ocrx_word' id='word_1_350' title='bbox 1436 816 1534 872; x_wconf 90' lang='lat' dir='ltr'>motas</span> <span class='ocrx_word' id='word_1_351' title='bbox 1556 815 1586 870; x_wconf 92' lang='lat' dir='ltr'>et</span> <span class='ocrx_word' id='word_1_352' title='bbox 1614 807 1786 886; x_wconf 87' lang='lat' dir='ltr'>pendentes</span> <span class='ocrx_word' id='word_1_353' title='bbox 1808 805 1840 866; x_wconf 95' lang='lat' dir='ltr'>in</span> <span class='ocrx_word' id='word_1_354' title='bbox 1862 808 1943 864; x_wconf 90' lang='lat' dir='ltr'>statu</span> <span class='ocrx_word' id='word_1_355' title='bbox 1965 807 1996 863; x_wconf 93' lang='lat' dir='ltr'>et</span> <span class='ocrx_word' id='word_1_356' title='bbox 2019 808 2078 861; x_wconf 89' lang='lat' dir='ltr'>ter·</span> 
     </span>
     <span class='ocr_line' id='line_1_75' title="bbox 1334 894 2076 979; baseline -0.018 -14"><span class='ocrx_word' id='word_1_357' title='bbox 1334 903 1440 978; x_wconf 91' lang='lat' dir='ltr'>minis,</span> <span class='ocrx_word' id='word_1_358' title='bbox 1459 903 1491 964; x_wconf 91' lang='lat' dir='ltr'>iu</span> <span class='ocrx_word' id='word_1_359' title='bbox 1513 901 1625 979; x_wconf 91' lang='lat' dir='ltr'>quibus</span> <span class='ocrx_word' id='word_1_360' title='bbox 1643 901 1681 964; x_wconf 91' lang='lat' dir='ltr'>de</span> <span class='ocrx_word' id='word_1_361' title='bbox 1695 898 1848 978; x_wconf 88' lang='lat' dir='ltr'>praesenti</span> <span class='ocrx_word' id='word_1_362' title='bbox 1864 894 2076 973; x_wconf 86' lang='lat' dir='ltr'>reperiuntur,</span> 
     </span>
     <span class='ocr_line' id='line_1_76' title="bbox 1335 985 2078 1064; baseline -0.017 -7"><span class='ocrx_word' id='word_1_363' title='bbox 1335 995 1370 1057; x_wconf 89' lang='lat' dir='ltr'>ad</span> <span class='ocrx_word' id='word_1_364' title='bbox 1392 1011 1448 1056; x_wconf 91' lang='lat' dir='ltr'>nos</span> <span class='ocrx_word' id='word_1_365' title='bbox 1468 997 1580 1056; x_wconf 89' lang='lat' dir='ltr'>barum</span> <span class='ocrx_word' id='word_1_366' title='bbox 1601 993 1682 1054; x_wconf 92' lang='lat' dir='ltr'>serie</span> <span class='ocrx_word' id='word_1_367' title='bbox 1709 1005 1781 1054; x_wconf 91' lang='lat' dir='ltr'>cum</span> <span class='ocrx_word' id='word_1_368' title='bbox 1801 989 1865 1052; x_wconf 91' lang='lat' dir='ltr'>suis</span> <span class='ocrx_word' id='word_1_369' title='bbox 1892 985 2078 1064; x_wconf 88' lang='lat' dir='ltr'>emergenti-</span> 
     </span>
     <span class='ocr_line' id='line_1_77' title="bbox 1335 1077 2081 1164; baseline -0.015 -14"><span class='ocrx_word' id='word_1_370' title='bbox 1335 1088 1402 1164; x_wconf 89' lang='lat' dir='ltr'>bus,</span> <span class='ocrx_word' id='word_1_371' title='bbox 1426 1089 1556 1149; x_wconf 83' lang='lat' dir='ltr'>anneuis</span> <span class='ocrx_word' id='word_1_372' title='bbox 1577 1096 1608 1149; x_wconf 91' lang='lat' dir='ltr'>et</span> <span class='ocrx_word' id='word_1_373' title='bbox 1629 1085 1775 1149; x_wconf 83' lang='lat' dir='ltr'>connexis</span> <span class='ocrx_word' id='word_1_374' title='bbox 1795 1096 1970 1154; x_wconf 90' lang='lat' dir='ltr'>avocamus,</span> <span class='ocrx_word' id='word_1_375' title='bbox 2001 1077 2081 1140; x_wconf 90' lang='lat' dir='ltr'>illas·</span> 
     </span>
     <span class='ocr_line' id='line_1_78' title="bbox 1335 1174 2080 1260; baseline -0.016 -16"><span class='ocrx_word' id='word_1_376' title='bbox 1335 1199 1396 1260; x_wconf 92' lang='lat' dir='ltr'>que</span> <span class='ocrx_word' id='word_1_377' title='bbox 1416 1183 1459 1244; x_wconf 93' lang='lat' dir='ltr'>sic</span> <span class='ocrx_word' id='word_1_378' title='bbox 1480 1187 1630 1254; x_wconf 89' lang='lat' dir='ltr'>avocatas,</span> <span class='ocrx_word' id='word_1_379' title='bbox 1653 1187 1752 1253; x_wconf 91' lang='lat' dir='ltr'>motu,</span> <span class='ocrx_word' id='word_1_380' title='bbox 1774 1176 1914 1250; x_wconf 87' lang='lat' dir='ltr'>scientia,</span> <span class='ocrx_word' id='word_1_381' title='bbox 1930 1174 2080 1237; x_wconf 86' lang='lat' dir='ltr'>delibera-</span> 
     </span>
     <span class='ocr_line' id='line_1_79' title="bbox 1338 1270 2080 1354; baseline -0.015 -16"><span class='ocrx_word' id='word_1_382' title='bbox 1338 1276 1432 1351; x_wconf 90' lang='lat' dir='ltr'>tione,</span> <span class='ocrx_word' id='word_1_383' title='bbox 1445 1283 1475 1336; x_wconf 93' lang='lat' dir='ltr'>et</span> <span class='ocrx_word' id='word_1_384' title='bbox 1487 1276 1645 1354; x_wconf 86' lang='lat' dir='ltr'>potestatis</span> <span class='ocrx_word' id='word_1_385' title='bbox 1657 1273 1853 1354; x_wconf 92' lang='lat' dir='ltr'>plenitudine</span> <span class='ocrx_word' id='word_1_386' title='bbox 1863 1270 1999 1349; x_wconf 92' lang='lat' dir='ltr'>paribus,</span> <span class='ocrx_word' id='word_1_387' title='bbox 2012 1283 2080 1346; x_wconf 91' lang='lat' dir='ltr'>per-</span> 
     </span>
     <span class='ocr_line' id='line_1_80' title="bbox 1337 1364 2080 1448; baseline -0.013 -16"><span class='ocrx_word' id='word_1_388' title='bbox 1337 1376 1430 1448; x_wconf 90' lang='lat' dir='ltr'>petuo</span> <span class='ocrx_word' id='word_1_389' title='bbox 1457 1369 1681 1448; x_wconf 89' lang='lat' dir='ltr'>supprimimus</span> <span class='ocrx_word' id='word_1_390' title='bbox 1703 1375 1734 1429; x_wconf 88' lang='lat' dir='ltr'>et</span> <span class='ocrx_word' id='word_1_391' title='bbox 1763 1364 1989 1440; x_wconf 85' lang='lat' dir='ltr'>extinguimus,</span> <span class='ocrx_word' id='word_1_392' title='bbox 2012 1377 2080 1440; x_wconf 75' lang='lat' dir='ltr'>per-</span> 
     </span>
     <span class='ocr_line' id='line_1_81' title="bbox 1337 1456 2080 1544; baseline -0.015 -18"><span class='ocrx_word' id='word_1_393' title='bbox 1337 1472 1529 1544; x_wconf 90' lang='lat' dir='ltr'>petuumque</span> <span class='ocrx_word' id='word_1_394' title='bbox 1556 1463 1716 1526; x_wconf 90' lang='lat' dir='ltr'>silentium</span> <span class='ocrx_word' id='word_1_395' title='bbox 1747 1459 1952 1539; x_wconf 90' lang='lat' dir='ltr'>imponimus,</span> <span class='ocrx_word' id='word_1_396' title='bbox 1975 1473 2008 1519; x_wconf 91' lang='lat' dir='ltr'>ac</span> <span class='ocrx_word' id='word_1_397' title='bbox 2029 1456 2080 1516; x_wconf 93' lang='lat' dir='ltr'>do-</span> 
     </span>
     <span class='ocr_line' id='line_1_82' title="bbox 1338 1549 2081 1634; baseline -0.012 -14"><span class='ocrx_word' id='word_1_398' title='bbox 1338 1559 1495 1621; x_wconf 89' lang='lat' dir='ltr'>nationem</span> <span class='ocrx_word' id='word_1_399' title='bbox 1517 1557 1659 1619; x_wconf 89' lang='lat' dir='ltr'>omnium</span> <span class='ocrx_word' id='word_1_400' title='bbox 1684 1564 1715 1619; x_wconf 91' lang='lat' dir='ltr'>et</span> <span class='ocrx_word' id='word_1_401' title='bbox 1737 1567 2007 1634; x_wconf 90' lang='lat' dir='ltr'>quorumcumque</span> <span class='ocrx_word' id='word_1_402' title='bbox 2029 1549 2081 1612; x_wconf 95' lang='lat' dir='ltr'>bo-</span> 
     </span>
     <span class='ocr_line' id='line_1_83' title="bbox 1338 1645 2082 1725; baseline -0.009 -12"><span class='ocrx_word' id='word_1_403' title='bbox 1338 1667 1451 1714; x_wconf 92' lang='lat' dir='ltr'>norum</span> <span class='ocrx_word' id='word_1_404' title='bbox 1462 1652 1494 1713; x_wconf 94' lang='lat' dir='ltr'>in</span> <span class='ocrx_word' id='word_1_405' title='bbox 1507 1651 1715 1712; x_wconf 84' lang='lat' dir='ltr'>instrumento</span> <span class='ocrx_word' id='word_1_406' title='bbox 1728 1665 1762 1712; x_wconf 88' lang='lat' dir='ltr'>ea</span> <span class='ocrx_word' id='word_1_407' title='bbox 1776 1662 1869 1725; x_wconf 86' lang='lat' dir='ltr'>super</span> <span class='ocrx_word' id='word_1_408' title='bbox 1880 1661 1914 1706; x_wconf 92' lang='lat' dir='ltr'>re</span> <span class='ocrx_word' id='word_1_409' title='bbox 1927 1645 2082 1706; x_wconf 89' lang='lat' dir='ltr'>abeodem</span> 
     </span>
     <span class='ocr_line' id='line_1_84' title="bbox 1338 1741 2083 1826; baseline -0.011 -18"><span class='ocrx_word' id='word_1_410' title='bbox 1338 1743 1494 1826; x_wconf 84' lang='lat' dir='ltr'>Stephano</span> <span class='ocrx_word' id='word_1_411' title='bbox 1514 1761 1590 1823; x_wconf 90' lang='lat' dir='ltr'>rege</span> <span class='ocrx_word' id='word_1_412' title='bbox 1617 1743 1756 1808; x_wconf 90' lang='lat' dir='ltr'>conlecto</span> <span class='ocrx_word' id='word_1_413' title='bbox 1783 1745 2018 1812; x_wconf 89' lang='lat' dir='ltr'>contentorum,</span> <span class='ocrx_word' id='word_1_414' title='bbox 2045 1741 2083 1802; x_wconf 94' lang='lat' dir='ltr'>ob</span> 
     </span>
     <span class='ocr_line' id='line_1_85' title="bbox 1339 1835 2081 1916; baseline -0.011 -14"><span class='ocrx_word' id='word_1_415' title='bbox 1339 1841 1420 1904; x_wconf 88' lang='lat' dir='ltr'>idem</span> <span class='ocrx_word' id='word_1_416' title='bbox 1452 1841 1627 1916; x_wconf 85' lang='lat' dir='ltr'>Collegium</span> <span class='ocrx_word' id='word_1_417' title='bbox 1656 1839 1828 1901; x_wconf 84' lang='lat' dir='ltr'>Polokense</span> <span class='ocrx_word' id='word_1_418' title='bbox 1859 1835 2081 1908; x_wconf 83' lang='lat' dir='ltr'>extruendum,</span> 
     </span>
     <span class='ocr_line' id='line_1_86' title="bbox 1339 1929 2083 2004; baseline -0.012 -8"><span class='ocrx_word' id='word_1_419' title='bbox 1339 1938 1374 1997; x_wconf 91' lang='lat' dir='ltr'>ad</span> <span class='ocrx_word' id='word_1_420' title='bbox 1406 1935 1542 1998; x_wconf 84' lang='lat' dir='ltr'>favorem</span> <span class='ocrx_word' id='word_1_421' title='bbox 1575 1934 1672 1996; x_wconf 89' lang='lat' dir='ltr'>dictae</span> <span class='ocrx_word' id='word_1_422' title='bbox 1703 1931 1862 1994; x_wconf 89' lang='lat' dir='ltr'>Societatis</span> <span class='ocrx_word' id='word_1_423' title='bbox 1890 1931 1975 2004; x_wconf 90' lang='lat' dir='ltr'>lesu,</span> <span class='ocrx_word' id='word_1_424' title='bbox 2004 1929 2083 1990; x_wconf 89' lang='lat' dir='ltr'>sicut</span> 
     </span>
     <span class='ocr_line' id='line_1_87' title="bbox 1340 2022 2083 2108; baseline -0.012 -18"><span class='ocrx_word' id='word_1_425' title='bbox 1340 2027 1560 2108; x_wconf 87' lang='lat' dir='ltr'>praemittitur,</span> <span class='ocrx_word' id='word_1_426' title='bbox 1580 2026 1703 2100; x_wconf 86' lang='lat' dir='ltr'>luctam,</span> <span class='ocrx_word' id='word_1_427' title='bbox 1725 2033 1756 2087; x_wconf 89' lang='lat' dir='ltr'>et</span> <span class='ocrx_word' id='word_1_428' title='bbox 1780 2043 1795 2084; x_wconf 92' lang='lat' dir='ltr'>a</span> <span class='ocrx_word' id='word_1_429' title='bbox 1819 2023 1992 2101; x_wconf 88' lang='lat' dir='ltr'>supradicto</span> <span class='ocrx_word' id='word_1_430' title='bbox 2012 2022 2083 2082; x_wconf 90' lang='lat' dir='ltr'>Ber-</span> 
     </span>
     <span class='ocr_line' id='line_1_88' title="bbox 1341 2117 2084 2198; baseline -0.008 -14"><span class='ocrx_word' id='word_1_431' title='bbox 1341 2123 1435 2185; x_wconf 91' lang='lat' dir='ltr'>nardo</span> <span class='ocrx_word' id='word_1_432' title='bbox 1458 2121 1623 2196; x_wconf 89' lang='lat' dir='ltr'>Cardlnali,</span> <span class='ocrx_word' id='word_1_433' title='bbox 1639 2139 1675 2183; x_wconf 94' lang='lat' dir='ltr'>eo</span> <span class='ocrx_word' id='word_1_434' title='bbox 1696 2132 1834 2198; x_wconf 87' lang='lat' dir='ltr'>tempore</span> <span class='ocrx_word' id='word_1_435' title='bbox 1847 2119 1940 2181; x_wconf 91' lang='lat' dir='ltr'>buius</span> <span class='ocrx_word' id='word_1_436' title='bbox 1955 2117 2084 2180; x_wconf 88' lang='lat' dir='ltr'>Sanctae</span> 
     </span>
     <span class='ocr_line' id='line_1_89' title="bbox 1341 2215 2083 2293; baseline -0.012 -9"><span class='ocrx_word' id='word_1_437' title='bbox 1341 2219 1428 2284; x_wconf 87' lang='lat' dir='ltr'>Sedis</span> <span class='ocrx_word' id='word_1_438' title='bbox 1450 2221 1481 2279; x_wconf 91' lang='lat' dir='ltr'>in</span> <span class='ocrx_word' id='word_1_439' title='bbox 1504 2218 1612 2293; x_wconf 85' lang='lat' dir='ltr'>Regno</span> <span class='ocrx_word' id='word_1_440' title='bbox 1623 2217 1767 2280; x_wconf 90' lang='lat' dir='ltr'>Poloniae</span> <span class='ocrx_word' id='word_1_441' title='bbox 1788 2217 1824 2278; x_wconf 94' lang='lat' dir='ltr'>de</span> <span class='ocrx_word' id='word_1_442' title='bbox 1848 2216 1942 2276; x_wconf 89' lang='lat' dir='ltr'>latere</span> <span class='ocrx_word' id='word_1_443' title='bbox 1957 2215 2083 2290; x_wconf 83' lang='lat' dir='ltr'>Legata,</span> 
     </span>
     <span class='ocr_line' id='line_1_90' title="bbox 1341 2309 2083 2389; baseline -0.008 -15"><span class='ocrx_word' id='word_1_444' title='bbox 1341 2314 1554 2375; x_wconf 81' lang='lat' dir='ltr'>confirmatam</span> <span class='ocrx_word' id='word_1_445' title='bbox 1573 2318 1605 2373; x_wconf 89' lang='lat' dir='ltr'>et</span> <span class='ocrx_word' id='word_1_446' title='bbox 1619 2309 1827 2389; x_wconf 87' lang='lat' dir='ltr'>approbatam,</span> <span class='ocrx_word' id='word_1_447' title='bbox 1844 2317 1874 2370; x_wconf 93' lang='lat' dir='ltr'>et</span> <span class='ocrx_word' id='word_1_448' title='bbox 1888 2310 2083 2387; x_wconf 87' lang='lat' dir='ltr'>postmodum</span> 
     </span>
     <span class='ocr_line' id='line_1_91' title="bbox 1341 2403 2084 2479; baseline -0.008 -12"><span class='ocrx_word' id='word_1_449' title='bbox 1341 2408 1373 2469; x_wconf 90' lang='lat' dir='ltr'>in</span> <span class='ocrx_word' id='word_1_450' title='bbox 1396 2405 1634 2468; x_wconf 88' lang='lat' dir='ltr'>contradictorio</span> <span class='ocrx_word' id='word_1_451' title='bbox 1659 2403 1782 2479; x_wconf 90' lang='lat' dir='ltr'>iudicio,</span> <span class='ocrx_word' id='word_1_452' title='bbox 1806 2403 1973 2466; x_wconf 90' lang='lat' dir='ltr'>reludicata</span> <span class='ocrx_word' id='word_1_453' title='bbox 1994 2417 2084 2478; x_wconf 91' lang='lat' dir='ltr'>supra</span> 
     </span>
     <span class='ocr_line' id='line_1_92' title="bbox 1341 2496 2084 2562; baseline -0.007 -1"><span class='ocrx_word' id='word_1_454' title='bbox 1341 2500 1412 2562; x_wconf 89' lang='lat' dir='ltr'>dicii</span> <span class='ocrx_word' id='word_1_455' title='bbox 1434 2497 1580 2560; x_wconf 89' lang='lat' dir='ltr'>auditorii</span> <span class='ocrx_word' id='word_1_456' title='bbox 1610 2497 1708 2558; x_wconf 90' lang='lat' dir='ltr'>tribus</span> <span class='ocrx_word' id='word_1_457' title='bbox 1739 2496 1901 2558; x_wconf 91' lang='lat' dir='ltr'>sententiis</span> <span class='ocrx_word' id='word_1_458' title='bbox 1933 2496 2084 2556; x_wconf 87' lang='lat' dir='ltr'>adsertam</span> 
     </span>
     <span class='ocr_line' id='line_1_93' title="bbox 1341 2588 2085 2671; baseline -0.008 -17"><span class='ocrx_word' id='word_1_459' title='bbox 1341 2601 1432 2671; x_wconf 93' lang='lat' dir='ltr'>atque</span> <span class='ocrx_word' id='word_1_460' title='bbox 1454 2592 1619 2665; x_wconf 83' lang='lat' dir='ltr'>firmatam,</span> <span class='ocrx_word' id='word_1_461' title='bbox 1633 2605 1766 2668; x_wconf 92' lang='lat' dir='ltr'>quarum</span> <span class='ocrx_word' id='word_1_462' title='bbox 1781 2589 2009 2652; x_wconf 90' lang='lat' dir='ltr'>sententiarum</span> <span class='ocrx_word' id='word_1_463' title='bbox 2024 2588 2085 2666; x_wconf 92' lang='lat' dir='ltr'>pri-</span> 
     </span>
     <span class='ocr_line' id='line_1_94' title="bbox 1342 2682 2087 2761; baseline -0.007 -14"><span class='ocrx_word' id='word_1_464' title='bbox 1342 2702 1390 2747; x_wconf 87' lang='lat' dir='ltr'>ma</span> <span class='ocrx_word' id='word_1_465' title='bbox 1405 2701 1509 2747; x_wconf 90' lang='lat' dir='ltr'>coram</span> <span class='ocrx_word' id='word_1_466' title='bbox 1525 2686 1572 2745; x_wconf 91' lang='lat' dir='ltr'>bo.</span> <span class='ocrx_word' id='word_1_467' title='bbox 1587 2701 1648 2746; x_wconf 91' lang='lat' dir='ltr'>me.</span> <span class='ocrx_word' id='word_1_468' title='bbox 1666 2683 1812 2761; x_wconf 89' lang='lat' dir='ltr'>Pompeo,</span> <span class='ocrx_word' id='word_1_469' title='bbox 1824 2683 1898 2743; x_wconf 89' lang='lat' dir='ltr'>dum</span> <span class='ocrx_word' id='word_1_470' title='bbox 1914 2682 1993 2743; x_wconf 86' lang='lat' dir='ltr'>vixit</span> <span class='ocrx_word' id='word_1_471' title='bbox 2007 2683 2087 2744; x_wconf 89' lang='lat' dir='ltr'>eius·</span> 
     </span>
     <span class='ocr_line' id='line_1_95' title="bbox 1341 2775 2085 2850; baseline -0.003 -8"><span class='ocrx_word' id='word_1_472' title='bbox 1341 2783 1413 2842; x_wconf 91' lang='lat' dir='ltr'>dem</span> <span class='ocrx_word' id='word_1_473' title='bbox 1434 2778 1465 2842; x_wconf 90' lang='lat' dir='ltr'>S.</span> <span class='ocrx_word' id='word_1_474' title='bbox 1489 2778 1525 2840; x_wconf 84' lang='lat' dir='ltr'>ll.</span> <span class='ocrx_word' id='word_1_475' title='bbox 1549 2778 1584 2839; x_wconf 89' lang='lat' dir='ltr'>E.</span> <span class='ocrx_word' id='word_1_476' title='bbox 1607 2775 1768 2840; x_wconf 87' lang='lat' dir='ltr'>Cardlnale</span> <span class='ocrx_word' id='word_1_477' title='bbox 1788 2775 1988 2850; x_wconf 73' lang='lat' dir='ltr'>aldrovandl,</span> <span class='ocrx_word' id='word_1_478' title='bbox 2013 2786 2085 2840; x_wconf 89' lang='lat' dir='ltr'>tuuc</span> 
     </span>
     <span class='ocr_line' id='line_1_96' title="bbox 1343 2869 2086 2954; baseline -0.013 -17"><span class='ocrx_word' id='word_1_479' title='bbox 1343 2873 1490 2954; x_wconf 88' lang='lat' dir='ltr'>temporis</span> <span class='ocrx_word' id='word_1_480' title='bbox 1511 2886 1673 2934; x_wconf 87' lang='lat' dir='ltr'>causarum</span> <span class='ocrx_word' id='word_1_481' title='bbox 1698 2871 1800 2950; x_wconf 89' lang='lat' dir='ltr'>palatii</span> <span class='ocrx_word' id='word_1_482' title='bbox 1823 2869 1979 2948; x_wconf 90' lang='lat' dir='ltr'>apostolici</span> <span class='ocrx_word' id='word_1_483' title='bbox 2001 2884 2086 2946; x_wconf 88' lang='lat' dir='ltr'>prae-</span> 
     </span>
     <span class='ocr_line' id='line_1_97' title="bbox 1341 2963 2086 3039; baseline -0.008 -11"><span class='ocrx_word' id='word_1_484' title='bbox 1341 2967 1414 3029; x_wconf 89' lang='lat' dir='ltr'>dicti</span> <span class='ocrx_word' id='word_1_485' title='bbox 1437 2966 1576 3028; x_wconf 89' lang='lat' dir='ltr'>auditore</span> <span class='ocrx_word' id='word_1_486' title='bbox 1588 2966 1637 3027; x_wconf 92' lang='lat' dir='ltr'>die</span> <span class='ocrx_word' id='word_1_487' title='bbox 1652 2979 1717 3026; x_wconf 84' lang='lat' dir='ltr'>xiv.</span> <span class='ocrx_word' id='word_1_488' title='bbox 1736 2963 1801 3025; x_wconf 90' lang='lat' dir='ltr'>iulii</span> <span class='ocrx_word' id='word_1_489' title='bbox 1825 2977 2005 3024; x_wconf 82' lang='lat' dir='ltr'>unccsxrx.</span> <span class='ocrx_word' id='word_1_490' title='bbox 2020 2971 2086 3039; x_wconf 88' lang='lat' dir='ltr'>post</span> 
     </span>
     <span class='ocr_line' id='line_1_98' title="bbox 1344 3055 2083 3137; baseline -0.011 -16"><span class='ocrx_word' id='word_1_491' title='bbox 1344 3068 1405 3122; x_wconf 90' lang='lat' dir='ltr'>tres</span> <span class='ocrx_word' id='word_1_492' title='bbox 1433 3059 1618 3132; x_wconf 90' lang='lat' dir='ltr'>decisiones,</span> <span class='ocrx_word' id='word_1_493' title='bbox 1649 3073 1782 3137; x_wconf 90' lang='lat' dir='ltr'>quarum</span> <span class='ocrx_word' id='word_1_494' title='bbox 1815 3055 1914 3134; x_wconf 91' lang='lat' dir='ltr'>prima</span> <span class='ocrx_word' id='word_1_495' title='bbox 1942 3056 1991 3117; x_wconf 93' lang='lat' dir='ltr'>die</span> <span class='ocrx_word' id='word_1_496' title='bbox 2017 3070 2083 3116; x_wconf 84' lang='lat' dir='ltr'>xx1.</span> 
     </span>
     <span class='ocr_line' id='line_1_99' title="bbox 1343 3150 2087 3229; baseline -0.011 -13"><span class='ocrx_word' id='word_1_497' title='bbox 1343 3154 1433 3229; x_wconf 89' lang='lat' dir='ltr'>iunii,</span> <span class='ocrx_word' id='word_1_498' title='bbox 1455 3153 1550 3215; x_wconf 90' lang='lat' dir='ltr'>altera</span> <span class='ocrx_word' id='word_1_499' title='bbox 1565 3154 1614 3214; x_wconf 91' lang='lat' dir='ltr'>die</span> <span class='ocrx_word' id='word_1_500' title='bbox 1631 3170 1673 3214; x_wconf 84' lang='lat' dir='ltr'>iv.</span> <span class='ocrx_word' id='word_1_501' title='bbox 1692 3150 1823 3215; x_wconf 89' lang='lat' dir='ltr'>octobris</span> <span class='ocrx_word' id='word_1_502' title='bbox 1845 3163 2020 3211; x_wconf 79' lang='lat' dir='ltr'>ruccuxvn</span> <span class='ocrx_word' id='word_1_503' title='bbox 2038 3163 2087 3210; x_wconf 92' lang='lat' dir='ltr'>co-</span> 
     </span>
     <span class='ocr_line' id='line_1_100' title="bbox 1341 3241 2086 3324; baseline -0.011 -15"><span class='ocrx_word' id='word_1_504' title='bbox 1341 3263 1408 3309; x_wconf 87' lang='lat' dir='ltr'>ram</span> <span class='ocrx_word' id='word_1_505' title='bbox 1430 3246 1647 3324; x_wconf 87' lang='lat' dir='ltr'>cognominato</span> <span class='ocrx_word' id='word_1_506' title='bbox 1665 3244 1809 3308; x_wconf 89' lang='lat' dir='ltr'>Cornelio</span> <span class='ocrx_word' id='word_1_507' title='bbox 1831 3250 1906 3305; x_wconf 87' lang='lat' dir='ltr'>tune</span> <span class='ocrx_word' id='word_1_508' title='bbox 1926 3241 2020 3302; x_wconf 89' lang='lat' dir='ltr'>eliam</span> <span class='ocrx_word' id='word_1_509' title='bbox 2035 3257 2086 3302; x_wconf 88' lang='lat' dir='ltr'>au·</span> 
     </span>
     <span class='ocr_line' id='line_1_101' title="bbox 1342 3334 2088 3417; baseline -0.011 -15"><span class='ocrx_word' id='word_1_510' title='bbox 1342 3341 1459 3415; x_wconf 91' lang='lat' dir='ltr'>ditore,</span> <span class='ocrx_word' id='word_1_511' title='bbox 1483 3339 1573 3400; x_wconf 90' lang='lat' dir='ltr'>tertia</span> <span class='ocrx_word' id='word_1_512' title='bbox 1594 3339 1729 3417; x_wconf 89' lang='lat' dir='ltr'>denique</span> <span class='ocrx_word' id='word_1_513' title='bbox 1750 3350 1853 3400; x_wconf 89' lang='lat' dir='ltr'>coram</span> <span class='ocrx_word' id='word_1_514' title='bbox 1868 3334 1976 3397; x_wconf 87' lang='lat' dir='ltr'>eodem</span> <span class='ocrx_word' id='word_1_515' title='bbox 1998 3336 2088 3397; x_wconf 89' lang='lat' dir='ltr'>Pom-</span> 
     </span>
     <span class='ocr_line' id='line_1_102' title="bbox 1343 3426 2088 3512; baseline -0.008 -18"><span class='ocrx_word' id='word_1_516' title='bbox 1343 3450 1399 3512; x_wconf 90' lang='lat' dir='ltr'>peo</span> <span class='ocrx_word' id='word_1_517' title='bbox 1415 3433 1464 3494; x_wconf 91' lang='lat' dir='ltr'>dle</span> <span class='ocrx_word' id='word_1_518' title='bbox 1478 3449 1533 3494; x_wconf 90' lang='lat' dir='ltr'>vu.</span> <span class='ocrx_word' id='word_1_519' title='bbox 1551 3431 1698 3493; x_wconf 79' lang='lat' dir='ltr'>februarii</span> <span class='ocrx_word' id='word_1_520' title='bbox 1715 3443 1893 3491; x_wconf 82' lang='lat' dir='ltr'>uuecxxrx.</span> <span class='ocrx_word' id='word_1_521' title='bbox 1912 3427 2011 3490; x_wconf 90' lang='lat' dir='ltr'>editae</span> <span class='ocrx_word' id='word_1_522' title='bbox 2023 3426 2088 3489; x_wconf 92' lang='lat' dir='ltr'>lue·</span> 
     </span>
     <span class='ocr_line' id='line_1_103' title="bbox 1344 3520 2085 3602; baseline -0.011 -13"><span class='ocrx_word' id='word_1_523' title='bbox 1344 3535 1428 3602; x_wconf 90' lang='lat' dir='ltr'>runt,</span> <span class='ocrx_word' id='word_1_524' title='bbox 1451 3525 1628 3588; x_wconf 86' lang='lat' dir='ltr'>huiusmodi</span> <span class='ocrx_word' id='word_1_525' title='bbox 1649 3530 1755 3586; x_wconf 87' lang='lat' dir='ltr'>autem</span> <span class='ocrx_word' id='word_1_526' title='bbox 1784 3521 1938 3585; x_wconf 89' lang='lat' dir='ltr'>sententia</span> <span class='ocrx_word' id='word_1_527' title='bbox 1960 3537 2032 3582; x_wconf 92' lang='lat' dir='ltr'>cum</span> <span class='ocrx_word' id='word_1_528' title='bbox 2053 3520 2085 3582; x_wconf 96' lang='lat' dir='ltr'>in</span> 
     </span>
     <span class='ocr_line' id='line_1_104' title="bbox 1343 3616 2087 3694; baseline -0.011 -10"><span class='ocrx_word' id='word_1_529' title='bbox 1343 3637 1409 3684; x_wconf 89' lang='lat' dir='ltr'>rem</span> <span class='ocrx_word' id='word_1_530' title='bbox 1441 3621 1610 3682; x_wconf 86' lang='lat' dir='ltr'>transiisset</span> <span class='ocrx_word' id='word_1_531' title='bbox 1639 3619 1821 3693; x_wconf 86' lang='lat' dir='ltr'>iudicatam,</span> <span class='ocrx_word' id='word_1_532' title='bbox 1850 3616 1987 3694; x_wconf 90' lang='lat' dir='ltr'>reliquae</span> <span class='ocrx_word' id='word_1_533' title='bbox 2010 3617 2087 3678; x_wconf 92' lang='lat' dir='ltr'>duae</span> 
     </span>
     <span class='ocr_line' id='line_1_105' title="bbox 1342 3714 2087 3784; baseline -0.011 0"><span class='ocrx_word' id='word_1_534' title='bbox 1342 3720 1514 3784; x_wconf 88' lang='lat' dir='ltr'>sententiae</span> <span class='ocrx_word' id='word_1_535' title='bbox 1530 3717 1706 3780; x_wconf 81' lang='lat' dir='ltr'>huiusmodi</span> <span class='ocrx_word' id='word_1_536' title='bbox 1729 3717 1762 3778; x_wconf 91' lang='lat' dir='ltr'>in</span> <span class='ocrx_word' id='word_1_537' title='bbox 1785 3715 1897 3778; x_wconf 89' lang='lat' dir='ltr'>iudicio</span> <span class='ocrx_word' id='word_1_538' title='bbox 1919 3714 2087 3776; x_wconf 89' lang='lat' dir='ltr'>restitutio-</span> 
     </span>
     <span class='ocr_line' id='line_1_106' title="bbox 1344 3809 2087 3890; baseline -0.013 -10"><span class='ocrx_word' id='word_1_539' title='bbox 1344 3819 1391 3880; x_wconf 91' lang='lat' dir='ltr'>nis</span> <span class='ocrx_word' id='word_1_540' title='bbox 1413 3818 1446 3878; x_wconf 90' lang='lat' dir='ltr'>in</span> <span class='ocrx_word' id='word_1_541' title='bbox 1475 3816 1634 3890; x_wconf 86' lang='lat' dir='ltr'>integrum</span> <span class='ocrx_word' id='word_1_542' title='bbox 1665 3811 1866 3888; x_wconf 88' lang='lat' dir='ltr'>prodierunt,</span> <span class='ocrx_word' id='word_1_543' title='bbox 1895 3809 2009 3886; x_wconf 90' lang='lat' dir='ltr'>quibus</span> <span class='ocrx_word' id='word_1_544' title='bbox 2039 3825 2087 3870; x_wconf 91' lang='lat' dir='ltr'>res</span> 
     </span>
     <span class='ocr_line' id='line_1_107' title="bbox 1342 3905 2088 3984; baseline -0.013 -6"><span class='ocrx_word' id='word_1_545' title='bbox 1342 3915 1450 3978; x_wconf 90' lang='lat' dir='ltr'>eadem</span> <span class='ocrx_word' id='word_1_546' title='bbox 1467 3909 1595 3974; x_wconf 89' lang='lat' dir='ltr'>iudicata</span> <span class='ocrx_word' id='word_1_547' title='bbox 1611 3908 1793 3970; x_wconf 84' lang='lat' dir='ltr'>confirmata</span> <span class='ocrx_word' id='word_1_548' title='bbox 1815 3905 1981 3984; x_wconf 84' lang='lat' dir='ltr'>remansit;</span> <span class='ocrx_word' id='word_1_549' title='bbox 1996 3913 2088 3983; x_wconf 90' lang='lat' dir='ltr'>atque</span> 
     </span>
     <span class='ocr_line' id='line_1_108' title="bbox 1344 4001 2088 4088; baseline -0.016 -14"><span class='ocrx_word' id='word_1_550' title='bbox 1344 4014 1453 4074; x_wconf 88' lang='lat' dir='ltr'>barum</span> <span class='ocrx_word' id='word_1_551' title='bbox 1467 4009 1592 4088; x_wconf 89' lang='lat' dir='ltr'>quidem</span> <span class='ocrx_word' id='word_1_552' title='bbox 1606 4009 1738 4069; x_wconf 89' lang='lat' dir='ltr'>duarum</span> <span class='ocrx_word' id='word_1_553' title='bbox 1750 4003 1978 4064; x_wconf 88' lang='lat' dir='ltr'>sententiarum</span> <span class='ocrx_word' id='word_1_554' title='bbox 1994 4001 2088 4062; x_wconf 89' lang='lat' dir='ltr'>altera</span> 
     </span>
     <span class='ocr_line' id='line_1_109' title="bbox 1344 4096 2089 4173; baseline -0.013 -6"><span class='ocrx_word' id='word_1_555' title='bbox 1344 4105 1401 4168; x_wconf 89' lang='lat' dir='ltr'>lata</span> <span class='ocrx_word' id='word_1_556' title='bbox 1424 4105 1483 4166; x_wconf 87' lang='lat' dir='ltr'>luit</span> <span class='ocrx_word' id='word_1_557' title='bbox 1504 4117 1608 4164; x_wconf 90' lang='lat' dir='ltr'>coram</span> <span class='ocrx_word' id='word_1_558' title='bbox 1630 4099 1678 4161; x_wconf 91' lang='lat' dir='ltr'>bo.</span> <span class='ocrx_word' id='word_1_559' title='bbox 1702 4113 1763 4159; x_wconf 90' lang='lat' dir='ltr'>me.</span> <span class='ocrx_word' id='word_1_560' title='bbox 1794 4097 2012 4173; x_wconf 87' lang='lat' dir='ltr'>cognominato</span> <span class='ocrx_word' id='word_1_561' title='bbox 2033 4096 2089 4158; x_wconf 88' lang='lat' dir='ltr'>Ga·</span> 
     </span>
     <span class='ocr_line' id='line_1_110' title="bbox 1345 4195 2089 4268; baseline -0.017 -3"><span class='ocrx_word' id='word_1_562' title='bbox 1345 4203 1465 4265; x_wconf 89' lang='lat' dir='ltr'>macbes</span> <span class='ocrx_word' id='word_1_563' title='bbox 1494 4199 1544 4262; x_wconf 92' lang='lat' dir='ltr'>die</span> <span class='ocrx_word' id='word_1_564' title='bbox 1565 4214 1611 4258; x_wconf 82' lang='lat' dir='ltr'>xl.</span> <span class='ocrx_word' id='word_1_565' title='bbox 1636 4195 1781 4258; x_wconf 90' lang='lat' dir='ltr'>lebruarii</span> <span class='ocrx_word' id='word_1_566' title='bbox 1805 4207 1997 4256; x_wconf 80' lang='lat' dir='ltr'>unccxnxn.</span> <span class='ocrx_word' id='word_1_567' title='bbox 2021 4200 2089 4268; x_wconf 91' lang='lat' dir='ltr'>post</span> 
     </span>
     <span class='ocr_line' id='line_1_111' title="bbox 1344 4287 2089 4368; baseline -0.017 -9"><span class='ocrx_word' id='word_1_568' title='bbox 1344 4297 1530 4359; x_wconf 87' lang='lat' dir='ltr'>decisionem</span> <span class='ocrx_word' id='word_1_569' title='bbox 1556 4307 1659 4354; x_wconf 89' lang='lat' dir='ltr'>coram</span> <span class='ocrx_word' id='word_1_570' title='bbox 1682 4291 1813 4368; x_wconf 89' lang='lat' dir='ltr'>ipsomet</span> <span class='ocrx_word' id='word_1_571' title='bbox 1839 4287 2013 4350; x_wconf 86' lang='lat' dir='ltr'>Gamacbes-</span> <span class='ocrx_word' id='word_1_572' title='bbox 2027 4287 2089 4348; x_wconf 91' lang='lat' dir='ltr'>edi·</span> 
     </span>
     <span class='ocr_line' id='line_1_112' title="bbox 1347 4379 2090 4455; baseline -0.016 -4"><span class='ocrx_word' id='word_1_573' title='bbox 1347 4399 1408 4451; x_wconf 89' lang='lat' dir='ltr'>tam</span> <span class='ocrx_word' id='word_1_574' title='bbox 1423 4391 1472 4450; x_wconf 88' lang='lat' dir='ltr'>die</span> <span class='ocrx_word' id='word_1_575' title='bbox 1488 4401 1581 4448; x_wconf 81' lang='lat' dir='ltr'>nuris.</span> <span class='ocrx_word' id='word_1_576' title='bbox 1598 4381 1781 4446; x_wconf 87' lang='lat' dir='ltr'>novembris</span> <span class='ocrx_word' id='word_1_577' title='bbox 1793 4379 2090 4455; x_wconf 85' lang='lat' dir='ltr'>uuecxxx1.,altera</span> 
     </span>
     <span class='ocr_line' id='line_1_113' title="bbox 1345 4472 2091 4553; baseline -0.013 -8"><span class='ocrx_word' id='word_1_578' title='bbox 1345 4497 1446 4545; x_wconf 87' lang='lat' dir='ltr'>coram</span> <span class='ocrx_word' id='word_1_579' title='bbox 1469 4481 1589 4541; x_wconf 84' lang='lat' dir='ltr'>boma.</span> <span class='ocrx_word' id='word_1_580' title='bbox 1614 4475 1832 4553; x_wconf 84' lang='lat' dir='ltr'>cognominato</span> <span class='ocrx_word' id='word_1_581' title='bbox 1857 4491 1980 4553; x_wconf 87' lang='lat' dir='ltr'>quoque</span> <span class='ocrx_word' id='word_1_582' title='bbox 2002 4472 2091 4536; x_wconf 89' lang='lat' dir='ltr'>llice·</span> 
     </span>
     <span class='ocr_line' id='line_1_114' title="bbox 1345 4573 2091 4652; baseline -0.016 -10"><span class='ocrx_word' id='word_1_583' title='bbox 1345 4580 1457 4643; x_wconf 89' lang='lat' dir='ltr'>comite</span> <span class='ocrx_word' id='word_1_584' title='bbox 1479 4576 1527 4636; x_wconf 91' lang='lat' dir='ltr'>die</span> <span class='ocrx_word' id='word_1_585' title='bbox 1549 4591 1584 4636; x_wconf 88' lang='lat' dir='ltr'>u.</span> <span class='ocrx_word' id='word_1_586' title='bbox 1610 4573 1714 4652; x_wconf 91' lang='lat' dir='ltr'>aprilis</span> <span class='ocrx_word' id='word_1_587' title='bbox 1740 4587 1910 4646; x_wconf 71' lang='lat' dir='ltr'>nocetne,</span> <span class='ocrx_word' id='word_1_588' title='bbox 1933 4579 2000 4648; x_wconf 92' lang='lat' dir='ltr'>post</span> <span class='ocrx_word' id='word_1_589' title='bbox 2029 4577 2091 4631; x_wconf 89' lang='lat' dir='ltr'>tres</span> 
     </span>
     <span class='ocr_line' id='line_1_115' title="bbox 1346 4662 2092 4740; baseline -0.015 -6"><span class='ocrx_word' id='word_1_590' title='bbox 1346 4673 1515 4736; x_wconf 90' lang='lat' dir='ltr'>decisiones</span> <span class='ocrx_word' id='word_1_591' title='bbox 1537 4683 1640 4730; x_wconf 88' lang='lat' dir='ltr'>coram</span> <span class='ocrx_word' id='word_1_592' title='bbox 1663 4667 1772 4728; x_wconf 89' lang='lat' dir='ltr'>eodem</span> <span class='ocrx_word' id='word_1_593' title='bbox 1797 4664 2016 4740; x_wconf 88' lang='lat' dir='ltr'>cognominato</span> <span class='ocrx_word' id='word_1_594' title='bbox 2039 4662 2092 4724; x_wconf 89' lang='lat' dir='ltr'>lli·</span> 
     </span>
     <span class='ocr_line' id='line_1_116' title="bbox 1345 4760 2089 4833; baseline -0.015 -2"><span class='ocrx_word' id='word_1_595' title='bbox 1345 4768 1493 4831; x_wconf 89' lang='lat' dir='ltr'>cecomite</span> <span class='ocrx_word' id='word_1_596' title='bbox 1516 4779 1581 4824; x_wconf 83' lang='lat' dir='ltr'>xiv.</span> <span class='ocrx_word' id='word_1_597' title='bbox 1600 4762 1670 4824; x_wconf 93' lang='lat' dir='ltr'>maii</span> <span class='ocrx_word' id='word_1_598' title='bbox 1688 4777 1831 4833; x_wconf 73' lang='lat' dir='ltr'>aruceus,</span> <span class='ocrx_word' id='word_1_599' title='bbox 1855 4775 1942 4821; x_wconf 81' lang='lat' dir='ltr'>xxiv.</span> <span class='ocrx_word' id='word_1_600' title='bbox 1960 4760 2089 4821; x_wconf 90' lang='lat' dir='ltr'>ianuarii</span> 
     </span>
     <span class='ocr_line' id='line_1_117' title="bbox 1347 4853 2089 4934; baseline -0.013 -10"><span class='ocrx_word' id='word_1_601' title='bbox 1347 4877 1489 4924; x_wconf 82' lang='lat' dir='ltr'>unccnn.</span> <span class='ocrx_word' id='word_1_602' title='bbox 1509 4856 1728 4934; x_wconf 79' lang='lat' dir='ltr'>etrespective</span> <span class='ocrx_word' id='word_1_603' title='bbox 1749 4853 1856 4916; x_wconf 90' lang='lat' dir='ltr'>diebus</span> <span class='ocrx_word' id='word_1_604' title='bbox 1875 4868 1941 4915; x_wconf 81' lang='lat' dir='ltr'>xix.</span> <span class='ocrx_word' id='word_1_605' title='bbox 1960 4855 2089 4916; x_wconf 89' lang='lat' dir='ltr'>ianuarii</span> 
     </span>
     <span class='ocr_line' id='line_1_118' title="bbox 1347 4949 2092 5026; baseline -0.015 -7"><span class='ocrx_word' id='word_1_606' title='bbox 1347 4970 1504 5018; x_wconf 83' lang='lat' dir='ltr'>uncccur.</span> <span class='ocrx_word' id='word_1_607' title='bbox 1536 4951 1650 5026; x_wconf 78' lang='lat' dir='ltr'>editas3</span> <span class='ocrx_word' id='word_1_608' title='bbox 1680 4949 1798 5026; x_wconf 88' lang='lat' dir='ltr'>reliqua</span> <span class='ocrx_word' id='word_1_609' title='bbox 1827 4963 1901 5008; x_wconf 89' lang='lat' dir='ltr'>vero</span> <span class='ocrx_word' id='word_1_610' title='bbox 1930 4955 1992 5020; x_wconf 91' lang='lat' dir='ltr'>est,</span> <span class='ocrx_word' id='word_1_611' title='bbox 2015 4963 2092 5024; x_wconf 88' lang='lat' dir='ltr'>quae</span> 
     </span>
     <span class='ocr_line' id='line_1_119' title="bbox 1347 5040 2089 5111; baseline -0.015 0"><span class='ocrx_word' id='word_1_612' title='bbox 1347 5065 1449 5111; x_wconf 89' lang='lat' dir='ltr'>coram</span> <span class='ocrx_word' id='word_1_613' title='bbox 1471 5047 1583 5108; x_wconf 91' lang='lat' dir='ltr'>dilecto</span> <span class='ocrx_word' id='word_1_614' title='bbox 1595 5044 1660 5106; x_wconf 81' lang='lat' dir='ltr'>filio</span> <span class='ocrx_word' id='word_1_615' title='bbox 1675 5048 1782 5105; x_wconf 92' lang='lat' dir='ltr'>nostro</span> <span class='ocrx_word' id='word_1_616' title='bbox 1798 5041 1941 5106; x_wconf 85' lang='lat' dir='ltr'>Caietano</span> <span class='ocrx_word' id='word_1_617' title='bbox 1963 5040 1994 5104; x_wconf 89' lang='lat' dir='ltr'>S.</span> <span class='ocrx_word' id='word_1_618' title='bbox 2006 5042 2042 5103; x_wconf 81' lang='lat' dir='ltr'>ll.</span> <span class='ocrx_word' id='word_1_619' title='bbox 2054 5041 2089 5102; x_wconf 86' lang='grc' dir='ltr'>Ε.</span> 
     </span>
     <span class='ocr_line' id='line_1_120' title="bbox 1348 5133 2092 5220; baseline -0.012 -17"><span class='ocrx_word' id='word_1_620' title='bbox 1348 5140 1518 5220; x_wconf 90' lang='lat' dir='ltr'>praedictae</span> <span class='ocrx_word' id='word_1_621' title='bbox 1533 5136 1712 5214; x_wconf 79' lang='lat' dir='ltr'>presbytero</span> <span class='ocrx_word' id='word_1_622' title='bbox 1728 5133 1889 5198; x_wconf 88' lang='lat' dir='ltr'>Cardinale</span> <span class='ocrx_word' id='word_1_623' title='bbox 1903 5133 2092 5212; x_wconf 89' lang='lat' dir='ltr'>Elepbantu·</span> 
     </span>
     <span class='ocr_line' id='line_1_121' title="bbox 1348 5227 2091 5309; baseline -0.015 -12"><span class='ocrx_word' id='word_1_624' title='bbox 1348 5235 1389 5298; x_wconf 90' lang='lat' dir='ltr'>tio</span> <span class='ocrx_word' id='word_1_625' title='bbox 1411 5239 1601 5309; x_wconf 89' lang='lat' dir='ltr'>nuncupato,</span> <span class='ocrx_word' id='word_1_626' title='bbox 1614 5237 1689 5292; x_wconf 90' lang='lat' dir='ltr'>tuno</span> <span class='ocrx_word' id='word_1_627' title='bbox 1702 5229 1817 5307; x_wconf 89' lang='lat' dir='ltr'>pariter</span> <span class='ocrx_word' id='word_1_628' title='bbox 1829 5227 1977 5305; x_wconf 88' lang='lat' dir='ltr'>temporis</span> <span class='ocrx_word' id='word_1_629' title='bbox 1992 5243 2091 5287; x_wconf 89' lang='lat' dir='ltr'>causa-</span> 
     </span>
     <span class='ocr_line' id='line_1_122' title="bbox 1349 5319 2091 5403; baseline -0.013 -14"><span class='ocrx_word' id='word_1_630' title='bbox 1349 5325 1543 5403; x_wconf 83' lang='lat' dir='ltr'>compalatii</span> <span class='ocrx_word' id='word_1_631' title='bbox 1568 5323 1723 5401; x_wconf 90' lang='lat' dir='ltr'>apostolici</span> <span class='ocrx_word' id='word_1_632' title='bbox 1745 5321 1923 5383; x_wconf 90' lang='lat' dir='ltr'>huiusmodi</span> <span class='ocrx_word' id='word_1_633' title='bbox 1941 5319 2091 5394; x_wconf 88' lang='lat' dir='ltr'>auditore,</span> 
     </span>
     <span class='ocr_line' id='line_1_123' title="bbox 1347 5412 2093 5492; baseline -0.011 -10"><span class='ocrx_word' id='word_1_634' title='bbox 1347 5421 1396 5482; x_wconf 91' lang='lat' dir='ltr'>die</span> <span class='ocrx_word' id='word_1_635' title='bbox 1418 5434 1519 5480; x_wconf 86' lang='lat' dir='ltr'>xxvu.</span> <span class='ocrx_word' id='word_1_636' title='bbox 1537 5417 1639 5479; x_wconf 88' lang='lat' dir='ltr'>martii</span> <span class='ocrx_word' id='word_1_637' title='bbox 1655 5431 1807 5478; x_wconf 82' lang='lat' dir='ltr'>nuccurv.</span> <span class='ocrx_word' id='word_1_638' title='bbox 1824 5413 1904 5476; x_wconf 89' lang='lat' dir='ltr'>edita</span> <span class='ocrx_word' id='word_1_639' title='bbox 1926 5412 1996 5488; x_wconf 89' lang='lat' dir='ltr'>luit,</span> <span class='ocrx_word' id='word_1_640' title='bbox 2012 5420 2093 5492; x_wconf 92' lang='lat' dir='ltr'>post-</span> 
     </span>
     <span class='ocr_line' id='line_1_124' title="bbox 1348 5507 2091 5593; baseline -0.015 -16"><span class='ocrx_word' id='word_1_641' title='bbox 1348 5507 2091 5593; x_wconf 87' lang='lat' dir='ltr'>quamasignaturanostraiustitiaerescriptum</span> 
     </span>
    </p>
   </div>
   <div class='ocr_carea' id='block_1_9' title="bbox 2110 557 2311 612">
    <p class='ocr_par' dir='ltr' id='par_1_10' title="bbox 2110 557 2311 612">
     <span class='ocr_line' id='line_1_125' title="bbox 2110 557 2311 612; baseline -0.035 0"><span class='ocrx_word' id='word_1_642' title='bbox 2110 561 2171 612; x_wconf 81' lang='lat' dir='ltr'>An.</span> <span class='ocrx_word' id='word_1_643' title='bbox 2188 559 2220 609; x_wconf 84' lang='grc' dir='ltr'>Ο.</span> <span class='ocrx_word' id='word_1_644' title='bbox 2245 557 2311 606; x_wconf 82' lang='grc'>1762</span> 
     </span>
    </p>
   </div>
   <div class='ocr_carea' id='block_1_10' title="bbox 1349 5601 2125 5679">
    <p class='ocr_par' dir='ltr' id='par_1_11' title="bbox 1349 5601 2125 5679">
     <span class='ocr_line' id='line_1_126' title="bbox 1349 5601 2125 5679; baseline -0.008 -9"><span class='ocrx_word' id='word_1_645' title='bbox 1349 5609 1449 5672; x_wconf 90' lang='lat' dir='ltr'>luerat</span> <span class='ocrx_word' id='word_1_646' title='bbox 1471 5607 1605 5668; x_wconf 78' lang='lat' dir='ltr'>‹Parito</span> <span class='ocrx_word' id='word_1_647' title='bbox 1628 5606 1760 5668; x_wconf 90' lang='lat' dir='ltr'>iudicato</span> <span class='ocrx_word' id='word_1_648' title='bbox 1775 5623 1805 5679; x_wconf 68' lang='grc' dir='ltr'>η,</span> <span class='ocrx_word' id='word_1_649' title='bbox 1828 5610 1928 5676; x_wconf 82' lang='grc' dir='ltr'>ηηοω,</span> <span class='ocrx_word' id='word_1_650' title='bbox 1953 5601 2092 5672; x_wconf 90' lang='lat' dir='ltr'>scientia,</span> <span class='ocrx_word' id='word_1_651' title='bbox 2123 5660 2125 5664; x_wconf 85' lang='lat'>.</span> 
     </span>
    </p>
   </div>
   <div class='ocr_carea' id='block_1_11' title="bbox 1348 5692 2094 6063">
    <p class='ocr_par' dir='ltr' id='par_1_12' title="bbox 1348 5692 2094 6063">
     <span class='ocr_line' id='line_1_127' title="bbox 1348 5692 2094 5777; baseline -0.016 -14"><span class='ocrx_word' id='word_1_652' title='bbox 1348 5701 1581 5774; x_wconf 91' lang='lat' dir='ltr'>deliberatione,</span> <span class='ocrx_word' id='word_1_653' title='bbox 1592 5710 1622 5761; x_wconf 85' lang='lat' dir='ltr'>et</span> <span class='ocrx_word' id='word_1_654' title='bbox 1633 5699 1791 5777; x_wconf 88' lang='lat' dir='ltr'>potestatis</span> <span class='ocrx_word' id='word_1_655' title='bbox 1804 5695 1998 5775; x_wconf 90' lang='lat' dir='ltr'>plenitudine</span> <span class='ocrx_word' id='word_1_656' title='bbox 2009 5692 2094 5754; x_wconf 91' lang='lat' dir='ltr'>siml·</span> 
     </span>
     <span class='ocr_line' id='line_1_128' title="bbox 1349 5790 2089 5873; baseline -0.015 -17"><span class='ocrx_word' id='word_1_657' title='bbox 1349 5795 1441 5870; x_wconf 90' lang='lat' dir='ltr'>libus,</span> <span class='ocrx_word' id='word_1_658' title='bbox 1459 5794 1662 5873; x_wconf 89' lang='lat' dir='ltr'>approbamus</span> <span class='ocrx_word' id='word_1_659' title='bbox 1677 5797 1708 5852; x_wconf 91' lang='lat' dir='ltr'>et</span> <span class='ocrx_word' id='word_1_660' title='bbox 1724 5790 1955 5863; x_wconf 81' lang='lat' dir='ltr'>confirmamus,</span> <span class='ocrx_word' id='word_1_661' title='bbox 1972 5802 2089 5848; x_wconf 91' lang='lat' dir='ltr'>omnes·</span> 
     </span>
     <span class='ocr_line' id='line_1_129' title="bbox 1350 5881 2094 5967; baseline -0.017 -15"><span class='ocrx_word' id='word_1_662' title='bbox 1350 5905 1410 5967; x_wconf 93' lang='lat' dir='ltr'>que</span> <span class='ocrx_word' id='word_1_663' title='bbox 1433 5888 1509 5950; x_wconf 91' lang='lat' dir='ltr'>luris</span> <span class='ocrx_word' id='word_1_664' title='bbox 1533 5894 1563 5947; x_wconf 91' lang='lat' dir='ltr'>et</span> <span class='ocrx_word' id='word_1_665' title='bbox 1585 5885 1656 5947; x_wconf 90' lang='lat' dir='ltr'>lacti</span> <span class='ocrx_word' id='word_1_666' title='bbox 1677 5883 1826 5955; x_wconf 85' lang='lat' dir='ltr'>delectus,</span> <span class='ocrx_word' id='word_1_667' title='bbox 1843 5883 1868 5940; x_wconf 90' lang='lat' dir='ltr'>si</span> <span class='ocrx_word' id='word_1_668' title='bbox 1890 5881 1942 5958; x_wconf 94' lang='lat' dir='ltr'>qui</span> <span class='ocrx_word' id='word_1_669' title='bbox 1964 5881 2094 5957; x_wconf 89' lang='lat' dir='ltr'>desuper</span> 
     </span>
     <span class='ocr_line' id='line_1_130' title="bbox 1350 5971 2093 6063; baseline -0.017 -18"><span class='ocrx_word' id='word_1_670' title='bbox 1350 5983 1381 6045; x_wconf 92' lang='lat' dir='ltr'>in</span> <span class='ocrx_word' id='word_1_671' title='bbox 1404 5979 1578 6063; x_wconf 90' lang='lat' dir='ltr'>praemissis</span> <span class='ocrx_word' id='word_1_672' title='bbox 1600 5974 1841 6049; x_wconf 89' lang='lat' dir='ltr'>intervenerint,</span> <span class='ocrx_word' id='word_1_673' title='bbox 1861 5971 2041 6051; x_wconf 90' lang='lat' dir='ltr'>supplemus</span> <span class='ocrx_word' id='word_1_674' title='bbox 2062 5981 2093 6033; x_wconf 85' lang='lat' dir='ltr'>et</span> 
     </span>
    </p>
   </div>
   <div class='ocr_carea' id='block_1_12' title="bbox 0 0 2394 6996">
    <p class='ocr_par' dir='ltr' id='par_1_13' title="bbox 0 0 2394 6996">
     <span class='ocr_line' id='line_1_131' title="bbox 0 0 2394 6996; baseline 0 0"><span class='ocrx_word' id='word_1_675' title='bbox 0 0 2394 6996; x_wconf 95' lang='lat' dir='ltr'> </span> 
     </span>
    </p>
   </div>
  </div>
 </body>
</html>
