4722 6976
925 572 997 626 ierus
1016 574 1068 625 nr.
1091 571 1146 626 vtx.
1726 561 1785 631 11117
1833 568 1887 624 Au.
1902 570 1931 622 d.
1954 561 2022 622 1807

263 699 463 785 quantumvis
490 701 616 767 iuridica
638 709 668 766 et
690 699 839 778 legitima,
861 699 921 777 pia,
944 699 1004 776 pri·
1058 700 1185 762 stitutae
1208 702 1336 765 munitis
1357 699 1464 767 eadem
1484 721 1608 783 prorsus
1623 706 1696 769 tides
1711 706 1743 766 in
1758 706 1804 768 iu-

262 799 415 875 vilegiata,
439 815 472 861 ac
491 796 616 876 speciali
637 802 708 857 nota
729 794 822 871 digna
843 794 880 872 de
901 794 1006 872 sobre·
1060 794 1137 856 dicio
1157 803 1189 856 et
1209 805 1295 858 extra
1317 797 1392 860 illud
1414 797 1604 875 adhibeatur,
1627 815 1705 877 quae
1719 815 1806 878 prae-

261 892 374 969 ptionis
396 892 446 953 vel
466 891 655 970 obreptionis
675 895 726 951 aut
747 886 897 951 nullitatis
918 886 1005 962 vitio,
1059 887 1200 949 sentibus
1220 890 1429 968 adhiberetur,
1452 892 1475 952 si
1504 893 1699 970 originaliter
1721 895 1805 956 exhi·

262 987 312 1048 vel
334 986 517 1049 intentionis
549 992 681 1057 nostrae,
704 999 758 1044 seu
780 982 925 1060 quopiam
947 980 1006 1048 alio
1059 979 1139 1042 bitae
1159 979 1274 1044 lorent.

260 1079 466 1152 substantiali,
493 1077 779 1140 substantialissimo
801 1083 830 1137 et
853 1073 1007 1149 inexcogi·
1077 1072 1166 1149 §ss.
1192 1074 1275 1137 Nulli
1297 1093 1371 1155 ergo
1393 1081 1522 1141 omuino
1537 1081 1702 1143 hominum
1717 1081 1806 1144 liceat
1855 1095 1959 1144 sancus
1979 1104 2034 1150 poe-

263 1181 336 1248 tato,
358 1173 521 1251 specialem
542 1182 573 1234 et
595 1171 785 1236 individuam
812 1169 1005 1232 mentionem
1063 1172 1139 1230 hanc
1160 1171 1301 1247 paginam
1323 1183 1446 1235 nostrae
1467 1174 1701 1251 suppressionis,
1718 1171 1807 1236 resti·
1824 1149 1899 1196 natis.

261 1267 443 1344 requirente
462 1266 584 1329 delectu
615 1265 727 1338 notari,
752 1263 938 1340 impugnari,
961 1261 1006 1323 iu·
1063 1263 1202 1338 tutionis,
1226 1266 1432 1342 repositionis
1455 1267 1674 1346 exemptionis,
1697 1268 1806 1331 libera·

262 1360 401 1435 validari,
424 1361 456 1422 in
478 1361 525 1423 ius
547 1357 863 1422 velcontroversiam
892 1357 1005 1430 vocari,
1063 1357 1166 1432 tionis,
1198 1359 1407 1436 subiectionis,
1438 1361 1662 1439 declarationis,
1685 1363 1805 1426 ordina·

263 1461 292 1516 et
312 1454 348 1516 ad
370 1453 452 1516 viam
475 1461 504 1515 et
526 1454 677 1516 terminos
708 1453 784 1514 iuris
815 1451 931 1527 reduci,
954 1456 1007 1513 aut
1062 1451 1166 1525 tionis,
1189 1452 1334 1527 mandati,
1358 1454 1485 1527 decreti,
1515 1455 1682 1519 voluntatis
1703 1464 1735 1518 et
1755 1456 1805 1520 de

262 1549 408 1610 adversus
435 1546 501 1609 illas
523 1549 740 1626 quodcumque
760 1545 837 1608 iuris
859 1544 908 1606 vel
937 1543 1005 1606 lacti
1062 1543 1226 1622 rogationis
1241 1545 1424 1624 intringere,
1441 1549 1491 1609 vel
1506 1549 1535 1609 ei
1549 1565 1625 1610 ausu
1642 1551 1806 1613 temerario

261 1648 314 1702 aut
334 1641 451 1717 gratiae
471 1639 645 1703 remedium
677 1637 835 1718 impetrari
858 1653 1004 1714 umquam
1062 1638 1234 1716 contraire;
1251 1639 1358 1718 siquis
1371 1651 1476 1704 autem
1488 1642 1545 1704 hoc
1559 1651 1710 1704 attentare
1722 1659 1808 1720 prae-

262 1749 362 1812 posse,
385 1734 437 1796 sed
458 1750 507 1797 eas
528 1749 649 1813 semper
669 1741 701 1794 et
722 1739 873 1812 perpetuo
895 1729 1007 1792 validas
1061 1732 1237 1809 sumpserit,
1252 1733 1497 1811 indignationem
1507 1735 1729 1813 omnipotentis
1740 1737 1805 1809 Dei,

262 1834 293 1888 et
314 1826 448 1889 efficaces
464 1828 607 1903 existere,
629 1842 762 1906 suosque
779 1826 915 1901 integros
936 1824 1007 1886 elle·
1062 1843 1094 1887 ac
1122 1825 1281 1890 beatorum
1310 1828 1392 1890 Petri
1419 1835 1450 1890 et
1477 1828 1560 1891 Pauli
1589 1830 1806 1906 Apostolorum

262 1929 329 1982 ctus
358 1921 464 1983 sortiri
483 1929 516 1982 et
543 1920 695 1994 obtinere,
724 1937 756 1982 ac
777 1918 839 1982 illis
865 1919 902 1980 ad
930 1934 1007 1995 quos
1063 1920 1127 1983 eius
1149 1936 1180 1982 se
1202 1922 1325 1984 noverit
1346 1923 1555 1994 incursusum.

262 2020 378 2093 spectat
395 2029 480 2075 nunc
502 2019 533 2074 et
552 2028 607 2090 pro
624 2019 763 2091 tempore
778 2010 1007 2090 quomodolibet
1102 2015 1213 2077 Datum
1235 2014 1349 2078 Romae
1362 2015 1441 2094 apud
1458 2017 1487 2080 S.
1507 2017 1632 2080 blaciam
1646 2017 1806 2096 Maiorem,

262 2107 409 2184 spectabit
424 2107 457 2168 in
472 2105 627 2180 loturum,
644 2105 820 2182 plenissime
833 2103 1006 2181 suflragari,
1062 2123 1144 2170 anno
1174 2108 1393 2171 incarnationis
1422 2110 1598 2173 Dominicae
1625 2129 1806 2189 succurit,

261 2207 293 2262 et
307 2201 401 2261 abeis
415 2199 585 2278 respective
600 2199 821 2262 inviolabiliter
834 2197 1005 2262 observari:
1061 2203 1290 2278 quartodecimo
1312 2202 1460 2264 kalendas
1490 2204 1684 2282 septembris,
1706 2208 1807 2283 ponti-

263 2295 368 2372 sicque
382 2301 413 2354 et
435 2308 498 2356 non
512 2292 584 2354 alias
598 2309 653 2372 per
667 2308 879 2371 quoscumque
893 2291 1008 2354 iudices
1062 2295 1167 2357 heatus
1188 2297 1285 2357 nostri
1309 2310 1390 2356 auno
1411 2303 1527 2356 octavo.

262 2387 435 2448 ordinarios
455 2385 505 2449 vel
520 2386 686 2463 delegatos,
700 2387 807 2465 quavis
827 2385 1009 2448 auctoritate

263 2478 441 2557 iungentes,
455 2479 547 2541 etiam
562 2494 723 2542 causarum
735 2478 836 2558 palatii
850 2477 1008 2556 apostolici
1319 2499 1556 2510 ----

262 2573 429 2648 auditores,
452 2590 485 2636 ac
513 2572 641 2636 Sanctae
670 2572 825 2634 Romanae
857 2571 1009 2633 Ecclesiae

263 2666 565 2741 &sandaserion
587 2665 624 2726 de
650 2665 746 2727 latere
772 2665 918 2742 Legatos,
941 2665 1009 2728 vice
1365 2676 1503 2740 xqup,

262 2760 404 2837 Legatos,
425 2760 584 2839 dictaeque
609 2757 694 2822 Sedis
721 2758 868 2832 Nomius,
890 2759 1008 2821 sublata

261 2853 306 2914 eis
319 2862 351 2914 et
365 2869 474 2914 eorum
489 2854 615 2916 cuilibet
629 2853 736 2931 quavis
750 2851 839 2915 aliter
853 2851 1008 2915 iudicandi
1064 2861 1254 2938 Capitulum
1282 2863 1427 2926 ccclesiae
1452 2865 1648 2930 cathedralis
1669 2869 1808 2948 rogaras

262 2954 293 3007 et
322 2946 548 3023 interpretandi
579 2945 722 3008 lacultate
751 2952 782 3007 et
813 2944 1007 3020 auctoritate,
1102 2955 1216 3016 elensis
1231 2955 1337 3034 praeci
1353 2958 1440 3020 ricus
1457 2959 1491 3020 m
1511 2959 1737 3024 Transtlvama
1751 2979 1808 3040 pro

262 3038 389 3102 iudicari
409 3045 441 3101 et
462 3037 585 3102 definiri
605 3038 729 3114 debere,
745 3039 871 3100 irritum
885 3053 1009 3118 quoque
1103 3049 1185 3110 ciero
1206 3050 1368 3112 soectclort'
1389 3050 1428 3114 oh
1455 3053 1606 3130 Episcopo
1631 3056 1807 3135 fundatum

262 3142 294 3196 et
309 3134 411 3208 inane,
426 3133 451 3194 si
465 3149 552 3195 secus
566 3149 658 3212 super
672 3133 720 3194 his
734 3150 750 3194 a
765 3147 920 3211 quoquam
935 3148 1008 3210 qua·
1101 3141 1245 3220 ollasque
1266 3143 1336 3220 pios
1358 3143 1583 3209 institutiones
1596 3161 1653 3223 pro
1668 3147 1808 3212 ecclesiis

261 3227 311 3288 vis
324 3227 515 3301 auctoritate,
527 3226 660 3289 scienter
671 3225 722 3288 vel
733 3225 924 3302 ignoranter,
936 3240 1008 3288 con·
1101 3234 1340 3312 parochialibus
1368 3239 1475 3317 [octos
1500 3237 1615 3318 prohat
1643 3248 1673 3303 et
1696 3243 1808 3320 confir-

263 3320 369 3398 tigerit
383 3320 537 3381 attentari.
1102 3335 1180 3393 mot.

69 3427 244 3490 uerppuocon·
302 3414 371 3488 §a
394 3411 464 3475 Nou
485 3413 675 3476 obstantibus
696 3413 794 3477 literis
816 3413 942 3492 praelati
963 3415 1008 3478 Pii
1051 3413 1093 3482 Ι

64 3488 178 3527 ““““’““““
263 3507 512 3586 praedecessoris,
543 3523 577 3568 sc
607 3508 720 3570 nostris
750 3515 782 3570 et
810 3507 1009 3571 cancellariae
1064 3514 1186 3583 Erectio
1207 3516 1328 3600 capituti
1351 3517 1378 3583 tu
1400 3516 1536 3585 eeclesia
1560 3515 1668 3588 sancti
1691 3521 1806 3589 nicolai

262 3603 444 3681 apostolicae
459 3600 574 3678 regulis
589 3600 627 3663 de
641 3601 709 3664 iure
724 3601 862 3680 quaesito
877 3617 940 3664 non
952 3601 1008 3664 tol·
1255 3610 1350 3694 oppidi
1373 3608 1616 3694 foqapagjepgjg,

262 3695 369 3772 leudo,
388 3712 422 3757 ac
442 3695 602 3774 quibusvis
626 3694 692 3756 aliis
712 3695 805 3757 etiam
827 3695 859 3756 in
880 3693 1009 3772 synoda·

263 3788 355 3863 libus,
376 3786 630 3865 provincialibus,
652 3787 860 3864 generalibus,
884 3785 1009 3848 uuiver-
1062 3797 1064 3802 '
1273 3795 1361 3864 Plus
1382 3796 1600 3867 [plsoopus

262 3881 438 3960 salibusque
458 3880 595 3943 conciliis
621 3880 710 3942 editis
738 3881 1010 3944 constitutionibus

262 3983 302 4040 et,
314 3973 561 4037 ordinationibus
580 3974 763 4052 apostolicis,
778 3991 812 4036 ac
825 3976 1010 4054 supradicta·
1250 3973 1357 4026 ⁸0ll¹¹⁸
1379 3975 1535 4028 8111011111
1559 3960 1622 4042 091,

263 4084 335 4131 rum
356 4067 499 4130 omnium
514 4068 712 4131 ecclesiarum
727 4069 821 4130 etiam
835 4067 1011 4132 iurimento
1183 4079 1219 4146 ad
1243 4086 1416 4163 perpetuam
1441 4083 1484 4150 pgr
1506 4083 1686 4152 mamm-qam,

264 4161 502 4224 confirmatione
523 4163 685 4241 apostolica
713 4162 765 4226 vel
785 4167 892 4243 quavis
913 4166 1009 4228 lirmi-

263 4263 326 4318 tate
345 4254 404 4317 alia
421 4256 571 4318 roboratis
591 4258 714 4319 statutis
734 4265 765 4320 et
779 4258 1010 4322 consuetudini·
1103 4269 1123 4344 ᾖ
1145 4268 1171 4330 1.
1197 4269 1389 4348 hpostolatus
1413 4271 1561 4348 officium,
1579 4274 1665 4352 ¹quod
1686 4274 1810 4340 divinae
1854 4299 2022 4346 prooemium.

262 4349 337 4426 bus3
359 4348 542 4426 privilegiis,
559 4349 688 4413 indultis
708 4357 740 4412 et
758 4351 854 4434 literis
869 4353 1011 4433 apostoli·
1063 4363 1229 4439 sapientiae
1250 4362 1379 4426 altitudo
1400 4364 1570 4428 humilitati
1585 4375 1707 4430 nostrae
1722 4369 1809 4431 nullo

263 4443 318 4517 cis,
340 4443 500 4520 quibusvis
526 4444 736 4522 superioribus
760 4451 792 4508 et
814 4447 953 4523 personis
977 4447 1009 4510 iu
1063 4455 1135 4517 licet
1156 4455 1340 4518 meritorum
1363 4465 1542 4520 nostrorum
1561 4460 1707 4538 suffragio
1726 4478 1809 4525 com·

263 4536 1010 4618 contrariumpraemissorumquomodolibetlor·
1064 4547 1189 4610 mittere
1209 4549 1334 4624 dignata
1355 4557 1412 4624 est,
1434 4549 1600 4616 salubriter
1621 4556 1732 4634 exequi
1751 4565 1809 4619 sat·

262 4644 317 4690 san
332 4629 494 4704 concessis,
507 4629 690 4708 approbatis,
702 4631 1010 4711 confirmatisetplu·
1063 4650 1189 4718 agentes
1216 4641 1279 4718 illa,
1302 4659 1381 4720 quae
1402 4659 1457 4721 pro
1484 4644 1565 4707 lelici
1585 4648 1808 4713 cathedralium

162 4726 165 4732 ’
264 4721 325 4783 ries
346 4721 513 4797 innovatis,
529 4722 640 4801 quibus
662 4724 806 4786 omnibus
821 4726 1008 4803 etsingulis,
1062 4735 1271 4811 ecclesiarum,
1295 4741 1325 4796 et
1347 4752 1458 4800 eorum
1484 4739 1537 4817 qui
1563 4739 1595 4800 in
1624 4740 1696 4817 ipsis
1717 4741 1810 4804 Altis-

263 4815 357 4876 etiam
378 4813 404 4876 si
425 4815 462 4877 de
483 4814 545 4877 illis
565 4831 737 4896 eommque
757 4819 828 4880 totis
850 4819 1009 4883 tenoribus
1062 4829 1140 4890 simo
1154 4829 1274 4892 assidue
1288 4828 1473 4893 lamulatum
1485 4840 1641 4910 praestant
1655 4835 1809 4912 regimine

263 4907 413 4986 specialis,
444 4908 595 4986 specifica,
628 4925 769 4988 expressa
797 4918 830 4973 et
851 4912 1010 4977 individua
1063 4927 1093 4984 et
1122 4922 1287 4998 gubernio,
1317 4923 1445 5001 provide
1472 4926 1705 5005 prudenterque
1733 4926 1809 4989 lacta

264 5001 383 5062 mentio
404 5001 553 5079 habenda,
569 5009 620 5066 aut
635 5004 735 5081 aliqua
749 5007 844 5067 etiam
859 5007 1009 5086 exquisita
1062 5030 1127 5077 esse
1148 5021 1332 5089 noscuntur,
1353 5015 1598 5080 confirmationis
1628 5020 1809 5097 apostolicae

263 5093 362 5157 lorma
382 5097 417 5159 ad
440 5097 496 5159 hoc
516 5096 666 5160 servanda
693 5098 789 5162 ioret:
822 5099 1009 5180 illorumque
1062 5107 1222 5187 praesidio,
1244 5118 1317 5172 cum
1339 5108 1368 5170 id
1390 5110 1508 5172 anobis
1523 5112 1651 5188 petitur,
1668 5112 1809 5176 libentis·

158 5221 161 5229 ·
263 5189 405 5252 omnium
435 5197 466 5252 et
497 5191 695 5269 singulorum
727 5201 861 5270 tenores,
893 5195 1009 5258 eisdem
1061 5202 1139 5264 sime
1159 5201 1350 5278 roboramus,
1373 5210 1465 5280 prout
1487 5209 1663 5282 temporum
1684 5211 1715 5268 et
1729 5206 1809 5270 loco·

263 5283 474 5360 praesentibus
495 5299 551 5363 pro
575 5285 666 5365 plene
690 5294 722 5348 et
745 5287 934 5350 sufficienter
957 5305 1008 5350 ex·
1063 5311 1134 5359 rum
1154 5296 1232 5357 ratic
1262 5297 1409 5373 postulat,
1433 5306 1580 5378 rectoque
1606 5299 1706 5361 ordini
1736 5317 1808 5365 con·

263 5377 375 5455 pressis
396 5377 554 5453 habentes,
584 5377 741 5456 latissime,
763 5381 954 5459 plenissime,
976 5399 1009 5445 ac
1061 5395 1246 5452 sentaneum
1267 5405 1334 5452 esse
1355 5391 1388 5452 in
1410 5390 1542 5454 Domino
1567 5392 1765 5456 arbitramur.

263 5471 434 5549 specialiter
452 5482 638 5553 etexp1·esse
657 5475 850 5552 derogamus,
867 5477 1008 5539 caeteris·
1101 5484 1120 5558 5
1141 5484 1170 5545 2.
1194 5483 1274 5546 Saue
1302 5492 1463 5562 postquam
1490 5499 1588 5562 usque
1616 5493 1647 5548 et
1668 5487 1706 5549 de
1726 5503 1808 5550 auno
1847 5503 2001 5550 memoratur
2016 5513 2038 5547 e-

263 5579 323 5643 lue
344 5567 507 5628 0011¹s³lii⁵
529 5568 784 5648 quibuscumque.
1062 5578 1185 5640 Domini
1208 5577 1374 5640 millesimo
1394 5579 1671 5654 septingentesimo
1688 5581 1807 5644 decimo
1826 5555 2038 5655 ἒῗῖξὶἶοῖξῗιῗξζῗξ

62 5655 245 5762 ιῖἷῗιῗιιῗξῖῗω*
302 5659 371 5734 5⁷·
394 5659 545 5723 V⁰¹⁰m1¹⁵
566 5669 671 5724 autem
692 5665 773 5740 l¹1⁰d
799 5663 1008 5742 praesentium
1061 5679 1168 5734 octavo
1191 5671 1396 5748 congregatio
1417 5672 1546 5735 Sanctae
1576 5672 1732 5736 Romanae
1754 5675 1808 5737 Ec-
1825 5661 2037 5762 {2023‘13321321133

156 5727 207 5772 '³⁵'
263 5759 440 5816 nostrarum
471 5755 630 5818 literarum
663 5759 879 5836 transumptis,
913 5773 1007 5820 manu
1062 5761 1170 5824 clesiae
1200 5761 1408 5825 cardinalium
1441 5761 1573 5838 negotiis
1594 5763 1807 5842 Propagandae
1825 5769 1904 5815 tronis
1925 5726 2038 5832 αὲρῗὸ.

262 5845 390 5908 alicuius
421 5849 534 5912 notarii
564 5849 678 5926 publici
705 5850 895 5930 subscriptis,
918 5859 948 5913 et
968 5851 1009 5928 si·
1061 5854 1145 5917 Fidei
1175 5855 1343 5933 praeposita
1373 5854 1523 5916 nonnulla
1554 5855 1632 5920 circa
1663 5857 1807 5921 Graecam
1826 5821 2021 5880 ⁹²⁸³¹¹⁶⁸F¹⁰⁰'

263 5938 336 6015 gillo
351 5955 497 6018 personae
511 5942 543 6003 in
559 5942 758 6005 ecclesiastica
772 5944 921 6020 dignitate
935 5960 1008 6006 con·
1061 5949 1221 6013 nationem
1232 5947 1423 6023 tractaverit,
1435 5955 1466 6010 et
1477 5950 1638 6030 praecipue
1649 5966 1705 6028 pro
1715 5951 1808 6016 Grae·
