4740 6962
315 533 369 590 Au.
384 537 414 588 11.
436 529 504 586 1783
556 523 615 591 976

314 951 514 1006 3333313333-

301 1003 448 1050 trariorum.

533 670 652 734 litatem
673 669 769 748 magis
787 665 818 732 in
835 665 965 732 Domino
981 668 1105 731 noveris
1120 668 1276 748 expedire,

533 765 589 828 tibi
610 765 702 826 enixe
730 763 995 837 commendamus,
1018 762 1224 841 praecipimus
1245 777 1278 822 ac

532 858 704 920 hortamur.

570 953 590 1027 ἓ
612 950 641 1012 1.
663 950 733 1014 Non
748 952 951 1025 obstantibus,
967 957 1121 1029 quatenus
1135 966 1212 1028 opus
1225 948 1275 1023 sit,

531 1045 645 1105 nostris
668 1050 701 1105 et
725 1043 932 1106 cancellariae
955 1042 1148 1120 Apostolicae
1168 1040 1276 1117 regula

531 1138 568 1198 de
590 1139 658 1199 iure
678 1138 816 1216 quaesito
837 1151 900 1198 non
923 1135 1071 1208 tollendo,
1093 1134 1221 1211 aliisque
1243 1133 1276 1194 iu

531 1232 723 1294 contrarium
744 1230 986 1308 praemissorum
1000 1228 1230 1306 quomodolibet
1244 1242 1277 1287 o·

531 1327 601 1388 ditis
617 1324 808 1388 1313333313
828 1325 921 1386 etiam
936 1324 968 1384 13
982 1322 1191 1401 synodalibus,
1208 1337 1276 1400 pro·

530 1419 713 1482 vincialibus
736 1416 1026 1494 universaliumque
1050 1415 1188 1476 conciliis
1208 1430 1275 1493 spe-

530 1513 656 1575 cialibus
676 1512 725 1574 vel
754 1510 951 1588 generalibus
971 1508 1099 1586 aliisque
1127 1509 1276 1570 constitu·

530 1607 666 1669 tionibus
677 1613 708 1667 et
718 1604 963 1668 ordinationibus
973 1600 1276 1680 apostolicis,acqua·

531 1715 738 1778 rumcumque
762 1697 960 1760 ecclesiarum
987 1693 1072 1755 latini
1094 1694 1185 1768 ritus,
1208 1693 1275 1770 qui·

529 1795 586 1857 bus
613 1802 703 1856 antea
735 1806 844 1854 omnes
873 1787 1092 1852 Christilldeles
1114 1787 1146 1848 in
1169 1786 1275 1848 Russia

528 1888 657 1967 aliisque
666 1885 769 1962 regnis
781 1882 953 1962 3333313113,
966 1887 1001 1942 31
1013 1879 1199 1958 praefertur,
1211 1879 1275 1938 exi-

528 1990 645 2043 stentes
672 1978 801 2042 subiecti
830 1983 935 2049 erant,
963 1973 1058 2035 etiam
1081 1972 1271 2045 iuramento,

528 2073 761 2139 confirmatione
782 2069 955 2149 apostolica,
982 2066 1030 2129 vel
1052 2066 1159 2144 quavis
1176 2064 1272 2126 11331-

530 2177 591 2232 1313
618 2168 675 2230 3113
697 2165 846 2228 rohoratis
871 2161 995 2225 statutis
1018 2168 1049 2222 et
1076 2157 1272 2221 consuetudi·

529 2265 630 2338 nibus,
642 2259 812 2341 privilegiis
827 2271 963 2335 quoque,
975 2251 1103 2317 indultis
1114 2261 1145 2313 31
1160 2251 1272 2313 11113313

527 2356 699 2436 apostolicis
712 2350 922 2430 superioribus
936 2356 967 2410 et
978 2346 1118 2425 personis
1132 2345 1191 2407 suh
1205 2344 1272 2422 qui-

528 2452 720 2528 buscumque
747 2444 908 2509 tenoribus
936 2448 967 2504 et
995 2441 1118 2515 lormis,
1145 2456 1178 2501 ac
1199 2453 1271 2499 cum

528 2545 687 2626 quibusvis
709 2539 803 2602 31133
824 2535 1089 2613 derogatoriarum
1110 2533 1270 2609 derogato-

527 2639 591 2713 riis‚
615 2636 742 2714 aliisque
763 2629 994 2701 efficacioribus,
1010 2625 1223 2689 efficacissimis
1237 2643 1271 2686 ac

527 2731 659 2795 insolitis
687 2725 844 2798 clausulis,
872 2720 1131 2798 irritantibusque
1151 2726 1182 2780 et
1204 2718 1270 2780 31113

527 2825 657 2890 decretis
678 2823 710 2883 13
739 2833 854 2896 genere
875 2815 926 2877 vel
954 2815 988 2877 in
1009 2814 1121 2892 specie,
1143 2829 1176 2874 33
1204 2812 1270 2874 31113

527 2921 559 2981 13
575 2914 763 2981 3331333133
786 2907 1016 2990 quomodolibet
1036 2906 1198 2980 concessis,
1220 2922 1269 2984 ap-

527 3011 661 3093 probatis
682 3018 713 3070 et
737 3004 900 3068 innovatis.
932 3001 1049 3075 Quibus
1074 2999 1219 3061 omnihus
1240 3007 1271 3061 et

525 3105 670 3184 singulis,
691 3101 808 3164 etiamsi
825 3098 863 3159 de
878 3096 938 3157 illis
952 3108 1124 3171 eorumque
1140 3094 1211 3154 totis
1227 3100 1270 3153 te·

526 3200 655 3264 noribus
668 3194 817 3275 specialis,
828 3189 977 3270 specifica,
991 3203 1132 3266 expressa
1147 3194 1177 3247 et
1193 3185 1270 3247 1331-

524 3295 616 3357 113113
638 3309 671 3354 33
692 3292 730 3354 33
751 3288 846 3349 verbc
863 3287 897 3347 ad
920 3282 1062 3356 verbum,
1079 3295 1143 3342 non
1165 3289 1269 3342 autem

524 3405 580 3468 per
601 3385 752 3448 clausulas
774 3378 933 3462 generales
955 3377 1037 3438 idem
1056 3375 1268 3454 importantes,

525 3481 645 3544 mentio
665 3475 815 3549 habenda,
837 3480 890 3535 aut
908 3471 1035 3549 quaevis
1048 3469 1105 3531 alia
1119 3471 1269 3549 exquisita

524 3575 623 3636 lorma
643 3574 679 3634 ad
698 3571 757 3631 hoc
770 3563 920 3629 servanda
935 3561 1025 3638 13331,
1041 3562 1167 3624 illorum
1184 3570 1268 3626 teno-

525 3685 573 3730 res
594 3661 807 3744 praesentibus
833 3675 887 3737 pro
908 3657 1000 3736 plene
1022 3664 1052 3719 31
1077 3657 1269 3720 sufficienter

524 3757 687 3838 expressis,
706 3773 739 3817 33
759 3755 796 3816 33
817 3751 912 3814 verbo
933 3750 969 3810 33
991 3750 1124 3813 verbum
1144 3750 1268 3813 insertis

523 3854 682 3926 habentes,
705 3848 766 3910 illis
786 3847 858 3909 alias
879 3847 911 3906 in
929 3861 985 3906 suo
1000 3845 1112 3907 robore
1125 3861 1267 3922 perman-

522 3949 613 4024 suris,
635 3948 670 4008 ad
693 3942 931 4023 praemissorum
956 3938 1102 4002 ellectum
1123 3940 1178 4002 hac
1200 3943 1268 4004 vice

522 4045 681 4106 dumtaxat
691 4035 864 4117 specialiter
875 4043 906 4095 et
917 4048 1057 4111 expresse
1070 4032 1265 4114 derogamus,

521 4134 710 4212 caeterisque
730 4128 895 4192 contrariis
915 4126 1171 4207 quibuscumque.

561 4229 673 4290 Datum
694 4225 809 4288 Romae
830 4221 910 4300 apud
931 4219 961 4284 S·
985 4219 1125 4296 Petrum,
1140 4223 1265 4286 331133.

522 4322 597 4384 nulo
617 4317 789 4391 Piscatoris,
811 4316 860 4378 die
885 4313 1003 4376 decima
1029 4314 1137 4391 quinta
1162 4317 1266 4394 aprilis

522 4415 689 4477 millesimo
699 4409 974 4489 septingentesimo
985 4408 1194 4484 octuagesimo
1206 4419 1266 4472 ter·

523 4510 577 4585 113,
600 4507 795 4588 pontificatus
817 4502 915 4564 nostri
935 4516 1017 4562 anno
1039 4518 1132 4564 nouo.

1061 537 1125 595 1113.
1150 534 1241 596 honr.
1266 533 1306 594 113
1328 531 1356 593 e.
1381 535 1410 596 11.
1436 537 1516 598 inas
1539 547 1560 597 t.

2112 530 2167 593 Aa.
2182 537 2220 594 G.
2247 532 2324 592 ttae

1333 669 1426 730 31133
1449 670 1548 734 333131
1562 656 1827 750 praedecessores,
1848 677 1880 735 31
1901 671 2082 751 3333333113
2100 691 2169 748 wopa
2209 699 2335 738 onume-

1333 760 1429 825 lelicis
1459 765 1678 828 recordationis
1708 765 1876 843 Gregorius
1906 766 1962 829 PP.
1995 765 2078 828 xlv.
2100 752 2204 792 ΜΨ·

1333 857 1544 934 praedecessor
1566 859 1673 921 itidem
1695 867 1801 922 noster
1816 861 1848 921 13
1863 877 1916 922 333
1933 861 2081 923 33331113-

1334 948 1430 1024 11333,
1452 966 1531 1029 quae
1557 951 1665 1032 incipit
1695 954 1783 1016 01133
1804 953 1998 1030 apostolicae
2018 969 2081 1014 ser·

1332 1039 1463 1112 3113113,
1480 1043 1538 1106 sub
1552 1042 1658 1106 datum
1674 1045 1723 1107 die
1737 1061 1791 1107 xv.
1809 1046 1880 1108 maii
1896 1062 2007 1110 1131131.
2020 1045 2079 1126 (1),

1333 1135 1578 1211 praecavendum
1606 1153 1673 1200 esso
1701 1140 1890 1214 censuerint,
1913 1148 2081 1202 3133333

1333 1226 1394 1288 cito
1415 1229 1534 1291 nemini
1557 1232 1806 1309 imponerentur,
1822 1231 2081 1294 33331113313313

1333 1328 1463 1384 aetatem
1494 1325 1692 1400 maturitatis,
1714 1333 1787 1388 ante
1820 1332 1941 1404 tempus
1962 1327 2078 1388 exami-

1332 1415 1392 1490 nis,
1415 1423 1487 1478 ante
1507 1417 1732 1497 experientiam
1749 1418 1927 1497 disciplinae
1941 1421 2079 1482 sacerdo-

1332 1509 1400 1572 talis
1428 1513 1528 1572 honor
1556 1512 1760 1588 tribueretur,
1784 1528 1864 1576 neve
1893 1513 2027 1590 indiguis
2048 1520 2079 1574 et

1332 1602 1425 1680 longe
1446 1614 1533 1667 extra
1554 1605 1739 1668 sacerdotale
1760 1607 1909 1669 meritum
1930 1606 2080 1668 constitu-

1332 1695 1370 1758 tis
1391 1697 1539 1776 pastorale
1568 1697 1726 1775 fastigium
1748 1709 1779 1762 et
1800 1699 2001 1761 ecclesiarum
2022 1713 2078 1774 gu-

1331 1790 1470 1854 bernatio
1491 1792 1682 1868 crederetur,
1697 1792 1802 1871 plures
1822 1792 2032 1856 ordinationes
2047 1799 2078 1855 31

1330 1882 1425 1960 leges,
1448 1900 1526 1962 quae
1543 1885 1620 1946 circa
1635 1887 1920 1962 promovendorum
1936 1885 2010 1963 ipsis
2025 1901 2077 1946 an·

1330 1977 1434 2052 gelicis
1463 1978 1602 2040 humeris
1628 1977 1857 2041 formidandum
1885 1981 2077 2059 episcopatus

1330 2071 1552 2147 ministerium,
1575 2071 1680 2147 11333,
1703 2071 1810 2147 11133,
1833 2087 1948 2148 33333,
1964 2073 2076 2135 333131-

1329 2179 1401 2225 333
1422 2175 1453 2226 31
1475 2165 1672 2242 prudentiam
1698 2165 1839 2241 tulerint,
1861 2181 1955 2245 quam
1977 2166 2074 2228 maxi-

1328 2273 1378 2318 me
1408 2258 1627 2335 comprohent;
1660 2257 1815 2337 siquidem
1845 2259 1927 2320 inter
1958 2266 2076 2321 3331333

1328 2357 1516 2412 333333133
1543 2349 1712 2428 Gregorius
1738 2352 1951 2430 praedecessor
1972 2355 2074 2430 provi-

1327 2445 1449 2506 dentiae
1475 2445 1606 2508 concilii
1637 2445 1811 2508 Tridentini
1839 2446 2016 2526 disponens,
2040 2457 2075 2510 ut

1328 2539 1359 2599 in
1380 2539 1622 2618 provincialibus
1641 2541 1766 2618 synodis
1787 2555 1842 2620 per
1862 2541 2076 2618 metropolita-

1326 2650 1383 2695 nos
1396 2634 1544 2696 habendis
1559 2635 1829 2712 praescriberetur,
1842 2633 2016 2713 quibusque
2031 2634 2074 2696 lo-

1325 2729 1367 2790 313
1388 2735 1419 2789 31
1440 2727 1607 2804 3331133113
1622 2727 1763 2804 33333133
1777 2727 1940 2804 examinis,
1956 2727 2073 2790 331113-

1326 2821 1567 2902 33131113313331
1583 2819 1793 2882 instructionis
1808 2820 1964 2885 faciendae
1975 2823 2073 2884 13333

1326 2915 1455 2979 Romani
1468 2914 1624 2978 Pontificis
1638 2913 1765 2975 arbitrio
1778 2915 1982 2993 approbanda,
1995 2934 2073 2996 quae

1326 3011 1425 3087 magis
1442 3009 1558 3072 eisdem
1580 3009 1653 3072 locis
1675 3007 1990 3088 (11111331333331333
2006 3027 2074 3074 3333

1326 3105 1499 3178 videretur,
1518 3102 1567 3164 cui
1589 3111 1664 3164 tunc
1678 3102 1837 3180 temporis,
1854 3103 1913 3165 nisi
1927 3121 1943 3166 a
1957 3107 2073 3183 paucis·

1325 3173 1411 3260 sirhis
1432 3199 1677 3273 obtemperatum
1700 3193 1812 3269 luerat,
1835 3197 1980 3274 supplere
1994 3200 2073 3262 desi-

1326 3294 1446 3364 derans,
1469 3305 1509 3350 ne
1530 3287 1658 3351 interim
1679 3287 1744 3366 lupi
1766 3305 1896 3369 rapaces,
1915 3292 2016 3369 potius
2034 3295 2071 3357 ad

1326 3385 1578 3466 dispergendum,
1601 3397 1693 3460 quam
1713 3383 1788 3444 boni
1809 3379 2002 3460 3331333333
2021 3404 2073 3466 33-

1324 3481 1473 3545 3333333
1497 3477 1690 3540 dominicum
1717 3491 1844 3552 gregem
1865 3494 1951 3540 sese
1972 3479 2072 3544 intru-

1325 3578 1445 3648 derent,
1467 3569 1552 3634 unde
1571 3569 1607 3632 ad
1629 3569 1806 3647 episcopalis
1833 3570 1991 3648 dignitatis
2011 3574 2073 3636 col-

1325 3669 1443 3746 legium
1463 3663 1657 3728 sublimando
1684 3661 1851 3740 iudignum
1872 3664 1981 3728 alienis
2003 3683 2071 3746 333-

1324 3762 1397 3824 catis
1424 3759 1702 3830 communicarent,
1723 3758 1761 3820 de
1781 3757 1853 3833 fide,
1879 3759 1955 3836 vita,
1977 3762 2072 3822 3331-

1323 3857 1391 3930 bus,
1408 3852 1546 3916 doctriua
1559 3859 1591 3912 et
1606 3851 1769 3930 prudentia
1785 3855 2070 3928 promovendorum

1323 3947 1572 4020 instructionem,
1602 3959 1732 4006 examen
1760 3952 1792 4006 et
1819 3943 2069 4025 inquisitionem,

1323 4045 1399 4108 dum
1419 4049 1504 4104 extra
1525 4039 1642 4101 curiam
1663 4046 1742 4100 esset
1762 4037 1909 4115 13313333,
1930 4044 1968 4105 33
1988 4045 2069 4106 eius-

1322 4137 1392 4199 dem
1415 4131 1591 4198 Tridentini
1612 4131 1741 4194 Concilii
1762 4142 1902 4196 mentem
1919 4137 2070 4213 Apostoli-

1322 4247 1373 4294 cae
1385 4228 1470 4294 Sedis
1485 4225 1606 4304 Legatis
1617 4239 1672 4286 seu
1683 4223 1810 4287 Nunciis
1825 4228 2068 4308 provinciarum,

1322 4335 1375 4386 aut
1399 4322 1478 4396 3133,
1500 4321 1539 4383 33
1558 4335 1619 4398 quo
1638 4318 1679 4381 sit
1704 4317 1876 4396 inquisitio,
1893 4319 2067 4400 Ordinatio,

1322 4433 1421 4496 eoque
1448 4414 1628 4485 deficiente,
1655 4411 1823 4475 ordinariis
1850 4415 2067 4493 vicinioribus,

1321 4512 1406 4573 iuxta
1428 4511 1556 4572 modum
1576 4523 1610 4568 ac
1630 4505 1761 4568 formam
1782 4507 1815 4568 13
1837 4509 1943 4572 eadem
1958 4512 2069 4573 consti·

1321 4605 1443 4668 tutione
1463 4615 1637 4678 expressam
1658 4599 1825 4662 commisit.

1360 4699 1379 4775 5
1400 4698 1429 4759 2,
1453 4696 1572 4759 Verum
1585 4693 1664 4756 sicut
1679 4693 1767 4755 nobis
1782 4710 1883 4773 nuper
1897 4697 2010 4778 exponi
2025 4698 2068 4762 13-
2134 4716 2306 4778 perceptiones
2368 4759 2369 4772 ,

1321 4794 1363 4855 311
1383 4791 1557 4854 carissimus
1579 4789 1611 4850 in
1633 4787 1757 4850 Christo
1779 4787 1861 4850 lilius
1883 4801 1989 4853 noster
2009 4793 2066 4854 Ka·
2084 4765 2305 4884 }fflffisspnlffl
2368 4849 2369 4854 ,

1321 4886 1405 4949 33133
1425 4882 1642 4964 Hispaniarum
1661 4896 1716 4942 rex
1730 4880 1908 4959 catholicus,
1924 4886 2066 4961 quamvis
2084 4874 2134 4974 giis?
2149 4887 2304 4933 promoven-

1319 4996 1418 5059 usque
1439 4979 1472 5040 13
1494 4991 1639 5056 praesens
1659 4974 1887 5052 religiosissime
1908 4977 1942 5039 in
1961 4979 2067 5058 Hispa-

1320 5073 1391 5148 niis,
1413 5073 1488 5134 dum
1510 5069 1548 5132 de
1568 5068 1854 5148 promovendorum
1883 5071 2063 5136 huiusmodi

1319 5163 1522 5245 inquisitione
1549 5179 1582 5225 ac
1609 5163 1752 5224 examine
1779 5163 1975 5242 suscipiendo
2003 5167 2066 5242 agi-

1319 5266 1383 5334 tor,
1407 5257 1561 5320 insinuata
1590 5256 1752 5318 methodus
1782 5257 1822 5318 sit
1852 5262 2012 5320 observata
2033 5269 2064 5323 et

1319 5353 1416 5415 adhuc
1437 5351 1637 5425 observetur3
1656 5357 1804 5423 3113333,
1819 5349 1941 5427 31131133
1956 5367 2005 5414 res
2020 5361 2066 5416 est

1319 5445 1358 5508 de
1378 5443 1590 5524 praeficiendis
1610 5443 1764 5522 Episcopis
1777 5443 2004 5508 cathedralibus
2017 5463 2065 5509 ec·

1318 5539 1418 5602 clesiis
1439 5539 1472 5600 in
1494 5537 1587 5600 indiis
1607 5537 1822 5612 existentibus,
1838 5537 1905 5599 sive
1919 5537 1981 5600 3131
1996 5555 2065 5618 pro·

1319 5633 1465 5695 movendi
1494 5631 1559 5693 nati
1586 5637 1619 5691 31
1646 5636 1875 5693 commorantes
1903 5631 1934 5693 iu
1957 5630 2063 5710 lndiis,

1319 5728 1385 5789 sive
1413 5727 1477 5788 uati
1505 5725 1574 5788 ludi
1601 5733 1631 5787 et
1653 5731 1882 5788 commorantes
1906 5727 1939 5788 in
1961 5727 2064 5806 Hispa·

846 4787 937 4851 XLll.

520 4984 569 5048 Ao
589 4989 724 5044 31331313
748 4979 840 5042 11333.
865 4974 950 5038 Trid.
974 4980 1005 5037 et
1027 4975 1156 5055 1133333.
1181 4975 1261 5040 XlV.

560 5075 701 5154 31333311
723 5087 818 5149 cuper
841 5069 1058 5131 tristroctiooe
1083 5083 1264 5146 promoveo·

559 5172 672 5234 dotum
682 5166 724 5231 33
736 5162 1260 5243 archiepiscopotoslodiooosetc.

769 5331 857 5405 ΡΙυδ
879 5334 939 5400 ΡΡ.
963 5332 1009 5399 111.

639 5459 675 5530 ad
698 5465 871 5546 perpetuam
897 5461 940 5526 rei
962 5459 1140 5525 memoriam.

326 5647 394 5699 quae
414 5646 500 5703 reont-
558 5638 627 5716 fil.
656 5639 774 5714 Quanta
802 5655 874 5700 cura
903 5643 933 5699 et
964 5652 1024 5714 qua
1054 5633 1264 5699 sollicitudine

286 5699 430 5801 fflifflfraff
445 5710 500 5808 Βὶἷ
517 5751 591 5798 333
611 5748 734 5796 333333
755 5731 974 5795 Tridentinum
990 5729 1177 5805 Concilium,
1195 5735 1263 5791 tum

559 5947 588 6006 (1)
603 5945 666 5991 Vide
680 5947 762 5992 coust.
777 5942 856 5992 iotam
871 5942 982 5990 innotis
997 5943 1046 5990 vol.
1062 5946 1089 5998 1.,
1104 5953 1162 6001 pag.
1177 5945 1216 5998 31;
1230 5944 1258 5988 31
1272 5945 1333 5988 Bou.
1347 5943 1408 5988 xlv.
1425 5943 1506 5988 const.
1524 5943 1726 5988 3333333313.
