4722 6976
335 519 525 578 an.c.1e1s
579 519 639 583 aad
2136 511 2305 579 11111111

555 657 641 720 tione
662 655 764 733 dignis
786 655 818 719 in
843 656 1035 720 contrarium
1065 655 1248 718 facientibus
1269 653 1301 716 in
1355 653 1447 731 puisi,
1478 662 1585 733 atque,
1601 655 1637 716 ad
1669 653 1862 734 reparandae,
1893 661 1927 718 ut
1948 653 2105 732 apostolici

554 750 591 810 iis
612 756 744 824 tantum,
768 765 845 828 quae
867 751 1035 828 praesentis
1056 750 1171 826 gratiae
1192 765 1301 810 61611-
1356 763 1417 826 quo
1440 748 1602 824 lungimur
1623 750 1764 810 muneris
1779 746 1858 810 ratio
1872 749 2018 826 postulat,
2034 749 2103 810 uni-

553 843 631 904 tioni
652 843 816 904 obsistant:
839 843 951 921 quibus
964 842 1111 905 omnibus
1126 849 1156 904 et
1170 841 1301 918 singulis
1356 841 1481 902 versalis
1494 841 1644 904 Ecclesiae
1657 842 1762 902 ruinas
1774 841 2002 917 incumbentes,
2019 857 2105 902 men-

553 950 663 996 eorum
684 941 808 998 tenores
829 951 885 1014 pro
900 936 1051 1014 expressis
1066 935 1225 1010 habentes,
1242 933 1301 996 illis
1357 940 1473 995 temet
1494 950 1547 995 cor
1562 935 1776 997 convertimus
1798 935 1834 996 ad
1858 934 2007 1013 inclytam
2029 951 2104 1012 quo-

552 1027 624 1090 alias
648 1027 680 1089 in
702 1044 758 1090 suo
779 1029 890 1091 robore
912 1028 1134 1107 permansuris,
1157 1027 1212 1088 hac
1233 1026 1301 1088 vice
1355 1041 1416 1104 qne
1436 1025 1785 1088 Graeco-Melchitarum
1812 1026 1983 1102 nationem,
2013 1042 2105 1106 quam

553 1120 711 1182 dumtaxat
740 1119 886 1182 latissime
908 1127 940 1182 et
969 1119 1145 1198 plenissime
1173 1135 1206 1180 ac
1234 1134 1302 1196 spe·
1355 1125 1385 1178 et
1407 1119 1517 1180 merito
1537 1136 1594 1180 suo
1615 1133 1754 1180 amamus
1775 1125 1806 1180 et
1826 1120 2033 1182 vehementer
2053 1136 2104 1181 cu·

1080 531 1146 582 ltin·
1169 531 1260 582 honr.
1285 535 1326 584 bs
1347 535 1377 581 P·
1400 535 1429 582 E.
1453 535 1535 583 PARS
1556 533 1578 582 1.

552 1211 670 1273 cialiter
690 1218 721 1274 et
742 1227 885 1290 expresse
899 1213 1093 1288 derogamus,
1110 1211 1300 1288 caeterisque
1355 1210 1456 1286 pimus
1478 1212 1562 1272 onrni
1585 1211 1809 1273 discordiarum
1825 1211 1907 1273 malo
1924 1211 2053 1273 liberam
2067 1215 2102 1274 ad

511 1377 514 1382 ¹
552 1304 715 1366 contrariis
736 1305 992 1384 quibuscumque.

322 1461 339 1496 n
355 1399 458 1496 {aneso
478 1410 533 1457 noe·
590 1397 610 1471 ἓ
631 1398 661 1459 d.
685 1397 770 1459 Nulli
792 1413 867 1474 ergo
887 1396 1017 1463 omnino
1031 1396 1195 1459 hominum
1210 1396 1299 1457 liceat

341 1463 396 1498 Μ’
448 1487 464 1519 ’
552 1494 630 1553 hanc
651 1491 793 1570 paginam
815 1498 938 1553 nostrae
964 1491 1140 1564 creationis,
1163 1489 1299 1565 adsigna-

552 1583 656 1659 tionis,
683 1583 925 1657 constitutionis,
952 1582 1190 1659 aggregationis,
1213 1597 1299 1643 man-

551 1675 624 1753 dati,
640 1676 755 1738 decreti
777 1682 807 1738 et
823 1677 1030 1754 derogationis
1047 1675 1231 1751 intringere,
1248 1674 1298 1736 vel

551 1771 579 1830 ei
599 1787 676 1832 ausu
698 1770 862 1832 temerario
884 1769 1053 1845 contraire;
1069 1769 1094 1830 si
1109 1767 1178 1847 qnis
1193 1776 1299 1830 antem

551 1865 608 1924 hoc
621 1869 774 1926 attentare
786 1862 1037 1942 praesumpserit,
1050 1860 1297 1937 indignationem

550 1956 773 2033 omnipotentis
803 1956 868 2030 bct,
901 1971 933 2016 ac
964 1954 1123 2016 beatorum
1156 1955 1238 2016 Petri
1267 1963 1297 2016 et

550 2048 636 2110 Pauli
655 2048 875 2126 Apostolorum
897 2047 974 2122 eius,
996 2063 1029 2108 se
1050 2047 1173 2108 neverit
1194 2047 1298 2109 incur·

549 2156 669 2203 surum.

590 2235 699 2295 Datum
730 2233 844 2294 Romae
873 2234 953 2310 apud
986 2232 1016 2294 S.
1050 2231 1174 2294 Mariam
1205 2231 1297 2296 11111-

549 2341 616 2388 rem
643 2340 724 2386 anno
751 2325 972 2388 incarnationis
1000 2325 1171 2388 dominicae
1198 2324 1297 2386 mille-

548 2419 627 2478 simo
653 2417 914 2493 octingentesimo
941 2417 1159 2491 decimosexto,
1186 2417 1296 2495 quinto

548 2510 693 2572 kalendas
714 2511 804 2587 iunii,
821 2509 1016 2589 pontificatus
1031 2512 1129 2572 nostri
1143 2527 1193 2571 an.
1211 2526 1290 2592 xvn.

881 2891 959 2953 LlX.

549 3077 708 3141 Ecclesiae
731 3077 925 3141 Graecorum
949 3077 1177 3141 Melrbitoront
1203 3094 1294 3157 proe-

587 3173 656 3250 1111
678 3172 1197 3252 1111111111111111161111111111
1220 3173 1292 3234 iero

588 3263 680 3326 itlius
702 3265 849 3327 ecclesiae
871 3264 906 3325 in
927 3265 1056 3344 futuris
1071 3263 1292 3338 electionibus·

586 3357 694 3419 munit
716 3355 812 3418 illurn
832 3361 989 3433 potestate
1013 3357 1200 3435 procidendi
1225 3373 1292 3422 mo·

588 3449 752 3511 trimoniis
763 3449 901 3511 aniliter
910 3450 1100 3532 contructis
1110 3449 1290 3514 absolvendi

585 3543 690 3620 fideles
712 3561 731 3606 1
753 3543 897 3604 censuris
928 3542 1093 3614 irretitos,
1122 3551 1180 3606 etc.
1206 3544 1289 3608 Eum

585 3635 725 3698 instruit
737 3635 773 3696 dc
787 3635 876 3697 modo
890 3635 1022 3698 tenendo
1037 3637 1125 3698 circo
1135 3638 1288 3716 parochos

586 3729 731 3790 intrusos
748 3735 776 3790 ct
792 3733 995 3792 sacramenta
1007 3726 1046 3791 ab
1057 3727 1135 3806 ipsis
1151 3730 1289 3792 admini-

583 3827 703 3886 strata.

644 4005 760 4072 Dilecto
783 4005 846 4073 tilio
871 4004 984 4073 Basilis
1008 4005 1189 4092 llarectengi

603 4099 840 4184 llrehiepiscopo
868 4098 1091 4183 hieropolitano
1119 4102 1228 4181 electo,

794 4285 879 4353 etus
903 4286 961 4353 ΡΡ.
985 4285 1042 4354 llll.

758 4473 948 4541 Venerabilis
969 4473 1076 4552 irater,

575 4568 706 4635 salutern
729 4571 760 4634 et
782 4567 980 4650 apostoticam
1004 4567 1252 4635 benedictionem.

1354 1303 1517 1380 pristinam
1539 1304 1720 1366 charitatem
1741 1304 1854 1379 redire,
1877 1311 1908 1365 et
1930 1305 2030 1366 veteri
2048 1321 2103 1367 suo

1355 1396 1386 1456 in
1402 1395 1514 1458 Sedem
1531 1397 1734 1473 apostoticam
1750 1395 1899 1476 obsequio
1914 1403 1944 1458 et
1959 1397 2103 1460 obedien-

1356 1489 1394 1549 tia
1417 1505 1525 1550 rursus
1546 1491 1668 1552 llorere.

1393 1584 1463 1660 52.
1487 1582 1525 1644 Et
1555 1583 1700 1662 quoniam
1730 1584 1832 1645 omnis
1860 1582 2102 1662 perturbationis
2163 1597 2309 1664 sectaretur

1353 1677 1439 1751 origo
1459 1675 1558 1738 luerat
1573 1675 1648 1736 novi
1663 1677 1818 1738 antistitis
1833 1677 1955 1752 electio,
1970 1682 2003 1738 ut
2019 1683 2102 1737 tanta
2121 1647 2309 1755 {iflussffissgg

1352 1768 1426 1830 haec
1451 1769 1628 1830 certaminis
1650 1775 1681 1830 et
1702 1770 1933 1832 controversiae
1947 1785 2036 1830 cansa
2050 1784 2101 1845 pe·
2120 1755 2238 1858 ffifffflff?
2253 1764 2308 1860 2¹33

1353 1863 1436 1922 nitus
1453 1861 1625 1939 tolleretur,
1642 1862 1871 1925 venerabilibus
1885 1862 2031 1924 iratribus
2046 1877 2103 1923 no·
2120 1843 2239 1961 mittor
2267 1879 2307 1913 no-

1351 1957 1422 2016 stris
1452 1956 1481 2018 S.
1498 1955 1534 2017 li.
1554 1955 1588 2016 E.
1613 1954 1822 2018 cardinalibus
1845 1955 2101 2032 congregationis
2173 1927 2226 1962 θ’θ’

1352 2048 1389 2109 de
1411 2049 1605 2126 Propaganda
1627 2049 1701 2112 Fide
1716 2048 1944 2122 mandavimus,
1959 2055 2100 2127 utquam

1351 2140 1518 2218 diligenter
1545 2142 1583 2203 de
1612 2141 1662 2202 tali
1684 2141 1838 2203 electione
1859 2148 2097 2218 cognoscerent:

1352 2237 1473 2297 tandem
1489 2251 1523 2296 re
1539 2235 1603 2310 diu,
1618 2235 1726 2298 sedulo
1746 2241 1949 2313 accurateque
1966 2234 2100 2297 discussa

1349 2335 1380 2388 et
1401 2329 1585 2404 examinata,
1616 2328 1654 2390 de
1678 2344 1789 2391 cerum
1817 2329 1945 2390 consilio
1973 2334 2005 2389 et
2027 2343 2100 2389 con-

1349 2423 1432 2484 cordi
1453 2423 1605 2484 sententia
1627 2422 1759 2497 irritam,
1777 2422 1897 2484 nullam
1919 2430 2012 2500 atque
2034 2422 2098 2483 ina-

1349 2530 1422 2576 nem
1457 2515 1680 2578 declaravimus
1712 2515 1898 2576 electionem
1932 2516 2097 2576 sacerdotis

1350 2608 1504 2674 Michaelis
1530 2608 1672 2683 llazlum,
1699 2608 1814 2686 quippe
1835 2623 1913 2685 quae
1935 2607 2097 2670 insanabili

1350 2705 1425 2766 vitio
1449 2703 1586 2766 laborare
1608 2703 1671 2764 visa
1693 2708 1749 2777 est,
1766 2716 1897 2778 eamque
1911 2702 2095 2764 electionem

1349 2797 1521 2860 nullimode
1531 2796 1587 2873 ipsi
1603 2795 1701 2858 electe
1715 2795 1876 2872 suliragari
1888 2797 2094 2874 decrevimus,

1347 2899 1503 2968 tamquam
1522 2891 1548 2950 si
1571 2904 1734 2966 nunquam
1749 2889 1852 2953 habita
1870 2889 2009 2967 iactaque
2022 2889 2097 2953 inis-

1348 2992 1410 3062 set;
1427 2991 1458 3046 et
1471 2983 1639 3044 statuimus
1659 2983 1756 3060 ipsam
1775 2982 2033 3061 hierapolitanam
2048 2999 2094 3045 ec-

1346 3077 1472 3140 clesiam
1500 3075 1610 3138 eodem
1641 3076 1731 3138 nodo
1762 3077 1862 3140 adhuc
1891 3093 2010 3153 vacare,
2033 3095 2094 3156 quo

1347 3182 1421 3236 ante
1440 3174 1626 3236 electionem
1647 3178 1849 3235 memoratam
1871 3173 2006 3246 vacabat,
2024 3173 2094 3235 nul-

1347 3269 1476 3345 lumque
1497 3267 1545 3329 ius
1565 3273 1702 3344 partum,
1728 3265 1912 3344 nullamque
1933 3266 2095 3328 auctorita-

1347 3371 1409 3425 tem
1430 3363 1503 3423 inde
1524 3359 1561 3422 ab
1582 3360 1680 3422 electo
1701 3359 1755 3421 illo
1777 3359 1968 3438 acquisitam,
1985 3360 2095 3438 ipsius-

1346 3473 1406 3536 que
1436 3455 1580 3519 ecclcsiae
1610 3457 1667 3528 ita,
1700 3454 1747 3516 uti
1776 3453 1928 3528 diximus,
1958 3455 2093 3516 vacantis

1344 3549 1539 3611 collationem
1560 3548 1648 3610 nobis
1669 3553 1701 3608 et
1723 3546 1794 3608 hnic
1816 3546 2005 3624 apostoticae
2021 3545 2092 3608 Sedi

1344 3641 1584 3717 reservavimus,
1599 3648 1703 3718 atque,
1715 3645 1749 3701 ut
1763 3640 1895 3704 celerius
1910 3639 2092 3719 feliciusque

1345 3735 1372 3796 ei
1404 3735 1601 3797 consulamus
1628 3734 1785 3808 ecclesiae,
1813 3733 1852 3795 de
1873 3733 2012 3796 eiusdem
2038 3751 2092 3796 no-

1343 3835 1423 3890 strae
1446 3827 1702 3904 congregationis
1730 3827 1767 3889 de
1795 3827 1990 3904 Propaganda
2018 3827 2091 3890 Fide

1344 3920 1483 3995 consilio,
1507 3925 1537 3981 et
1561 3918 1740 3997 apostolicae
1769 3919 1928 3997 potestatis
1956 3917 2090 3997 plenitu-

1344 4014 1439 4088 dine„
1460 4023 1501 4088 te,
1535 4012 1645 4075 dilecte
1676 4013 1732 4087 lili,
1765 4019 1799 4074 ut
1820 4029 1836 4072 a
1857 4012 2001 4089 plurimis
2030 4015 2108 4076 iide-

1343 4106 1446 4182 dignis
1476 4107 1647 4184 accepimus
1677 4107 1978 4182 controversiarum,
2012 4124 2091 4185 quae

1342 4200 1434 4262 isthic
1463 4205 1587 4262 exortae
1614 4204 1704 4272 sunt,
1735 4199 1866 4261 minime
1893 4199 2088 4278 participem,

1344 4309 1467 4355 morum
1488 4293 1650 4366 suavitate,
1673 4291 1752 4369 pacis
1773 4307 1889 4367 amore,
1912 4292 2086 4370 prudentia,

1343 4388 1450 4465 reique
1480 4384 1663 4448 christianae
1695 4384 1761 4446 zelo
1795 4393 2016 4463 praestantem,
2052 4387 2088 4448 iis

1340 4487 1497 4558 praeterea
1519 4477 1689 4541 virtutibus
1709 4479 1895 4556 praeditum,
1912 4479 2022 4557 quibus
2038 4496 2090 4556 ge-

1341 4572 1453 4635 neralis
1484 4572 1572 4634 abbas
1603 4571 1827 4634 monachorum
1856 4571 1887 4634 S.
1912 4572 2014 4634 Basilii
2041 4573 2088 4635 in·

1340 4666 1438 4744 1111116
1459 4665 1707 4742 congregationis
1723 4665 1754 4728 S.
1772 4664 1916 4725 iohannis
1931 4664 1964 4725 in
1981 4665 2088 4728 Soairo

346 4763 426 4828 suum
451 4763 522 4812 noro·
581 4760 650 4833 51.
675 4759 732 4821 Ubi
757 4757 896 4836 primum
922 4757 1099 4820 audituma
1132 4758 1220 4820 nobis
1240 4766 1287 4820 est
1340 4766 1462 4836 praeter
1482 4765 1615 4820 caeteros
1635 4757 1836 4836 praefulsisti3
1857 4765 1897 4832 te,
1915 4757 2086 4835 inquimus,

310 4818 523 4934 iffipfflffiot
542 4854 579 4916 de
599 4852 757 4914 acerrimis
778 4851 907 4914 dissidiis
929 4851 1041 4914 isthinc
1062 4851 1189 4926 exortis,
1214 4867 1286 4913 cum
1340 4850 1611 4928 archiepiscopum
1629 4857 1659 4912 61
1675 4859 1829 4928 pastorem
1844 4849 2088 4927 hierapolitanae

309 4924 524 5024 ξὲξὶῢὶἑξῶξξὲξ,
541 4962 613 5008 ven.
636 4945 731 5007 iratre
750 4945 904 5008 Germano
925 4943 1021 5006 Adam
1043 4944 1285 5021 hierapolitanae
1337 4943 1481 5005 ecclesiae
1509 4944 1674 5022 praeficere
1706 4942 1958 5016 deliberavimus,
1990 4944 2086 5022 ipsius

310 5031 522 5131 {offigffilffiff
541 5039 693 5103 Ecclesiae
707 5038 940 5115 Archiepiscopo
961 5036 1023 5097 vita
1044 5036 1151 5099 iuncto
1173 5038 1210 5099 de
1231 5037 1285 5099 eti·
1338 5053 1456 5112 curam,
1486 5037 1626 5113 regimen
1655 5053 1689 5098 11
1709 5036 2010 5100 administrationem
2033 5038 2087 5100 tibi

310 5136 447 5193 pontonos.
541 5134 642 5210 gendo
672 5133 738 5194 eius
765 5145 941 5193 successore
970 5137 1074 5192 actum
1098 5138 1156 5205 est,
1185 5146 1284 5193 novus
1340 5129 1371 5191 in
1392 5129 1602 5207 spiritualibus
1629 5129 1869 5192 committentes.
1894 5130 2087 5194 111111111-

539 5225 664 5289 accessit
695 5224 781 5286 nobis
812 5223 898 5284 dolor
928 5238 1028 5302 eoque
1057 5223 1195 5285 acerbior
1222 5240 1284 5302 quo
1338 5223 1432 5298 gioris
1454 5222 1619 5285 vacationis
1641 5222 1844 5286 incommodis
1866 5229 1973 5287 eadem
1990 5225 2086 5287 eccle-

538 5320 636 5395 magis
658 5317 912 5395 impediebamur,
935 5315 1101 5394 quominus
1122 5316 1283 5378 sollicitam
1336 5316 1379 5378 sia
1400 5316 1439 5377 sit
1453 5316 1596 5392 obnoxia,
1612 5325 1704 5395 atque
1720 5324 1754 5378 ut
1771 5318 1826 5378 hae
1840 5325 1963 5378 nostrae
1978 5317 2085 5380 literae

538 5412 631 5473 tantis
646 5411 732 5472 malis
747 5409 891 5472 ecclesiae
900 5409 988 5470 istius
1001 5408 1185 5471 medicinam
1201 5409 1283 5472 adiri·
1336 5425 1428 5471 suum
1457 5410 1562 5470 statim
1596 5415 1824 5487 consequantur
1859 5409 2015 5485 ellectum,
2053 5419 2084 5473 te

537 5503 692 5565 beremus.
716 5501 824 5580 Neque
844 5502 929 5564 enirn
944 5501 1050 5578 ignota
1066 5501 1120 5563 tibi
1136 5518 1201 5564 esse
1216 5517 1283 5579 pos·
1336 5503 1475 5579 primurn
1506 5502 1694 5566 absolvimus
1723 5511 1755 5564 et
1779 5502 1944 5564 liberamus
1976 5505 2084 5582 quavis

535 5603 610 5658 sunt
632 5595 684 5656 illa
705 5601 853 5672 tempora,
876 5594 988 5674 quibus
1010 5595 1092 5658 Petri
1121 5595 1283 5671 navigium
1336 5595 1656 5658 excommunicatione
1671 5602 1701 5658 et
1715 5595 1917 5671 suspensione
1932 5596 2084 5674 111116111-

535 5688 721 5750 saevissimis
742 5688 885 5750 lluctibus
900 5688 1082 5765 iactabatur;
1105 5703 1222 5766 nosque
1237 5688 1281 5765 ip·
1336 5687 1476 5764 terdicto,
1509 5689 1640 5767 aliisque
1671 5688 1881 5752 ecclesiasticis
1909 5689 2082 5766 sententiis,

535 5798 584 5842 sos
598 5782 636 5844 ab
650 5782 716 5845 eius
731 5782 939 5858 gubernaculo
951 5783 996 5844 vis
1012 5783 1202 5860 tempestatis
1217 5783 1281 5844 abs·
1335 5783 1473 5845 censuris
1504 5791 1534 5847 et
1555 5784 1673 5861 poenis,
1695 5783 1721 5844 si
1742 5783 1854 5862 quibus
1876 5783 2010 5860 illigatus
2040 5793 2083 5845 te·

538 5883 687 5942 traxerat:
721 5876 756 5938 ad
785 5875 858 5938 litus
885 5875 1010 5939 tandem
1030 5891 1064 5938 ac
1084 5883 1210 5954 portum
1231 5891 1282 5956 ap
1335 5877 1445 5939 nearis.
1476 5877 1582 5957 Teque
1603 5877 1644 5939 ita
1666 5876 1842 5939 absolutum
1863 5884 1895 5938 et
1916 5876 2083 5940 liberatum
