4734 7004
1081 502 1144 547 iuti.
1170 501 1259 546 PONT.
1283 500 1324 544 nit
1346 501 1373 544 P·
1399 501 1427 546 F·
1453 502 1535 548 PARS
1557 503 1578 548 l.

876 621 987 686 xxxi.

559 809 767 887 Arnulpltocnr
784 809 882 871 Basso
900 810 1015 889 Gorapr.
1030 810 1220 874 Misaianuot
1238 809 1301 870 l’ic.

598 902 707 980 Apost.
732 904 885 966 instituit
907 905 942 964 in
958 904 1017 964 cin.
1037 901 1149 980 Alcppi
1168 917 1226 980 pro
1247 917 1302 978 pa·

600 995 838 1060 triancltatibnc
860 996 1057 1058 Antiocheno
1078 1000 1109 1057 ct
1125 993 1302 1071 1116161111-

598 1097 685 1161 tana,
714 1091 749 1151 io
770 1089 885 1167 quibas
915 1089 1166 1167 patriarchatus
1197 1089 1300 1152 Maro·

596 1186 745 1246 nitarunc
774 1189 804 1246 ct
836 1183 970 1247 Ciliciae
999 1179 1301 1262 cootprclteodcban·

598 1283 656 1342 tur
677 1275 732 1358 (1).

576 1463 692 1532 biieoto
714 1464 779 1531 lilio
802 1461 952 1547 lroulplro
978 1461 1077 1531 Booeu
1101 1462 1279 1548 presbytero

610 1558 763 1626 saeculari
786 1557 1039 1642 oonqroqationio
1062 1557 1246 1635 missionum,

748 1703 934 1773 etentes
956 1703 1015 1772 ΡΡ.
1038 1703 1105 1771 xiii.

830 1841 948 1910 liiloele
970 1841 1023 1920 liii,

587 1940 715 2008 ealulem
739 1945 770 2006 ot
791 1937 989 2023 apostolicam
1017 1933 1266 2002 benedietiooon.

486 2121 490 2127 ’
593 2132 651 2193 Pro
671 2130 834 2194 commissa
856 2129 946 2191 nobis
968 2127 1119 2189 divinitus
1142 2123 1300 2205 pastoralis

553 2224 644 2286 officii
665 2240 737 2286 cura
764 2221 975 2300 spiritualibus
998 2219 1140 2282 omnium
1168 2216 1298 2280 Cbristi·

553 2316 692 2380 bdelium
713 2315 936 2394 cuiuscumque
962 2313 1097 2376 nationis
1119 2313 1152 2374 in
1174 2310 1298 2388 longin-

552 2409 621 2488 quis
642 2409 736 2471 etiam
752 2407 1147 2485 regionibusvevistentium
1168 2405 1299 2467 necessi-

553 2503 677 2578 talibus,
693 2508 847 2580 quantum
863 2501 951 2562 nobis
965 2517 1003 2562 ev
1023 2499 1084 2561 alto
1106 2497 1297 2575 conceditur,

552 2594 716 2672 providere
736 2593 906 2672 cupientes,
928 2582 1020 2654 ac'de
1043 2589 1103 2652 tuis
1126 2589 1202 2665 fide,
1226 2607 1300 2670 pru-

552 2686 667 2763 dentia,
690 2687 814 2765 pietate,
837 2685 989 2759 doctrina,
1012 2684 1149 2757 caritate,
1173 2699 1298 2746 morum

552 2781 728 2855 honestate,
757 2777 918 2856 vigilantia
939 2788 970 2839 et
998 2777 1188 2840 Christianae
1216 2776 1298 2838 11611-

552 2874 652 2950 gionis
680 2872 908 2951 catholicaeque
930 2871 1001 2933 lidei
1029 2870 1095 2933 zelo
1123 2870 1297 2949 plurimum

552 2967 584 3028 in
605 2967 737 3028 Domino
765 2963 888 3040 confisi,
913 2971 1040 3042 tequea
1062 2962 1223 3042 quibusvis
1245 2979 1296 3024 ev·

552 3059 841 3122 communicationis
863 3065 894 3120 ot
916 3055 1084 3130 interdicti,
1099 3055 1228 3134 aliisque
1249 3072 1297 3118 ec-

551 3153 725 3216 clesiasticis
754 3150 929 3225 sententiis,
958 3150 1095 3213 censuris
1117 3165 1150 3210 ac
1177 3149 1295 3228 poenis,

550 3247 660 3324 quovis
683 3244 773 3306 modo
795 3245 845 3306 vel
867 3243 974 3322 quavis
995 3241 1033 3305 de
1054 3259 1142 3304 causa
1162 3241 1248 3317 datie,
1270 3243 1296 3303 si

550 3353 624 3415 quas
651 3336 730 3400 iorte
761 3337 950 3411 incurreris,
979 3336 1072 3398 buius
1100 3339 1223 3397 tantum
1250 3333 1295 3395 rei

551 3432 647 3509 gratia
670 3425 863 3493 absolventes
884 3436 916 3491 et
936 3430 1115 3491 absolutum
1137 3428 1203 3490 tore
1224 3443 1296 3489 oen·

549 3532 664 3600 sentes,
676 3526 713 3587 de
728 3522 954 3585 venerabilium
970 3521 1101 3584 iratrum
1114 3529 1295 3583 nostrorum

550 3614 580 3679 S.
594 3619 629 3679 11.
642 3618 676 3678 Ε.
701 3616 912 3680 cardinalium
934 3614 1066 3692 negotiis
1081 3615 1294 3692 Propagandae

550 3711 635 3774 Fidei
661 3709 905 3789 praepositorum
937 3707 1083 3782 oonsilio,
1109 3714 1138 3768 te
1160 3707 1191 3767 in
1219 3706 1295 3768 civi-

551 3809 611 3864 tate
642 3801 730 3880 Alepi
764 3809 908 3862 nostrum
937 3806 968 3860 et
989 3798 1076 3862 Sedis
1104 3799 1296 3877 Apostolicae

549 3894 721 3969 licerium,
740 3895 777 3956 ad
798 3901 941 3955 nostrum
964 3899 995 3954 et
1017 3892 1115 3955 dictae
1137 3891 1222 3956 Sedis
1244 3892 1296 3955 be·

549 3987 755 4067 neplacitum,
779 3987 961 4049 auctoritate
983 3986 1157 4064 apostolica,
1187 3992 1296 4048 tenore

549 4083 771 4161 praesentium,
794 4080 934 4155 lacimuS,
956 4079 1175 4142 constituimus
1196 4097 1230 4141 ac
1245 4081 1296 4142 de-

549 4165 705 4258 putamus,
727 4175 847 4253 tibique
867 4181 988 4252 praeter
1010 4179 1041 4234 et
1064 4173 1145 4236 ultra
1165 4173 1238 4234 alias
1253 4173 1295 4234 ia-

548 4269 678 4333 cultates
706 4269 763 4330 tibi
783 4268 821 4330 ab
843 4268 951 4330 eadem
978 4265 1190 4329 cardinalium
1216 4267 1294 4330 Gan·

451 4407 453 4414 .
549 4363 728 4441 gregatione
753 4361 1003 4440 praescribendae
1028 4367 1060 4421 et
1087 4359 1293 4438 assignandas,

549 4456 741 4536 spiritualem
767 4454 1013 4518 iurisdictionem
1040 4462 1104 4517 tum
1135 4455 1219 4516 inter
1239 4455 1295 4518 Ca-

551 4550 678 4612 tholicos
700 4549 869 4628 Europaeo,
886 4557 954 4611 tum
976 4549 1057 4610 inter
1071 4549 1237 4612 orientales
1253 4548 1295 4611 la-

550 4644 607 4706 tini
630 4643 721 4717 ritus,
736 4649 829 4721 atque
844 4641 971 4720 insuper
992 4641 1210 4718 blissiouarios,
1228 4642 1294 4704 sive

548 4734 718 4798 saeculares
738 4735 804 4795 sive
826 4735 984 4810 regulares
996 4734 1219 4814 cuiuscumque
1240 4735 1294 4799 Or·

549 4831 629 4894 dinis
650 4839 743 4908 atque
764 4829 910 4904 instituti,
923 4829 1016 4891 etiam
1038 4828 1198 4892 Societatis
1212 4831 1292 4906 lesu,

549 4925 582 4987 in
604 4922 749 4986 omnibus
764 4923 801 4984 iis
816 4923 996 5000 regionibus
1017 4932 1048 4984 et
1071 4922 1143 4985 locis
1158 4925 1295 4986 existen-

549 5026 605 5093 tes,
617 5033 695 5096 quae
717 5015 888 5095 antiquitus
909 5016 1163 5093 patriam-natibus
1185 5018 1292 5079 Antio-

548 5113 647 5172 cbeno
668 5120 761 5188 atque
782 5109 1060 5187 Hierosolymitano
1084 5125 1118 5172 ao
1141 5109 1292 5190 11111116-

550 5219 612 5280 gno
628 5202 880 5278 continebantur,
897 5203 929 5264 in
946 5203 1056 5280 quibas
1071 5203 1293 5282 patriarchatus

549 5297 772 5359 Maronitarum
787 5301 817 5356 et
832 5294 954 5358 Ciliciae
969 5296 1291 5375 comprehenduntur,

549 5407 619 5454 cum
641 5391 822 5453 auctoritate
846 5389 1034 5468 approbandi
1055 5390 1105 5452 vel
1130 5389 1293 5454 moderan-

548 5485 578 5547 di
600 5484 759 5548 facultates
790 5481 1053 5545 Missionariorum
1084 5482 1292 5562 praelatorum

548 5579 683 5656 (praeter
704 5593 764 5652 eas,
781 5591 860 5654 quae
875 5575 1057 5638 tribuuntur
1078 5575 1224 5639 iratribus
1239 5577 1294 5639 Or-

548 5671 628 5734 dinis
650 5671 806 5732 lllinorum
832 5668 864 5732 S.
887 5669 1039 5732 Francisci
1061 5671 1099 5734 de
1120 5670 1291 5733 Observan-

589 5885 618 5944 (1)
635 5887 671 5930 lix
686 5883 826 5932 ‘tabulario
841 5887 865 5930 S.
882 5887 974 5942 cottgr.
990 5885 1021 5930 de
1037 5889 1110 5943 Prop.
1127 5887 1195 5932 bide.

1361 621 1400 682 tia
1423 620 1607 700 nuncupatis
1627 623 1741 688 'terrae
1762 620 1901 702 Sanctae,
1924 625 1977 705 qui
1999 634 2102 690 tamen

1359 713 1481 778 easdem
1510 722 1674 780 teneantur
1706 720 1868 782 ostendere
1896 721 2102 796 1116661111-

1360 810 1455 889 bere),
1484 813 1594 876 adeout
1623 812 1735 890 absque
1760 819 1810 875 tua
1833 813 2051 893 approbatione
2071 821 2102 875 et

1358 907 1561 984 dependentia
1588 907 1643 987 ipsi
1669 923 1718 968 eas
1746 906 1928 970 nullatenus
1957 923 2102 970 exercere

1358 998 1495 1074 valeant,
1523 1016 1587 1062 non
1615 1000 1807 1062 obstantibus
1833 999 1964 1062 decretis
1985 1018 2001 1061 a
2022 1001 2099 1062 dicta

1357 1093 2101 1174 tuncexistentiumdandinaitumitongregatio

1358 1204 1398 1251 ne
1409 1188 1457 1250 alie
1471 1204 1585 1249 xxvru.
1609 1187 1688 1250 iunii
1704 1204 1875 1264 1166111111,
1890 1207 1924 1252 ae
1943 1190 1993 1252 die
2007 1207 2099 1252 11111.

1358 1281 1460 1343 martii
1483 1297 1591 1343 116611.
1609 1289 1743 1345 61111111.
1759 1284 1890 1346 ianuarii
1907 1299 2101 1360 1166111111,

1357 1373 1485 1454 aliisque
1499 1375 1747 1454 quibuscumque
1768 1376 1975 1455 praelatorum
1987 1376 2102 1438 Missio·

1357 1469 1517 1530 uariorum
1538 1467 1644 1530 lavore
1665 1469 1836 1547 publicatis,
1865 1471 2047 1532 auctoritate
2068 1477 2099 1531 et

1357 1569 1465 1625 tenore
1480 1563 1690 1641 praesentium
1707 1565 1915 1638 concedimus,
1935 1563 2102 1628 tribuimus

1357 1663 1386 1717 et
1408 1656 1618 1734 impertimur.
1647 1656 1690 1718 td
1714 1657 1770 1720 boo
1788 1656 1993 1720 Missionnrias
2015 1675 2099 1738 prae-

1357 1749 1452 1810 dictos
1478 1749 1512 1810 ad
1535 1750 1658 1811 vineam
1685 1751 1809 1812 Domini
1837 1751 2029 1812 unanimiter
2049 1768 2101 1812 611-

1356 1841 1514 1904 colendam
1529 1860 1562 1906 ae
1577 1842 1753 1919 regularem
1769 1843 1962 1923 disciplinam
1976 1861 2102 1906 servan·

1356 1935 1425 1996 dam
1448 1936 1577 1998 omnino
1606 1937 1745 2015 impellas
1767 1945 1797 1999 et
1821 1953 1927 2013 cogas,
1958 1953 2015 2000 uec
2036 1954 2099 2000 non

1356 2027 1522 2104 diiigenter
1543 2045 1631 2091 cures
1652 2036 1686 2091 ut
1709 2031 1791 2093 inter
1811 2029 1976 2093 eatbalicos
1997 2031 2099 2093 orien-

1357 2120 1430 2182 tales
1451 2121 1518 2182 sive
1539 2121 1833 2184 ecclesiasticossive
1854 2123 1946 2186 laicos
1968 2123 2100 2187 diversa-

1356 2229 1427 2276 rum
1449 2215 1613 2277 nationum
1634 2233 1667 2277 ac
1688 2215 1809 2280 rituum
1831 2218 1902 2280 fidei
1924 2218 2100 2296 pertineat

1355 2323 1514 2369 sacrorum
1536 2308 1698 2370 canonum
1715 2326 1747 2371 ac
1762 2309 2007 2388 apostolicarum
2028 2327 2099 2372 con-

1354 2400 1556 2462 stitutionum
1578 2401 1771 2464 observantia
1793 2409 1872 2464 sarta
1896 2410 1976 2466 tecta
1991 2403 2099 2465 habea-

1355 2501 1416 2555 tur.
1440 2493 1618 2556 blandantes
1645 2503 1806 2574 propterea
1828 2495 1860 2556 in
1883 2496 2000 2558 virtute
2023 2496 2097 2560 San-

1354 2595 1421 2649 ctae
1448 2587 1641 2650 obedientiae
1668 2588 1815 2651 omnibus
1836 2597 1867 2650 et
1896 2587 2097 2665 singulisne}

1355 2695 1431 2759 quos
1451 2689 1566 2760 spectat
1595 2698 1629 2743 ao
1649 2681 1797 2760 spectabit
1825 2681 1934 2760 quovis
1957 2682 2046 2744 modo
2066 2681 2098 2743 in

1354 2773 1515 2850 tutorum,
1542 2783 1576 2837 ut
1605 2775 1660 2838 tibi
1690 2775 1722 2838 iu
1751 2775 1925 2854 praemissis
1956 2781 2097 2852 prompte

1353 2877 1480 2945 pareant
1500 2876 1532 2930 et
1560 2868 1704 2930 obediant
1734 2876 1848 2948 tuaque
1872 2867 2004 2930 salubria
2034 2883 2097 2928 mo·

1353 2963 1417 3024 uita
1433 2979 1466 3024 ac
1480 2963 1622 3024 mandata
1637 2961 1800 3024 humiliter
1814 2960 1993 3040 suscipiant,
2006 2969 2098 3040 atque

1353 3055 1515 3118 efficaciter
1545 3055 1714 3134 adimplere
1742 3065 1931 3136 procurent,
1960 3056 2096 3134 alioquin

1352 3149 1538 3210 sententiam
1560 3148 1627 3210 sive
1648 3164 1796 3226 poenam,
1820 3165 1913 3228 quam
1937 3149 1996 3210 rite
2018 3149 2096 3210 tule-

1352 3243 1394 3303 ris
1414 3259 1470 3304 seu
1490 3243 1636 3305 statueris
1659 3243 1689 3305 in
1713 3242 1863 3319 rebelles,
1888 3249 1984 3304 ratam
2006 3242 2098 3304 habe·

1353 3336 1466 3411 bimus,
1483 3346 1513 3398 et
1534 3335 1680 3399 iaciemus
1701 3338 1832 3400 authore
1853 3337 1984 3398 Domino
2000 3351 2097 3415 usque

1352 3430 1388 3492 ad
1408 3429 1646 3494 satisfactionem
1669 3431 1855 3508 condignam
1877 3429 2098 3492 inviolabiliter

1352 3522 1518 3584 observari.
1532 3521 1601 3584 Non
1617 3523 1811 3586 obstantibus
1821 3525 2096 3587 constitutionibus

1351 3623 1383 3677 et
1406 3615 1654 3678 ordinationibus
1675 3616 1860 3695 apostolicis,
1883 3633 1916 3679 ac
1937 3617 2097 3696 quibusvis

1352 3708 1444 3770 etiam
1467 3708 1653 3783 iuramento,
1674 3709 1913 3772 confirmatione
1935 3709 2096 3787 apostolica

1352 3799 1402 3860 vel
1423 3800 1530 3879 quavis
1553 3801 1700 3863 firmitate
1720 3801 1778 3863 aliu
1801 3802 1949 3864 roboratis
1975 3803 2097 3864 statutis

1352 3899 1382 3954 et
1403 3893 1692 3970 consuetudinibus,
1710 3893 1880 3974 privilegiis
1902 3911 2038 3976 quoque,
2051 3896 2098 3958 in-

1351 3985 1445 4048 dultis
1465 3994 1496 4047 et
1519 3985 1630 4049 litteris
1651 3987 1822 4066 apostolicis
1845 3990 1875 4050 in
1906 3990 2096 4051 contrarium

1352 4079 1592 4156 praemissorum
1602 4080 1835 4158 quomodolibet
1846 4083 2007 4158 concessis,
2023 4099 2095 4144 con-

1352 4172 1480 4234 firmatis
1501 4181 1532 4234 et
1562 4173 1727 4236 innovatis.
1761 4173 1877 4250 Quibus
1898 4175 2042 4237 omnibus
2063 4183 2095 4237 et

1350 4264 1493 4342 siugulis,
1516 4265 1644 4328 illorum
1668 4277 1791 4329 tenores
1814 4266 2025 4346 praesentibus
2040 4286 2095 4348 pro

2136 493 2236 544 11110.
2260 495 2325 546 tion

1350 4358 1442 4437 plene
1461 4367 1493 4420 et
1514 4359 1704 4422 sufficienter
1717 4361 1881 4439 expressis,
1897 4377 1931 4423 ac
1945 4363 1982 4424 de
1999 4363 2094 4426 verbo
2126 4351 2130 4360 ’

1350 4451 1544 4513 adverbum
1573 4452 1698 4515 insertis
1727 4453 1894 4529 habentes,
1928 4454 1990 4516 illis
2023 4455 2095 4516 alias

1350 4541 1383 4604 in
1405 4559 1461 4604 sno
1483 4544 1593 4606 robore
1614 4547 1835 4624 permansuris,
1859 4547 1894 4608 ad
1915 4549 2095 4626 praemisso-

1350 4651 1421 4698 rum
1440 4637 1598 4713 ellectum,
1614 4638 1671 4700 bac
1684 4639 1751 4701 vice
1772 4638 1942 4717 dumtaxat,
1958 4642 2095 4722 speciali·

1350 4735 1399 4792 ter
1413 4739 1444 4792 et
1459 4746 1603 4808 expresse
1617 4730 1814 4811 derogamus,
1830 4734 2003 4814 ceterisque
2023 4752 2094 4797 oon·

1351 4825 1453 4886 trariis
1475 4825 1732 4905 quibuscumque.

1389 4920 1502 4980 Datum
1523 4917 1647 4996 Romae,
1681 4922 1760 4998 apud
1789 4919 1820 4984 S.
1847 4921 1974 4982 Mariam
2003 4924 2093 4986 blain-

1348 5027 1415 5074 rem
1437 5012 1493 5074 sub
1508 5012 1625 5074 annulo
1647 5012 1806 5076 Piscatoris
1820 5015 1867 5076 die
1890 5031 1990 5078 111111.
2015 5017 2093 5079 iunii

1350 5119 1514 5169 uooonxu.
1538 5104 1732 5185 pontificatus
1754 5108 1852 5169 nostri
1873 5124 1955 5170 anno
1976 5127 2018 5171 11.

1660 5393 1783 5458 XXXll.

1350 5575 1589 5656 lntlulpcntiant
1599 5577 1781 5654 plenariam
1794 5581 1933 5643 concedit
1947 5579 2093 5643 omatibus
2110 5623 2112 5626 -

1389 5675 1418 5730 ct
1440 5667 1580 5748 sicopolis
1601 5670 2032 5750 161191611136611161111116
2052 5675 2093 5736 acl

1406 5809 1585 5818 ..aq—..a--u-
