4740 6962
348 563 645 631 nummum

354 2019 553 2080 berogatioeon-

340 2076 485 2120 ‘tractorum

567 705 714 779 sullultis,
732 723 789 768 nec
808 723 871 769 non
893 706 1168 769 communitatibus
1189 721 1222 767 ac
1245 704 1314 767 uni·

568 798 766 860 versitatibus
777 801 959 862 carumdem
974 801 1147 874 civitatum,
1161 804 1314 861 terrarum

568 898 599 954 et
621 891 770 967 locorum,
800 893 904 955 omnia
932 899 962 956 et
987 909 1203 971 quaecumque
1232 909 1314 954 occa·

568 986 654 1047 sione
676 987 930 1062 praemissorum,
963 1003 1041 1065 quae
1065 987 1118 1048 tibi
1146 985 1315 1048 necessaria

569 1087 599 1140 et
621 1085 792 1156 opportuna
822 1079 886 1140 uisa
912 1078 1042 1156 luerint,
1066 1087 1097 1141 et
1120 1080 1240 1156 quoties
1263 1095 1315 1139 vu·

569 1172 674 1248 lucris,
697 1173 896 1249 iniungendi,
925 1172 1104 1247 mandandi,
1128 1169 1255 1233 iubendi
1283 1180 1315 1234 et

568 1265 761 1344 imperandi3
784 1283 817 1327 ac
839 1266 989 1328 mandatis
1012 1266 1074 1328 tuis
1100 1265 1314 1343 obtemperare

569 1366 746 1421 recusantes
767 1375 822 1437 per
836 1374 982 1420 censuras
997 1366 1028 1420 et
1042 1374 1155 1437 poenas
1176 1357 1316 1421 ecclesia·

568 1449 668 1524 sticas,
691 1450 810 1528 aliaque
831 1457 1003 1530 opportuna
1025 1450 1101 1512 iuris
1124 1459 1154 1512 et
1175 1449 1247 1512 lacti
1268 1465 1316 1512 re·

571 1542 670 1605 media
690 1543 820 1619 cogendi
847 1550 877 1605 et
899 1543 1107 1623 compellendi
1128 1543 1263 1623 plenam,
1280 1543 1317 1604 li-

571 1635 687 1709 beram,
710 1635 880 1698 absolutam
901 1644 932 1698 et
957 1637 1169 1699 omnimodam
1192 1636 1315 1698 laculta-

571 1735 652 1803 tem,
686 1734 869 1806 potestatem
897 1737 928 1791 et
958 1729 1175 1791 auctoritatem
1206 1737 1315 1790 tenure

571 1821 781 1898 praesentium
812 1822 865 1884 tibi
896 1821 1105 1897 concedimus,
1138 1829 1169 1884 et
1200 1822 1317 1901 imper·

571 1915 678 1976 timur.

611 2010 629 2082 ἓ
651 2007 679 2070 3.
704 2008 773 2072 Non
789 2010 979 2074 obstantibus
995 2009 1270 2074 constitutionibus
1285 2017 1316 2071 et

572 2101 818 2166 ordinationibus
838 2103 1010 2182 apostolicis
1025 2123 1059 2167 ac
1080 2103 1248 2183 praedictae
1270 2117 1317 2163 so-

572 2194 690 2257 rietatis
707 2205 739 2257 et
752 2196 952 2274 collegiorum
970 2197 1146 2260 huiusmodi
1162 2197 1255 2258 etiam
1271 2196 1318 2257 lu·

572 2295 724 2362 ramento,
737 2290 974 2352 confirmatione
988 2291 1163 2369 apostolica,
1179 2289 1228 2351 vel
1243 2305 1316 2368 qua·

572 2380 619 2441 uis
634 2381 780 2444 firmitate
798 2381 855 2443 alia
878 2383 1027 2445 roboratis
1047 2383 1171 2445 statutis
1192 2389 1223 2444 61
1244 2398 1316 2444 con·

571 2475 800 2550 suetudinibus,
813 2475 984 2553 privilegiis
995 2491 1131 2555 quoque,
1143 2474 1271 2539 indultis
1285 2482 1317 2538 et

572 2565 668 2627 literis
697 2567 869 2644 {apostolicis
896 2567 1105 2646 superioribus
1127 2575 1157 2630 et
1179 2568 1317 2645 personis

570 2656 628 2719 sub
649 2659 896 2737 quibuscumque
916 2661 1076 2723 tenoribus
1097 2669 1127 2722 et
1148 2659 1267 2736 turmis,
1284 2677 1317 2722 ac

571 2767 641 2813 cum
664 2752 825 2830 quibusvis
839 2754 933 2815 etiam
949 2753 1214 2829 derogatoriarum
1229 2755 1316 2816 dero-

571 2845 708 2920 gatoriis,
724 2845 851 2924 aliisque
866 2845 1086 2908 efficacioribus
1101 2845 1317 2908 efficacissimis

571 2953 604 2999 ac
619 2937 751 2998 insolitis
766 2937 922 3014 clausulis,
936 2938 1191 3018 irritantibusque
1206 2947 1237 3000 et
1251 2939 1317 3002 aliis

570 3030 702 3093 decretis
721 3031 753 3092 in
769 3045 883 3107 genere
897 3031 948 3094 uel
970 3033 1002 3093 in
1022 3033 1134 3111 specie,
1147 3049 1180 3094 ac
1196 3031 1263 3094 aliis
1284 3033 1316 3095 in

571 3123 763 3186 contrarium
778 3125 1008 3202 quomodolibet
1030 3126 1192 3202 concessis,
1209 3113 1317 3205 app'ru·

570 3217 647 3277 batis
660 3227 691 3279 ct
701 3217 867 3279 innovatis.
885 3219 1001 3292 Quibus
1012 3219 1157 3282 omnibus
1169 3227 1200 3281 et
1210 3222 1318 3296 singu·

572 3310 746 3373 lisillorum
758 3318 881 3374 tenores
892 3313 1108 3391 praesentibus
1119 3331 1174 3393 pro
1185 3313 1317 3394 pleneet

570 3403 762 3467 sufficienter
773 3407 935 3484 expressis,
945 3423 978 3469 ac
987 3407 1025 3468 de
1038 3407 1175 3470 verboad
1186 3407 1317 3471 uerbum

571 3497 695 3559 insertis
716 3499 879 3574 babentes,
901 3499 963 3561 illis
983 3501 1057 3562 alias
1078 3501 1110 3563 in
1131 3517 1187 3563 suo
1209 3501 1318 3563 robure

570 3591 796 3669 permansuris,
829 3591 864 3652 ad
887 3593 1128 3672 praemissorum
1155 3594 1317 3668 ellectum,

571 3684 627 3747 bac
648 3686 716 3748 rice
736 3687 896 3749 dumtaxat
923 3687 1098 3765 specialiter
1120 3697 1150 3750 et
1176 3704 1319 3767 expresse

571 3780 769 3854 derogamus,
795 3779 986 3858 caeterisque
1009 3781 1173 3843 contrariis
1194 3783 1319 3862 quibus·

571 3886 716 3948 cumque.

613 3966 723 4028 batum
755 3967 881 4043 Romae,
909 3970 989 4048 apud
1016 3970 1046 4033 S.
1071 3969 1197 4032 Mariam
1227 3971 1318 4033 11616-

571 4075 651 4135 rem,
673 4060 732 4122 sub
752 4061 869 4123 annulo
890 4061 1061 4138 PiscatoriS,
1075 4064 1124 4126 die
1145 4079 1220 4125 xxv.
1239 4064 1317 4126 iunii

573 4169 788 4228 nocuerant,
805 4153 913 4234 pontii.
937 4156 1035 4217 nostri
1062 4173 1144 4218 auno
1168 4173 1196 4216 r.

828 4356 1067 4366 ————--..

876 4532 1014 4596 xxttttt.

574 4719 786 4800 Episcopatus
800 4723 1005 4788 siruticusarn
1020 4729 1051 4786 ct
1067 4723 1255 4784 Bosnensem
1270 4739 1320 4786 ue·

613 4833 670 4894 pue
702 4816 932 4894 principaliter
959 4819 995 4878 iu
1025 4821 1214 4894 perpetuum
1244 4818 1318 4878 uuit

592 4927 668 4988 per
697 4925 800 4971 uuum
833 4908 1024 4989 Episcopum
1052 4911 1240 4990 rependunt,
1265 4911 1319 4988 qui

513 5001 514 5004 ’
614 5003 857 5081 Arclciepiscopo
891 5003 1072 5068 Coloczcusi
1093 5003 1319 5085 suffraganeus

614 5099 672 5171 sit;
686 5095 772 5160 iubet
785 5103 822 5160 ut
841 5095 987 5160 redditus
1002 5097 1150 5161 ecclcsiae
1166 5098 1321 5162 sirmien-

613 5192 658 5254 sis
680 5192 886 5270 applicentur
906 5191 1005 5252 etium
1027 5191 1193 5254 Bosucusi.

765 5363 1034 5432 cremenses.
1059 5357 1130 5430 xrr.
1169 5334 1172 5343 '

694 5488 1198 5573 mmmmnmnmmm.

371 5673 541 5720 Prooemium·
616 5671 635 5746 ἓ
658 5672 685 5731 1.
709 5671 853 5734 Universi
882 5674 966 5736 orbis
994 5673 1141 5749 ecclesiis,
1164 5690 1201 5734 6ο
1223 5675 1323 5752 dispo-

578 5774 685 5841 nente,
707 5768 761 5846 qui
783 5769 901 5829 cunctis
923 5768 1067 5846 imperat,
1091 5775 1122 5829 et
1145 5769 1195 5829 cui
1217 5767 1320 5830 omnia

577 5859 737 5932 obediunt,
768 5862 887 5924 meritis
915 5861 986 5922 licet
1016 5860 1183 5937 imparibus
1211 5861 1322 5938 praesi-

577 5950 696 6029 dentes,
719 5953 752 6014 in
773 5969 882 6015 omnes
904 5954 968 6030 agri
992 5953 1143 6015 [lominici
1167 5961 1269 6031 partes
1291 5969 1321 6013 o-

1091 587 1156 632 ltttt.
1182 586 1271 630 PONT·
1295 584 1336 629 DE
1358 585 1386 629 P.
1409 585 1438 630 F.
1464 587 1546 632 PARS
1568 585 1589 628 l.

1370 703 1455 767 culos
1477 714 1601 768 nostrae
1623 706 1737 768 trientis
1752 705 1856 782 vigilis
1879 721 1965 766 more
1985 703 2116 782 pastoris

1372 797 1576 873 intendimus,
1601 799 1798 878 inspicientes
1820 798 1892 876 quid
1915 796 2115 859 ecclesiarum

1372 890 1505 967 ipsarum
1530 893 1711 970 praesertim
1733 889 1955 954 cathedralium
1977 889 2070 952 statui
2086 896 2116 950 et

1371 985 1474 1046 decori
1497 984 1632 1047 maxime
1653 985 1830 1059 conveniat,
1852 992 1945 1062 atque
1968 983 2028 1048 boc
2048 983 2117 1060 qui·

1371 1076 1440 1138 dem
1464 1081 1550 1138 tauto
1573 1076 1729 1139 liberalius
1754 1077 1992 1156 promptiusque
2006 1092 2116 1138 curan·

1372 1169 1447 1230 dum
1469 1185 1644 1247 censemus,
1671 1179 1787 1250 quanto
1813 1171 1911 1248 magis
1932 1169 2115 1233 sublimium

1372 1277 1576 1338 personarum
1599 1274 1667 1328 vota
1690 1267 1718 1328 id
1740 1272 1929 1346 exposcunt,
1952 1272 1983 1326 et
2004 1280 2062 1326 nos
2083 1265 2115 1326 in

1373 1355 1502 1418 Domino
1523 1357 1689 1421 salubriter
1701 1358 1855 1438 expedire
1882 1359 2106 1436 cognoscimus.

1412 1451 1431 1526 ἓ
1451 1451 1480 1512 2·
1506 1451 1585 1515 Sane
1607 1468 1662 1529 pro
1679 1459 1766 1530 parte
1787 1451 1958 1514 carissimae
1978 1453 2114 1516 111111111-
2153 1457 2289 1513 arpostuo
2306 1468 2361 1512 pre

1372 1551 1419 1604 sto
1441 1543 1522 1606 filiae
1543 1553 1667 1607 nostrae
1687 1546 1797 1608 llariae
1812 1545 1977 1608 Tberesiae
1992 1547 2116 1621 Hunga-
2135 1521 2203 1612 Ἥ,
2219 1515 2360 1566 'mmm‘

1373 1636 1435 1697 riae
1456 1637 1637 1716 apostolicae
1662 1646 1694 1701 et
1714 1639 1878 1702 Bobemiae
1900 1639 2025 1718 reginae
2047 1639 2116 1701 illu·

1372 1729 1443 1792 stris
1465 1731 1639 1807 expositum
1669 1733 1756 1794 nobis
1781 1732 1854 1809 luit,
1884 1735 1966 1812 quod
1993 1741 2117 1811 propter

1375 1823 1560 1886 tenuitatem
1581 1825 1761 1888 reddituum
1777 1826 1958 1889 cathedralis
1973 1827 2118 1889 ecclesiae

1374 1915 1573 1995 syrmiensis,
1596 1919 1763 1999 adquam,
1786 1920 1862 1985 dum
1886 1920 1936 1982 illa
1961 1936 2017 1999 pro
2040 1926 2117 1982 tem-

1373 2027 1447 2089 pore
1467 2018 1570 2087 vacat,
1602 2013 1775 2076 nominatio
1811 2030 1962 2092 personae
1989 2013 2117 2076 idoneae

1373 2104 1509 2166 Romano
1532 2105 1672 2168 Pontifici
1689 2122 1744 2184 pro
1761 2115 1899 2186 tempure
1915 2109 2060 2170 existenti
2076 2108 2119 2168 la-

1373 2198 1479 2260 cienda
1502 2200 1536 2261 ad
1560 2199 1700 2262 eamdem
1721 2201 1846 2264 Mariam
1870 2202 2049 2264 Tberesiam
2071 2218 2118 2264 re-

1373 2293 1481 2370 ginam
1502 2295 1621 2357 ratione
1642 2295 1732 2372 regni
1754 2295 1930 2372 Hungariae
1949 2311 1988 2356 ex
2009 2294 2119 2358 lunda·

1376 2387 1459 2450 tione
1487 2387 1537 2448 vel
1567 2386 1724 2451 dotatione
1753 2396 1870 2466 spectat
1902 2397 1933 2451 et
1961 2389 2116 2466 pertinet,

1374 2497 1513 2560 quaeque
1536 2497 1590 2560 per
1613 2481 1846 2543 translationem
1868 2483 2049 2544 bonmem.
2073 2483 2118 2544 lo·

1373 2574 1463 2636 annis
1484 2573 1636 2651 Baptistae
1657 2573 1751 2652 Paxy,
1768 2574 1843 2637 olim
1866 2575 1949 2637 illius
1963 2575 2116 2654 Episcopi,

1373 2666 1408 2728 ad
1431 2665 1589 2729 ecclesiam
1622 2667 1876 2744 zagabriensem,
1899 2669 1937 2730 de
1965 2669 2118 2748 praesenti

1374 2777 1486 2824 vacans
1507 2761 1624 2836 existit,
1650 2777 1713 2823 non
1734 2761 1835 2824 solum
1857 2761 2013 2824 canonicis
2028 2769 2059 2824 et
2073 2779 2119 2824 ca·

1374 2853 1473 2933 pitulo
1494 2861 1588 2929 caret,
1612 2869 1722 2916 uerum
1745 2855 1837 2918 etiam
1858 2855 2039 2931 seminario,
2055 2856 2118 2934 epi-

1373 2947 1486 3027 scopali
1508 2947 1685 3022 residentia,
1702 2954 1733 3009 et
1748 2947 1914 3010 cathedrali
1935 2965 2059 3027 quoque
2071 2965 2117 3012 ec·

1374 3040 1465 3102 616616
1477 3040 1602 3119 penitus
1617 3041 1763 3104 destituta
1778 3041 1944 3120 reperitur.
1960 3041 2000 3105 Ut
2014 3050 2116 3105 autem

1376 3142 1420 3197 tot
1436 3135 1588 3214 tantisque
1603 3134 1780 3198 huiusmodi
1801 3137 2033 3199 necessitatibus
2048 3154 2119 3199 con-

1374 3227 1494 3290 sultum
1514 3229 1566 3306 sit,
1590 3231 1698 3292 eadem
1724 3230 1817 3294 illaria
1839 3230 1985 3293 Tberesia
2013 3231 2119 3306 regina

1376 3341 1430 3403 pro
1451 3340 1505 3386 sua
1528 3325 1652 3400 eximia,
1676 3340 1734 3403 qua
1756 3323 1862 3404 pollet,
1886 3325 2000 3403 pietate
2011 3330 2041 3385 61
2055 3323 2119 3386 sin·

1375 3417 1492 3494 gularis
1514 3418 1674 3495 religionis
1689 3416 1755 3480 zelo
1770 3415 1936 3496 praelatam
1958 3416 2119 3478 ecclesiam

1375 3511 1588 3592 syrmiensem
1609 3512 1698 3574 alteri
1716 3512 1867 3574 finitimae
1887 3510 2034 3574 ecclesiae
2049 3511 2119 3572 Bos·

1376 3607 1477 3682 nensi,
1501 3605 1536 3667 ad
1558 3589 1662 3685 quam,
1680 3607 1753 3668 dum
1777 3604 1828 3666 illa
1851 3605 1944 3667 etiam
1966 3620 2021 3683 pro
2044 3614 2120 3667 totn-

1375 3717 1449 3780 pore
1480 3708 1581 3775 vacat,
1615 3699 1787 3762 nominatio
1816 3714 1966 3777 personae
1992 3699 2119 3761 idoneae

1375 3796 1514 3857 Romano
1535 3794 1677 3855 Pontifici
1692 3809 1747 3872 pro
1764 3802 1902 3869 tempore
1917 3791 2063 3854 existenti
2078 3791 2121 3852 la·

1375 3891 1481 3952 cienda
1494 3887 1527 3949 ad
1544 3889 1641 3966 ipsam
1656 3887 1782 3948 Mariam
1805 3885 1984 3949 'lberesiam
2001 3885 2121 3947 ratione

1376 3983 1465 4060 regni
1488 3981 1662 4058 liungadae
1684 3977 1862 4042 huiusmodi
1879 3995 1917 4040 ex
1938 3978 2121 4041 fundatione

1376 4076 1425 4138 vel
1447 4074 1616 4150 dotatione,
1633 4083 1684 4137 aut
1701 4074 1865 4154 privilegio
1881 4071 2058 4152 apostolico,
2071 4072 2120 4134 cui

1377 4186 1439 4232 nou
1462 4176 1507 4231 est
1525 4170 1673 4231 bactenus
1688 4169 1719 4230 in
1736 4168 1841 4246 aliquo
1856 4169 2040 4244 derogatum
2056 4168 2122 4231 iure

1376 4263 1578 4341 dignoscitur,
1602 4279 1680 4341 quae
1709 4263 1836 4339 insuper
1861 4261 1984 4323 decenti
2008 4261 2121 4340 episco-

1377 4357 1437 4436 pali
1458 4357 1550 4418 domo
1567 4363 1658 4435 atque
1678 4348 1845 4418 catbed'rali
1868 4354 1992 4417 ecclesia
2014 4361 2121 4416 ornata

1377 4451 1543 4528 reperitur,
1556 4449 1718 4528 apostolica
1729 4449 1912 4510 auctoritate
1927 4463 2025 4526 aeque
2037 4449 2121 4526 prin-

1377 4544 1517 4623 cipaliter
1538 4551 1569 4605 61
1590 4544 1622 4605 in
1639 4550 1824 4620 perpetuum
1841 4541 1934 4603 unire
1949 4539 2119 4620 plurimum

1377 4637 1539 4699 desiderat.

1417 4731 1485 4806 §s
1510 4731 1571 4793 Nos
1600 4731 1707 4808 igitur,
1734 4730 1880 4792 omnibus
1909 4737 2029 4790 mature
2052 4745 2120 4808 per·
2140 4737 2353 4846 affinfflissgss

1377 4827 1496 4904 pensis,
1532 4845 1565 4888 ac
1598 4825 1799 4888 laudabilibus
1830 4825 1992 4902 enixisque
2026 4825 2120 4902 ipsius
2139 4842 2197 4888 atta.

1377 4921 1489 4983 Mariae
1512 4920 1673 4983 Tbereslae
1701 4920 1828 4996 reginae
1849 4919 1940 4994 votis,
1966 4925 2120 4996 quantum

1377 5031 1448 5076 cum
1469 5013 1601 5076 Domino
1622 5029 1794 5092 possumus,
1807 5027 1947 5074 annuere
1967 5011 2119 5084 volentes,

1376 5106 1649 5186 supplicationibus
1670 5106 1736 5166 eius
1757 5105 1884 5166 nomine
1910 5103 1998 5166 nobis
2020 5102 2121 5165 bumi-

1377 5201 1449 5264 litor
1463 5199 1612 5280 porrectis
1627 5198 1778 5272 inclinati,
1795 5199 1888 5261 dictas
1908 5197 2120 5276 syrmiensem

1378 5304 1408 5358 et
1430 5297 1620 5357 Bosnensem
1643 5293 1784 5356 ecclesias
1804 5294 1985 5355 auctoritate
2005 5299 2122 5370 apostu-

1377 5391 1433 5452 lica
1456 5388 1782 5464 tenorepraesentium
1797 5402 1893 5464 aeque
1915 5385 2123 5465 principaliter

1378 5495 1408 5548 et
1429 5487 1461 5548 in
1484 5493 1669 5564 perpetuum
1699 5485 1841 5559 unimus,
1866 5483 1905 5546 ita
1926 5485 2007 5562 quod
2030 5484 2121 5546 dicta-

1378 5598 1451 5643 rum
1466 5581 1628 5654 unitarum
1644 5578 1842 5640 ecclesiarum
1860 5594 1941 5640 unus
1955 5576 2076 5655 praesul
2091 5583 2123 5639 et
2157 5647 2159 5650 ¹

1378 5676 1537 5754 episcopus
1558 5674 1614 5748 sit3
1638 5671 1791 5734 dioeceses
1807 5688 1880 5732 vero
1894 5670 2006 5733 barum
2021 5687 2124 5749 respe-

1378 5770 1458 5830 ctive
1480 5767 1688 5840 ecclesiarum,
1707 5774 1740 5828 ut
1757 5772 1857 5840 antea,
1873 5766 1916 5826 sic
1929 5773 1962 5826 61
1977 5764 2008 5826 in
2024 5773 2123 5841 poste·

1379 5877 1449 5923 rum
1472 5859 1629 5939 perpetuis
1655 5857 1769 5919 laturis
1795 5857 1986 5936 temporibus
2006 5873 2125 5934 separa-

1379 5961 1426 6018 tae
1448 5969 1480 6014 ac
1501 5953 1623 6014 illaesae
1645 5957 1840 6026 remaneant,
1863 5956 1894 6012 et
1920 5948 2123 6014 iurisdictioni

2146 566 2200 616 An.
2214 567 2247 617 O.
2270 561 2347 614 1773
