4754 6966
917 588 1059 634 corneus
1081 589 1150 632 xrrr.
1735 564 1791 627 lte
1841 571 1894 621 bn.
1909 569 1939 622 c.
1961 567 2030 619 1765

603 704 665 766 Ltl.

265 891 426 970 locotione
450 890 549 952 Ginai·
570 891 827 954 Potriovolvotos
841 890 1009 954 Antioche-

302 983 336 1044 ni
356 983 535 1044 invasorem
551 983 896 1046 incommunicationis
908 999 1009 1062 poeno

301 1077 411 1154 plectit
434 1077 447 1158 (
467 1075 490 1154 ).

264 1261 492 1330 venerabilibus
504 1262 661 1342 iratribus,
675 1260 872 1341 Patefactus,
884 1262 1007 1329 llrchie·

302 1357 445 1440 piscopis,
462 1355 633 1440 Episcopie,
650 1373 707 1423 nec
724 1372 782 1423 non
803 1355 920 1423 dilectio
935 1355 1008 1424 filiis

302 1452 385 1518 ciero
416 1450 569 1517 saeculari
602 1455 633 1516 et
661 1449 806 1534 requievi,
838 1456 870 1517 et
900 1451 1007 1535 populo

303 1544 452 1612 cetbclico
475 1545 605 1611 nationis
627 1543 943 1622 Graeco-ltclchitae,

452 1729 721 1800 citharistes.
746 1731 815 1799 ltttt.

336 1921 535 1990 llcnerebiles
557 1922 673 1988 fratres
696 1926 729 1987 et
749 1920 850 1988 dilecti
871 1919 935 1998 filii,

295 2016 479 2083 salutemet
499 2015 697 2100 apostolicam
722 2015 971 2081 benedictionem.

103 2220 160 2263 scon
210 2225 241 2277 a·
303 2208 322 2282 §
344 2206 370 2266 l.
394 2206 479 2268 lnler
493 2204 778 2284 plurimas,quibus
792 2204 1010 2280 discingimur

78 2275 183 2373 ῗῗῗιῑῑῖἶῑῖ
193 2271 241 2378 ἷῗιξ
259 2316 350 2362 curas
372 2299 404 2360 in
426 2299 483 2360 hoc
497 2299 634 2374 supremi
650 2297 838 2375 apostolatus
853 2295 950 2356 cilicio
966 2295 1008 2356 di·

79 2381 241 2490 gfilfflffstfggj
260 2393 379 2452 vinitas
401 2392 500 2462 nobis,
524 2391 595 2452 licet
616 2389 866 2462 immerentibus,
882 2387 1009 2450 deman-

79 2485 241 2586 ffiqffgm'
260 2483 344 2559 dato,
364 2501 428 2545 non
451 2483 605 2546 mediocre
620 2483 746 2560 quidem
761 2497 798 2542 ex
814 2498 850 2542 eo
864 2481 1008 2542 solatium

169 2573 174 2582 '
259 2577 467 2655 capiebamus,
496 2575 576 2654 quod
609 2577 692 2637 natio
721 2584 821 2636 vestra
850 2573 1007 2648 catholica,

304 2817 331 2873 (l)
348 2817 507 2862 [flectionem
531 2817 611 2862 huius
632 2817 802 2864 Patriarchae
824 2817 922 2862 intrusi
941 2817 1009 2862 alias

261 2883 376 2928 nulliter
389 2884 422 2928 ab
437 2883 609 2929 antistitibus
623 2883 740 2930 nationis
756 2883 1010 2932 Graeco-Melchitae

260 2949 360 2996 motam
374 2951 489 2996 cassavit
508 2955 534 2995 et
548 2951 699 2996 annullavit
722 2951 838 2996 Pontifex
859 2952 902 2996 hic
921 2963 967 3008 per
981 2951 1011 2996 li-

261 3021 336 3062 teras
349 3017 413 3064 anni
432 3029 544 3063 nnccnx.
560 3017 602 3062 die
617 3029 633 3062 l.
648 3029 708 3074 aug.
724 3019 824 3066 relatas
843 3030 924 3076 supra
938 3031 960 3074 p.
975 3021 1010 3072 49,

261 3084 479 3141 archiepiscopos
493 3087 520 3130 et
535 3083 674 3142 Episcopos
688 3085 768 3130 hrrins
784 3085 899 3130 nationis
911 3085 944 3130 ad
954 3097 1012 3130 coo·

259 3151 381 3197 camdem
396 3155 423 3196 et
437 3163 536 3208 pacem,
551 3163 664 3198 necnon
682 3153 879 3198 observantiam
899 3163 964 3208 erga
977 3153 1011 3197 le-

259 3219 390 3275 gitimum
406 3219 588 3264 Patriarcham
604 3231 620 3264 n
634 3223 658 3263 S.
674 3219 738 3264 sede
754 3219 908 3264 institutum
924 3220 1011 3265 horta-

259 3290 308 3332 tus
321 3287 361 3330 est
376 3285 491 3329 Pontifex
506 3297 553 3342 per
573 3285 667 3331 literas
686 3287 785 3332 relatas
800 3287 826 3332 ln
843 3287 913 3331 notis
928 3289 1008 3331 const.

259 3355 381 3398 Romani
397 3356 540 3405 Pontifices.
564 3355 600 3396 lix
616 3356 678 3408 Reg.
698 3357 754 3399 vat.
770 3366 809 3410 ep.
825 3354 858 3398 ad
877 3353 1010 3410 Principes

259 3420 326 3466 anni
340 3431 407 3474 vm„
422 3432 444 3476 p.
460 3422 495 3474 dt,
509 3419 663 3476 collegimus
680 3433 733 3478 seq.
749 3422 850 3467 literas.

259 3555 336 3596 mont.
347 3557 375 3597 P.
387 3556 529 3606 tempor-ott
539 3557 568 3596 in
579 3557 827 3600 croeso-aretenttos
839 3557 959 3608 Principii
968 3566 1011 3596 en·-

300 3624 573 3665 communicationem
593 3623 767 3664 Patrimonione
785 3625 887 3665 iveta-rosi
903 3625 1012 3673 pon-trot-

298 3691 358 3740 pot.
376 3691 487 3740 musque
503 3691 619 3740 requirit
633 3692 772 3731 corallium
791 3692 884 3739 farore
903 3691 1012 3742 tv’aitiaorl

302 3755 479 3798 Potrtorcnoe
493 3765 510 3798 a
524 3757 621 3798 Sancta
635 3759 698 3799 Sede
712 3758 836 3799 instituti.

376 3891 461 3934 h'obttt
475 3899 506 3933 ac
520 3892 624 3933 Potenti
641 3893 702 3934 Viro
718 3893 757 3934 Ati
773 3891 896 3938 Ganblnt.

476 4025 622 4067 CLEMENS
639 4026 718 4068 Para
733 4027 797 4068 xlll.

476 4161 575 4203 Nobilis
590 4163 614 4202 et
629 4162 726 4203 Potens
744 4162 796 4206 Vir,

382 4229 497 4270 solertem
510 4230 534 4268 et
553 4229 645 4270 lunaeve
659 4230 768 4270 ditrictae
780 4229 892 4278 oratioe.

107 4371 154 4423 qm
164 4373 242 4418 cmm
300 4367 314 4410 a
332 4361 350 4404 l.
366 4360 523 4416 compositis
538 4361 618 4406 rebus
632 4359 833 4406 Patriarchatns
847 4357 1011 4412 Arrtiocheni,

84 4425 244 4471 vmnvml’otri
260 4431 345 4482 atque
359 4426 433 4471 omni
446 4439 460 4472 e
475 4427 561 4472 medio
575 4427 755 4472 controversia
769 4427 884 4480 sublata,
893 4437 961 4482 quac
972 4437 1012 4481 po

83 4477 199 4572 ΨΜ·
207 4479 243 4524 ⁸²·
261 4493 358 4550 pulum
370 4494 627 4539 arnaco-lletcbitam
639 4493 700 4539 huic
712 4493 771 4538 sedi
782 4492 945 4550 apostolicae
956 4491 1012 4536 uni-

83 4535 168 4642 mffim
190 4535 243 4578 ‘un'
262 4563 321 4604 tum
339 4559 366 4604 in
380 4564 470 4616 partes
484 4559 654 4615 distraxerat,
665 4561 769 4605 nullum
784 4559 900 4618 amplius
915 4559 1013 4603 dissen-

151 4620 155 4629 '
262 4627 382 4674 tionibus
400 4631 428 4672 el
441 4627 683 4674 concertationibus
704 4628 789 4673 locum
811 4627 935 4672 relictum
955 4637 1012 4670 esse

262 4695 425 4751 putavimus.
443 4698 539 4740 verum
554 4695 702 4751 opinionem
713 4695 780 4740 hanc
790 4697 908 4740 nostram
919 4693 1012 4738 statim

262 4773 293 4805 ex
308 4761 454 4817 improuiso
474 4760 567 4806 fefellit
582 4763 701 4818 lgrratius
722 4761 801 4806 ttioar
820 4761 962 4817 Episcopus
976 4760 1012 4804 Si·

261 4827 397 4882 doriensis,
406 4828 452 4884 qui
466 4827 568 4874 nefaria
577 4829 692 4884 percitus
706 4828 851 4874 ambitione
861 4828 888 4872 in
900 4827 1013 4884 pseudo-

262 4896 446 4950 patriarcham
461 4907 490 4940 se
503 4907 598 4942 rursus
612 4899 640 4941 et
651 4897 763 4952 erigere,
775 4893 1011 4952 flagitiosissimum

262 4963 381 5008 schisma
394 4973 523 5008 renovare
537 4975 589 5008 non
603 4963 744 5018 dubitavit,
759 4963 827 5007 nihil
842 4963 943 5008 veritus
958 4973 1014 5018 per-

265 5028 345 5074 fidiae
364 5029 478 5084 culpam,
499 5029 546 5084 qui
566 5030 598 5074 de
616 5029 791 5086 patriarchali
809 5029 939 5086 dignitate
961 5041 1012 5074 non

262 5095 381 5152 amplius
401 5095 542 5142 ambienda
564 5096 642 5141 fidem
663 5097 742 5142 verbo
760 5097 850 5142 datam
865 5101 891 5142 et
906 5095 1012 5154 scripto,

263 5167 346 5220 atque
360 5163 440 5208 etiam
456 5161 607 5208 iuramento
622 5167 712 5208 sancte
730 5164 864 5210 firmatam
879 5164 1014 5220 impuden-

264 5230 370 5276 tissime
390 5229 533 5286 frangeret.
556 5233 647 5286 ltaque
668 5231 760 5276 audito
777 5231 931 5277 detestabili
945 5231 1012 5276 eins·

264 5297 338 5342 modi
351 5298 448 5342 scelere
462 5297 634 5342 vehementer
647 5297 776 5346 commoti
786 5309 888 5354 surmus,
903 5309 1013 5353 eamque

265 5365 397 5409 rationem
419 5365 562 5410 ineundam
583 5364 803 5420 existimavimus,
825 5377 877 5422 qna
898 5365 1013 5411 hominis

264 5432 380 5477 amentis
395 5432 556 5477 retundatur
570 5432 681 5478 andacia
694 5432 766 5488 iique
779 5444 870 5478 omnes
880 5444 1014 5478 coercean-

265 5501 319 5552 tur,
343 5509 408 5555 qnos
431 5498 474 5543 sni
495 5497 593 5544 furoris
615 5500 699 5544 socios
720 5499 799 5544 babet
820 5503 846 5544 et
867 5499 1011 5544 adiutores.

265 5565 441 5615 Quamobrem
456 5565 637 5610 anathematis
652 5577 734 5622 poena
743 5566 879 5611 districtos
894 5571 920 5611 et
931 5577 947 5611 a
958 5577 1013 5611 cae-

265 5635 294 5676 tu
311 5631 430 5676 fidelium
449 5634 586 5688 separatos
605 5635 662 5677 tum
678 5637 855 5679 memoratum
870 5634 1013 5692 Ignatiunr,

266 5703 323 5743 tum
339 5698 396 5743 eius
411 5699 503 5753 socios,
517 5697 643 5754 fautores,
657 5702 737 5756 atque
756 5701 894 5746 electionis
907 5702 1013 5758 compli-

265 5777 309 5810 ces
323 5777 370 5822 pro
384 5765 545 5811 anctoritate
561 5770 652 5814 nostra
666 5767 872 5820 deelaravimus;
890 5769 1014 5814 ulandan-

266 5835 307 5876 tes
321 5832 430 5889 insuper
444 5832 566 5878 omnibus
583 5837 609 5878 et
624 5834 738 5889 singulis
757 5836 1013 5892 Graeco-bleichitis,

267 5899 313 5954 qni
327 5901 461 5944 Romanae
476 5899 607 5945 Ecclesiae
624 5901 700 5946 fldem
722 5903 894 5948 orthodoxam
915 5907 1013 5948 sectan-

267 5971 321 6022 tur,
331 5969 361 6010 ut
374 5966 408 6010 ab
421 5967 575 6012 eorumdem
590 5969 723 6014 consortio
737 5968 897 6026 abstineant,
912 5973 939 6016 et
952 5981 1014 6017 vero

1064 705 1252 780 gravissimis
1273 705 1433 784 perfuncta
1458 703 1627 776 discordiis,
1651 702 1684 763 in
1706 716 1809 779 pacem

1063 798 1197 874 deniqne
1218 806 1249 859 et
1269 799 1396 877 spiritus
1419 797 1568 860 unitatem
1587 794 1761 868 coaluisset,
1778 810 1811 854 ac

1063 889 1203 966 legitimo
1224 907 1279 952 sno
1302 890 1492 952 Patriarclrae
1507 888 1676 950 Theodosio
1692 903 1706 948 a
1723 886 1810 948 nobis

1062 985 1245 1046 confirmato
1266 983 1406 1046 debitam
1428 981 1529 1044 filialis
1551 980 1743 1042 obedientiae
1759 978 1810 1039 ob

1062 1078 1218 1155 sequium,
1242 1076 1369 1139 nemine
1391 1092 1516 1155 prorsus
1533 1078 1739 1154 repugnante,
1757 1072 1810 1133 tri-

1063 1170 1188 1234 buissel.

1102 1265 1171 1338 §2
1197 1264 1315 1327 Verum
1339 1266 1475 1342 ignatius
1492 1265 1583 1328 Gioar
1597 1261 1749 1324 Ecclesiae
1764 1258 1811 1320 Si·
1886 1265 1958 1328 qnod
1981 1274 2042 1310 sano

1828 1318 2042 1374 gaudiumtnter-

1063 1357 1219 1419 deniensis
1242 1358 1419 1438 Episcopus,
1442 1358 1495 1437 qui
1517 1365 1549 1418 el
1569 1364 1657 1418 antea
1679 1353 1810 1415 Patriar·
1830 1371 2043 1417 mossumtuoar-

1062 1451 1187 1512 chalam
1211 1452 1440 1514 Antiochenam
1462 1451 1568 1512 illicite
1589 1457 1620 1512 et
1641 1454 1747 1510 contra
1763 1463 1811 1506 ca·
1830 1425 2042 1576 2¹,tf3{,¹‚2,}‚⁸,¹}²,¹17

1063 1544 1188 1606 noricas
1208 1545 1381 1608 sanctiones
1401 1550 1614 1622 oocvrpavorat,
1630 1542 1708 1602 hanc
1723 1539 1811 1600 nobis
1829 1531 1939 1630 ξῆξῇᾗξῦ
1954 1531 2043 1640 dffiff

1063 1637 1221 1713 inopinato
1239 1639 1481 1702 consolationem
1497 1639 1624 1716 eripuit,
1640 1646 1672 1699 et
1686 1649 1741 1696 vos
1756 1633 1810 1695 ite·
1830 1638 2043 1737 {laotisoccuvalb-

1064 1745 1132 1790 rum
1158 1730 1188 1791 in
1204 1747 1308 1792 saevas
1323 1738 1354 1794 et
1369 1731 1569 1810 deplorabiles
1584 1731 1810 1792 dissentionum
1864 1725 1869 1736 '

1064 1824 1211 1900 procellas
1231 1826 1372 1887 coniecit.
1403 1826 1564 1904 Siquidem
1587 1825 1679 1886 homo
1700 1823 1811 1884 subdo-

1065 1916 1110 1977 lus
1131 1925 1162 1980 et
1183 1933 1260 1980 vana
1282 1920 1456 1994 arrogantia
1479 1919 1627 1992 tumidus,
1644 1934 1707 1978 non
1731 1916 1809 1977 iudi-

1063 2011 1145 2072 cium
1165 2013 1283 2072 veritus
1299 2012 1385 2074 Sedis
1401 2011 1602 2089 apostolicae,
1619 2018 1671 2071 aut
1686 2019 1812 2072 senteu-

1064 2104 1135 2166 tiam
1158 2123 1173 2164 a
1196 2104 1425 2183 nobismetipsis
1452 2105 1575 2182 praevio
1598 2111 1719 2166 ruaturo
1740 2119 1812 2164 exa-

1064 2199 1148 2260 mine
1168 2199 1351 2261 solemnitar
1372 2200 1620 2277 pronunciatum
1644 2215 1743 2278 neque
1760 2200 1811 2260 be·

1064 2293 1215 2368 nignitate
1242 2299 1344 2354 nostra
1374 2293 1533 2367 delinitus,
1562 2310 1622 2371 qua
1652 2301 1810 2371 tamquam

1064 2386 1145 2446 filius
1167 2384 1313 2463 prodigos
1334 2392 1364 2446 et
1387 2385 1565 2447 humaniter
1584 2385 1642 2446 luit
1657 2394 1809 2462 acceptus,

1063 2486 1093 2541 et
1115 2495 1194 2540 noua
1225 2479 1302 2540 stola
1333 2487 1507 2557 coopertus,
1532 2481 1625 2540 fldem
1657 2479 1758 2540 verbis
1781 2486 1811 2540 el

1061 2573 1176 2650 scripto
1197 2573 1385 2652 praestitam,
1408 2590 1440 2634 ac
1463 2574 1507 2634 bis
1529 2573 1620 2634 etiarn
1637 2573 1811 2634 iuramento

1066 2817 1237 2874 legitimoque
1259 2817 1429 2862 Patriarchae
1444 2827 1499 2860 ven.
1516 2815 1594 2860 fratri
1616 2813 1760 2860 Theodosio
1774 2825 1812 2857 so

1064 2885 1199 2929 lumnrodc
1216 2885 1386 2930 adhaereant.

1104 2953 1150 3001 si.
1168 2952 1216 2996 sed
1230 2962 1289 2997 cum
1311 2950 1437 2996 eiusmodi
1460 2951 1592 2996 mandatis
1615 2949 1754 3005 implendis
1768 2959 1813 2993 arr·
1847 2955 2044 3002 rotmannum

1064 3018 1174 3064 ctoritas
1194 3021 1249 3074 tua,
1265 3019 1361 3064 nobilis
1374 3022 1401 3064 et
1422 3021 1514 3076 proteus
1535 3018 1584 3072 vir,
1600 3017 1744 3062 maximum
1761 3027 1811 3061 mo
1833 3009 1961 3071 lffrt'ftcf'pt't
1972 3008 2045 3072 adai·

1065 3089 1184 3130 mentum
1207 3086 1290 3142 possit
1310 3087 1413 3140 afferre,
1429 3089 1569 3142 propterea
1587 3085 1662 3130 enixe
1677 3094 1811 3138 rogamus,
1830 3063 1920 3162 {ma
1933 3064 2043 3161 'alm‘

1065 3155 1095 3196 nt
1109 3153 1231 3208 legitimo
1245 3153 1415 3198 Patriarchae
1430 3152 1573 3197 Theodosio
1588 3151 1754 3208 praepotenti
1765 3163 1812 3206 ope
1830 3181 1886 3215 ,um
1925 3169 2045 3215 pamm,

1065 3221 1110 3264 tua
1125 3220 1216 3264 adesse
1231 3221 1304 3275 velis,
1319 3225 1398 3277 atque
1419 3219 1493 3264 omni
1507 3219 1595 3264 studio
1617 3220 1765 3276 prohibere,
1780 3229 1812 3263 ne
1831 3223 1915 3284 thom,
1925 3226 1947 3267 ef
1957 3223 2045 3278 fanore

1065 3287 1332 3344 pseudo-patriarcha
1347 3287 1467 3342 tenatius
1480 3287 1519 3330 vel
1529 3287 1587 3332 eius
1597 3285 1700 3332 iuribus
1712 3290 1812 3340 noceat,
1831 3276 1939 3339 alterius,
1948 3287 1965 3321 θ
1974 3277 1997 3338 S·
2006 3276 2044 3321 Se·

1065 3354 1105 3398 vel
1128 3355 1219 3410 populi
1242 3353 1467 3410 tranquillitatem
1492 3357 1517 3398 et
1542 3365 1631 3411 pacem
1656 3353 1813 3410 parturbare
1831 3330 1995 3376 ‘mmmm

1065 3423 1226 3477 praeeminet.
1247 3421 1319 3472 Quod
1340 3423 1369 3466 ut
1387 3420 1544 3466 confidimus
1560 3425 1585 3465 te
1606 3420 1719 3465 libenter
1734 3420 1814 3466 factu·

1066 3497 1126 3530 rum
1142 3498 1189 3543 pro
1209 3489 1255 3532 tua
1274 3497 1379 3532 summa
1399 3487 1565 3532 lrumanitate
1585 3486 1724 3543 studioque
1739 3487 1813 3531 insti-

1067 3554 1128 3608 tiae,
1138 3565 1217 3609 quam
1232 3555 1259 3598 fe
1272 3553 1393 3598 novimus
1403 3553 1489 3598 colere
1498 3565 1594 3610 magna
1606 3553 1645 3597 tui
1655 3564 1715 3598 oum
1726 3554 1812 3608 lande,

1065 3621 1104 3666 ita
1117 3631 1225 3677 operam
1241 3625 1359 3665 nostram
1375 3620 1529 3677 pollicemur
1544 3621 1571 3664 in
1586 3621 1665 3664 rebus
1681 3621 1813 3676 carnibus,

1066 3699 1131 3744 quas
1146 3687 1194 3732 tibi
1215 3693 1306 3743 gratas
1328 3691 1500 3744 acceptasque
1519 3687 1573 3732 foro
1592 3688 1713 3732 sciemus.
1729 3691 1813 3744 atquo

1065 3753 1172 3799 interim
1188 3753 1237 3800 tibi
1251 3765 1267 3799 a
1281 3754 1388 3799 coelesti
1403 3757 1478 3810 patre
1493 3753 1625 3798 luminum
1640 3765 1717 3798 verae
1734 3754 1813 3798 felici·

1067 3822 1130 3867 tatis
1143 3821 1307 3876 agnitionem
1324 3821 1543 3877 adoptionemque
1558 3831 1705 3878 precamur.

1104 3891 1199 3934 Datum
1220 3892 1328 3944 Romae,
1342 3889 1411 3944 apud
1433 3891 1456 3932 S.
1480 3889 1591 3933 Mariam
1615 3889 1749 3943 Maiorem,
1764 3889 1813 3933 sub

1065 3955 1162 4000 annulo
1173 3954 1323 4009 Piscatoris,
1333 3954 1375 4000 die
1385 3965 1420 3999 xl.
1432 3954 1591 4011 septembris
1602 3967 1743 4010 unccnxv,
1754 3965 1814 4012 pon-

1065 4023 1182 4068 tificatus
1197 4022 1280 4068 nostri
1295 4033 1364 4068 anno
1378 4033 1434 4066 vvir.

1172 4229 1269 4270 Eodem
1284 4239 1352 4279 qrone
1370 4233 1505 4280 saperius.
1522 4232 1613 4272 scribit
1625 4233 1706 4272 etiarn

1266 4299 1356 4340 Envvtro
1374 4299 1490 4340 dicacur
1504 4299 1611 4340 Ateeobi.

1094 4433 1199 4474 illustri
1213 4439 1244 4472 oc
1255 4433 1439 4482 potevvtustvno
1451 4431 1541 4472 Hirtino
1551 4431 1667 4472 minorem·
1677 4431 1785 4475 Alceabi,

1280 4565 1424 4608 cenninus
1441 4565 1519 4607 PAPA
1535 4565 1599 4607 xltl.

1175 4703 1290 4743 illustris
1311 4710 1342 4742 ac
1362 4702 1546 4751 potentissime
1566 4701 1704 4750 aristaeas,

1188 4769 1303 4809 saliatem
1317 4770 1341 4809 et
1356 4769 1447 4810 irenaceo
1462 4769 1569 4809 diutione
1582 4769 1691 4818 oratioe.

1106 4901 1168 4944 Post
1187 4899 1401 4955 composuerant
1419 4898 1647 4953 existimabamus,
1670 4897 1815 4943 discordias

1067 4966 1139 5012 inter
1158 4966 1259 5010 clerum
1275 4969 1301 5010 et
1323 4965 1449 5022 populum
1472 4965 1738 5010 Graeco-Melchitam
1754 4965 1816 5009 huic

1068 5033 1127 5078 sedi
1143 5033 1305 5089 apostolicae
1320 5032 1347 5076 in
1363 5031 1424 5077 fidei
1440 5032 1543 5077 unitate
1553 5031 1691 5086 sociatum,
1702 5031 1748 5088 qui
1759 5043 1814 5076 ven.

1067 5100 1177 5146 fratrem
1199 5099 1374 5143 Theodosium
1397 5110 1443 5155 pro
1458 5099 1579 5154 legitimo
1597 5111 1645 5144 suo
1660 5099 1815 5144 Patriarchri

1067 5166 1143 5211 iuxta
1152 5165 1313 5211 sententiam
1324 5176 1340 5211 a
1350 5166 1425 5210 nobis
1435 5165 1590 5210 solemniter
1598 5166 1729 5222 prolatam
1738 5175 1817 5220 agno·

1068 5233 1113 5288 vit,
1128 5243 1186 5277 ecce
1201 5233 1300 5276 iterum
1310 5232 1430 5288 ignatius
1441 5231 1519 5276 tlioar
1531 5231 1672 5288 Episcopus
1682 5231 1815 5276 sidonien·

1068 5299 1112 5353 sis,
1129 5300 1174 5356 qui
1190 5299 1269 5344 verbo
1283 5302 1309 5342 et
1325 5299 1431 5355 scriptis
1445 5299 1476 5342 de
1492 5297 1665 5354 patriarchali
1684 5298 1815 5355 dignitate

1067 5377 1119 5410 non
1135 5367 1209 5410 ultra
1226 5365 1367 5410 ambienda
1389 5365 1466 5410 fldem
1487 5364 1674 5418 obstrinxerat,
1689 5375 1719 5410 ac
1734 5365 1816 5410 semel

1067 5435 1147 5488 atque
1161 5433 1258 5476 iterum
1275 5432 1426 5478 iuramento
1442 5431 1604 5486 firmaverat,
1617 5431 1643 5474 in
1659 5432 1816 5490 pseudo-pa·

1068 5497 1213 5544 triarcham
1224 5499 1340 5556 seipsum
1351 5498 1441 5555 erigit,
1451 5501 1477 5543 et
1488 5499 1676 5543 nonnullorum
1687 5510 1734 5556 ope
1744 5500 1816 5545 adiu·

1068 5569 1119 5620 tus,
1134 5577 1199 5622 quos
1214 5565 1294 5610 habet
1308 5565 1350 5610 sni
1365 5565 1473 5610 sceleris
1486 5564 1570 5610 socios
1582 5565 1762 5620 eladiutores,
1773 5568 1816 5610 lic-

1067 5633 1163 5678 cleslae
1178 5633 1355 5679 antiochenae
1374 5643 1464 5690 pacem
1483 5637 1510 5678 et
1524 5633 1691 5679 concordiam
1707 5633 1816 5678 turbare

1068 5703 1185 5746 conatur.
1202 5701 1281 5746 cuius
1296 5699 1459 5746 incredibilis
1472 5701 1599 5746 arrdaciae
1613 5700 1693 5745 simul
1708 5711 1738 5745 uc
1753 5711 1816 5744 nun·

1068 5767 1138 5812 cium
1154 5768 1310 5825 accepimus,
1320 5771 1347 5812 et
1357 5767 1440 5813 animi
1452 5767 1536 5812 nostri
1547 5767 1663 5812 dolorem
1676 5766 1766 5812 testati
1776 5779 1817 5813 su-

1069 5845 1136 5888 mus,
1151 5839 1177 5878 et
1192 5835 1226 5880 iis
1239 5833 1364 5879 remediis
1386 5834 1514 5879 utendum
1530 5845 1586 5878 esse
1602 5835 1734 5888 duximus,
1748 5845 1815 5889 quae

1069 5909 1124 5947 tam
1138 5901 1214 5958 gravi
1229 5901 1339 5946 facinori
1361 5901 1492 5957 puniendo
1513 5901 1618 5958 aptiora
1633 5904 1712 5957 atque
1727 5911 1817 5957 oppor-

1069 5969 1176 6016 tuniora
1191 5968 1355 6014 videbantur.
1371 5971 1462 6026 ltaque
1477 5967 1658 6014 anathematis
1668 5967 1772 6012 vinculo
1782 5967 1817 6011 al-

2291 1605 2295 1628 „.
2273 1499 2298 1520 ,“
2268 1401 2295 1452 ’.ἶ-Α
2285 1323 2287 1330 <
2283 1299 2293 1304 :
2284 1239 2295 1272 --
2292 1217 2293 1222 Α
2267 1147 2291 1184 <⁴—
2283 1109 2290 1132 Ἀ
2286 1073 2296 1090 -.
2279 1027 2296 1060 3.,
2287 1005 2296 1016 τ
2278 975 2279 978 ⁴
2293 927 2294 932 Α
2278 903 2279 906 ⁴
2267 871 2271 878 -
2275 779 2292 796 ⁴„
2281 745 2288 756 Γ
2279 655 2280 658 ⁴
2273 547 2293 568 -Ϊ-
2291 477 2298 482 ,
2270 327 2299 414 ·-“ι”-ἶ
2275 289 2297 318 ’.ἡ
2276 273 2288 278 ἶ
2287 253 2290 260 <
2263 189 2295 224 ’Ξι
2269 75 2296 162 ἐρ’-,ἐ
2268 0 2292 60 '‘²2:⁵22“

2296 1787 2310 1842 2²⁶
2309 1697 2310 1700 „
2301 1627 2317 1664 ὴ
2295 1361 2326 1524 -2-22'212-‘2
2295 1069 2333 1334 έψμΞὲ-ὴζ
2295 745 2328 1050 “zs
2292 621 2342 721 5³35
2294 537 2331 599 31?
2295 484 2330 502 ῑ
2294 299 2324 447 &wass
2295 243 2324 280 *ξ*
2292 44 2327 171 Ἀρί
2313 0 2317 25 ««

2329 1529 2334 1542 -
2330 1451 2337 1460 2
2328 1393 2330 1398 -
2329 1303 2335 1312 ἶ
2324 1225 2339 1262 ³5
2332 1133 2333 1136 „
2329 1085 2336 1102 π
2331 1001 2334 1006 -
2333 828 2342 857 ,ε
2326 744 2342 807 ἰι-*Ἰν
2323 610 2342 705 „‘.“'·-‘
2322 526 2339 551 *f
2336 484 2341 501 2-
2336 332 2341 339 ὴ
2325 268 2341 293 ’γ’
2335 206 2342 215 =
2322 154 2326 161 ⁶

2283 2141 2285 2146 .
2284 2101 2286 2104 .
2283 2045 2295 2068 J—
2285 1923 2293 1938 *
2293 1901 2295 1906 ⁴

2304 2337 2312 2348 s
2302 2249 2313 2292 5⁴„
2304 2171 2306 2182 -
2311 2095 2314 2126 ,,
2303 2041 2315 2078 ..2⁶
2302 1957 2310 1996 ——r
2305 1857 2316 1918 ‚sss-
2312 1771 2314 1774 ,
2310 1739 2315 1746 ,
2311 1711 2315 1720 ,
2311 1677 2314 1684 ,

2334 2489 2343 2512 -..
2325 2409 2343 2438 ’ς
2315 2371 2320 2384 ‘
2312 1657 2344 2354 ‹2u„-*72n⁷1-²ffi;-ffl'-*J}j
