4856 7010
347 473 403 529 An.
417 475 448 528 d.
470 474 537 528 1829
589 473 646 538 712

628 605 857 676 venerabilibus
878 609 1024 677 tratribus
1048 608 1246 687 Patriarobis

589 700 779 783 Primatibue,
801 700 1042 788 drchiepisoopie
1071 707 1102 770 et
1125 702 1294 787 Episcopie,

807 888 893 958 etus
917 890 977 958 ΡΡ.
1002 888 1071 958 tittt.

766 1075 965 1146 venerabiies
988 1079 1114 1157 trahes,

547 1222 557 1232 .
600 1169 727 1238 salutem
750 1177 781 1238 et
803 1172 999 1256 apostolicam
1025 1171 1276 1239 benedictionem.

606 1359 721 1422 Traditi
755 1360 921 1424 humilitati
958 1369 1080 1424 nostrae
1116 1360 1313 1438 pontificatus

567 1453 789 1530 possessionem
810 1454 865 1515 hac
887 1455 949 1531 ipsa
978 1454 1028 1516 die
1051 1455 1083 1516 in
1112 1453 1313 1515 Lateranensi

566 1543 686 1607 basilica
721 1562 759 1607 er
793 1561 881 1608 more
912 1547 1120 1626 institutoque
1160 1547 1312 1608 maiorum

565 1637 691 1714 adituri,
714 1638 877 1702 dilatamus
907 1656 979 1701 cum
1012 1640 1124 1716 gaudio
1144 1655 1238 1718 super
1258 1655 1312 1700 vos

566 1746 618 1792 cor
638 1739 794 1806 nostrum,
818 1731 1010 1794 venerabiies
1037 1730 1158 1807 iratres,
1183 1747 1259 1809 quos
1280 1731 1312 1792 in

566 1829 649 1885 tanta
670 1823 888 1900 procuratione
909 1825 1055 1900 gerenda,
1079 1821 1131 1885 ille
1153 1823 1242 1886 nobis
1263 1824 1312 1885 ad·

566 1914 683 1977 intores
712 1915 807 1991 dedit,
840 1917 873 1977 in
898 1915 985 1980 cuius
1011 1931 1107 1978 manu
1138 1923 1169 1977 ct
1201 1917 1313 1992 gradus

565 2007 739 2071 ciliciorum
773 2011 803 2068 et
830 2015 988 2070 momenta
1017 2016 1091 2070 sunt
1123 2015 1309 2086 temporum.

566 2099 687 2162 Nedum
709 2099 792 2161 enim
822 2108 944 2176 gratum
966 2109 1013 2163 est
1039 2100 1127 2162 nobis
1148 2117 1181 2162 ao
1202 2100 1312 2162 iucun-

565 2195 651 2268 dum,
675 2193 802 2254 intimos
824 2193 994 2256 voluntatis
1019 2209 1091 2270 erga
1113 2210 1167 2255 vos
1189 2201 1312 2256 nostrae

563 2301 671 2347 sensus
695 2285 811 2359 testari,
826 2287 879 2347 sed
900 2285 1034 2348 maxime
1057 2286 1152 2348 etiam
1173 2285 1312 2348 christia-

564 2395 621 2440 nae
642 2378 686 2441 rei
707 2379 852 2455 salutare,
866 2379 898 2440 in
920 2379 1202 2442 communicatione
1222 2378 1310 2458 spiri-

563 2479 612 2535 tus
633 2488 667 2532 ea
681 2470 776 2534 simul
791 2472 943 2547 conterre,
960 2472 1072 2550 quibus
1086 2473 1200 2534 maiora
1215 2472 1311 2550 ipsius

564 2563 723 2626 commoda
738 2564 848 2627 indies
863 2566 1060 2643 approperari
1081 2565 1307 2642 dignoscamus.

464 2735 468 2746 Ι
565 2659 627 2720 lloc
648 2657 774 2736 quidem
790 2658 888 2720 nostri
912 2658 1003 2720 oliicii
1025 2673 1142 2720 munus
1163 2665 1220 2732 est,
1242 2658 1310 2736 qui-

564 2751 619 2814 hus
641 2751 674 2813 in
690 2750 770 2812 beati
786 2750 867 2812 Petri
885 2766 1016 2829 persona
1031 2765 1095 2812 non
1110 2765 1207 2826 agnos
1221 2749 1311 2813 dum-

565 2852 655 2920 taxat,
672 2843 873 2906 christianum
897 2843 1014 2906 scilicet
1035 2845 1197 2923 populum,
1211 2845 1263 2906 sed
1279 2850 1310 2905 et

563 2953 646 3011 oves,
670 2939 726 3000 hoc
749 2943 794 2998 est
816 2936 981 3011 antistites,
998 2953 1131 3015 pascere,
1152 2952 1263 3013 regere
1277 2953 1310 2999 ac

563 3030 727 3106 moderari,
750 3031 786 3091 ab
808 3029 872 3105 ipso
894 3028 1039 3092 ecclesiae
1060 3038 1184 3092 auctore
1204 3029 1309 3093 divina

562 3131 608 3186 est
629 3123 857 3203 dispensatione
878 3123 1042 3184 tributum.

601 3216 785 3279 Exultamus
799 3231 873 3277 sane
887 3215 991 3276 animo
1005 3233 1038 3280 ac
1052 3224 1209 3294 pastorum
1224 3217 1310 3294 prin·

561 3311 618 3388 cipi
641 3308 870 3381 benedicimus,
892 3308 945 3388 qui
968 3309 1042 3372 tales
1070 3309 1176 3373 adsui
1206 3311 1308 3388 gregis

560 3403 730 3466 custodiam
758 3410 894 3480 pastores
920 3402 1093 3479 suscitavit,
1122 3402 1176 3482 qui
1200 3404 1308 3466 sedulo

563 3495 593 3557 in
605 3511 638 3556 ea
654 3510 726 3557 cura
742 3503 772 3556 et
787 3495 972 3571 cogitatione
984 3503 1159 3572 versantur,
1172 3503 1207 3558 ut
1222 3497 1308 3559 omni

560 3597 661 3651 amoto
689 3588 869 3652 discrimine
891 3589 925 3651 in
953 3589 1017 3651 vias
1045 3588 1180 3653 iustitiae
1205 3590 1307 3670 ipsum

562 3681 728 3758 vigilanter
749 3680 913 3757 deducant,
938 3683 1100 3745 neminem
1123 3700 1160 3746 er
1183 3685 1218 3745 iis
1240 3700 1308 3764 per-

560 3775 668 3850 dituri,
691 3791 767 3853 quos
787 3775 845 3838 sibi
867 3791 883 3835 a
904 3784 990 3854 patre
1004 3778 1088 3839 datos
1104 3783 1305 3856 exceperunt.

562 3867 703 3932 Vestram
724 3869 810 3930 enim
832 3869 971 3947 apprime
999 3871 1156 3946 novimus,
1179 3887 1307 3934 venera·

561 3962 636 4040 biles
658 3961 779 4038 iratres,
802 3961 895 4024 fidem
918 3963 1124 4039 immobilem,
1146 3964 1306 4028 intentum

561 4071 615 4134 pro
637 4055 789 4132 religione
804 4055 955 4130 studium,
972 4057 1084 4117 miram
1100 4057 1182 4120 vitae
1196 4059 1308 4120 sancti·

560 4147 873 4223 tatem,prudentiam
885 4147 1086 4224 singularem.
1101 4149 1193 4211 Laeta
1203 4151 1308 4228 proin-

559 4241 595 4302 de
611 4240 711 4312 nobis,
727 4239 804 4302 laeta
820 4239 982 4316 Ecclesiae,
999 4240 1075 4303 laeta
1090 4240 1163 4303 huic
1178 4241 1307 4305 Sanctae

559 4331 630 4396 Sodi
652 4333 689 4395 ab
714 4332 767 4395 tali
794 4333 1009 4411 operariorum
1037 4332 1306 4398 inconfusibilium

558 4441 669 4490 corona
692 4425 825 4487 tidenter
847 4424 1083 4504 praestolamur,
1110 4426 1305 4506 iucundaque

523 4547 527 4554 ·
561 4521 634 4582 haec
654 4533 722 4596 spes
744 4517 980 4582 formidantibus
1006 4520 1095 4580 nobis
1117 4521 1149 4582 in
1172 4521 1305 4583 maxima

559 4613 701 4676 muneris
731 4610 883 4688 gravitate
904 4611 1023 4676 animos
1051 4613 1147 4688 addit,
1170 4614 1307 4675 obrutos·

558 4722 620 4786 que
640 4705 880 4783 asperrimarum
895 4705 1142 4768 sollicitudinum
1163 4708 1306 4771 multitu·

558 4800 631 4862 dine
652 4813 708 4861 nos
723 4805 889 4861 recreatae
904 4799 1014 4860 reiicit.
1038 4797 1195 4863 Lubentes
1217 4801 1306 4864 idcir·

558 4910 593 4956 co
614 4893 801 4968 omittimus,
817 4908 858 4957 ue
873 4892 955 4954 ultro
971 4892 1188 4956 destinantibus
1203 4897 1306 4959 admo-

558 5001 631 5048 vere
646 4984 788 5048 stimulos
803 4983 977 5060 videamur,
989 4984 1081 5062 longa
1097 5001 1151 5048 vos
1166 4989 1305 5051 oratione

558 5078 710 5153 detinere,
732 5085 767 5140 ut
789 5083 821 5140 et
841 5093 919 5156 quae
939 5079 975 5140 ad
997 5095 1066 5140 rem
1086 5095 1204 5141 sacram
1226 5081 1305 5143 bene

558 5170 725 5248 gerendam
747 5169 853 5232 haberi
875 5170 913 5232 ob
928 5170 1032 5233 oculos
1048 5171 1162 5234 debent
1181 5179 1212 5234 et
1226 5189 1305 5252 quae

557 5281 712 5329 canonum
726 5266 795 5344 lege
809 5264 1074 5345 praescribuntur,
1091 5280 1131 5327 ne
1152 5265 1304 5344 quispiam

557 5361 594 5423 ab
607 5378 661 5422 sna
678 5375 773 5438 penes
789 5358 938 5422 traditum
955 5357 1013 5420 sibi
1029 5373 1156 5435 gregem
1171 5362 1305 5422 statione

558 5453 724 5533 vigiliaque
745 5452 890 5528 discedat,
913 5459 944 5514 et
965 5467 1044 5530 quae
1065 5451 1098 5514 in
1125 5453 1304 5516 divinarum

556 5563 662 5610 rerum
684 5547 836 5611 ministris
852 5553 1082 5626 tutecauthue
1103 5546 1304 5615 adsciscendis

597 5788 625 5844 (t)
643 5787 817 5835 Ecclesiastici
835 5793 854 5848 1,
868 5787 902 5836 32.

597 5855 626 5914 (2)
642 5858 732 5900 lereru.
748 5859 769 5913 2,
783 5859 816 5902 ab.

1077 493 1158 536 'still-
1183 491 1273 536 honr.
1298 490 1337 534 hle
1360 490 1389 534 P.
1413 491 1443 537 F·
1468 493 1550 540 PARS
1572 493 1593 536 l.

1371 612 1502 674 attentio
1531 629 1563 676 ac
1595 611 1756 690 diligentia
1784 620 1831 677 est
1859 615 2057 693 praestanda,
2084 615 2117 676 in

1372 712 1511 768 mentem
1533 705 1619 769 vobis
1640 722 1838 770 revocemus:
1862 714 1996 786 votaque
2017 707 2118 786 potius

1370 799 1434 860 lleo
1455 799 1630 878 sospitatori
1660 815 1890 878 nuncupamus,
1913 807 1949 862 ut
1977 816 2119 879 praesen-

1372 892 1490 955 tissimo
1517 909 1572 955 vos
1598 893 1729 955 numine
1759 900 1893 966 tueatur,
1919 893 2118 973 secundoque

1371 986 1456 1048 exitu
1475 987 1609 1048 actiones
1627 993 1822 1072 conatusque
1832 994 1951 1048 vestros
1966 985 2116 1048 tortunet.

1410 1079 1541 1155 Verum,
1554 1079 1625 1142 licet
1641 1095 1679 1142 en
1693 1080 1811 1141 virtute
1825 1082 1881 1142 hac
1895 1087 1995 1141 vestra
2012 1095 2119 1142 conso-

1370 1173 1451 1234 letur
1473 1190 1528 1234 nos
1558 1173 1637 1234 licus
1660 1173 1690 1234 in
1714 1172 1812 1247 vobis,
1845 1171 2038 1234 venerabiles
2059 1172 2119 1234 ira-

1371 1273 1442 1340 tres,
1467 1266 1570 1328 tristes
1591 1265 1690 1330 adhuc
1704 1281 1759 1327 nos
1775 1281 1840 1328 csse
1861 1273 1994 1344 oportet,
2017 1266 2118 1345 quiin

1370 1374 1442 1436 pace
1464 1358 1526 1437 ipsa
1548 1360 1769 1438 persentimus,
1792 1359 2032 1422 amaritudinem
2062 1376 2119 1423 no-

1371 1451 1414 1512 bis
1436 1452 1658 1514 amarissimam
1680 1471 1694 1513 a
1717 1452 1788 1514 hliis
1817 1453 1909 1516 liuius
1935 1453 2051 1516 sacculi
2072 1453 2119 1515 in-

1369 1544 1454 1606 terni.
1478 1544 1661 1624 Loquimur,
1684 1545 1806 1620 iratres,
1829 1562 1907 1624 quae
1931 1555 2015 1620 nota,
2039 1563 2118 1625 quae

1370 1637 1530 1700 manifesta
1545 1646 1630 1714 sunt,
1647 1654 1724 1716 quae
1740 1640 1959 1701 communibus
1982 1639 2118 1702 lacrimis

1370 1731 1614 1808 ingemiscimus,
1638 1747 1715 1810 quae
1737 1731 1849 1794 idcirco
1870 1733 2030 1794 communi
2044 1741 2119 1794 sunt

1368 1822 1471 1886 studio
1493 1825 1696 1898 emendanda,
1718 1822 1934 1900 convellenda,
1951 1826 2119 1904 profligan-

1368 1916 1414 1977 da.
1435 1915 1610 1994 Loquimur
1625 1915 1661 1976 de
1678 1915 1853 1978 innumeris
1875 1933 2019 1979 errorum
2035 1933 2118 1978 com-

1370 2008 1494 2084 mentis,
1518 2009 1736 2087 doctrinaeque
1757 2024 1921 2086 perversae
1946 2009 2117 2072 institutio-

1369 2100 1477 2176 nibus,
1500 2101 1612 2179 quibus
1640 2116 1703 2163 non
1733 2101 1852 2164 occulte
1873 2109 1904 2164 et
1925 2102 2116 2179 clanculum,

1367 2193 1419 2256 sed
1442 2203 1546 2272 aperte
1562 2202 1597 2256 ut
1614 2193 1786 2272 plurimum
1800 2203 1830 2256 et
1846 2195 1996 2257 acerrime
2014 2194 2117 2258 catho-

1369 2287 1422 2350 lica
1454 2285 1529 2348 fides
1560 2295 1768 2364 oppugnatur.
1788 2285 1904 2362 Nostis,
1935 2304 1995 2365 quo
2027 2295 2117 2367 pacto

1367 2378 1489 2442 scelesti
1515 2379 1659 2440 homines
1684 2395 1739 2458 per
1768 2379 2003 2459 philosophiam,
2027 2381 2117 2444 cuius

1366 2487 1398 2532 se
1420 2470 1556 2534 iactitant
1577 2473 1730 2546 doctores,
1745 2489 1779 2535 ac
1794 2489 1848 2551 per
1862 2473 1971 2534 inanes
1985 2472 2118 2535 fallacias

1366 2565 1538 2626 secundum
1561 2564 1672 2626 mvrudi
1693 2566 1849 2628 elementa
1873 2567 2012 2628 invectas
2025 2568 2116 2644 signa

1367 2657 1399 2718 in
1421 2657 1607 2733 religionem
1630 2658 1834 2721 contulerint.
1857 2657 2027 2722 biveratur
2043 2660 2117 2721 inde

1367 2765 1437 2812 curn
1460 2751 1567 2828 primis
1588 2750 1724 2814 Romana
1739 2752 1814 2813 haec
1828 2762 1932 2813 nostra
1947 2752 2117 2814 beatissimi

1366 2842 1447 2905 Petri
1471 2843 1575 2919 Sedes,
1592 2845 1623 2905 in
1640 2861 1700 2923 qua
1723 2845 1824 2922 posuit
1846 2844 1988 2908 Christus
2011 2845 2116 2906 Eccle-

1365 2937 1428 2998 siae
1448 2953 1523 2998 suac
1544 2939 1792 3013 firmamentum,
1814 2945 1845 2999 ct
1866 2938 1991 3002 vincula
2012 2939 2117 3001 unita-

1368 3030 1404 3091 tis
1426 3031 1459 3090 in
1481 3029 1545 3091 dies
1567 3030 1716 3109 paulatim
1737 3030 1978 3110 abrumpuntur.
2000 3031 2116 3094 lnlrin·

1366 3123 1450 3199 gitur
1470 3138 1530 3200 qua
1555 3122 1615 3184 late
1646 3129 1729 3199 patet
1758 3123 1912 3186 Ecclesiae
1936 3126 2115 3201 auotoritas,

1366 3214 1580 3293 praesidesque
1593 3230 1753 3278 sacrorum
1768 3215 1800 3278 in
1812 3215 1972 3279 individua
1987 3218 2115 3297 rapiun·

1366 3315 1416 3369 tur
1437 3314 1469 3368 et
1490 3307 1522 3369 in
1544 3308 1821 3386 contemptionem.
1847 3309 2005 3372 Sanctiora
2026 3327 2117 3389 prae·

1365 3405 1449 3477 cepta
1466 3406 1669 3478 spernuntur,
1686 3417 1857 3480 rerumque
1874 3401 2052 3464 divinarum
2069 3403 2115 3464 oi-

1366 3493 1432 3553 hcia
1453 3493 1634 3568 irridentur,
1657 3492 1796 3572 iactaque
1825 3494 1944 3556 cultura
1966 3495 2021 3557 Dei
2041 3512 2114 3558 exe·

1364 3585 1499 3646 oratione
1531 3585 1695 3664 peccatoris
1726 3585 1790 3666 (l),
1822 3588 1926 3650 omnia
1956 3604 2001 3664 ea,
2034 3606 2115 3667 quae

1365 3677 1549 3755 religionem
1566 3678 1702 3757 sapiunt,
1716 3678 1850 3741 anilibus
1875 3678 1986 3742 fabulis
2007 3697 2116 3744 accen·

1363 3779 1483 3848 senten,
1505 3779 1537 3835 et
1557 3772 1700 3834 inanibus
1726 3773 1943 3836 sacricolarum
1964 3776 2114 3852 supersti-

1365 3864 1511 3926 tionibus.
1536 3863 1617 3927 Vere
1637 3865 1804 3942 rugierunt
1824 3883 1918 3946 super
1938 3866 2029 3929 lsrael
2051 3868 2115 3930 leo·

1364 3972 1418 4019 nes
1439 3955 1496 4038 (Ξ),
1520 3958 1747 4038 illacrymantes
1774 3959 1919 4022 dicimus:
1944 3977 2019 4023 vere
2039 3976 2114 4024 con·

1364 4057 1521 4113 venerunt
1544 4051 1576 4111 in
1599 4066 1698 4113 unum
1719 4052 1866 4113 adversus
1888 4052 2057 4116 Dominum
2079 4061 2112 4116 et

1363 4145 1508 4206 adversus
1523 4143 1684 4206 Christum
1705 4145 1788 4206 eius:
1813 4160 1889 4206 vere
1903 4145 2113 4209 inclamarunt

1363 4235 1467 4314 impii:
1493 4236 1671 4312 Exinanite,
1694 4237 1854 4299 exinanite
1876 4254 1974 4317 usque
1989 4240 2025 4302 ad
2039 4239 2114 4302 lun·

1363 4329 1546 4390 dementum
1567 4329 1599 4390 in
1623 4343 1657 4390 oa
1679 4327 1735 4410 (3).

1403 4422 1468 4484 lluc
1489 4428 1605 4501 spectat
1621 4423 1780 4484 teterrima
1794 4423 2003 4501 sophistarum
2018 4425 2111 4489 huius

1362 4515 1470 4578 aetatis
1489 4515 1687 4591 machinatio,
1704 4516 1757 4594 qui
1772 4516 1896 4579 nullum
1913 4517 1995 4580 inter
2010 4518 2113 4581 diver-

1362 4623 1408 4669 sas
1429 4607 1501 4669 lidei
1517 4606 1724 4686 protessioncs
1738 4609 1905 4672 discrimen
1927 4611 2110 4686 admittunt,

1363 4700 1571 4780 omnibusque
1587 4707 1732 4762 aeternae
1746 4701 1852 4763 salutis
1868 4710 1994 4780 portum
2010 4721 2047 4766 er
2062 4722 2110 4768 re

1337 4836 1340 4840 -
1364 4793 1478 4870 ligione
1500 4792 1637 4871 qualibet
1648 4802 1753 4871 patere
1766 4793 1970 4871 arbitrantur,
1987 4812 2020 4857 ac
2035 4797 2113 4859 levi·

1364 4890 1432 4950 tatis
1453 4889 1566 4952 idcirco
1587 4897 1619 4950 et
1638 4889 1789 4952 stultitiae
1804 4896 1874 4952 nota
1896 4906 1948 4952 eos
1963 4891 2110 4968 inurunt,

1362 4982 1415 5061 qui
1444 4981 1615 5058 religione,
1645 4997 1736 5060 quarn
1765 4981 1951 5060 didicerant,
1982 4985 2110 5061 abiecta,

1362 5071 1452 5136 aliani
1482 5075 1760 5154 qualemcumque,
1788 5077 1883 5138 etiam
1911 5077 2108 5155 catholicam,

1361 5167 1600 5246 amplectantur.
1628 5169 1824 5232 Horrendum
1846 5185 1921 5232 sane
1942 5171 2110 5250 impictatis

1362 5269 1551 5338 monstrum,
1574 5278 1635 5341 quo
1664 5263 1770 5326 eadem
1798 5265 1920 5326 veritati
1944 5272 1975 5327 et
1995 5267 2108 5341 errori,

1361 5355 1471 5419 virtuti
1494 5365 1525 5419 et
1555 5343 1649 5431 vitio,
1685 5357 1839 5419 honestati
1860 5365 1891 5420 et
1920 5360 2109 5438 turpitudini

1361 5449 1426 5512 laus
1447 5467 1480 5511 ac
1500 5449 1715 5540 praerogativa
1736 5450 1808 5512 iusti
1830 5451 1966 5530 rectique
1997 5453 2108 5515 adscri-

1361 5543 1456 5606 bitur.
1480 5543 1543 5606 Hoc
1564 5542 1717 5609 nimirum
1739 5544 1852 5610 lethale
1873 5553 1919 5608 est
1933 5545 1972 5608 de
1985 5546 2109 5623 religio-

1328 5795 1334 5903 Ι
1400 5794 1428 5851 (a)
1444 5795 1510 5841 esar.
1529 5795 1573 5850 rao,
1589 5795 1608 5838 a.

2148 477 2198 529 An.
2211 481 2237 534 d.
2255 488 2306 541 1829
