4722 6976
915 617 986 666 PIUS
1008 617 1056 664 1³1³.
1082 618 1136 664 Vll.

245 753 287 800 ne
306 737 478 801 sacerdotes
499 737 649 813 catholici,
672 737 799 818 publicis
821 735 882 798 illis
896 733 991 798 eccle-

243 830 296 893 siis
316 830 499 911 iampridem
520 832 640 908 clausis,
664 848 748 894 nunc
776 831 869 893 etiam
891 829 991 908 priva-

243 931 348 986 torum
380 925 413 987 in
443 925 567 988 aedibus
597 926 790 1000 sacrificent,
821 933 914 1002 atque
945 921 991 984 uti

243 1018 337 1081 iidem
353 1019 539 1096 Hierapolim
555 1019 744 1098 relinquant,
760 1015 901 1080 catholici
917 1030 991 1076 vero

243 1111 280 1172 ad
300 1110 529 1174 schismaticum
559 1111 744 1192 Episcopum
766 1116 935 1184 transeant,
959 1108 990 1170 in

243 1205 374 1283 eiusque
394 1204 519 1268 ecclesii
540 1205 652 1268 divinis
674 1205 766 1266 rebus
784 1203 942 1278 intersint,
959 1200 992 1263 ni

243 1297 345 1360 velint
365 1297 495 1360 omnino
516 1297 661 1360 sacrificio
679 1313 794 1359 carere.
812 1293 992 1358 Huiusmodi

243 1389 362 1453 decreti
392 1391 422 1451 vi
453 1397 485 1454 et
516 1391 654 1454 iudicum
684 1389 850 1452 severitate
883 1403 992 1450 omnes

243 1481 417 1561 presbyteri
437 1481 473 1543 ad
501 1481 734 1562 quatuordecim
764 1481 916 1560 Hierapoli
940 1495 992 1541 ex-

243 1577 354 1639 cedere
366 1583 439 1638 sunt
455 1575 565 1652 coacti;
582 1575 726 1638 undecim
741 1573 880 1638 catholici
892 1579 993 1636 morte

243 1668 404 1745 mulctati3
419 1668 533 1747 reliqui
547 1683 664 1746 poenae
679 1675 766 1731 metu
781 1676 811 1730 et
826 1667 992 1729 tormidine

243 1762 280 1824 ad
300 1761 508 1826 schismaticos
538 1761 729 1825 deiecerunt.
764 1761 822 1824 Ubi
850 1760 887 1822 de
909 1758 992 1822 tanti

242 1855 396 1918 Ecclesiae
425 1856 509 1919 clade
540 1855 725 1931 audivimus,
747 1853 990 1928 acerbissimum,

241 1965 306 2028 quo
325 1947 442 2012 luimus
456 1947 600 2028 perculsi,
616 1947 754 2012 dolorem
770 1945 992 2010 misericordia-

242 2058 316 2104 rum
338 2042 419 2105 Patri
438 2041 617 2122 aperuimus
629 2056 801 2120 sumusque
815 2039 941 2119 precati,
958 2043 992 2100 ut

242 2135 282 2198 de
302 2135 449 2199 bonitatis
470 2152 543 2199 suae
564 2135 701 2199 lontibus
717 2133 855 2196 lenimen
870 2131 992 2210 aliquod

241 2229 277 2292 in
298 2245 355 2292 nos
376 2229 541 2305 derivaret,
563 2245 624 2310 quo
645 2229 744 2292 cordis
764 2225 864 2290 nostri
884 2226 992 2288 amari-

243 2322 301 2384 ties
323 2323 531 2400 mitigaretur,
554 2331 585 2386 et
607 2323 729 2401 penitus
755 2321 869 2384 inllicta
891 2319 992 2383 Eccle-

240 2417 306 2481 siae
325 2433 399 2480 suae
418 2418 551 2481 vulnera
574 2417 800 2482 adducerentur
825 2417 862 2480 ad
883 2416 994 2478 sanita-

243 2519 320 2574 tem.
345 2510 525 2575 Secundum
556 2511 656 2576 Deum
681 2528 784 2591 preces
806 2513 841 2575 ad
872 2527 992 2590 perspe-

241 2614 325 2668 ctam
346 2606 435 2668 nobis
456 2606 709 2684 exploratamque
726 2623 862 2670 cesareae
877 2609 992 2685 regiae-

241 2715 306 2780 que
326 2706 398 2762 tuae
428 2699 606 2776 maiestatis,
637 2701 794 2763 carissime
815 2701 847 2764 in
869 2701 992 2765 Christo

243 2793 287 2856 suli
310 2799 428 2867 noster,
450 2793 597 2871 pietatem
620 2794 844 2868 convertimus,
863 2803 898 2858 ut
918 2809 991 2856 sane

242 2888 389 2950 miseram
404 2887 533 2949 illorum
547 2886 768 2950 catholicorum
783 2887 992 2950 conditionem

243 2979 424 3059 complexus
445 2980 560 3056 animo,
577 2995 631 3058 per
645 2979 878 3043 internuntium
902 2988 993 3044 tuum

243 3075 281 3138 ad
302 3073 405 3137 aulam
435 3073 641 3137 Othomanam
673 3073 725 3136 des
755 3089 880 3153 operam
901 3083 993 3153 atque

242 3168 367 3244 cilicias,
389 3176 425 3230 ut
445 3167 710 3229 schismaticorum
724 3167 851 3246 pertidia
866 3177 896 3230 et
911 3169 993 3232 iraus

244 3263 419 3340 detegatur,
434 3259 653 3324 catholicorum
670 3260 786 3322 eluceat
802 3259 991 3342 innocentia,

243 3363 336 3436 atque
357 3375 372 3416 a
395 3363 458 3418 tam
479 3356 543 3416 diri
564 3356 727 3417 vexatione
747 3366 882 3419 recreata
898 3357 992 3435 respi-

243 3460 303 3515 ret.
327 3450 383 3514 Hei
404 3449 529 3530 quidem
552 3449 685 3526 gravitas
705 3448 879 3527 dolorisque
894 3451 993 3512 nostri

242 3545 426 3623 magnitudo
456 3543 631 3620 longiorem
661 3542 836 3605 orationem
856 3543 992 3621 require·

243 3648 311 3718 ret;
343 3637 395 3700 sed
428 3647 500 3701 tuus
531 3637 564 3698 in
594 3635 775 3698 catholicam
808 3635 992 3712 religionem

241 3751 331 3798 amor
352 3732 470 3796 nullius
491 3729 702 3809 eloquentiam
728 3729 888 3792 desiderat.
913 3729 992 3793 Satis

242 3830 330 3893 enim
351 3844 407 3908 per
427 3843 460 3889 se
481 3825 558 3903 apud
582 3821 830 3899 magnitudinem
851 3841 884 3886 ac
906 3825 993 3886 boni-

243 3932 340 3988 tatem
361 3919 459 3983 animi
480 3919 524 3980 tui
546 3917 648 3996 ipsum
670 3916 914 3994 Hierapolitanae
937 3918 992 3979 Ec-

241 4016 355 4080 clesiae
383 4001 505 4076 luctum
525 4017 556 4072 et
579 4009 728 4087 lacrymas
757 4009 904 4072 valituras
926 4027 992 4072 esse

242 4109 440 4174 confidimus.
464 4105 619 4168 lectiam
651 4109 742 4181 atque
774 4103 868 4164 etiam
900 4104 993 4166 vehe-

242 4213 368 4267 menter
390 4201 551 4262 hortamur
566 4207 657 4276 atque
673 4197 878 4270 obsecramus,
895 4203 929 4258 ut
943 4213 993 4258 co-

243 4301 324 4378 gites
346 4297 460 4371 animo,
478 4293 555 4356 tanti
571 4292 641 4354 mali
657 4291 810 4370 impetum
827 4307 889 4353 non
904 4307 992 4370 posse

242 4395 278 4456 in
300 4392 361 4454 uni
383 4389 434 4451 illa
466 4387 592 4450 ecclesii
622 4386 788 4459 contineri,
810 4386 862 4448 sed
884 4404 993 4450 evasu-

241 4503 314 4551 rum
337 4485 430 4547 etiam
452 4483 484 4543 in
506 4481 653 4542 finitimas
668 4480 759 4542 urbes
774 4480 920 4556 ticinasci,
937 4482 992 4543 Be·

219 4637 221 4642 .
241 4581 316 4662 ryti,
333 4579 417 4658 lyri,
435 4575 569 4649 Sidonis,
585 4573 730 4652 aliasque,
743 4573 795 4636 ubi
811 4582 841 4636 et
857 4589 991 4637 numero

240 4675 413 4755 pauciores,
435 4679 466 4732 et
487 4669 594 4747 opibus
617 4671 804 4731 infirmiores
825 4670 929 4733 Graeci
946 4689 991 4734 ca·

242 4768 347 4832 tholici
368 4771 615 4828 commorantur:
642 4764 816 4826 timendum
836 4766 930 4826 etiam
945 4783 992 4826 es-

240 4879 286 4938 se,
310 4877 349 4923 ne
370 4857 438 4938 Syri
467 4867 560 4936 atque
580 4858 708 4920 hrmeni
736 4859 921 4920 schismatici
943 4875 989 4920 ea-

241 4957 314 5018 dem
344 4961 450 5016 contra
480 4951 644 5014 catholicos
673 4953 816 5027 audeant,
846 4969 924 5031 quae
946 4953 990 5013 vi-

241 5053 318 5114 dent
338 5043 678 5124 Constantinopolitano
696 5043 882 5108 Graecorum
897 5046 990 5108 schis-

240 5143 427 5206 maticorum
449 5137 639 5199 Patriarchae
657 5137 730 5198 adeo
745 5139 928 5202 esententib
944 5157 989 5202 ac-

240 5237 360 5300 cidisse.
398 5235 669 5310 Supervacaneum
704 5231 890 5295 arbitramur
925 5233 990 5295 iore

240 5327 393 5392 maiestati
413 5334 482 5388 tuae
496 5339 750 5398 commemorare,
767 5330 882 5402 quanto
897 5325 990 5386 bene·

241 5423 311 5485 flcio
332 5419 510 5483 universam
532 5416 698 5479 Ecclesiam
718 5417 759 5476 sis
772 5416 948 5494 allecturus,
963 5418 989 5479 si

241 5530 362 5579 causam
384 5513 451 5576 eius
464 5511 652 5589 susceperis,
669 5519 783 5588 quantu
798 5527 853 5573 nos
870 5512 923 5573 tibi
938 5515 988 5576 de-

241 5608 338 5672 bituri
368 5607 476 5681 simus,
504 5605 528 5666 si
560 5611 754 5666 senectutem
785 5612 922 5666 nostram
946 5607 988 5667 di-

242 5719 335 5780 gnam
357 5699 591 5772 existimaveris,
613 5713 707 5776 quam
728 5697 775 5758 his
798 5697 990 5761 moeroribus

240 5795 395 5870 subleves,
418 5794 452 5855 in
473 5808 549 5871 quos
572 5798 674 5853 tantae
695 5791 740 5852 rei
763 5791 872 5853 notitia
887 5791 990 5853 cortic-

242 5889 298 5951 cit:
322 5887 383 5950 illis
404 5894 489 5950 certe
515 5883 683 5960 catholicis,
706 5885 758 5964 qui
781 5900 866 5946 nunc
892 5885 926 5947 in
948 5883 990 5947 la-

242 5981 356 6061 crymIs
377 5986 408 6044 et
428 5979 568 6058 squalore
591 5977 704 6053 iacent,
725 5978 750 6040 si
774 5995 826 6058 per
844 5985 875 6040 te
889 5977 989 6041 suble·

1048 735 1108 797 vati
1130 744 1161 799 et
1183 736 1288 800 relecti
1306 738 1436 814 luerint,
1453 737 1533 802 nihil
1547 738 1608 800 crit
1623 737 1793 817 antiquius,

1048 844 1141 906 quana
1162 839 1198 892 ut
1218 846 1273 910 pro
1290 831 1341 893 tui
1355 847 1589 910 regnorumque
1605 841 1733 895 tuorum
1748 830 1794 893 in·

1048 922 1336 986 columitateDeum
1347 933 1479 987 exorent
1493 925 1526 988 in
1542 925 1633 990 sacris
1645 924 1705 987 illis
1715 924 1796 987 aedi·

1050 1017 1117 1092 bus,
1140 1034 1214 1095 quas
1234 1019 1290 1080 sibi
1312 1018 1479 1082 maiestatis
1501 1027 1571 1082 tuae
1592 1019 1683 1098 operi
1699 1017 1797 1080 reclu-

1048 1127 1094 1172 sas
1116 1112 1263 1175 sentient.
1287 1112 1430 1175 Perenne
1450 1113 1543 1176 etiam
1563 1110 1716 1192 quoddam
1731 1111 1796 1189 glo·

1049 1203 1112 1266 riae
1150 1213 1392 1269 monumentum
1425 1207 1613 1282 constitues,
1650 1206 1731 1286 quod
1766 1212 1797 1268 te

1049 1297 1148 1360 avitae
1178 1293 1298 1375 pietalis
1328 1315 1391 1362 non
1412 1299 1513 1362 solum
1544 1298 1723 1374 haeredem,
1744 1299 1797 1362 sod

1048 1390 1140 1452 etiam
1163 1391 1385 1454 aemulatorem
1406 1399 1592 1456 testatorum
1608 1399 1665 1456 est.
1684 1392 1797 1465 Deum,

1050 1483 1082 1545 in
1105 1485 1193 1548 cuius
1214 1500 1308 1548 manu
1337 1501 1448 1562 regum
1469 1485 1560 1549 corda
1581 1485 1794 1559 continentur,

1049 1591 1210 1655 precamur
1240 1577 1504 1658 obtestamurque,
1531 1586 1566 1642 ut
1592 1579 1670 1640 hanc
1697 1577 1797 1639 suble·

1050 1670 1165 1732 vandae
1180 1669 1374 1749 tuendaeque
1389 1670 1539 1734 Ecclesiae
1552 1686 1626 1734 suae
1642 1670 1697 1734 tihi
1711 1685 1799 1732 meu-

1051 1769 1115 1824 tem
1136 1762 1263 1838 inliciat,
1286 1762 1400 1841 detque
1420 1763 1503 1826 vires
1524 1763 1560 1826 ad
1575 1781 1620 1840 ea,
1637 1779 1716 1844 quae
1731 1773 1798 1827 tan·

1049 1861 1156 1932 topere
1176 1855 1329 1934 cupimus,
1351 1857 1387 1918 ad
1409 1854 1530 1919 reticem
1551 1857 1671 1920 exitum
1686 1859 1798 1936 perdu-

1049 1947 1155 2011 cenda.
1187 1947 1315 2012 interim
1347 1948 1525 2012 caelestium
1555 1965 1724 2013 munerum
1746 1967 1798 2014 au·

1048 2041 1171 2119 spicem
1187 2040 1381 2118 apostolicam
1403 2042 1653 2106 benedictionem
1668 2043 1736 2118 tibi,
1752 2059 1799 2106 ca-

1050 2135 1171 2198 rissime
1192 2133 1224 2197 in
1246 2135 1369 2198 Christo
1392 2134 1436 2198 uti
1454 2144 1571 2212 noster,
1587 2137 1797 2200 amantissime

1050 2225 1258 2306 impertimur.

1089 2321 1201 2384 ilatum
1226 2321 1358 2395 Romae,
1384 2320 1463 2400 apud
1493 2321 1523 2385 S·
1552 2321 1679 2384 Heriem
1706 2322 1797 2386 Haio-

1051 2431 1130 2491 rem,
1154 2415 1211 2477 sub
1239 2414 1355 2477 annulo
1381 2415 1551 2491 Piscatoris,
1577 2413 1627 2477 die
1654 2432 1697 2479 rv.
1730 2415 1797 2479 iulii

1050 2525 1267 2584 uocccuvru,
1290 2506 1484 2587 pontificatus
1505 2509 1603 2571 nostri
1625 2525 1707 2574 anno
1728 2523 1795 2574 xxx.

1306 2707 1545 2722 m

1341 2885 1501 2952 txxvnt.

1053 3075 1177 3138 Vicario
1198 3072 1417 3150 patriarchali
1437 3073 1798 3154 Constantinopolitano

1090 3166 1264 3230 committit
1297 3181 1486 3246 compescere
1518 3167 1655 3234 dissidio
1683 3179 1799 3235 exorta

1090 3255 1175 3324 inter
1190 3261 1341 3322 Arnienos
1361 3258 1554 3336 catholicoe,-
1570 3262 1648 3340 ipsis
1661 3263 1798 3328 encdcat

1089 3374 1109 3419 a
1132 3351 1409 3432 disputationibus
1432 3371 1561 3428 cessare,
1582 3360 1613 3417 et
1634 3356 1671 3418 de
1690 3355 1796 3429 libris,

1089 3448 1143 3528 qui
1165 3447 1399 3510 controuersiae
1414 3448 1618 3521 cncitcrnnt,
1636 3449 1798 3513 indicium

1090 3543 1120 3606 S.
1146 3539 1235 3604 Sedis
1256 3539 1385 3619 pacifice
1406 3545 1585 3618 cnpcctore.

1049 3727 1123 3796 lien.
1141 3726 1228 3794 tratri
1243 3726 1401 3793 Vincentio
1419 3725 1542 3794 corceat
1559 3725 1796 3816 drchiepisoopo

1149 3817 1276 3887 Sardiae
1298 3824 1330 3887 et
1352 3817 1471 3886 licerio
1494 3821 1695 3903 patriarchati,

1296 4003 1383 4072 etus
1405 4005 1465 4072 ΡΡ.
1491 4005 1546 4074 llll.

1263 4191 1450 4268 Venerabilis
1472 4193 1583 4274 trater,

1082 4288 1210 4356 satutem
1233 4292 1265 4353 ct
1286 4286 1485 4370 apostolicam
1512 4287 1762 4359 benedictionem.

1089 4479 1167 4541 Cum
1184 4479 1335 4540 Armenes
1351 4475 1513 4540 catholicos
1529 4480 1795 4560 Constantinopoli

1049 4575 1194 4649 degentes
1224 4579 1353 4649 paterno
1375 4587 1408 4634 ac
1435 4572 1585 4649 singulari
1614 4576 1746 4652 quodam
1766 4593 1796 4639 a·

1049 4681 1135 4727 more
1156 4679 1394 4742 prosequamur,
1410 4665 1626 4728 contentiones
1645 4668 1682 4729 de
1702 4668 1796 4732 rebus

1047 4760 1083 4820 ad
1105 4758 1289 4834 religionem
1310 4757 1519 4835 spectantibus
1540 4757 1623 4820 inter
1643 4775 1695 4821 eos
1710 4769 1795 4824 ortae

1047 4852 1078 4913 in
1102 4850 1280 4925 maximam,
1296 4857 1332 4911 ut
1351 4833 1451 4926 lacild,
1467 4865 1538 4912 ven.
1559 4850 1665 4928 irater,
1681 4853 1795 4917 intelli·

1047 4945 1104 5022 gis,
1127 4943 1222 5006 animi
1244 4943 1470 5020 aegritudinem
1491 4961 1524 5006 ac
1545 4945 1718 5009 molestiam
1739 4960 1795 5011 nos

1047 5040 1258 5103 coniecerunt.
1291 5036 1356 5112 Quo
1378 5037 1475 5113 magis
1497 5039 1581 5100 enim
1609 5042 1717 5104 crescit
1737 5042 1795 5106 hu·

1047 5131 1179 5195 iusmodi
1201 5129 1437 5194 contentionum
1459 5137 1572 5206 aestus,
1587 5147 1624 5193 eo
1647 5134 1743 5211 magis
1760 5135 1796 5198 ti-

1046 5227 1195 5289 mendum
1218 5233 1264 5285 est
1287 5239 1325 5285 ne
1348 5222 1521 5301 languescat
1543 5224 1606 5301 illa,
1622 5243 1715 5304 quam
1731 5227 1795 5292 Sal-

1046 5331 1134 5383 vator
1149 5329 1256 5383 noster
1271 5325 1431 5395 tantopere
1447 5319 1534 5382 nobis
1548 5323 1795 5386 commendatam

1046 5415 1158 5490 voluit,
1174 5415 1294 5489 caritas,
1310 5430 1343 5475 ac
1357 5412 1492 5490 denique
1507 5414 1720 5490 extinguatur.
1737 5416 1794 5491 Qut

1045 5516 1149 5571 autem
1172 5507 1202 5568 in
1225 5506 1351 5569 caritate
1373 5520 1436 5566 non
1459 5513 1575 5579 manet,
1597 5507 1628 5568 in
1650 5505 1726 5583 Deo,
1741 5509 1794 5587 qui

1046 5603 1152 5662 caricas
1174 5609 1230 5674 est,
1247 5613 1373 5660 manere
1388 5613 1451 5660 uon
1466 5605 1576 5676 potest.
1597 5599 1795 5680 domitaque

1046 5701 1109 5754 tam
1130 5692 1269 5755 funestus
1291 5707 1356 5754 esse
1378 5691 1563 5770 plerumque
1584 5693 1679 5754 soleat
1697 5693 1726 5757 id
1741 5709 1792 5772 ge-

1047 5803 1105 5848 nus
1126 5786 1365 5848 contentionum
1386 5784 1499 5859 exitus,
1522 5800 1615 5846 nemo
1630 5801 1693 5848 non
1709 5787 1793 5851 videt

1045 5887 1234 5960 quantopere
1255 5879 1348 5941 abiis
1369 5877 1553 5956 lugiendum
1574 5877 1625 5954 sit,
1648 5888 1679 5942 et
1700 5897 1794 5959 quam

1045 5973 1210 6051 diligenter
1230 5971 1377 6050 extirpari
1398 5972 1528 6035 debeant
1549 5987 1627 6050 quae
1647 5988 1721 6051 agro
1740 5975 1793 6037 do·

1717 600 1776 664 567
1826 601 1880 653 An.
1894 602 1924 654 G.
1946 601 2015 654 181⁸
