4750 6980
74 1204 174 1268 pensatio
181 1213 233 1249 cou-

68 1268 172 1307 tartarum.

915 603 986 648 rttts
1008 603 1058 648 ΡΡ.
1082 603 1137 648 vlt.

252 722 461 786 Eucharistiae
480 729 683 786 sacramento.
709 723 856 796 Tandem,
878 722 997 800 quoda

247 815 428 894 cappellano
449 815 543 894 ipsius
561 815 726 878 sodalitatis
742 814 889 878 celebrari
903 814 999 892 possit

253 910 342 971 missa
357 910 474 989 privata
485 910 518 972 ia
533 909 633 985 altari,
645 909 678 971 in
689 926 749 988 quo
764 915 810 970 est
822 908 996 987 expositum

251 1002 480 1064 sanctissimum
512 1002 723 1065 Eucharistiae
749 1008 995 1076 sacramentum,

252 1096 474 1173 permittimus.

291 1190 310 1264 ἓ
330 1189 359 1251 3.
375 1187 444 1251 Non
461 1189 651 1253 obstantibus
673 1187 943 1252 constitutionibus
964 1194 996 1249 et

251 1281 496 1346 ordinationibus
517 1282 698 1362 apostolicis,
722 1297 868 1356 necnon,
890 1289 997 1360 qnate-

252 1394 311 1440 nus
321 1393 398 1456 opus
408 1377 460 1453 sit,
472 1377 570 1440 dictae
581 1375 725 1438 ecclesiae
736 1375 829 1438 etiam
841 1375 996 1437 iuramen-

251 1479 292 1546 to,
308 1470 544 1532 confirmatione
559 1469 731 1548 apostoliea,
744 1467 793 1530 vel
815 1467 922 1547 quavis
943 1468 996 1529 fir·

250 1563 357 1624 mitato
377 1562 434 1624 alia
456 1562 605 1624 roboratis
619 1561 739 1624 statutis
754 1566 784 1622 et
798 1559 994 1622 consuetudi·
1013 1597 1016 1604 -

250 1656 361 1731 nibus;
377 1655 549 1734 privilegiis
564 1670 700 1734 quoque,
711 1652 839 1716 indultis
850 1659 880 1715 et
895 1652 994 1716 literis

249 1747 419 1828 apostolicis
433 1748 645 1827 superioribus
656 1753 687 1809 et
703 1746 841 1827 personis
855 1747 913 1809 sub
926 1747 994 1825 qui·

249 1844 443 1920 bustumque
458 1841 617 1903 tenoribus
628 1846 658 1902 et
668 1839 787 1914 formis,
800 1856 833 1900 ac
843 1856 915 1901 cum
927 1839 993 1917 qni-

249 1936 354 2000 busvis
376 1936 467 1997 etiam
490 1935 754 2012 derogatoriarum
778 1933 992 2010 derogaturus,

248 2030 376 2108 aliisque
394 2027 624 2102 efficacioribus,
637 2027 849 2111 efficacissimis
870 2043 902 2088 ao
914 2025 994 2087 inso-

249 2125 310 2186 litis
323 2122 480 2196 clausulis,
497 2121 750 2198 irritantibusque
766 2125 796 2182 et
811 2119 876 2182 aliis
890 2119 995 2180 decre·

1052 724 1240 799 respondere
1252 725 1380 790 minime
1396 725 1493 802 licuit,
1504 733 1571 789 tum
1582 732 1707 806 propter
1718 727 1797 790 mul·

1051 822 1096 877 tas
1124 833 1234 896 easque
1256 819 1447 897 gravissimas
1473 820 1667 899 Apostolatos
1697 821 1794 883 nostri

1051 925 1149 986 ouras,
1173 927 1305 990 quarum
1327 913 1463 992 pondere
1485 915 1517 976 in
1539 914 1585 976 bis
1613 914 1795 992 praesa-tim

1051 1007 1229 1081 temporum
1256 1006 1540 1084 perturbationibus
1568 1007 1706 1086 undique
1727 1022 1795 1085 pre-

1050 1096 1179 1174 mimur,
1195 1104 1263 1160 tum
1285 1099 1376 1161 etiam
1398 1105 1525 1180 propter
1547 1100 1795 1178 magnitudinem

1051 1191 1298 1270 gravitatemque
1320 1205 1439 1268 rerum,
1455 1209 1530 1271 quas
1551 1193 1585 1254 in
1600 1193 1709 1256 iisdem
1723 1208 1795 1255 con·

1050 1283 1144 1343 tineri
1171 1283 1393 1361 perspeximus.
1426 1286 1529 1360 Quum
1560 1286 1647 1348 anim
1673 1292 1795 1348 exortas

1050 1371 1140 1436 isthic
1161 1375 1305 1453 quasdam
1334 1393 1397 1439 aon
1419 1377 1503 1440 leves
1525 1379 1562 1442 de
1587 1379 1794 1440 matrimoniis

1050 1467 1162 1529 referas
1184 1470 1390 1548 quaestiones,
1406 1489 1439 1534 ac
1462 1472 1499 1534 de
1521 1471 1556 1534 iis
1578 1479 1722 1535 nostrum
1743 1489 1794 1534 ex·

1049 1561 1152 1640 quiras
1173 1563 1374 1641 apostolicum
1402 1564 1562 1640 iudicium,
1586 1581 1648 1644 quo
1677 1573 1793 1629 certam

1049 1655 1190 1731 regulam
1222 1671 1330 1718 omnes
1366 1659 1506 1720 unanimi
1542 1674 1635 1721 sensu
1669 1666 1794 1722 teneant

1049 1754 1141 1826 atque
1167 1758 1348 1827 sequantur,
1371 1758 1406 1813 ut
1426 1751 1577 1813 maturius
1598 1751 1631 1814 iu
1655 1767 1688 1814 re
1717 1751 1793 1814 tanti

1050 1842 1203 1904 momenti
1224 1842 1394 1906 deliberare
1415 1859 1584 1923 possemus,
1602 1844 1744 1907 adhibitis
1759 1844 1792 1906 in

1049 1934 1212 1996 consilium
1229 1936 1390 1998 nonnullis
1404 1952 1498 2000 vena.
1519 1937 1664 2000 iratribus
1681 1938 1792 1999 nostris

1049 2025 1080 2090 S.
1097 2026 1132 2088 lt.
1154 2027 1187 2088 E.
1207 2027 1429 2104 cardinalibus
1451 2045 1626 2109 eorumque
1647 2046 1711 2092 non
1735 2031 1792 2092 mi-

1048 2135 1119 2195 nus,
1142 2135 1235 2200 quam
1255 2121 1430 2200 aliquorum
1459 2123 1628 2200 theologica
1653 2124 1792 2187 doctrina

1665 669 1670 674 Ι
1718 589 1777 655 463
1827 589 2014 645 An.c.1aoa

1049 2307 1170 2369 easdem
1191 2323 1295 2369 coram
1319 2309 1408 2370 nobis
1436 2310 1653 2372 examinandas
1675 2311 1794 2373 curavi·

1049 2416 1128 2462 mus.
1145 2400 1309 2465 Caeterum
1321 2401 1506 2479 religionem
1521 2403 1686 2484 zelumque
1702 2411 1792 2467 tuum

249 2312 378 2374 trarium
399 2307 631 2388 quomodolibet
646 2307 808 2380 concessis,
823 2305 994 2384 approbatis

249 2411 279 2468 et
304 2403 476 2478 innovatis,
503 2400 615 2480 quibus
639 2399 784 2462 omnibus
809 2406 838 2460 et
861 2398 993 2474 singulis

249 2497 375 2559 illorum
396 2502 519 2557 tenores
539 2491 753 2571 praesentibus
775 2507 830 2570 pro
851 2491 944 2569 plene
964 2497 992 2552 et
1049 2493 1080 2555 in
1103 2493 1221 2572 primis,
1245 2500 1393 2574 tuamque
1415 2497 1447 2558 in
1469 2497 1548 2560 hanc
1570 2498 1600 2562 S.
1614 2495 1726 2561 Sedem
1740 2497 1793 2560 ob-

248 2590 437 2653 sufficienter
457 2585 619 2666 expressis,
642 2601 675 2645 ac
695 2584 732 2647 de
753 2584 849 2646 verbo
869 2583 905 2645 ad
924 2599 993 2645 ver·
1047 2587 1234 2649 servantiam
1263 2588 1366 2650 ellusis
1394 2607 1426 2652 ac
1447 2591 1538 2668 plane
1559 2591 1670 2654 debitis
1690 2607 1792 2672 prose·

248 2684 323 2746 bum
343 2681 465 2743 insertis
486 2679 644 2753 habentes,
668 2677 728 2740 illis
742 2676 814 2739 alias
830 2679 861 2738 ia
876 2695 933 2740 suo
946 2694 993 2739 ro·
1019 2689 1022 2776 ξ
1048 2679 1175 2760 quimur
1197 2679 1349 2759 laudibus,
1365 2681 1449 2760 quod
1470 2699 1509 2744 ex
1524 2685 1622 2746 veteri
1644 2700 1730 2747 more
1746 2684 1792 2747 in·

249 2777 321 2838 bore
342 2774 562 2853 permansuris,
592 2772 628 2833 ad
653 2769 895 2850 praemissorum
922 2770 992 2832 alle-
1019 2783 1022 2852 t
1046 2773 1216 2852 stitutoque
1239 2775 1392 2838 maiorum
1414 2776 1491 2839 banc
1512 2777 1594 2839 Petri
1610 2778 1791 2841 Gatbedram

248 2875 331 2932 ctum
353 2869 407 2930 bac
429 2868 496 2930 vice
518 2868 678 2928 dumtaxat
698 2863 871 2942 specialiter
892 2870 921 2925 et
941 2881 992 2925 ex·
1048 2867 1269 2931 consulendam
1289 2884 1355 2930 esse
1376 2871 1533 2932 censueris
1547 2870 1604 2952 (2),
1621 2887 1684 2934 non
1707 2873 1792 2948 igna-

248 2978 349 3043 presse
379 2962 582 3034 derogamus,
613 2957 802 3036 caeterisque
833 2959 993 3020 contrariis
1049 2976 1101 3022 rus
1131 2961 1266 3040 antiquis
1296 2960 1411 3038 regulis
1442 2963 1596 3025 sancitum
1623 2963 1727 3038 luisse,
1757 2971 1792 3027 ut

247 3057 504 3136 quibuscumque.
1048 3053 1208 3132 quidquid,
1231 3055 1371 3133 quamvis
1393 3055 1425 3117 in
1446 3057 1575 3118 remotis
1597 3055 1648 3118 vel
1669 3057 1700 3118 in
1724 3056 1790 3119 lon·

286 3151 397 3214 Datum
421 3148 553 3221 Romae,
581 3144 661 3224 apud
690 3145 720 3208 S.
748 3146 873 3207 Mariam
902 3145 993 3208 Maio-
1048 3148 1164 3227 ginquo
1195 3149 1301 3225 positis
1331 3157 1476 3224 ageretur
1506 3149 1695 3228 provinciis,
1726 3165 1790 3212 non

249 2219 287 2280 tis
301 2217 334 2280 in
349 2231 464 2292 genere
479 2213 529 2276 vel
552 2213 583 2276 in
598 2213 709 2292 specie,
726 2230 759 2274 ac
780 2212 846 2273 aliis
866 2211 899 2273 in
921 2227 993 2273 con·
1048 2215 1272 2292 praestantium
1294 2215 1435 2278 virorum
1451 2217 1612 2295 exquisitis
1626 2216 1791 2295 suffragiis,

248 3260 325 3321 rem,
352 3243 410 3306 sub
431 3240 547 3304 annulo
564 3238 735 3314 Piscatoris,
752 3238 801 3302 die
824 3254 924 3301 xxvia.
948 3255 994 3301 se·
1047 3242 1131 3318 prius
1164 3239 1357 3304 tractandum
1386 3242 1435 3303 vel
1462 3242 1674 3322 accipiendum
1705 3259 1789 3320 esse,

247 3337 394 3417 ptembris
417 3330 714 3410 unacc111.,p0nttt.
738 3333 835 3394 nostri
851 3350 932 3396 anno
948 3349 989 3394 xv.
1018 3369 1021 3456 Ι
1048 3337 1107 3398 nisi
1128 3337 1163 3399 ad
1186 3336 1329 3398 notitiam
1350 3335 1456 3398 Almae
1472 3335 1558 3399 Sedis
1580 3343 1702 3400 nostrae
1718 3337 1791 3400 luis-

1018 3457 1021 3484 ι
1046 3438 1092 3492 set
1114 3429 1294 3504 deductum,
1317 3435 1352 3491 ut
1373 3429 1464 3492 buius
1489 3431 1680 3506 auctoritate,
1710 3431 1789 3493 iusta

1047 3539 1124 3602 quae
1145 3522 1252 3585 luisset
1273 3522 1503 3600 pronunciatio,
1526 3523 1720 3600 firmaretur,
1744 3525 1791 3586 in·

598 3616 638 3678 ll.
1046 3618 1146 3696 deque
1173 3622 1335 3679 sumerent
1361 3623 1498 3679 caeterae
1524 3617 1680 3695 ecclesiae,
1703 3619 1791 3684 velut

1045 3712 1083 3776 de
1095 3711 1186 3774 natali
1197 3726 1252 3772 suo
1264 3709 1603 3787 ionte,praedicationis
1615 3713 1788 3789 exordium,

248 3805 488 3883 Arabiapiscopo
511 3801 701 3884 Mogontiaco
724 3801 854 3880 exponit
876 3800 991 3880 agendi
1044 3814 1076 3867 et
1098 3821 1152 3884 per
1173 3803 1307 3866 diversas
1329 3805 1422 3865 totius
1440 3803 1550 3867 mundi
1572 3806 1712 3882 regiones
1734 3821 1789 3884 pu-

287 3905 443 3963 nctionem
473 3897 639 3960 tonandam
668 3910 738 3957 anan
768 3895 821 3967 iia,
851 3896 917 3973 qai,
943 3892 993 3957 olr-
1017 3937 1019 3946 ·
1045 3900 1142 3961 ritatis
1171 3897 1366 3976 incorruptae
1404 3906 1566 3962 manarent
1594 3897 1664 3959 fidei
1694 3916 1790 3962 sacra·

286 4001 417 4056 tentaa
445 3987 609 4053 indicibus
637 3987 806 4051 haereticis
830 3991 991 4052 cantantia
1017 3960 1020 4046 l
1045 4001 1149 4056 menta
1169 3992 1285 4054 salutis.

287 4086 321 4148 de
350 4083 507 4146 nullitate
528 4081 574 4143 acl
599 4083 758 4144 solatione
786 4081 991 4144 matrimonii
1017 4047 1019 4107 Α
1084 4088 1102 4162 g
1124 4087 1153 4148 ἰ.
1177 4087 1289 4163 Atque,
1307 4093 1341 4148 ut
1362 4086 1399 4147 ad
1421 4101 1487 4146 rem
1507 4085 1697 4162 accedamus,
1713 4086 1789 4149 illud
1850 4107 1968 4160 quaesita
1985 4107 2018 4151 ao

286 4179 350 4243 iant
384 4176 557 4248 contracti,
584 4179 700 4253 petant
724 4175 755 4236 ai
783 4172 885 4254 laguna
915 4176 991 4236 atai-
1016 4180 1019 4254 t
1046 4182 1145 4260 primo
1170 4179 1258 4242 nobis
1285 4179 1318 4240 in
1346 4177 1505 4257 praedictis
1528 4181 1589 4241 tuis
1619 4180 1729 4243 litteris
1750 4181 1788 4242 si·
1807 4159 2018 4260 fiffi⁸⁰⁰l⁰⁰³lff

286 4273 366 4335 litim
389 4286 505 4333 lwvtlm
536 4269 621 4330 iiiiii
647 4268 907 4340 finitimorum,
929 4269 988 4340 vel,
1045 4273 1208 4349 gallicani,
1241 4271 1413 4334 Electorem
1440 4271 1624 4348 Palatinum,
1649 4274 1697 4336 die
1718 4291 1785 4338 vur.

285 4367 341 4428 boc
364 4365 430 4428 iam
463 4363 557 4433 inito,
580 4361 622 4425 ad
644 4369 848 4424 sacramenta
873 4361 990 4424 admit·
1045 4366 1223 4428 novembris
1244 4365 1317 4428 anni
1339 4365 1480 4444 proxime
1501 4365 1613 4443 elapsi,
1636 4367 1787 4431 Monachii

286 4461 326 4534 ti,
351 4465 410 4521 etc.
435 4455 490 4538 (l).

249 4644 320 4714 tea.
342 4644 430 4712 tratri
447 4641 555 4710 carata
568 4640 803 4726 trottapaoopc
817 4640 989 4726 lloguutino

386 4735 419 4803 S.
445 4734 479 4804 ll.
505 4737 524 4803 Ι.
557 4733 686 4818 Principi
709 4734 855 4815 Electori,

492 4923 579 4990 etus
600 4921 659 4990 ΡΡ.
685 4920 743 4987 tlt.

458 5111 646 5180 Venerabilis
669 5111 775 5190 irater,

275 5211 457 5278 salutemet
482 5206 679 5290 apostolicam
707 5206 955 5275 benedictionem.

284 5399 351 5476 §b
376 5399 441 5462 Etsi
472 5397 671 5462 fraternitatis
704 5402 772 5459 tuae
805 5396 919 5459 litteras
940 5395 989 5458 die

247 5508 308 5556 xvr.
332 5493 437 5572 aprilis
458 5493 600 5571 proxime
622 5491 714 5568 elapsi
736 5491 771 5552 ad
794 5507 849 5552 nos
863 5489 988 5569 scriptas

1044 4477 1099 4540 pro
1126 4468 1187 4522 tota
1214 4477 1267 4521 sua
1294 4458 1410 4520 ditione
1442 4459 1560 4522 dedisse
1592 4459 1784 4536 mandatum,

1044 4570 1105 4632 quo
1127 4552 1367 4631 protestantium
1394 4553 1667 4616 matrimoniorum
1694 4553 1787 4616 disso-

1043 4647 1235 4718 lutionem,a
1251 4644 1470 4707 catholicorum
1491 4654 1705 4710 conventuum
1719 4664 1787 4709 sen-

1015 4750 1018 4812 t
1044 4741 1139 4802 tentia
1161 4739 1326 4814 decretam,
1344 4738 1458 4817 ubique
1482 4745 1640 4818 tamquam
1655 4741 1788 4805 validam

1042 4834 1213 4897 habendam
1229 4849 1304 4908 esse,
1321 4831 1506 4913 nullumque
1528 4834 1787 4911 impedimentum

1042 4927 1121 5005 parti
1143 4927 1184 4989 ita
1205 4925 1333 5001 solutae,
1350 4927 1374 4987 si
1397 4926 1544 4989 catholico
1560 4927 1609 4989 vel
1624 4929 1788 4992 catholicae

1015 5021 1162 5083 <nubere
1193 5019 1286 5092 velit,
1316 5019 1581 5096 interponendum
1606 5037 1687 5083 esse:
1720 5027 1787 5085 tum

1044 5131 1153 5178 veroa
1184 5114 1363 5176 Marcbione
1395 5113 1523 5177 Badensi
1552 5115 1634 5178 idem
1664 5133 1787 5196 quoque

1044 5207 1237 5283 mandatum,
1254 5207 1376 5270 decreto
1393 5207 1453 5269 diei
1469 5223 1557 5270 xxxx.
1575 5209 1704 5272 ianuarii
1719 5227 1786 5274 cur·

1044 5303 1140 5364 rentis
1162 5301 1247 5376 anni,
1271 5301 1446 5380 adoptatum
1469 5301 1562 5364 luisse
1578 5309 1640 5363 tarn
1655 5319 1710 5381 pro
1726 5311 1786 5365 ter·

1044 5399 1085 5458 ris
1099 5395 1286 5458 Palatinatus
1301 5394 1458 5456 interioris
1474 5396 1509 5457 ad
1525 5401 1657 5458 tractum
1672 5396 1784 5473 Rheni,

1043 5506 1136 5569 quam
1158 5505 1213 5568 pro
1235 5489 1353 5568 reliqua
1375 5497 1437 5551 tota
1457 5505 1511 5550 sua
1538 5491 1665 5564 ditione,
1688 5507 1721 5552 ea
1744 5500 1786 5554 ta·

247 5589 425 5666 iampridem
440 5585 656 5666 acceperimus,
668 5591 771 5646 tamen
787 5583 823 5645 iis
840 5586 989 5647 hactenus
1015 5530 1017 5662 A
1043 5599 1116 5645 men
1137 5583 1272 5662 apposita
1294 5581 1483 5658 conditione,
1497 5585 1663 5661 parocbum
1684 5587 1787 5648 catho-

1082 5857 1111 5910 (Ξ)
1126 5859 1155 5900 tn
1171 5855 1251 5911 Epist.
1268 5853 1390 5898 Afrorum
1409 5853 1441 5898 ad
1461 5851 1625 5898 Theodorum
1647 5855 1742 5909 Papam
1758 5853 1785 5898 in

1040 5921 1133 5968 concil.
1151 5926 1270 5968 bateran.
1286 5921 1334 5966 sub
1349 5919 1463 5965 Martiuo
1477 5922 1496 5964 1.
1511 5921 1561 5964 act.
1576 5921 1597 5974 2,
1612 5921 1674 5964 tom.
1689 5921 1710 5974 d,
1725 5923 1786 5968 con·

1040 5991 1081 6036 cil.
1098 5990 1175 6037 Labb.
1191 6001 1249 6048 pag.
1266 5991 1304 6034 tto
1319 5990 1427 6034 inserta.

277 5856 313 5970 tm
329 5858 366 5900 Ex
387 5854 464 5900 editis
485 5855 678 5912 exemplaribus
699 5855 725 5900 in
747 5859 808 5913 Reg.
831 5858 887 5901 vat.
904 5867 988 5902 asser-

248 5933 276 5967 va
288 5935 318 5970 rs.
