<?xml version="1.0" encoding="UTF-8"?>
<!DOCTYPE html PUBLIC "-//W3C//DTD XHTML 1.0 Transitional//EN"
    "http://www.w3.org/TR/xhtml1/DTD/xhtml1-transitional.dtd">
<html xmlns="http://www.w3.org/1999/xhtml" xml:lang="en" lang="en">
 <head>
  <title>
</title>
<meta http-equiv="Content-Type" content="text/html;charset=utf-8" />
  <meta name='ocr-system' content='tesseract 3.04.00' />
  <meta name='ocr-capabilities' content='ocr_page ocr_carea ocr_par ocr_line ocrx_word'/>
</head>
<body>
  <div class='ocr_page' id='page_1' title='image "./iurispontificii00martgoog_0054.png"; bbox 0 0 4734 7004; ppageno 0'>
   <div class='ocr_carea' id='block_1_1' title="bbox 59 2729 105 2774">
    <p class='ocr_par' dir='ltr' id='par_1_1' title="bbox 59 2729 105 2774">
     <span class='ocr_line' id='line_1_1' title="bbox 59 2729 105 2774; baseline 0 0"><span class='ocrx_word' id='word_1_1' title='bbox 59 2729 105 2774; x_wconf 72' lang='lat' dir='ltr'><strong>calu</strong></span> 
     </span>
    </p>
   </div>
   <div class='ocr_carea' id='block_1_2' title="bbox 634 569 1139 620">
    <p class='ocr_par' dir='ltr' id='par_1_2' title="bbox 634 569 1139 620">
     <span class='ocr_line' id='line_1_2' title="bbox 634 569 1139 620; baseline -0.012 0"><span class='ocrx_word' id='word_1_2' title='bbox 634 591 646 620; x_wconf 76' lang='lat' dir='ltr'><strong>e</strong></span> <span class='ocrx_word' id='word_1_3' title='bbox 905 571 1047 618; x_wconf 71' lang='lat' dir='ltr'><strong>coenans</strong></span> <span class='ocrx_word' id='word_1_4' title='bbox 1069 569 1139 616; x_wconf 87' lang='lat' dir='ltr'><strong>xlrl.</strong></span> 
     </span>
    </p>
   </div>
   <div class='ocr_carea' id='block_1_3' title="bbox 247 689 997 2623">
    <p class='ocr_par' dir='ltr' id='par_1_3' title="bbox 247 689 995 1338">
     <span class='ocr_line' id='line_1_3' title="bbox 248 689 994 774; baseline -0.005 -20"><span class='ocrx_word' id='word_1_5' title='bbox 248 693 460 772; x_wconf 84' lang='lat' dir='ltr'><strong>praesentibus</strong></span> <span class='ocrx_word' id='word_1_6' title='bbox 481 711 536 773; x_wconf 92' lang='lat' dir='ltr'><strong>pro</strong></span> <span class='ocrx_word' id='word_1_7' title='bbox 564 695 716 774; x_wconf 81' lang='lat' dir='ltr'><strong>expressis</strong></span> <span class='ocrx_word' id='word_1_8' title='bbox 737 701 768 757; x_wconf 90' lang='lat' dir='ltr'><strong>et</strong></span> <span class='ocrx_word' id='word_1_9' title='bbox 795 691 921 755; x_wconf 90' lang='lat' dir='ltr'><strong>insertis</strong></span> <span class='ocrx_word' id='word_1_10' title='bbox 942 689 994 750; x_wconf 90' lang='lat' dir='ltr'><strong>ba·</strong></span> 
     </span>
     <span class='ocr_line' id='line_1_4' title="bbox 248 785 994 866; baseline 0 -18"><span class='ocrx_word' id='word_1_11' title='bbox 248 785 366 862; x_wconf 76' lang='lat' dir='ltr'><strong>bantus,</strong></span> <span class='ocrx_word' id='word_1_12' title='bbox 382 787 444 850; x_wconf 93' lang='lat' dir='ltr'><strong>illis</strong></span> <span class='ocrx_word' id='word_1_13' title='bbox 464 787 537 850; x_wconf 89' lang='lat' dir='ltr'><strong>alias</strong></span> <span class='ocrx_word' id='word_1_14' title='bbox 560 787 592 850; x_wconf 92' lang='lat' dir='ltr'><strong>in</strong></span> <span class='ocrx_word' id='word_1_15' title='bbox 613 803 669 850; x_wconf 92' lang='lat' dir='ltr'><strong>suo</strong></span> <span class='ocrx_word' id='word_1_16' title='bbox 685 788 795 850; x_wconf 82' lang='lat' dir='ltr'>robore</span> <span class='ocrx_word' id='word_1_17' title='bbox 813 801 994 866; x_wconf 89' lang='lat' dir='ltr'><strong>permansu-</strong></span> 
     </span>
     <span class='ocr_line' id='line_1_5' title="bbox 248 880 995 960; baseline 0 -18"><span class='ocrx_word' id='word_1_18' title='bbox 248 880 300 952; x_wconf 94' lang='lat' dir='ltr'><strong>ris,</strong></span> <span class='ocrx_word' id='word_1_19' title='bbox 331 880 481 944; x_wconf 90' lang='lat' dir='ltr'><strong>latissime</strong></span> <span class='ocrx_word' id='word_1_20' title='bbox 503 888 534 944; x_wconf 90' lang='lat' dir='ltr'><strong>et</strong></span> <span class='ocrx_word' id='word_1_21' title='bbox 555 881 734 960; x_wconf 91' lang='lat' dir='ltr'><strong>plenissime</strong></span> <span class='ocrx_word' id='word_1_22' title='bbox 755 883 792 944; x_wconf 91' lang='lat' dir='ltr'><strong>ad</strong></span> <span class='ocrx_word' id='word_1_23' title='bbox 813 881 995 960; x_wconf 90' lang='lat' dir='ltr'><strong>praemisso-</strong></span> 
     </span>
     <span class='ocr_line' id='line_1_6' title="bbox 248 974 994 1053; baseline 0 -17"><span class='ocrx_word' id='word_1_24' title='bbox 248 989 319 1036; x_wconf 93' lang='lat' dir='ltr'><strong>rum</strong></span> <span class='ocrx_word' id='word_1_25' title='bbox 340 975 501 1053; x_wconf 84' lang='lat' dir='ltr'><strong>ellectum,</strong></span> <span class='ocrx_word' id='word_1_26' title='bbox 525 977 668 1039; x_wconf 84' lang='lat' dir='ltr'><strong>bactrica</strong></span> <span class='ocrx_word' id='word_1_27' title='bbox 689 976 858 1050; x_wconf 79' lang='lat' dir='ltr'>dumtaxat,</span> <span class='ocrx_word' id='word_1_28' title='bbox 880 974 994 1053; x_wconf 92' lang='lat' dir='ltr'><strong>specia-</strong></span> 
     </span>
     <span class='ocr_line' id='line_1_7' title="bbox 248 1066 994 1148; baseline 0.001 -19"><span class='ocrx_word' id='word_1_29' title='bbox 248 1066 319 1130; x_wconf 88' lang='lat' dir='ltr'><strong>liter</strong></span> <span class='ocrx_word' id='word_1_30' title='bbox 338 1076 372 1129; x_wconf 90' lang='lat' dir='ltr'><strong>et</strong></span> <span class='ocrx_word' id='word_1_31' title='bbox 397 1085 559 1148; x_wconf 80' lang='lat' dir='ltr'><strong>expresse,</strong></span> <span class='ocrx_word' id='word_1_32' title='bbox 587 1085 644 1132; x_wconf 91' lang='lat' dir='ltr'><strong>nec</strong></span> <span class='ocrx_word' id='word_1_33' title='bbox 673 1085 738 1132; x_wconf 92' lang='lat' dir='ltr'><strong>non</strong></span> <span class='ocrx_word' id='word_1_34' title='bbox 768 1077 942 1148; x_wconf 78' lang='lat' dir='ltr'><strong>opportune</strong></span> <span class='ocrx_word' id='word_1_35' title='bbox 963 1073 994 1130; x_wconf 87' lang='lat' dir='ltr'><strong>et</strong></span> 
     </span>
     <span class='ocr_line' id='line_1_8' title="bbox 247 1160 995 1242; baseline 0.005 -21"><span class='ocrx_word' id='word_1_36' title='bbox 247 1160 359 1236; x_wconf 87' lang='lat' dir='ltr'><strong>ralide,</strong></span> <span class='ocrx_word' id='word_1_37' title='bbox 383 1172 472 1225; x_wconf 92' lang='lat' dir='ltr'><strong>motu</strong></span> <span class='ocrx_word' id='word_1_38' title='bbox 493 1164 559 1242; x_wconf 89' lang='lat' dir='ltr'><strong>pari</strong></span> <span class='ocrx_word' id='word_1_39' title='bbox 584 1163 781 1242; x_wconf 88' lang='lat' dir='ltr'><strong>derogamus,</strong></span> <span class='ocrx_word' id='word_1_40' title='bbox 803 1162 995 1241; x_wconf 89' lang='lat' dir='ltr'><strong>caeterisque</strong></span> 
     </span>
     <span class='ocr_line' id='line_1_9' title="bbox 248 1255 689 1338; baseline 0.007 -23"><span class='ocrx_word' id='word_1_41' title='bbox 248 1255 409 1318; x_wconf 86' lang='lat' dir='ltr'><strong>contrariis</strong></span> <span class='ocrx_word' id='word_1_42' title='bbox 429 1255 689 1338; x_wconf 91' lang='lat' dir='ltr'><strong>quibuscumque.</strong></span> 
     </span>
    </p>

    <p class='ocr_par' dir='ltr' id='par_1_4' title="bbox 247 1347 997 2623">
     <span class='ocr_line' id='line_1_10' title="bbox 286 1347 994 1429; baseline 0 -19"><span class='ocrx_word' id='word_1_43' title='bbox 286 1347 306 1424; x_wconf 69' lang='grc' dir='ltr'><strong>ἓ</strong></span> <span class='ocrx_word' id='word_1_44' title='bbox 329 1349 377 1410; x_wconf 89' lang='lat' dir='ltr'><strong>ll.</strong></span> <span class='ocrx_word' id='word_1_45' title='bbox 403 1349 552 1413; x_wconf 79' lang='lat' dir='ltr'><strong>Ceterum</strong></span> <span class='ocrx_word' id='word_1_46' title='bbox 567 1367 622 1429; x_wconf 92' lang='lat' dir='ltr'><strong>per</strong></span> <span class='ocrx_word' id='word_1_47' title='bbox 643 1350 947 1414; x_wconf 90' lang='lat' dir='ltr'><strong>dismembrationem</strong></span> <span class='ocrx_word' id='word_1_48' title='bbox 963 1355 994 1411; x_wconf 90' lang='lat' dir='ltr'><strong>et</strong></span> 
     </span>
     <span class='ocr_line' id='line_1_11' title="bbox 249 1442 995 1506; baseline -0.004 0"><span class='ocrx_word' id='word_1_49' title='bbox 249 1443 400 1506; x_wconf 91' lang='lat' dir='ltr'><strong>unionem</strong></span> <span class='ocrx_word' id='word_1_50' title='bbox 430 1443 610 1506; x_wconf 91' lang='lat' dir='ltr'><strong>huiusmodi</strong></span> <span class='ocrx_word' id='word_1_51' title='bbox 639 1444 785 1506; x_wconf 87' lang='lat' dir='ltr'><strong>volumus</strong></span> <span class='ocrx_word' id='word_1_52' title='bbox 806 1449 837 1505; x_wconf 91' lang='lat' dir='ltr'><strong>et</strong></span> <span class='ocrx_word' id='word_1_53' title='bbox 863 1442 995 1506; x_wconf 91' lang='lat' dir='ltr'><strong>declara·</strong></span> 
     </span>
     <span class='ocr_line' id='line_1_12' title="bbox 248 1535 995 1600; baseline -0.003 0"><span class='ocrx_word' id='word_1_54' title='bbox 248 1551 318 1600; x_wconf 90' lang='lat' dir='ltr'><strong>mus</strong></span> <span class='ocrx_word' id='word_1_55' title='bbox 339 1545 441 1598; x_wconf 87' lang='lat' dir='ltr'><strong>laxam</strong></span> <span class='ocrx_word' id='word_1_56' title='bbox 467 1537 628 1600; x_wconf 81' lang='lat' dir='ltr'><strong>fructuum</strong></span> <span class='ocrx_word' id='word_1_57' title='bbox 650 1535 831 1599; x_wconf 87' lang='lat' dir='ltr'><strong>monasterii</strong></span> <span class='ocrx_word' id='word_1_58' title='bbox 846 1537 995 1599; x_wconf 91' lang='lat' dir='ltr'><strong>secundo·</strong></span> 
     </span>
     <span class='ocr_line' id='line_1_13' title="bbox 248 1629 995 1708; baseline -0.003 -16"><span class='ocrx_word' id='word_1_59' title='bbox 248 1630 321 1692; x_wconf 88' lang='lat' dir='ltr'><strong>dicti</strong></span> <span class='ocrx_word' id='word_1_60' title='bbox 332 1630 365 1692; x_wconf 91' lang='lat' dir='ltr'><strong>in</strong></span> <span class='ocrx_word' id='word_1_61' title='bbox 381 1631 508 1692; x_wconf 91' lang='lat' dir='ltr'><strong>llorenis</strong></span> <span class='ocrx_word' id='word_1_62' title='bbox 522 1631 681 1708; x_wconf 87' lang='lat' dir='ltr'><strong>sexaginta</strong></span> <span class='ocrx_word' id='word_1_63' title='bbox 692 1646 745 1692; x_wconf 93' lang='lat' dir='ltr'><strong>sex</strong></span> <span class='ocrx_word' id='word_1_64' title='bbox 760 1629 828 1692; x_wconf 91' lang='lat' dir='ltr'><strong>auri</strong></span> <span class='ocrx_word' id='word_1_65' title='bbox 838 1645 909 1691; x_wconf 87' lang='lat' dir='ltr'><strong>curn</strong></span> <span class='ocrx_word' id='word_1_66' title='bbox 921 1630 995 1692; x_wconf 92' lang='lat' dir='ltr'><strong>duo·</strong></span> 
     </span>
     <span class='ocr_line' id='line_1_14' title="bbox 248 1721 995 1787; baseline -0.003 -3"><span class='ocrx_word' id='word_1_67' title='bbox 248 1723 304 1784; x_wconf 90' lang='lat' dir='ltr'><strong>bus</strong></span> <span class='ocrx_word' id='word_1_68' title='bbox 326 1723 427 1785; x_wconf 91' lang='lat' dir='ltr'><strong>tertiis</strong></span> <span class='ocrx_word' id='word_1_69' title='bbox 443 1724 573 1787; x_wconf 87' lang='lat' dir='ltr'><strong>alterius</strong></span> <span class='ocrx_word' id='word_1_70' title='bbox 588 1725 700 1786; x_wconf 91' lang='lat' dir='ltr'><strong>lloreui</strong></span> <span class='ocrx_word' id='word_1_71' title='bbox 721 1723 833 1784; x_wconf 92' lang='lat' dir='ltr'><strong>similis</strong></span> <span class='ocrx_word' id='word_1_72' title='bbox 855 1723 887 1783; x_wconf 93' lang='lat' dir='ltr'><strong>in</strong></span> <span class='ocrx_word' id='word_1_73' title='bbox 909 1721 995 1784; x_wconf 92' lang='lat' dir='ltr'><strong>libris</strong></span> 
     </span>
     <span class='ocr_line' id='line_1_15' title="bbox 249 1815 996 1895; baseline -0.004 -17"><span class='ocrx_word' id='word_1_74' title='bbox 249 1817 396 1878; x_wconf 79' lang='lat' dir='ltr'><strong>Gamerae</strong></span> <span class='ocrx_word' id='word_1_75' title='bbox 417 1817 609 1895; x_wconf 70' lang='lat' dir='ltr'><strong>apostolicae</strong></span> <span class='ocrx_word' id='word_1_76' title='bbox 630 1815 826 1894; x_wconf 76' lang='lat' dir='ltr'><strong>descriptam,</strong></span> <span class='ocrx_word' id='word_1_77' title='bbox 846 1831 945 1895; x_wconf 94' lang='lat' dir='ltr'><strong>quum</strong></span> <span class='ocrx_word' id='word_1_78' title='bbox 960 1815 996 1876; x_wconf 93' lang='lat' dir='ltr'><strong>il-</strong></span> 
     </span>
     <span class='ocr_line' id='line_1_16' title="bbox 247 1908 996 1988; baseline 0 -18"><span class='ocrx_word' id='word_1_79' title='bbox 247 1908 308 1971; x_wconf 91' lang='lat' dir='ltr'><strong>lius</strong></span> <span class='ocrx_word' id='word_1_80' title='bbox 337 1909 404 1971; x_wconf 90' lang='lat' dir='ltr'><strong>reri</strong></span> <span class='ocrx_word' id='word_1_81' title='bbox 426 1910 524 1972; x_wconf 90' lang='lat' dir='ltr'><strong>annui</strong></span> <span class='ocrx_word' id='word_1_82' title='bbox 554 1909 672 1972; x_wconf 91' lang='lat' dir='ltr'><strong>reditus</strong></span> <span class='ocrx_word' id='word_1_83' title='bbox 701 1908 794 1986; x_wconf 90' lang='lat' dir='ltr'><strong>lenge</strong></span> <span class='ocrx_word' id='word_1_84' title='bbox 821 1909 996 1988; x_wconf 86' lang='lat' dir='ltr'><strong>superiores</strong></span> 
     </span>
     <span class='ocr_line' id='line_1_17' title="bbox 247 2000 996 2081; baseline -0.003 -17"><span class='ocrx_word' id='word_1_85' title='bbox 247 2002 327 2077; x_wconf 90' lang='lat' dir='ltr'><strong>siut,</strong></span> <span class='ocrx_word' id='word_1_86' title='bbox 356 2009 392 2064; x_wconf 90' lang='lat' dir='ltr'><strong>ut</strong></span> <span class='ocrx_word' id='word_1_87' title='bbox 419 2004 610 2081; x_wconf 86' lang='lat' dir='ltr'><strong>accepimus,</strong></span> <span class='ocrx_word' id='word_1_88' title='bbox 644 2002 824 2065; x_wconf 92' lang='lat' dir='ltr'><strong>nullatenus</strong></span> <span class='ocrx_word' id='word_1_89' title='bbox 849 2000 996 2064; x_wconf 81' lang='lat' dir='ltr'><strong>imminui</strong></span> 
     </span>
     <span class='ocr_line' id='line_1_18' title="bbox 248 2095 997 2174; baseline 0.004 -19"><span class='ocrx_word' id='word_1_90' title='bbox 248 2095 299 2157; x_wconf 90' lang='lat' dir='ltr'><strong>rel</strong></span> <span class='ocrx_word' id='word_1_91' title='bbox 321 2095 482 2158; x_wconf 91' lang='lat' dir='ltr'><strong>immutari</strong></span> <span class='ocrx_word' id='word_1_92' title='bbox 503 2097 627 2158; x_wconf 90' lang='lat' dir='ltr'><strong>debere.</strong></span> <span class='ocrx_word' id='word_1_93' title='bbox 650 2096 751 2172; x_wconf 82' lang='lat' dir='ltr'><strong>Quoad</strong></span> <span class='ocrx_word' id='word_1_94' title='bbox 769 2111 862 2174; x_wconf 93' lang='lat' dir='ltr'><strong>quam</strong></span> <span class='ocrx_word' id='word_1_95' title='bbox 884 2095 997 2158; x_wconf 80' lang='lat' dir='ltr'><strong>volun·</strong></span> 
     </span>
     <span class='ocr_line' id='line_1_19' title="bbox 248 2188 996 2268; baseline 0 -18"><span class='ocrx_word' id='word_1_96' title='bbox 248 2196 345 2251; x_wconf 88' lang='lat' dir='ltr'><strong>tatem</strong></span> <span class='ocrx_word' id='word_1_97' title='bbox 367 2196 397 2251; x_wconf 89' lang='lat' dir='ltr'><strong>et</strong></span> <span class='ocrx_word' id='word_1_98' title='bbox 420 2189 660 2253; x_wconf 69' lang='lat' dir='ltr'><strong>declarationem</strong></span> <span class='ocrx_word' id='word_1_99' title='bbox 684 2188 831 2251; x_wconf 85' lang='lat' dir='ltr'><strong>volumus</strong></span> <span class='ocrx_word' id='word_1_100' title='bbox 852 2203 996 2268; x_wconf 89' lang='lat' dir='ltr'><strong>praesen-</strong></span> 
     </span>
     <span class='ocr_line' id='line_1_20' title="bbox 248 2280 996 2358; baseline 0 -16"><span class='ocrx_word' id='word_1_101' title='bbox 248 2287 313 2342; x_wconf 89' lang='lat' dir='ltr'><strong>tem</strong></span> <span class='ocrx_word' id='word_1_102' title='bbox 340 2287 478 2344; x_wconf 88' lang='lat' dir='ltr'><strong>nnstram</strong></span> <span class='ocrx_word' id='word_1_103' title='bbox 503 2281 602 2343; x_wconf 91' lang='lat' dir='ltr'><strong>selam</strong></span> <span class='ocrx_word' id='word_1_104' title='bbox 629 2281 822 2358; x_wconf 85' lang='lat' dir='ltr'><strong>signaturam</strong></span> <span class='ocrx_word' id='word_1_105' title='bbox 842 2280 996 2355; x_wconf 87' lang='lat' dir='ltr'><strong>sufficere,</strong></span> 
     </span>
     <span class='ocr_line' id='line_1_21' title="bbox 248 2373 996 2454; baseline -0.004 -18"><span class='ocrx_word' id='word_1_106' title='bbox 248 2384 278 2436; x_wconf 91' lang='lat' dir='ltr'><strong>et</strong></span> <span class='ocrx_word' id='word_1_107' title='bbox 299 2375 417 2454; x_wconf 90' lang='lat' dir='ltr'><strong>ubique</strong></span> <span class='ocrx_word' id='word_1_108' title='bbox 437 2375 530 2438; x_wconf 82' lang='lat' dir='ltr'><strong>fidem</strong></span> <span class='ocrx_word' id='word_1_109' title='bbox 553 2373 653 2438; x_wconf 86' lang='lat' dir='ltr'><strong>lacere</strong></span> <span class='ocrx_word' id='word_1_110' title='bbox 674 2375 708 2436; x_wconf 92' lang='lat' dir='ltr'><strong>in</strong></span> <span class='ocrx_word' id='word_1_111' title='bbox 729 2374 843 2436; x_wconf 90' lang='lat' dir='ltr'><strong>iudicio</strong></span> <span class='ocrx_word' id='word_1_112' title='bbox 864 2381 895 2436; x_wconf 88' lang='lat' dir='ltr'><strong>et</strong></span> <span class='ocrx_word' id='word_1_113' title='bbox 909 2379 996 2435; x_wconf 90' lang='lat' dir='ltr'><strong>extra</strong></span> 
     </span>
     <span class='ocr_line' id='line_1_22' title="bbox 248 2467 997 2548; baseline 0 -18"><span class='ocrx_word' id='word_1_114' title='bbox 248 2467 337 2544; x_wconf 91' lang='lat' dir='ltr'><strong>illud,</strong></span> <span class='ocrx_word' id='word_1_115' title='bbox 359 2467 468 2546; x_wconf 78' lang='lat' dir='ltr'><strong>regula</strong></span> <span class='ocrx_word' id='word_1_116' title='bbox 486 2483 684 2548; x_wconf 89' lang='lat' dir='ltr'><strong>quacumque</strong></span> <span class='ocrx_word' id='word_1_117' title='bbox 699 2468 850 2530; x_wconf 89' lang='lat' dir='ltr'><strong>contraria</strong></span> <span class='ocrx_word' id='word_1_118' title='bbox 866 2482 929 2530; x_wconf 92' lang='lat' dir='ltr'><strong>non</strong></span> <span class='ocrx_word' id='word_1_119' title='bbox 945 2467 997 2530; x_wconf 94' lang='lat' dir='ltr'><strong>ob·</strong></span> 
     </span>
     <span class='ocr_line' id='line_1_23' title="bbox 248 2569 361 2623; baseline -0.009 -1"><span class='ocrx_word' id='word_1_120' title='bbox 248 2569 361 2623; x_wconf 78' lang='lat' dir='ltr'><strong>stante.</strong></span> 
     </span>
    </p>
   </div>
   <div class='ocr_carea' id='block_1_4' title="bbox 80 2654 996 2733">
    <p class='ocr_par' dir='ltr' id='par_1_5' title="bbox 80 2654 996 2733">
     <span class='ocr_line' id='line_1_24' title="bbox 80 2654 996 2733; baseline -0.004 -13"><span class='ocrx_word' id='word_1_121' title='bbox 80 2673 158 2720; x_wconf 73' lang='lat' dir='ltr'><strong>asmo</strong></span> <span class='ocrx_word' id='word_1_122' title='bbox 174 2683 230 2729; x_wconf 72' lang='lat' dir='ltr'><strong>poa·</strong></span> <span class='ocrx_word' id='word_1_123' title='bbox 288 2657 378 2733; x_wconf 70' lang='lat'><strong>§1²-</strong></span> <span class='ocrx_word' id='word_1_124' title='bbox 403 2655 487 2720; x_wconf 87' lang='lat' dir='ltr'><strong>Nulli</strong></span> <span class='ocrx_word' id='word_1_125' title='bbox 513 2671 589 2733; x_wconf 88' lang='lat' dir='ltr'><strong>ergo</strong></span> <span class='ocrx_word' id='word_1_126' title='bbox 615 2656 746 2718; x_wconf 92' lang='lat' dir='ltr'><strong>omnino</strong></span> <span class='ocrx_word' id='word_1_127' title='bbox 773 2655 939 2718; x_wconf 89' lang='lat' dir='ltr'><strong>bominum</strong></span> <span class='ocrx_word' id='word_1_128' title='bbox 962 2654 996 2716; x_wconf 92' lang='lat' dir='ltr'><strong>li·</strong></span> 
     </span>
    </p>
   </div>
   <div class='ocr_carea' id='block_1_5' title="bbox 247 2748 997 4044">
    <p class='ocr_par' dir='ltr' id='par_1_6' title="bbox 247 2748 997 3654">
     <span class='ocr_line' id='line_1_25' title="bbox 248 2748 994 2831; baseline -0.008 -17"><span class='ocrx_word' id='word_1_129' title='bbox 248 2761 315 2814; x_wconf 88' lang='lat' dir='ltr'><strong>ccat</strong></span> <span class='ocrx_word' id='word_1_130' title='bbox 344 2751 486 2831; x_wconf 89' lang='lat' dir='ltr'><strong>paginam</strong></span> <span class='ocrx_word' id='word_1_131' title='bbox 518 2751 597 2814; x_wconf 89' lang='lat' dir='ltr'><strong>banc</strong></span> <span class='ocrx_word' id='word_1_132' title='bbox 626 2756 750 2812; x_wconf 90' lang='lat' dir='ltr'><strong>nostrae</strong></span> <span class='ocrx_word' id='word_1_133' title='bbox 778 2748 994 2824; x_wconf 85' lang='lat' dir='ltr'><strong>absolutionis,</strong></span> 
     </span>
     <span class='ocr_line' id='line_1_26' title="bbox 247 2841 995 2922; baseline -0.007 -16"><span class='ocrx_word' id='word_1_134' title='bbox 247 2843 463 2919; x_wconf 90' lang='lat' dir='ltr'><strong>seiunctionis,</strong></span> <span class='ocrx_word' id='word_1_135' title='bbox 474 2844 689 2922; x_wconf 86' lang='lat' dir='ltr'><strong>separationis,</strong></span> <span class='ocrx_word' id='word_1_136' title='bbox 703 2841 995 2918; x_wconf 86' lang='lat' dir='ltr'><strong>dismembrationis,</strong></span> 
     </span>
     <span class='ocr_line' id='line_1_27' title="bbox 250 2936 997 3015; baseline -0.005 -14"><span class='ocrx_word' id='word_1_137' title='bbox 250 2939 388 3012; x_wconf 90' lang='lat' dir='ltr'><strong>unionis,</strong></span> <span class='ocrx_word' id='word_1_138' title='bbox 412 2937 607 3012; x_wconf 86' lang='lat' dir='ltr'><strong>annexionis,</strong></span> <span class='ocrx_word' id='word_1_139' title='bbox 634 2936 901 3015; x_wconf 89' lang='lat' dir='ltr'><strong>incorporationis,</strong></span> <span class='ocrx_word' id='word_1_140' title='bbox 925 2951 997 2998; x_wconf 93' lang='lat' dir='ltr'><strong>con·</strong></span> 
     </span>
     <span class='ocr_line' id='line_1_28' title="bbox 248 3029 995 3110; baseline -0.005 -16"><span class='ocrx_word' id='word_1_141' title='bbox 248 3032 434 3106; x_wconf 90' lang='lat' dir='ltr'><strong>stitutionis,</strong></span> <span class='ocrx_word' id='word_1_142' title='bbox 444 3029 995 3110; x_wconf 89' lang='lat' dir='ltr'><strong>praecepti,maudati,exemptionis,</strong></span> 
     </span>
     <span class='ocr_line' id='line_1_29' title="bbox 250 3121 995 3200; baseline 0 -15"><span class='ocrx_word' id='word_1_143' title='bbox 250 3124 453 3199; x_wconf 86' lang='lat' dir='ltr'><strong>liberationis,</strong></span> <span class='ocrx_word' id='word_1_144' title='bbox 468 3124 596 3198; x_wconf 88' lang='lat' dir='ltr'><strong>decreti,</strong></span> <span class='ocrx_word' id='word_1_145' title='bbox 612 3121 820 3200; x_wconf 80' lang='lat' dir='ltr'><strong>derogationis</strong></span> <span class='ocrx_word' id='word_1_146' title='bbox 840 3131 871 3185; x_wconf 92' lang='lat' dir='ltr'><strong>et</strong></span> <span class='ocrx_word' id='word_1_147' title='bbox 886 3122 995 3185; x_wconf 91' lang='lat' dir='ltr'><strong>volun·</strong></span> 
     </span>
     <span class='ocr_line' id='line_1_30' title="bbox 249 3216 997 3293; baseline 0 -15"><span class='ocrx_word' id='word_1_148' title='bbox 249 3218 322 3279; x_wconf 85' lang='lat' dir='ltr'><strong>tatis</strong></span> <span class='ocrx_word' id='word_1_149' title='bbox 342 3216 528 3293; x_wconf 81' lang='lat' dir='ltr'><strong>intringere,</strong></span> <span class='ocrx_word' id='word_1_150' title='bbox 544 3216 638 3282; x_wconf 84' lang='lat' dir='ltr'><strong>nelei</strong></span> <span class='ocrx_word' id='word_1_151' title='bbox 653 3233 729 3278; x_wconf 91' lang='lat' dir='ltr'><strong>ausu</strong></span> <span class='ocrx_word' id='word_1_152' title='bbox 746 3217 910 3278; x_wconf 91' lang='lat' dir='ltr'><strong>temerario</strong></span> <span class='ocrx_word' id='word_1_153' title='bbox 925 3231 997 3278; x_wconf 93' lang='lat' dir='ltr'><strong>con-</strong></span> 
     </span>
     <span class='ocr_line' id='line_1_31' title="bbox 249 3308 997 3388; baseline -0.003 -16"><span class='ocrx_word' id='word_1_154' title='bbox 249 3311 353 3372; x_wconf 89' lang='lat' dir='ltr'><strong>traire.</strong></span> <span class='ocrx_word' id='word_1_155' title='bbox 385 3309 417 3374; x_wconf 91' lang='lat' dir='ltr'><strong>Si</strong></span> <span class='ocrx_word' id='word_1_156' title='bbox 438 3311 508 3388; x_wconf 89' lang='lat' dir='ltr'><strong>quis</strong></span> <span class='ocrx_word' id='word_1_157' title='bbox 528 3317 632 3372; x_wconf 91' lang='lat' dir='ltr'><strong>autem</strong></span> <span class='ocrx_word' id='word_1_158' title='bbox 658 3308 715 3371; x_wconf 93' lang='lat' dir='ltr'><strong>hoc</strong></span> <span class='ocrx_word' id='word_1_159' title='bbox 737 3316 890 3372; x_wconf 89' lang='lat' dir='ltr'><strong>attentare</strong></span> <span class='ocrx_word' id='word_1_160' title='bbox 910 3324 997 3386; x_wconf 84' lang='lat' dir='ltr'><strong>prae-</strong></span> 
     </span>
     <span class='ocr_line' id='line_1_32' title="bbox 247 3387 994 3481; baseline -0.003 -15"><span class='ocrx_word' id='word_1_161' title='bbox 247 3405 428 3481; x_wconf 89' lang='lat' dir='ltr'><strong>sumpserit,</strong></span> <span class='ocrx_word' id='word_1_162' title='bbox 437 3403 686 3480; x_wconf 82' lang='lat' dir='ltr'><strong>indignationem</strong></span> <span class='ocrx_word' id='word_1_163' title='bbox 699 3387 994 3480; x_wconf 73' lang='lat' dir='ltr'><strong>omnipotentisllei,</strong></span> 
     </span>
     <span class='ocr_line' id='line_1_33' title="bbox 247 3488 996 3574; baseline -0.001 -15"><span class='ocrx_word' id='word_1_164' title='bbox 247 3506 279 3560; x_wconf 91' lang='lat' dir='ltr'><strong>et</strong></span> <span class='ocrx_word' id='word_1_165' title='bbox 299 3497 357 3558; x_wconf 85' lang='lat' dir='ltr'><strong>llll.</strong></span> <span class='ocrx_word' id='word_1_166' title='bbox 372 3496 456 3559; x_wconf 87' lang='lat' dir='ltr'><strong>Petri</strong></span> <span class='ocrx_word' id='word_1_167' title='bbox 478 3503 508 3558; x_wconf 90' lang='lat' dir='ltr'><strong>et</strong></span> <span class='ocrx_word' id='word_1_168' title='bbox 530 3495 616 3558; x_wconf 85' lang='lat' dir='ltr'><strong>Pauli</strong></span> <span class='ocrx_word' id='word_1_169' title='bbox 635 3488 854 3574; x_wconf 77' lang='lat' dir='ltr'><strong>Apostolorum</strong></span> <span class='ocrx_word' id='word_1_170' title='bbox 869 3495 948 3571; x_wconf 92' lang='lat' dir='ltr'><strong>eius,</strong></span> <span class='ocrx_word' id='word_1_171' title='bbox 963 3511 996 3558; x_wconf 90' lang='lat' dir='ltr'><strong>se</strong></span> 
     </span>
     <span class='ocr_line' id='line_1_34' title="bbox 249 3590 609 3654; baseline -0.019 0"><span class='ocrx_word' id='word_1_172' title='bbox 249 3590 375 3654; x_wconf 79' lang='lat' dir='ltr'><strong>noverit</strong></span> <span class='ocrx_word' id='word_1_173' title='bbox 396 3591 609 3653; x_wconf 90' lang='lat' dir='ltr'><strong>incursurum.</strong></span> 
     </span>
    </p>

    <p class='ocr_par' dir='ltr' id='par_1_7' title="bbox 247 3681 996 4044">
     <span class='ocr_line' id='line_1_35' title="bbox 287 3681 995 3760; baseline -0.001 -15"><span class='ocrx_word' id='word_1_174' title='bbox 287 3683 402 3746; x_wconf 87' lang='lat' dir='ltr'><strong>Datum</strong></span> <span class='ocrx_word' id='word_1_175' title='bbox 421 3682 538 3744; x_wconf 83' lang='lat' dir='ltr'><strong>Itomae</strong></span> <span class='ocrx_word' id='word_1_176' title='bbox 558 3683 637 3760; x_wconf 92' lang='lat' dir='ltr'><strong>apud</strong></span> <span class='ocrx_word' id='word_1_177' title='bbox 659 3681 690 3746; x_wconf 90' lang='lat' dir='ltr'><strong>S.</strong></span> <span class='ocrx_word' id='word_1_178' title='bbox 708 3681 834 3744; x_wconf 83' lang='lat' dir='ltr'><strong>Mariam</strong></span> <span class='ocrx_word' id='word_1_179' title='bbox 849 3681 995 3745; x_wconf 86' lang='lat' dir='ltr'><strong>Maiorem</strong></span> 
     </span>
     <span class='ocr_line' id='line_1_36' title="bbox 248 3775 995 3841; baseline -0.004 0"><span class='ocrx_word' id='word_1_180' title='bbox 248 3794 331 3841; x_wconf 91' lang='lat' dir='ltr'><strong>anno</strong></span> <span class='ocrx_word' id='word_1_181' title='bbox 346 3775 570 3841; x_wconf 88' lang='lat' dir='ltr'><strong>lucarnationis</strong></span> <span class='ocrx_word' id='word_1_182' title='bbox 585 3775 757 3839; x_wconf 90' lang='lat' dir='ltr'><strong>dominicae</strong></span> <span class='ocrx_word' id='word_1_183' title='bbox 767 3775 936 3838; x_wconf 89' lang='lat' dir='ltr'><strong>millesimo</strong></span> <span class='ocrx_word' id='word_1_184' title='bbox 950 3792 995 3838; x_wconf 89' lang='lat' dir='ltr'><strong>se-</strong></span> 
     </span>
     <span class='ocr_line' id='line_1_37' title="bbox 247 3869 996 3953; baseline -0.001 -18"><span class='ocrx_word' id='word_1_185' title='bbox 247 3871 495 3953; x_wconf 87' lang='lat' dir='ltr'><strong>ptingentesimo</strong></span> <span class='ocrx_word' id='word_1_186' title='bbox 515 3870 706 3946; x_wconf 89' lang='lat' dir='ltr'><strong>sexagesimo</strong></span> <span class='ocrx_word' id='word_1_187' title='bbox 727 3877 835 3932; x_wconf 88' lang='lat' dir='ltr'><strong>octavo</strong></span> <span class='ocrx_word' id='word_1_188' title='bbox 850 3869 996 3934; x_wconf 85' lang='lat' dir='ltr'><strong>kalendas</strong></span> 
     </span>
     <span class='ocr_line' id='line_1_38' title="bbox 248 3962 863 4044; baseline -0.008 -17"><span class='ocrx_word' id='word_1_189' title='bbox 248 3965 335 4040; x_wconf 91' lang='lat' dir='ltr'><strong>maii,</strong></span> <span class='ocrx_word' id='word_1_190' title='bbox 357 3962 469 4044; x_wconf 84' lang='lat' dir='ltr'><strong>pontif.</strong></span> <span class='ocrx_word' id='word_1_191' title='bbox 494 3963 592 4025; x_wconf 87' lang='lat' dir='ltr'><strong>nostri</strong></span> <span class='ocrx_word' id='word_1_192' title='bbox 614 3977 697 4024; x_wconf 92' lang='lat' dir='ltr'><strong>anno</strong></span> <span class='ocrx_word' id='word_1_193' title='bbox 718 3964 863 4025; x_wconf 92' lang='lat' dir='ltr'><strong>secundo.</strong></span> 
     </span>
    </p>
   </div>
   <div class='ocr_carea' id='block_1_6' title="bbox 580 4621 648 4687">
    <p class='ocr_par' dir='ltr' id='par_1_8' title="bbox 580 4621 648 4687">
     <span class='ocr_line' id='line_1_39' title="bbox 580 4621 648 4687; baseline -0.088 1"><span class='ocrx_word' id='word_1_194' title='bbox 580 4621 648 4687; x_wconf 84' lang='lat' dir='ltr'><strong>XV.</strong></span> 
     </span>
    </p>
   </div>
   <div class='ocr_carea' id='block_1_7' title="bbox 245 4905 994 5536">
    <p class='ocr_par' dir='ltr' id='par_1_9' title="bbox 245 4905 994 5536">
     <span class='ocr_line' id='line_1_40' title="bbox 245 4905 994 4986; baseline -0.007 -16"><span class='ocrx_word' id='word_1_195' title='bbox 245 4907 422 4972; x_wconf 84' lang='lat' dir='ltr'><strong>Gnesnensi</strong></span> <span class='ocrx_word' id='word_1_196' title='bbox 459 4907 702 4986; x_wconf 69' lang='lat' dir='ltr'><strong>archiepiscopo</strong></span> <span class='ocrx_word' id='word_1_197' title='bbox 728 4921 785 4985; x_wconf 87' lang='lat' dir='ltr'><strong>per</strong></span> <span class='ocrx_word' id='word_1_198' title='bbox 809 4905 994 4985; x_wconf 75' lang='lat' dir='ltr'><strong>pontificias</strong></span> 
     </span>
     <span class='ocr_line' id='line_1_41' title="bbox 286 4997 993 5074; baseline -0.004 -12"><span class='ocrx_word' id='word_1_199' title='bbox 286 5001 428 5074; x_wconf 83' lang='lat' dir='ltr'><strong>litteras,</strong></span> <span class='ocrx_word' id='word_1_200' title='bbox 460 5003 497 5064; x_wconf 87' lang='lat' dir='ltr'><strong>de</strong></span> <span class='ocrx_word' id='word_1_201' title='bbox 521 4999 724 5065; x_wconf 79' lang='lat' dir='ltr'><strong>alternative</strong></span> <span class='ocrx_word' id='word_1_202' title='bbox 754 4998 925 5062; x_wconf 84' lang='lat' dir='ltr'><strong>cellatione</strong></span> <span class='ocrx_word' id='word_1_203' title='bbox 946 4997 993 5062; x_wconf 85' lang='lat' dir='ltr'><strong>ba·</strong></span> 
     </span>
     <span class='ocr_line' id='line_1_42' title="bbox 284 5091 990 5176; baseline -0.008 -18"><span class='ocrx_word' id='word_1_204' title='bbox 284 5097 483 5176; x_wconf 75' lang='lat' dir='ltr'><strong>reficiorenr,</strong></span> <span class='ocrx_word' id='word_1_205' title='bbox 497 5101 527 5158; x_wconf 88' lang='lat' dir='ltr'><strong>et</strong></span> <span class='ocrx_word' id='word_1_206' title='bbox 550 5095 586 5156; x_wconf 88' lang='lat' dir='ltr'><strong>da</strong></span> <span class='ocrx_word' id='word_1_207' title='bbox 607 5093 827 5157; x_wconf 75' lang='lat' dir='ltr'><strong>enucleatione</strong></span> <span class='ocrx_word' id='word_1_208' title='bbox 841 5091 882 5154; x_wconf 89' lang='lat' dir='ltr'><strong>ud</strong></span> <span class='ocrx_word' id='word_1_209' title='bbox 898 5092 990 5171; x_wconf 87' lang='lat' dir='ltr'><strong>qain-</strong></span> 
     </span>
     <span class='ocr_line' id='line_1_43' title="bbox 283 5184 993 5269; baseline -0.008 -17"><span class='ocrx_word' id='word_1_210' title='bbox 283 5207 344 5269; x_wconf 89' lang='lat' dir='ltr'><strong>qee</strong></span> <span class='ocrx_word' id='word_1_211' title='bbox 356 5188 592 5253; x_wconf 77' lang='lat' dir='ltr'><strong>cathedralium</strong></span> <span class='ocrx_word' id='word_1_212' title='bbox 608 5187 785 5267; x_wconf 78' lang='lat' dir='ltr'><strong>dignitates</strong></span> <span class='ocrx_word' id='word_1_213' title='bbox 796 5186 832 5248; x_wconf 84' lang='lat' dir='ltr'><strong>ie</strong></span> <span class='ocrx_word' id='word_1_214' title='bbox 842 5184 993 5248; x_wconf 85' lang='lat' dir='ltr'><strong>Poloet&#39;ee</strong></span> 
     </span>
     <span class='ocr_line' id='line_1_44' title="bbox 284 5280 989 5366; baseline -0.009 -20"><span class='ocrx_word' id='word_1_215' title='bbox 284 5284 403 5366; x_wconf 75' lang='lat' dir='ltr'><strong>Regno,</strong></span> <span class='ocrx_word' id='word_1_216' title='bbox 422 5284 508 5346; x_wconf 87' lang='lat' dir='ltr'><strong>datis</strong></span> <span class='ocrx_word' id='word_1_217' title='bbox 522 5281 797 5362; x_wconf 85' lang='lat' dir='ltr'><strong>postulationibus</strong></span> <span class='ocrx_word' id='word_1_218' title='bbox 815 5280 989 5358; x_wconf 84' lang='lat' dir='ltr'><strong>respondit,</strong></span> 
     </span>
     <span class='ocr_line' id='line_1_45' title="bbox 283 5374 993 5456; baseline -0.006 -16"><span class='ocrx_word' id='word_1_219' title='bbox 283 5378 520 5456; x_wconf 85' lang='lat' dir='ltr'><strong>nonnullasque</strong></span> <span class='ocrx_word' id='word_1_220' title='bbox 541 5377 625 5440; x_wconf 86' lang='lat' dir='ltr'><strong>alies</strong></span> <span class='ocrx_word' id='word_1_221' title='bbox 647 5374 878 5437; x_wconf 83' lang='lat' dir='ltr'><strong>ecclesiasticus</strong></span> <span class='ocrx_word' id='word_1_222' title='bbox 900 5390 993 5452; x_wconf 84' lang='lat' dir='ltr'><strong>qaae·</strong></span> 
     </span>
     <span class='ocr_line' id='line_1_46' title="bbox 282 5473 569 5536; baseline 0.003 -1"><span class='ocrx_word' id='word_1_223' title='bbox 282 5476 404 5536; x_wconf 84' lang='lat' dir='ltr'><strong>stiorres</strong></span> <span class='ocrx_word' id='word_1_224' title='bbox 425 5473 569 5536; x_wconf 86' lang='lat' dir='ltr'><strong>resoluit.</strong></span> 
     </span>
    </p>
   </div>
   <div class='ocr_carea' id='block_1_8' title="bbox 239 5701 992 6030">
    <p class='ocr_par' dir='ltr' id='par_1_10' title="bbox 239 5701 992 6030">
     <span class='ocr_line' id='line_1_47' title="bbox 282 5701 992 5761; baseline -0.004 -12"><span class='ocrx_word' id='word_1_225' title='bbox 282 5705 313 5761; x_wconf 77' lang='lat' dir='ltr'><strong>(ll</strong></span> <span class='ocrx_word' id='word_1_226' title='bbox 335 5708 406 5755; x_wconf 85' lang='lat' dir='ltr'><strong>Quae</strong></span> <span class='ocrx_word' id='word_1_227' title='bbox 426 5701 471 5747; x_wconf 89' lang='lat' dir='ltr'><strong>hic</strong></span> <span class='ocrx_word' id='word_1_228' title='bbox 491 5701 644 5748; x_wconf 85' lang='lat' dir='ltr'><strong>reseruntur</strong></span> <span class='ocrx_word' id='word_1_229' title='bbox 665 5703 758 5748; x_wconf 86' lang='lat' dir='ltr'><strong>Leonis</strong></span> <span class='ocrx_word' id='word_1_230' title='bbox 778 5705 806 5746; x_wconf 82' lang='lat' dir='ltr'><strong>X.</strong></span> <span class='ocrx_word' id='word_1_231' title='bbox 829 5703 855 5748; x_wconf 89' lang='lat' dir='ltr'><strong>et</strong></span> <span class='ocrx_word' id='word_1_232' title='bbox 876 5703 992 5747; x_wconf 81' lang='lat' dir='ltr'><strong>clemen·</strong></span> 
     </span>
     <span class='ocr_line' id='line_1_48' title="bbox 240 5768 991 5826; baseline -0.004 -10"><span class='ocrx_word' id='word_1_233' title='bbox 240 5770 275 5817; x_wconf 84' lang='lat' dir='ltr'><strong>tis</strong></span> <span class='ocrx_word' id='word_1_234' title='bbox 289 5775 343 5817; x_wconf 72' lang='lat' dir='ltr'><strong>Vll.</strong></span> <span class='ocrx_word' id='word_1_235' title='bbox 358 5771 468 5816; x_wconf 86' lang='lat' dir='ltr'><strong>ilttorae</strong></span> <span class='ocrx_word' id='word_1_236' title='bbox 482 5769 514 5814; x_wconf 89' lang='lat' dir='ltr'><strong>de</strong></span> <span class='ocrx_word' id='word_1_237' title='bbox 528 5781 595 5816; x_wconf 87' lang='lat' dir='ltr'><strong>nora</strong></span> <span class='ocrx_word' id='word_1_238' title='bbox 604 5769 744 5816; x_wconf 87' lang='lat' dir='ltr'><strong>collatione</strong></span> <span class='ocrx_word' id='word_1_239' title='bbox 753 5768 897 5826; x_wconf 85' lang='lat' dir='ltr'><strong>apostolica</strong></span> <span class='ocrx_word' id='word_1_240' title='bbox 907 5769 939 5814; x_wconf 86' lang='lat' dir='ltr'><strong>ad</strong></span> <span class='ocrx_word' id='word_1_241' title='bbox 950 5769 991 5813; x_wconf 89' lang='lat' dir='ltr'><strong>be-</strong></span> 
     </span>
     <span class='ocr_line' id='line_1_49' title="bbox 239 5834 990 5892; baseline -0.001 -9"><span class='ocrx_word' id='word_1_242' title='bbox 239 5838 399 5884; x_wconf 81' lang='lat' dir='ltr'><strong>neficiorum</strong></span> <span class='ocrx_word' id='word_1_243' title='bbox 413 5834 590 5891; x_wconf 85' lang='lat' dir='ltr'><strong>collationem,</strong></span> <span class='ocrx_word' id='word_1_244' title='bbox 601 5847 653 5882; x_wconf 91' lang='lat' dir='ltr'><strong>non</strong></span> <span class='ocrx_word' id='word_1_245' title='bbox 665 5836 837 5892; x_wconf 88' lang='lat' dir='ltr'><strong>reperiuntur</strong></span> <span class='ocrx_word' id='word_1_246' title='bbox 846 5835 990 5892; x_wconf 86' lang='lat' dir='ltr'><strong>impressae</strong></span> 
     </span>
     <span class='ocr_line' id='line_1_50' title="bbox 239 5902 989 5954; baseline 0 -4"><span class='ocrx_word' id='word_1_247' title='bbox 239 5906 267 5950; x_wconf 92' lang='lat' dir='ltr'><strong>in</strong></span> <span class='ocrx_word' id='word_1_248' title='bbox 282 5903 403 5951; x_wconf 76' lang='lat' dir='ltr'><strong>bullario</strong></span> <span class='ocrx_word' id='word_1_249' title='bbox 417 5902 565 5949; x_wconf 81' lang='lat' dir='ltr'><strong>Meinurdii.</strong></span> <span class='ocrx_word' id='word_1_250' title='bbox 581 5903 669 5954; x_wconf 88' lang='lat' dir='ltr'><strong>Quoad</strong></span> <span class='ocrx_word' id='word_1_251' title='bbox 683 5903 819 5948; x_wconf 80' lang='lat' dir='ltr'><strong>Rullianus</strong></span> <span class='ocrx_word' id='word_1_252' title='bbox 830 5902 857 5948; x_wconf 89' lang='lat' dir='ltr'><strong>in</strong></span> <span class='ocrx_word' id='word_1_253' title='bbox 869 5903 989 5950; x_wconf 74' lang='lat' dir='ltr'><strong>poloniae</strong></span> 
     </span>
     <span class='ocr_line' id='line_1_51' title="bbox 239 5969 990 6030; baseline -0.003 -13"><span class='ocrx_word' id='word_1_254' title='bbox 239 5973 340 6030; x_wconf 77' lang='lat' dir='ltr'><strong>Regale</strong></span> <span class='ocrx_word' id='word_1_255' title='bbox 358 5975 388 6017; x_wconf 88' lang='lat' dir='ltr'><strong>et</strong></span> <span class='ocrx_word' id='word_1_256' title='bbox 406 5970 503 6018; x_wconf 77' lang='lat' dir='ltr'><strong>Bassia</strong></span> <span class='ocrx_word' id='word_1_257' title='bbox 517 5971 637 6017; x_wconf 83' lang='lat' dir='ltr'><strong>Polonica</strong></span> <span class='ocrx_word' id='word_1_258' title='bbox 650 5971 747 6017; x_wconf 86' lang='lat' dir='ltr'><strong>adsunt</strong></span> <span class='ocrx_word' id='word_1_259' title='bbox 765 5970 870 6016; x_wconf 88' lang='lat' dir='ltr'><strong>constit.</strong></span> <span class='ocrx_word' id='word_1_260' title='bbox 886 5969 990 6016; x_wconf 85' lang='lat' dir='ltr'><strong>Benedi-</strong></span> 
     </span>
    </p>
   </div>
   <div class='ocr_carea' id='block_1_9' title="bbox 1735 539 2015 603">
    <p class='ocr_par' dir='ltr' id='par_1_11' title="bbox 1735 539 2015 603">
     <span class='ocr_line' id='line_1_52' title="bbox 1735 539 2015 603; baseline 0 -11"><span class='ocrx_word' id='word_1_261' title='bbox 1735 539 1774 603; x_wconf 72' lang='grc'><strong>47</strong></span> <span class='ocrx_word' id='word_1_262' title='bbox 1825 539 1879 592; x_wconf 81' lang='lat' dir='ltr'><strong>Au.</strong></span> <span class='ocrx_word' id='word_1_263' title='bbox 1893 539 1924 593; x_wconf 81' lang='lat'><strong>0.</strong></span> <span class='ocrx_word' id='word_1_264' title='bbox 1945 539 2015 592; x_wconf 83' lang='grc'>1760</span> 
     </span>
    </p>
   </div>
   <div class='ocr_carea' id='block_1_10' title="bbox 1104 705 1736 882">
    <p class='ocr_par' dir='ltr' id='par_1_12' title="bbox 1104 705 1736 882">
     <span class='ocr_line' id='line_1_53' title="bbox 1104 705 1736 791; baseline -0.011 -11"><span class='ocrx_word' id='word_1_265' title='bbox 1104 712 1178 782; x_wconf 79' lang='lat' dir='ltr'><strong>ven.</strong></span> <span class='ocrx_word' id='word_1_266' title='bbox 1201 711 1289 780; x_wconf 87' lang='lat' dir='ltr'><strong>tratri</strong></span> <span class='ocrx_word' id='word_1_267' title='bbox 1312 707 1477 777; x_wconf 81' lang='lat' dir='ltr'><strong>wladislao</strong></span> <span class='ocrx_word' id='word_1_268' title='bbox 1500 705 1736 791; x_wconf 79' lang='lat' dir='ltr'><strong>trclteptsaopo</strong></span> 
     </span>
     <span class='ocr_line' id='line_1_54' title="bbox 1329 801 1514 882; baseline -0.011 -12"><span class='ocrx_word' id='word_1_269' title='bbox 1329 801 1514 882; x_wconf 61' lang='lat' dir='ltr'><strong>dmum,</strong></span> 
     </span>
    </p>
   </div>
   <div class='ocr_carea' id='block_1_11' title="bbox 1239 973 1601 1046">
    <p class='ocr_par' dir='ltr' id='par_1_13' title="bbox 1239 973 1601 1046">
     <span class='ocr_line' id='line_1_55' title="bbox 1239 973 1601 1046; baseline -0.014 0"><span class='ocrx_word' id='word_1_270' title='bbox 1239 975 1425 1046; x_wconf 71' lang='lat' dir='ltr'><strong>clemens</strong></span> <span class='ocrx_word' id='word_1_271' title='bbox 1446 975 1506 1044; x_wconf 84' lang='lat' dir='ltr'><strong>PP.</strong></span> <span class='ocrx_word' id='word_1_272' title='bbox 1531 973 1601 1043; x_wconf 88' lang='grc' dir='ltr'><strong>ΧΙΙΙ.</strong></span> 
     </span>
    </p>
   </div>
   <div class='ocr_carea' id='block_1_12' title="bbox 1082 1152 1756 1334">
    <p class='ocr_par' dir='ltr' id='par_1_14' title="bbox 1082 1152 1756 1334">
     <span class='ocr_line' id='line_1_56' title="bbox 1262 1152 1581 1231; baseline -0.009 -10"><span class='ocrx_word' id='word_1_273' title='bbox 1262 1152 1451 1222; x_wconf 78' lang='lat' dir='ltr'><strong>Venerabilis</strong></span> <span class='ocrx_word' id='word_1_274' title='bbox 1473 1152 1581 1231; x_wconf 83' lang='lat' dir='ltr'><strong>trater,</strong></span> 
     </span>
     <span class='ocr_line' id='line_1_57' title="bbox 1082 1246 1756 1334; baseline -0.013 -15"><span class='ocrx_word' id='word_1_275' title='bbox 1082 1250 1210 1319; x_wconf 85' lang='lat' dir='ltr'><strong>salutern</strong></span> <span class='ocrx_word' id='word_1_276' title='bbox 1232 1255 1264 1318; x_wconf 87' lang='lat' dir='ltr'><strong>et</strong></span> <span class='ocrx_word' id='word_1_277' title='bbox 1285 1248 1481 1334; x_wconf 84' lang='lat' dir='ltr'><strong>apostolicam</strong></span> <span class='ocrx_word' id='word_1_278' title='bbox 1507 1246 1756 1314; x_wconf 80' lang='lat' dir='ltr'><strong>benedictionem.</strong></span> 
     </span>
    </p>
   </div>
   <div class='ocr_carea' id='block_1_13' title="bbox 1090 1438 2026 1540">
    <p class='ocr_par' dir='ltr' id='par_1_15' title="bbox 1090 1438 2026 1540">
     <span class='ocr_line' id='line_1_58' title="bbox 1090 1438 2026 1540; baseline -0.013 -35"><span class='ocrx_word' id='word_1_279' title='bbox 1090 1445 1108 1519; x_wconf 70' lang='grc' dir='ltr'><strong>ἓ</strong></span> <span class='ocrx_word' id='word_1_280' title='bbox 1132 1442 1159 1504; x_wconf 89' lang='lat' dir='ltr'><strong>l.</strong></span> <span class='ocrx_word' id='word_1_281' title='bbox 1176 1443 1261 1506; x_wconf 88' lang='lat' dir='ltr'><strong>inter</strong></span> <span class='ocrx_word' id='word_1_282' title='bbox 1276 1442 1474 1518; x_wconf 81' lang='lat' dir='ltr'><strong>gravissimas</strong></span> <span class='ocrx_word' id='word_1_283' title='bbox 1488 1458 1587 1516; x_wconf 89' lang='lat' dir='ltr'><strong>curas,</strong></span> <span class='ocrx_word' id='word_1_284' title='bbox 1599 1438 1711 1518; x_wconf 92' lang='lat' dir='ltr'><strong>quibus</strong></span> <span class='ocrx_word' id='word_1_285' title='bbox 1725 1453 1794 1516; x_wconf 86' lang='lat' dir='ltr'><strong>pre·</strong></span> <span class='ocrx_word' id='word_1_286' title='bbox 1812 1439 2026 1540; x_wconf 55' lang='lat' dir='ltr'><strong>mcfiugffissffissj</strong></span> 
     </span>
    </p>
   </div>
   <div class='ocr_carea' id='block_1_14' title="bbox 1050 1533 2026 1712">
    <p class='ocr_par' dir='ltr' id='par_1_16' title="bbox 1050 1533 2026 1712">
     <span class='ocr_line' id='line_1_59' title="bbox 1050 1533 2026 1646; baseline -0.007 -47"><span class='ocrx_word' id='word_1_287' title='bbox 1050 1539 1148 1599; x_wconf 89' lang='lat' dir='ltr'><strong>mitur</strong></span> <span class='ocrx_word' id='word_1_288' title='bbox 1170 1536 1332 1599; x_wconf 87' lang='lat' dir='ltr'><strong>infirmitas</strong></span> <span class='ocrx_word' id='word_1_289' title='bbox 1353 1543 1457 1598; x_wconf 86' lang='lat' dir='ltr'><strong>nostra</strong></span> <span class='ocrx_word' id='word_1_290' title='bbox 1478 1533 1703 1613; x_wconf 89' lang='lat' dir='ltr'><strong>subapastolici</strong></span> <span class='ocrx_word' id='word_1_291' title='bbox 1726 1547 1793 1594; x_wconf 95' lang='lat' dir='ltr'><strong>mu·</strong></span> <span class='ocrx_word' id='word_1_292' title='bbox 1812 1547 1907 1646; x_wconf 63' lang='lat' dir='ltr'><strong>praeoni</strong></span> <span class='ocrx_word' id='word_1_293' title='bbox 1934 1547 2026 1604; x_wconf 76' lang='lat' dir='ltr'><strong>poaru-</strong></span> 
     </span>
     <span class='ocr_line' id='line_1_60' title="bbox 1050 1599 2026 1712; baseline -0.005 -21"><span class='ocrx_word' id='word_1_294' title='bbox 1050 1631 1134 1693; x_wconf 89' lang='lat' dir='ltr'><strong>neris</strong></span> <span class='ocrx_word' id='word_1_295' title='bbox 1148 1631 1279 1705; x_wconf 89' lang='lat' dir='ltr'><strong>sarcina,</strong></span> <span class='ocrx_word' id='word_1_296' title='bbox 1292 1645 1355 1692; x_wconf 93' lang='lat' dir='ltr'><strong>non</strong></span> <span class='ocrx_word' id='word_1_297' title='bbox 1370 1629 1439 1691; x_wconf 89' lang='lat' dir='ltr'><strong>lere</strong></span> <span class='ocrx_word' id='word_1_298' title='bbox 1452 1627 1599 1691; x_wconf 88' lang='lat' dir='ltr'><strong>solatium</strong></span> <span class='ocrx_word' id='word_1_299' title='bbox 1613 1634 1671 1701; x_wconf 90' lang='lat' dir='ltr'><strong>est,</strong></span> <span class='ocrx_word' id='word_1_300' title='bbox 1685 1627 1710 1688; x_wconf 94' lang='lat' dir='ltr'><strong>si</strong></span> <span class='ocrx_word' id='word_1_301' title='bbox 1726 1641 1793 1704; x_wconf 94' lang='lat' dir='ltr'><strong>pos·</strong></span> <span class='ocrx_word' id='word_1_302' title='bbox 1813 1599 2026 1712; x_wconf 53' lang='lat' dir='ltr'><strong>,fflflssss&#39;ssssmfflss</strong></span> 
     </span>
    </p>
   </div>
   <div class='ocr_carea' id='block_1_15' title="bbox 1050 1705 1992 1802">
    <p class='ocr_par' dir='ltr' id='par_1_17' title="bbox 1050 1705 1992 1802">
     <span class='ocr_line' id='line_1_61' title="bbox 1050 1705 1992 1802; baseline -0.014 -16"><span class='ocrx_word' id='word_1_303' title='bbox 1050 1739 1157 1786; x_wconf 88' lang='lat' dir='ltr'><strong>sumus</strong></span> <span class='ocrx_word' id='word_1_304' title='bbox 1177 1723 1341 1802; x_wconf 92' lang='lat' dir='ltr'><strong>aliquando</strong></span> <span class='ocrx_word' id='word_1_305' title='bbox 1357 1723 1585 1786; x_wconf 85' lang='lat' dir='ltr'><strong>venerabilium</strong></span> <span class='ocrx_word' id='word_1_306' title='bbox 1607 1721 1739 1784; x_wconf 87' lang='lat' dir='ltr'><strong>iratrum</strong></span> <span class='ocrx_word' id='word_1_307' title='bbox 1756 1719 1792 1782; x_wconf 85' lang='lat' dir='ltr'><strong>E·</strong></span> <span class='ocrx_word' id='word_1_308' title='bbox 1813 1719 1839 1755; x_wconf 77' lang='lat'><strong>¹⁰</strong></span> <span class='ocrx_word' id='word_1_309' title='bbox 1853 1705 1992 1754; x_wconf 53' lang='lat' dir='ltr'><strong>“blumii</strong></span> 
     </span>
    </p>
   </div>
   <div class='ocr_carea' id='block_1_16' title="bbox 1048 1813 2029 5184">
    <p class='ocr_par' dir='ltr' id='par_1_18' title="bbox 1050 1813 1799 4700">
     <span class='ocr_line' id='line_1_62' title="bbox 1051 1813 1794 1896; baseline -0.005 -18"><span class='ocrx_word' id='word_1_310' title='bbox 1051 1817 1247 1896; x_wconf 91' lang='lat' dir='ltr'><strong>piscoporum</strong></span> <span class='ocrx_word' id='word_1_311' title='bbox 1269 1817 1428 1880; x_wconf 89' lang='lat' dir='ltr'><strong>desideriis</strong></span> <span class='ocrx_word' id='word_1_312' title='bbox 1445 1833 1595 1891; x_wconf 87' lang='lat' dir='ltr'><strong>annuere,</strong></span> <span class='ocrx_word' id='word_1_313' title='bbox 1609 1822 1639 1878; x_wconf 88' lang='lat' dir='ltr'><strong>et</strong></span> <span class='ocrx_word' id='word_1_314' title='bbox 1657 1813 1794 1878; x_wconf 90' lang='lat' dir='ltr'><strong>christia·</strong></span> 
     </span>
     <span class='ocr_line' id='line_1_63' title="bbox 1051 1910 1791 1992; baseline -0.008 -18"><span class='ocrx_word' id='word_1_315' title='bbox 1051 1911 1084 1974; x_wconf 93' lang='lat' dir='ltr'><strong>ni</strong></span> <span class='ocrx_word' id='word_1_316' title='bbox 1106 1911 1234 1974; x_wconf 91' lang='lat' dir='ltr'><strong>alicuius</strong></span> <span class='ocrx_word' id='word_1_317' title='bbox 1255 1913 1346 1989; x_wconf 87' lang='lat' dir='ltr'><strong>regni</strong></span> <span class='ocrx_word' id='word_1_318' title='bbox 1368 1911 1585 1992; x_wconf 85' lang='lat' dir='ltr'><strong>tranquillitati</strong></span> <span class='ocrx_word' id='word_1_319' title='bbox 1601 1910 1791 1990; x_wconf 90' lang='lat' dir='ltr'><strong>prospicere:</strong></span> 
     </span>
     <span class='ocr_line' id='line_1_64' title="bbox 1051 2005 1793 2076; baseline -0.008 -8"><span class='ocrx_word' id='word_1_320' title='bbox 1051 2008 1129 2069; x_wconf 88' lang='lat' dir='ltr'><strong>banc</strong></span> <span class='ocrx_word' id='word_1_321' title='bbox 1150 2008 1189 2069; x_wconf 92' lang='lat' dir='ltr'><strong>cb</strong></span> <span class='ocrx_word' id='word_1_322' title='bbox 1210 2022 1332 2069; x_wconf 91' lang='lat' dir='ltr'><strong>causam</strong></span> <span class='ocrx_word' id='word_1_323' title='bbox 1354 2006 1470 2069; x_wconf 90' lang='lat' dir='ltr'><strong>litteras</strong></span> <span class='ocrx_word' id='word_1_324' title='bbox 1488 2005 1689 2068; x_wconf 76' lang='lat' dir='ltr'><strong>fraternitatis</strong></span> <span class='ocrx_word' id='word_1_325' title='bbox 1712 2013 1793 2076; x_wconf 89' lang='lat' dir='ltr'><strong>tuae,</strong></span> 
     </span>
     <span class='ocr_line' id='line_1_65' title="bbox 1051 2097 1796 2178; baseline -0.003 -18"><span class='ocrx_word' id='word_1_326' title='bbox 1051 2100 1184 2162; x_wconf 90' lang='lat' dir='ltr'><strong>aliorum</strong></span> <span class='ocrx_word' id='word_1_327' title='bbox 1205 2116 1330 2178; x_wconf 90' lang='lat' dir='ltr'><strong>queque</strong></span> <span class='ocrx_word' id='word_1_328' title='bbox 1345 2100 1578 2178; x_wconf 81' lang='lat' dir='ltr'><strong>Episcoporum,</strong></span> <span class='ocrx_word' id='word_1_329' title='bbox 1594 2099 1646 2177; x_wconf 91' lang='lat' dir='ltr'><strong>qni</strong></span> <span class='ocrx_word' id='word_1_330' title='bbox 1668 2097 1747 2176; x_wconf 89' lang='lat' dir='ltr'><strong>apud</strong></span> <span class='ocrx_word' id='word_1_331' title='bbox 1764 2103 1796 2158; x_wconf 88' lang='lat' dir='ltr'><strong>te</strong></span> 
     </span>
     <span class='ocr_line' id='line_1_66' title="bbox 1052 2191 1794 2270; baseline -0.005 -15"><span class='ocrx_word' id='word_1_332' title='bbox 1052 2191 1794 2270; x_wconf 81' lang='lat' dir='ltr'><strong>convenerant,nomine,datasbenevelesicex·</strong></span> 
     </span>
     <span class='ocr_line' id='line_1_67' title="bbox 1052 2287 1794 2367; baseline -0.005 -17"><span class='ocrx_word' id='word_1_333' title='bbox 1052 2287 1193 2367; x_wconf 88' lang='lat' dir='ltr'><strong>cipimus,</strong></span> <span class='ocrx_word' id='word_1_334' title='bbox 1216 2287 1477 2366; x_wconf 89' lang='lat' dir='ltr'><strong>quemadmodum</strong></span> <span class='ocrx_word' id='word_1_335' title='bbox 1498 2287 1673 2350; x_wconf 91' lang='lat' dir='ltr'><strong>sollicitudo</strong></span> <span class='ocrx_word' id='word_1_336' title='bbox 1694 2291 1794 2346; x_wconf 84' lang='lat' dir='ltr'><strong>restra</strong></span> 
     </span>
     <span class='ocr_line' id='line_1_68' title="bbox 1054 2381 1796 2461; baseline -0.003 -19"><span class='ocrx_word' id='word_1_337' title='bbox 1054 2383 1084 2444; x_wconf 92' lang='lat' dir='ltr'><strong>in</strong></span> <span class='ocrx_word' id='word_1_338' title='bbox 1111 2381 1314 2452; x_wconf 87' lang='lat' dir='ltr'><strong>ecclesiastica</strong></span> <span class='ocrx_word' id='word_1_339' title='bbox 1340 2383 1498 2461; x_wconf 86' lang='lat' dir='ltr'><strong>disciplina</strong></span> <span class='ocrx_word' id='word_1_340' title='bbox 1527 2385 1702 2458; x_wconf 80' lang='lat' dir='ltr'><strong>retinenda,</strong></span> <span class='ocrx_word' id='word_1_341' title='bbox 1726 2395 1796 2458; x_wconf 91' lang='lat' dir='ltr'><strong>pro-</strong></span> 
     </span>
     <span class='ocr_line' id='line_1_69' title="bbox 1052 2481 1796 2561; baseline 0 -17"><span class='ocrx_word' id='word_1_342' title='bbox 1052 2483 1275 2561; x_wconf 87' lang='lat' dir='ltr'><strong>movendisque</strong></span> <span class='ocrx_word' id='word_1_343' title='bbox 1305 2481 1474 2545; x_wconf 93' lang='lat' dir='ltr'><strong>commodis</strong></span> <span class='ocrx_word' id='word_1_344' title='bbox 1500 2481 1633 2560; x_wconf 81' lang='lat' dir='ltr'><strong>inclytae</strong></span> <span class='ocrx_word' id='word_1_345' title='bbox 1662 2483 1796 2545; x_wconf 90' lang='lat' dir='ltr'><strong>nationis</strong></span> 
     </span>
     <span class='ocr_line' id='line_1_70' title="bbox 1052 2576 1797 2656; baseline 0.001 -18"><span class='ocrx_word' id='word_1_346' title='bbox 1052 2577 1089 2639; x_wconf 92' lang='lat' dir='ltr'><strong>de</strong></span> <span class='ocrx_word' id='word_1_347' title='bbox 1120 2576 1293 2656; x_wconf 81' lang='lat' dir='ltr'><strong>Apostolica</strong></span> <span class='ocrx_word' id='word_1_348' title='bbox 1325 2577 1402 2641; x_wconf 89' lang='lat' dir='ltr'><strong>Sede</strong></span> <span class='ocrx_word' id='word_1_349' title='bbox 1428 2577 1555 2654; x_wconf 90' lang='lat' dir='ltr'><strong>egregie</strong></span> <span class='ocrx_word' id='word_1_350' title='bbox 1583 2577 1712 2638; x_wconf 91' lang='lat' dir='ltr'><strong>meritae</strong></span> <span class='ocrx_word' id='word_1_351' title='bbox 1743 2592 1797 2655; x_wconf 91' lang='lat' dir='ltr'><strong>po-</strong></span> 
     </span>
     <span class='ocr_line' id='line_1_71' title="bbox 1052 2671 1795 2746; baseline 0 -14"><span class='ocrx_word' id='word_1_352' title='bbox 1052 2671 1164 2746; x_wconf 90' lang='lat' dir='ltr'><strong>scebat,</strong></span> <span class='ocrx_word' id='word_1_353' title='bbox 1188 2677 1219 2733; x_wconf 90' lang='lat' dir='ltr'><strong>et</strong></span> <span class='ocrx_word' id='word_1_354' title='bbox 1239 2671 1389 2734; x_wconf 89' lang='lat' dir='ltr'><strong>carissimi</strong></span> <span class='ocrx_word' id='word_1_355' title='bbox 1412 2671 1443 2733; x_wconf 92' lang='lat' dir='ltr'><strong>in</strong></span> <span class='ocrx_word' id='word_1_356' title='bbox 1471 2672 1594 2735; x_wconf 86' lang='lat' dir='ltr'><strong>Christo</strong></span> <span class='ocrx_word' id='word_1_357' title='bbox 1616 2671 1670 2734; x_wconf 85' lang='lat' dir='ltr'><strong>lilii</strong></span> <span class='ocrx_word' id='word_1_358' title='bbox 1699 2673 1795 2734; x_wconf 87' lang='lat' dir='ltr'><strong>nostri</strong></span> 
     </span>
     <span class='ocr_line' id='line_1_72' title="bbox 1052 2764 1795 2845; baseline 0.001 -19"><span class='ocrx_word' id='word_1_359' title='bbox 1052 2764 1195 2828; x_wconf 87' lang='lat' dir='ltr'><strong>Poloniae</strong></span> <span class='ocrx_word' id='word_1_360' title='bbox 1216 2765 1308 2842; x_wconf 86' lang='lat' dir='ltr'><strong>Regis</strong></span> <span class='ocrx_word' id='word_1_361' title='bbox 1320 2765 1417 2828; x_wconf 89' lang='lat' dir='ltr'><strong>olllcia</strong></span> <span class='ocrx_word' id='word_1_362' title='bbox 1440 2765 1548 2828; x_wconf 90' lang='lat' dir='ltr'><strong>iisdem</strong></span> <span class='ocrx_word' id='word_1_363' title='bbox 1570 2766 1711 2829; x_wconf 87' lang='lat' dir='ltr'><strong>adiuncta</strong></span> <span class='ocrx_word' id='word_1_364' title='bbox 1727 2781 1795 2845; x_wconf 86' lang='lat' dir='ltr'><strong>pro</strong></span> 
     </span>
     <span class='ocr_line' id='line_1_73' title="bbox 1052 2860 1796 2924; baseline 0.004 -3"><span class='ocrx_word' id='word_1_365' title='bbox 1052 2860 1265 2922; x_wconf 90' lang='lat' dir='ltr'><strong>merebantur.</strong></span> <span class='ocrx_word' id='word_1_366' title='bbox 1291 2860 1404 2922; x_wconf 90' lang='lat' dir='ltr'><strong>llirum</strong></span> <span class='ocrx_word' id='word_1_367' title='bbox 1426 2869 1530 2923; x_wconf 92' lang='lat' dir='ltr'><strong>autem</strong></span> <span class='ocrx_word' id='word_1_368' title='bbox 1545 2861 1645 2924; x_wconf 86' lang='lat' dir='ltr'><strong>rideri</strong></span> <span class='ocrx_word' id='word_1_369' title='bbox 1666 2877 1729 2924; x_wconf 92' lang='lat' dir='ltr'><strong>non</strong></span> <span class='ocrx_word' id='word_1_370' title='bbox 1746 2863 1796 2924; x_wconf 89' lang='lat' dir='ltr'><strong>de·</strong></span> 
     </span>
     <span class='ocr_line' id='line_1_74' title="bbox 1053 2952 1795 3033; baseline 0.001 -19"><span class='ocrx_word' id='word_1_371' title='bbox 1053 2953 1114 3029; x_wconf 88' lang='lat' dir='ltr'><strong>bct,</strong></span> <span class='ocrx_word' id='word_1_372' title='bbox 1136 2953 1160 3013; x_wconf 92' lang='lat' dir='ltr'><strong>si</strong></span> <span class='ocrx_word' id='word_1_373' title='bbox 1183 2952 1220 3014; x_wconf 91' lang='lat' dir='ltr'><strong>ab</strong></span> <span class='ocrx_word' id='word_1_374' title='bbox 1241 2969 1277 3014; x_wconf 93' lang='lat' dir='ltr'><strong>eo</strong></span> <span class='ocrx_word' id='word_1_375' title='bbox 1299 2961 1527 3033; x_wconf 72' lang='lat' dir='ltr'><strong>temporeque</strong></span> <span class='ocrx_word' id='word_1_376' title='bbox 1546 2956 1631 3018; x_wconf 88' lang='lat' dir='ltr'><strong>datae</strong></span> <span class='ocrx_word' id='word_1_377' title='bbox 1654 2953 1795 3029; x_wconf 89' lang='lat' dir='ltr'><strong>luerunt,</strong></span> 
     </span>
     <span class='ocr_line' id='line_1_75' title="bbox 1053 3047 1796 3127; baseline 0.004 -20"><span class='ocrx_word' id='word_1_378' title='bbox 1053 3047 1207 3125; x_wconf 88' lang='lat' dir='ltr'><strong>usquead</strong></span> <span class='ocrx_word' id='word_1_379' title='bbox 1229 3047 1308 3109; x_wconf 89' lang='lat' dir='ltr'><strong>banc</strong></span> <span class='ocrx_word' id='word_1_380' title='bbox 1335 3047 1416 3110; x_wconf 90' lang='lat' dir='ltr'><strong>diem</strong></span> <span class='ocrx_word' id='word_1_381' title='bbox 1439 3064 1623 3127; x_wconf 84' lang='lat' dir='ltr'><strong>responsum</strong></span> <span class='ocrx_word' id='word_1_382' title='bbox 1652 3057 1796 3110; x_wconf 89' lang='lat' dir='ltr'><strong>nostrum</strong></span> 
     </span>
     <span class='ocr_line' id='line_1_76' title="bbox 1052 3139 1796 3218; baseline 0 -15"><span class='ocrx_word' id='word_1_383' title='bbox 1052 3139 1245 3217; x_wconf 79' lang='lat' dir='ltr'><strong>distulimus3</strong></span> <span class='ocrx_word' id='word_1_384' title='bbox 1262 3156 1335 3203; x_wconf 92' lang='lat' dir='ltr'><strong>sane</strong></span> <span class='ocrx_word' id='word_1_385' title='bbox 1350 3157 1412 3203; x_wconf 92' lang='lat' dir='ltr'><strong>non</strong></span> <span class='ocrx_word' id='word_1_386' title='bbox 1430 3141 1584 3204; x_wconf 91' lang='lat' dir='ltr'><strong>inutiliter</strong></span> <span class='ocrx_word' id='word_1_387' title='bbox 1601 3143 1659 3204; x_wconf 90' lang='lat' dir='ltr'><strong>boc</strong></span> <span class='ocrx_word' id='word_1_388' title='bbox 1674 3146 1796 3218; x_wconf 91' lang='lat' dir='ltr'><strong>tempus</strong></span> 
     </span>
     <span class='ocr_line' id='line_1_77' title="bbox 1052 3231 1797 3313; baseline 0.004 -20"><span class='ocrx_word' id='word_1_389' title='bbox 1052 3231 1181 3307; x_wconf 87' lang='lat' dir='ltr'><strong>eiliuxit,</strong></span> <span class='ocrx_word' id='word_1_390' title='bbox 1198 3231 1278 3310; x_wconf 91' lang='lat' dir='ltr'><strong>quod</strong></span> <span class='ocrx_word' id='word_1_391' title='bbox 1301 3233 1511 3313; x_wconf 90' lang='lat' dir='ltr'><strong>impendimus</strong></span> <span class='ocrx_word' id='word_1_392' title='bbox 1524 3234 1605 3298; x_wconf 91' lang='lat' dir='ltr'><strong>serio</strong></span> <span class='ocrx_word' id='word_1_393' title='bbox 1625 3233 1797 3311; x_wconf 83' lang='lat' dir='ltr'><strong>cogitantes</strong></span> 
     </span>
     <span class='ocr_line' id='line_1_78' title="bbox 1051 3325 1798 3407; baseline 0.003 -20"><span class='ocrx_word' id='word_1_394' title='bbox 1051 3325 1090 3388; x_wconf 91' lang='lat' dir='ltr'><strong>de</strong></span> <span class='ocrx_word' id='word_1_395' title='bbox 1111 3341 1191 3387; x_wconf 87' lang='lat' dir='ltr'><strong>nora</strong></span> <span class='ocrx_word' id='word_1_396' title='bbox 1212 3327 1409 3389; x_wconf 86' lang='lat' dir='ltr'><strong>concessione</strong></span> <span class='ocrx_word' id='word_1_397' title='bbox 1430 3328 1607 3407; x_wconf 89' lang='lat' dir='ltr'><strong>apostolica,</strong></span> <span class='ocrx_word' id='word_1_398' title='bbox 1623 3328 1660 3391; x_wconf 92' lang='lat' dir='ltr'><strong>ad</strong></span> <span class='ocrx_word' id='word_1_399' title='bbox 1682 3329 1798 3391; x_wconf 82' lang='lat' dir='ltr'><strong>beneti-</strong></span> 
     </span>
     <span class='ocr_line' id='line_1_79' title="bbox 1051 3418 1797 3503; baseline 0.007 -22"><span class='ocrx_word' id='word_1_400' title='bbox 1051 3420 1170 3482; x_wconf 93' lang='lat' dir='ltr'><strong>ciorum</strong></span> <span class='ocrx_word' id='word_1_401' title='bbox 1200 3418 1398 3482; x_wconf 91' lang='lat' dir='ltr'><strong>collationem</strong></span> <span class='ocrx_word' id='word_1_402' title='bbox 1422 3420 1503 3500; x_wconf 93' lang='lat' dir='ltr'><strong>quod</strong></span> <span class='ocrx_word' id='word_1_403' title='bbox 1532 3423 1660 3499; x_wconf 87' lang='lat' dir='ltr'><strong>attinet,</strong></span> <span class='ocrx_word' id='word_1_404' title='bbox 1683 3425 1797 3503; x_wconf 87' lang='lat' dir='ltr'><strong>imper·</strong></span> 
     </span>
     <span class='ocr_line' id='line_1_80' title="bbox 1051 3514 1796 3594; baseline 0.009 -19"><span class='ocrx_word' id='word_1_405' title='bbox 1051 3514 1167 3588; x_wconf 92' lang='lat' dir='ltr'><strong>tienda,</strong></span> <span class='ocrx_word' id='word_1_406' title='bbox 1189 3529 1249 3592; x_wconf 88' lang='lat' dir='ltr'><strong>qua</strong></span> <span class='ocrx_word' id='word_1_407' title='bbox 1270 3514 1413 3592; x_wconf 88' lang='lat' dir='ltr'><strong>dignitati</strong></span> <span class='ocrx_word' id='word_1_408' title='bbox 1436 3515 1735 3594; x_wconf 73' lang='lat' dir='ltr'><strong>sedisapostolicae</strong></span> <span class='ocrx_word' id='word_1_409' title='bbox 1762 3535 1796 3582; x_wconf 91' lang='lat' dir='ltr'><strong>ac</strong></span> 
     </span>
     <span class='ocr_line' id='line_1_81' title="bbox 1051 3607 1794 3688; baseline 0.008 -20"><span class='ocrx_word' id='word_1_410' title='bbox 1051 3607 1144 3668; x_wconf 90' lang='lat' dir='ltr'><strong>simul</strong></span> <span class='ocrx_word' id='word_1_411' title='bbox 1174 3610 1395 3688; x_wconf 82' lang='lat' dir='ltr'><strong>Episcoporum</strong></span> <span class='ocrx_word' id='word_1_412' title='bbox 1424 3610 1542 3672; x_wconf 92' lang='lat' dir='ltr'><strong>iuribus</strong></span> <span class='ocrx_word' id='word_1_413' title='bbox 1567 3611 1794 3687; x_wconf 89' lang='lat' dir='ltr'><strong>consuleretur,</strong></span> 
     </span>
     <span class='ocr_line' id='line_1_82' title="bbox 1051 3704 1798 3782; baseline 0.003 -16"><span class='ocrx_word' id='word_1_414' title='bbox 1051 3712 1082 3766; x_wconf 91' lang='lat' dir='ltr'><strong>et</strong></span> <span class='ocrx_word' id='word_1_415' title='bbox 1102 3710 1339 3782; x_wconf 88' lang='lat' dir='ltr'><strong>amputarentur</strong></span> <span class='ocrx_word' id='word_1_416' title='bbox 1359 3719 1420 3765; x_wconf 90' lang='lat' dir='ltr'><strong>una</strong></span> <span class='ocrx_word' id='word_1_417' title='bbox 1442 3711 1564 3766; x_wconf 86' lang='lat' dir='ltr'><strong>veteres</strong></span> <span class='ocrx_word' id='word_1_418' title='bbox 1583 3704 1653 3767; x_wconf 90' lang='lat' dir='ltr'><strong>illae</strong></span> <span class='ocrx_word' id='word_1_419' title='bbox 1674 3715 1798 3768; x_wconf 90' lang='lat' dir='ltr'><strong>contro-</strong></span> 
     </span>
     <span class='ocr_line' id='line_1_83' title="bbox 1052 3795 1793 3874; baseline 0.004 -16"><span class='ocrx_word' id='word_1_420' title='bbox 1052 3797 1170 3858; x_wconf 86' lang='lat' dir='ltr'><strong>versiae</strong></span> <span class='ocrx_word' id='word_1_421' title='bbox 1196 3796 1315 3858; x_wconf 89' lang='lat' dir='ltr'><strong>duobus</strong></span> <span class='ocrx_word' id='word_1_422' title='bbox 1345 3795 1456 3858; x_wconf 88' lang='lat' dir='ltr'><strong>abbinc</strong></span> <span class='ocrx_word' id='word_1_423' title='bbox 1480 3797 1619 3873; x_wconf 87' lang='lat' dir='ltr'><strong>saeculis,</strong></span> <span class='ocrx_word' id='word_1_424' title='bbox 1642 3805 1673 3861; x_wconf 89' lang='lat' dir='ltr'><strong>et</strong></span> <span class='ocrx_word' id='word_1_425' title='bbox 1699 3799 1793 3874; x_wconf 88' lang='lat' dir='ltr'><strong>ultra,</strong></span> 
     </span>
     <span class='ocr_line' id='line_1_84' title="bbox 1051 3887 1796 3968; baseline 0.003 -16"><span class='ocrx_word' id='word_1_426' title='bbox 1051 3895 1186 3964; x_wconf 89' lang='lat' dir='ltr'><strong>exortae,</strong></span> <span class='ocrx_word' id='word_1_427' title='bbox 1209 3897 1301 3968; x_wconf 90' lang='lat' dir='ltr'><strong>atque</strong></span> <span class='ocrx_word' id='word_1_428' title='bbox 1322 3887 1421 3951; x_wconf 92' lang='lat' dir='ltr'><strong>adbuc</strong></span> <span class='ocrx_word' id='word_1_429' title='bbox 1441 3891 1583 3968; x_wconf 87' lang='lat' dir='ltr'><strong>vigentes</strong></span> <span class='ocrx_word' id='word_1_430' title='bbox 1604 3889 1643 3953; x_wconf 91' lang='lat' dir='ltr'><strong>de</strong></span> <span class='ocrx_word' id='word_1_431' title='bbox 1664 3891 1796 3954; x_wconf 89' lang='lat' dir='ltr'><strong>indultis</strong></span> 
     </span>
     <span class='ocr_line' id='line_1_85' title="bbox 1051 3981 1795 4048; baseline -0.001 0"><span class='ocrx_word' id='word_1_432' title='bbox 1051 3984 1256 4048; x_wconf 89' lang='lat' dir='ltr'><strong>Summarum</strong></span> <span class='ocrx_word' id='word_1_433' title='bbox 1267 3981 1453 4045; x_wconf 80' lang='lat' dir='ltr'><strong>Pontificum</strong></span> <span class='ocrx_word' id='word_1_434' title='bbox 1468 3985 1664 4047; x_wconf 86' lang='lat' dir='ltr'><strong>decessorum</strong></span> <span class='ocrx_word' id='word_1_435' title='bbox 1676 3995 1795 4048; x_wconf 90' lang='lat' dir='ltr'><strong>nostro-</strong></span> 
     </span>
     <span class='ocr_line' id='line_1_86' title="bbox 1051 4075 1796 4160; baseline 0.005 -22"><span class='ocrx_word' id='word_1_436' title='bbox 1051 4093 1123 4138; x_wconf 90' lang='lat' dir='ltr'><strong>rum</strong></span> <span class='ocrx_word' id='word_1_437' title='bbox 1144 4077 1256 4138; x_wconf 87' lang='lat' dir='ltr'><strong>Leonis</strong></span> <span class='ocrx_word' id='word_1_438' title='bbox 1278 4075 1316 4140; x_wconf 90' lang='lat' dir='ltr'><strong>ll.</strong></span> <span class='ocrx_word' id='word_1_439' title='bbox 1340 4084 1372 4138; x_wconf 90' lang='lat' dir='ltr'><strong>et</strong></span> <span class='ocrx_word' id='word_1_440' title='bbox 1393 4077 1563 4140; x_wconf 83' lang='lat' dir='ltr'><strong>Clementis</strong></span> <span class='ocrx_word' id='word_1_441' title='bbox 1584 4077 1647 4142; x_wconf 86' lang='lat' dir='ltr'><strong>vll.</strong></span> <span class='ocrx_word' id='word_1_442' title='bbox 1672 4079 1717 4160; x_wconf 92' lang='lat' dir='ltr'><strong>(l)</strong></span> <span class='ocrx_word' id='word_1_443' title='bbox 1739 4081 1796 4142; x_wconf 90' lang='lat' dir='ltr'><strong>boc</strong></span> 
     </span>
     <span class='ocr_line' id='line_1_87' title="bbox 1051 4169 1796 4252; baseline 0.007 -20"><span class='ocrx_word' id='word_1_444' title='bbox 1051 4170 1136 4232; x_wconf 92' lang='lat' dir='ltr'><strong>enim</strong></span> <span class='ocrx_word' id='word_1_445' title='bbox 1158 4169 1306 4249; x_wconf 90' lang='lat' dir='ltr'><strong>temporis</strong></span> <span class='ocrx_word' id='word_1_446' title='bbox 1325 4170 1422 4249; x_wconf 91' lang='lat' dir='ltr'><strong>spatio</strong></span> <span class='ocrx_word' id='word_1_447' title='bbox 1444 4171 1526 4234; x_wconf 87' lang='lat' dir='ltr'><strong>inter</strong></span> <span class='ocrx_word' id='word_1_448' title='bbox 1540 4172 1729 4252; x_wconf 83' lang='lat' dir='ltr'><strong>Apostolicae</strong></span> <span class='ocrx_word' id='word_1_449' title='bbox 1744 4173 1796 4238; x_wconf 89' lang='lat' dir='ltr'><strong>Se·</strong></span> 
     </span>
     <span class='ocr_line' id='line_1_88' title="bbox 1051 4262 1797 4347; baseline 0.009 -22"><span class='ocrx_word' id='word_1_450' title='bbox 1051 4263 1097 4325; x_wconf 91' lang='lat' dir='ltr'><strong>dis</strong></span> <span class='ocrx_word' id='word_1_451' title='bbox 1124 4262 1338 4339; x_wconf 89' lang='lat' dir='ltr'><strong>administros,</strong></span> <span class='ocrx_word' id='word_1_452' title='bbox 1372 4272 1555 4344; x_wconf 88' lang='lat' dir='ltr'><strong>restrosque</strong></span> <span class='ocrx_word' id='word_1_453' title='bbox 1583 4276 1797 4347; x_wconf 89' lang='lat' dir='ltr'><strong>procuratores</strong></span> 
     </span>
     <span class='ocr_line' id='line_1_89' title="bbox 1052 4356 1795 4437; baseline 0.009 -19"><span class='ocrx_word' id='word_1_454' title='bbox 1052 4358 1092 4418; x_wconf 92' lang='lat' dir='ltr'><strong>ita</strong></span> <span class='ocrx_word' id='word_1_455' title='bbox 1114 4357 1258 4431; x_wconf 92' lang='lat' dir='ltr'><strong>discussa,</strong></span> <span class='ocrx_word' id='word_1_456' title='bbox 1281 4356 1472 4437; x_wconf 78' lang='lat' dir='ltr'><strong>feliciterque</strong></span> <span class='ocrx_word' id='word_1_457' title='bbox 1494 4368 1644 4424; x_wconf 88' lang='lat' dir='ltr'><strong>transacta</strong></span> <span class='ocrx_word' id='word_1_458' title='bbox 1667 4379 1716 4425; x_wconf 92' lang='lat' dir='ltr'><strong>res</strong></span> <span class='ocrx_word' id='word_1_459' title='bbox 1736 4369 1795 4437; x_wconf 87' lang='lat' dir='ltr'><strong>est,</strong></span> 
     </span>
     <span class='ocr_line' id='line_1_90' title="bbox 1051 4450 1797 4534; baseline 0.005 -20"><span class='ocrx_word' id='word_1_460' title='bbox 1051 4459 1087 4514; x_wconf 90' lang='lat' dir='ltr'><strong>ut</strong></span> <span class='ocrx_word' id='word_1_461' title='bbox 1114 4450 1317 4512; x_wconf 82' lang='lat' dir='ltr'><strong>fraternitatis</strong></span> <span class='ocrx_word' id='word_1_462' title='bbox 1344 4458 1416 4514; x_wconf 92' lang='lat' dir='ltr'><strong>tuae</strong></span> <span class='ocrx_word' id='word_1_463' title='bbox 1446 4452 1641 4534; x_wconf 89' lang='lat' dir='ltr'><strong>aliorumque</strong></span> <span class='ocrx_word' id='word_1_464' title='bbox 1668 4455 1797 4519; x_wconf 79' lang='lat' dir='ltr'><strong>Antisti·</strong></span> 
     </span>
     <span class='ocr_line' id='line_1_91' title="bbox 1050 4543 1799 4614; baseline 0.009 -8"><span class='ocrx_word' id='word_1_465' title='bbox 1050 4551 1120 4606; x_wconf 90' lang='lat' dir='ltr'><strong>tum</strong></span> <span class='ocrx_word' id='word_1_466' title='bbox 1140 4544 1220 4606; x_wconf 88' lang='lat' dir='ltr'><strong>rotis</strong></span> <span class='ocrx_word' id='word_1_467' title='bbox 1246 4543 1318 4606; x_wconf 86' lang='lat' dir='ltr'><strong>satis</strong></span> <span class='ocrx_word' id='word_1_468' title='bbox 1345 4561 1401 4607; x_wconf 93' lang='lat' dir='ltr'><strong>nos</strong></span> <span class='ocrx_word' id='word_1_469' title='bbox 1426 4544 1533 4609; x_wconf 88' lang='lat' dir='ltr'><strong>iecisse</strong></span> <span class='ocrx_word' id='word_1_470' title='bbox 1556 4548 1669 4611; x_wconf 89' lang='lat' dir='ltr'><strong>merito</strong></span> <span class='ocrx_word' id='word_1_471' title='bbox 1694 4549 1799 4614; x_wconf 92' lang='lat' dir='ltr'><strong>existi-</strong></span> 
     </span>
     <span class='ocr_line' id='line_1_92' title="bbox 1050 4653 1183 4700; baseline -0.023 -1"><span class='ocrx_word' id='word_1_472' title='bbox 1050 4653 1183 4700; x_wconf 91' lang='lat' dir='ltr'><strong>memus.</strong></span> 
     </span>
    </p>

    <p class='ocr_par' dir='ltr' id='par_1_19' title="bbox 1048 4731 2029 5184">
     <span class='ocr_line' id='line_1_93' title="bbox 1089 4731 2028 4836; baseline 0.006 -42"><span class='ocrx_word' id='word_1_473' title='bbox 1089 4733 1108 4806; x_wconf 67' lang='grc' dir='ltr'><strong>ἓ</strong></span> <span class='ocrx_word' id='word_1_474' title='bbox 1129 4731 1158 4794; x_wconf 74' lang='lat'><strong>2.</strong></span> <span class='ocrx_word' id='word_1_475' title='bbox 1184 4731 1354 4810; x_wconf 89' lang='lat' dir='ltr'><strong>Siquidem,</strong></span> <span class='ocrx_word' id='word_1_476' title='bbox 1370 4731 1451 4812; x_wconf 93' lang='lat' dir='ltr'><strong>quod</strong></span> <span class='ocrx_word' id='word_1_477' title='bbox 1468 4733 1606 4812; x_wconf 92' lang='lat' dir='ltr'><strong>primum</strong></span> <span class='ocrx_word' id='word_1_478' title='bbox 1627 4744 1692 4798; x_wconf 89' lang='lat' dir='ltr'><strong>erat</strong></span> <span class='ocrx_word' id='word_1_479' title='bbox 1713 4736 1797 4800; x_wconf 88' lang='lat' dir='ltr'><strong>litte·</strong></span> <span class='ocrx_word' id='word_1_480' title='bbox 1814 4736 2028 4836; x_wconf 50' lang='lat' dir='ltr'><strong>g’elrraluumflle</strong></span> 
     </span>
     <span class='ocr_line' id='line_1_94' title="bbox 1048 4801 2029 4906; baseline 0.003 -19"><span class='ocrx_word' id='word_1_481' title='bbox 1048 4840 1155 4888; x_wconf 88' lang='lat' dir='ltr'><strong>rarum</strong></span> <span class='ocrx_word' id='word_1_482' title='bbox 1186 4833 1309 4887; x_wconf 88' lang='lat' dir='ltr'><strong>tuarum</strong></span> <span class='ocrx_word' id='word_1_483' title='bbox 1335 4833 1444 4905; x_wconf 89' lang='lat' dir='ltr'><strong>caput,</strong></span> <span class='ocrx_word' id='word_1_484' title='bbox 1467 4834 1649 4906; x_wconf 89' lang='lat' dir='ltr'><strong>perpetuam</strong></span> <span class='ocrx_word' id='word_1_485' title='bbox 1670 4829 1795 4894; x_wconf 89' lang='lat' dir='ltr'><strong>laculta-</strong></span> <span class='ocrx_word' id='word_1_486' title='bbox 1813 4801 2029 4900; x_wconf 57' lang='lat' dir='ltr'><strong>sc‘iq‘r&#39;ffi‘r&#39;tnu&#39;i&#39;x&#39;a</strong></span> 
     </span>
     <span class='ocr_line' id='line_1_95' title="bbox 1050 4895 2028 4997; baseline 0.007 -17"><span class='ocrx_word' id='word_1_487' title='bbox 1050 4927 1113 4980; x_wconf 90' lang='lat' dir='ltr'><strong>tem</strong></span> <span class='ocrx_word' id='word_1_488' title='bbox 1135 4918 1290 4997; x_wconf 82' lang='lat' dir='ltr'><strong>Episcopis</strong></span> <span class='ocrx_word' id='word_1_489' title='bbox 1312 4919 1481 4983; x_wconf 90' lang='lat' dir='ltr'><strong>concedere</strong></span> <span class='ocrx_word' id='word_1_490' title='bbox 1506 4923 1671 4985; x_wconf 90' lang='lat' dir='ltr'><strong>statuimus</strong></span> <span class='ocrx_word' id='word_1_491' title='bbox 1693 4924 1795 4987; x_wconf 89' lang='lat' dir='ltr'><strong>conle-</strong></span> <span class='ocrx_word' id='word_1_492' title='bbox 1813 4895 2028 4996; x_wconf 53' lang='grc' dir='ltr'><strong>ῗὲιῖἓῦἓῶξίἲξῗ</strong></span> 
     </span>
     <span class='ocr_line' id='line_1_96' title="bbox 1048 5003 2029 5104; baseline 0.008 -31"><span class='ocrx_word' id='word_1_493' title='bbox 1048 5012 1136 5074; x_wconf 92' lang='lat' dir='ltr'><strong>rendi</strong></span> <span class='ocrx_word' id='word_1_494' title='bbox 1158 5011 1285 5074; x_wconf 89' lang='lat' dir='ltr'><strong>alternis</strong></span> <span class='ocrx_word' id='word_1_495' title='bbox 1307 5013 1465 5076; x_wconf 89' lang='lat' dir='ltr'><strong>mensibus</strong></span> <span class='ocrx_word' id='word_1_496' title='bbox 1480 5030 1514 5076; x_wconf 90' lang='lat' dir='ltr'><strong>ea</strong></span> <span class='ocrx_word' id='word_1_497' title='bbox 1529 5015 1728 5080; x_wconf 88' lang='lat' dir='ltr'><strong>ecclesiastica</strong></span> <span class='ocrx_word' id='word_1_498' title='bbox 1743 5019 1795 5081; x_wconf 91' lang='lat' dir='ltr'><strong>be·</strong></span> <span class='ocrx_word' id='word_1_499' title='bbox 1813 5003 2029 5104; x_wconf 55' lang='grc' dir='ltr'><strong>ξῇῐῖξξξξᾞὲξὲῐ</strong></span> 
     </span>
     <span class='ocr_line' id='line_1_97' title="bbox 1048 5103 2027 5184; baseline 0.009 -20"><span class='ocrx_word' id='word_1_500' title='bbox 1048 5103 1168 5178; x_wconf 84' lang='lat' dir='ltr'><strong>palicia,</strong></span> <span class='ocrx_word' id='word_1_501' title='bbox 1182 5118 1316 5181; x_wconf 91' lang='lat' dir='ltr'><strong>quorum</strong></span> <span class='ocrx_word' id='word_1_502' title='bbox 1331 5103 1452 5167; x_wconf 83' lang='lat' dir='ltr'><strong>collatio</strong></span> <span class='ocrx_word' id='word_1_503' title='bbox 1469 5114 1500 5167; x_wconf 90' lang='lat' dir='ltr'><strong>et</strong></span> <span class='ocrx_word' id='word_1_504' title='bbox 1516 5107 1658 5184; x_wconf 81' lang='lat' dir='ltr'><strong>provisio,</strong></span> <span class='ocrx_word' id='word_1_505' title='bbox 1675 5125 1796 5172; x_wconf 87' lang='lat' dir='ltr'><strong>cessan—</strong></span> <span class='ocrx_word' id='word_1_506' title='bbox 1814 5110 1919 5157; x_wconf 79' lang='lat' dir='ltr'><strong>minime</strong></span> <span class='ocrx_word' id='word_1_507' title='bbox 1943 5121 2027 5158; x_wconf 74' lang='lat' dir='ltr'><strong>reser-</strong></span> 
     </span>
    </p>
   </div>
   <div class='ocr_carea' id='block_1_17' title="bbox 1050 5168 2028 5318">
    <p class='ocr_par' dir='ltr' id='par_1_20' title="bbox 1050 5168 2028 5318">
     <span class='ocr_line' id='line_1_98' title="bbox 1050 5168 2028 5318; baseline 0.007 -62"><span class='ocrx_word' id='word_1_508' title='bbox 1050 5195 1130 5258; x_wconf 86' lang='lat' dir='ltr'><strong>tibus</strong></span> <span class='ocrx_word' id='word_1_509' title='bbox 1152 5195 1349 5273; x_wconf 89' lang='lat' dir='ltr'><strong>generalibus</strong></span> <span class='ocrx_word' id='word_1_510' title='bbox 1370 5205 1462 5276; x_wconf 90' lang='lat' dir='ltr'><strong>atque</strong></span> <span class='ocrx_word' id='word_1_511' title='bbox 1483 5200 1667 5278; x_wconf 88' lang='lat' dir='ltr'><strong>specialibus</strong></span> <span class='ocrx_word' id='word_1_512' title='bbox 1696 5219 1794 5266; x_wconf 87' lang='lat' dir='ltr'><strong>reser·</strong></span> <span class='ocrx_word' id='word_1_513' title='bbox 1813 5168 2028 5318; x_wconf 55' lang='lat' dir='ltr'><strong>IIIIIII&#39;quIII</strong></span> 
     </span>
    </p>
   </div>
   <div class='ocr_carea' id='block_1_18' title="bbox 1049 5270 2028 5424">
    <p class='ocr_par' dir='ltr' id='par_1_21' title="bbox 1049 5270 2028 5424">
     <span class='ocr_line' id='line_1_99' title="bbox 1049 5270 2028 5424; baseline 0.012 -76"><span class='ocrx_word' id='word_1_514' title='bbox 1049 5287 1224 5352; x_wconf 83' lang='lat' dir='ltr'><strong>rationibus</strong></span> <span class='ocrx_word' id='word_1_515' title='bbox 1252 5291 1441 5370; x_wconf 86' lang='lat' dir='ltr'><strong>apostolicis,</strong></span> <span class='ocrx_word' id='word_1_516' title='bbox 1468 5307 1525 5354; x_wconf 89' lang='lat' dir='ltr'><strong>nec</strong></span> <span class='ocrx_word' id='word_1_517' title='bbox 1554 5309 1616 5356; x_wconf 94' lang='lat' dir='ltr'><strong>non</strong></span> <span class='ocrx_word' id='word_1_518' title='bbox 1645 5294 1794 5372; x_wconf 89' lang='lat' dir='ltr'><strong>legitimis</strong></span> <span class='ocrx_word' id='word_1_519' title='bbox 1812 5270 2028 5424; x_wconf 53' lang='lat' dir='ltr'><strong>{fflfflfflj</strong></span> 
     </span>
    </p>
   </div>
   <div class='ocr_carea' id='block_1_19' title="bbox 1047 5359 2028 5559">
    <p class='ocr_par' dir='ltr' id='par_1_22' title="bbox 1047 5359 2028 5559">
     <span class='ocr_line' id='line_1_100' title="bbox 1048 5359 2028 5489; baseline 0.002 -47"><span class='ocrx_word' id='word_1_520' title='bbox 1048 5389 1228 5459; x_wconf 89' lang='lat' dir='ltr'><strong>patronatus</strong></span> <span class='ocrx_word' id='word_1_521' title='bbox 1251 5383 1382 5457; x_wconf 84' lang='lat' dir='ltr'><strong>iuribus,</strong></span> <span class='ocrx_word' id='word_1_522' title='bbox 1399 5384 1634 5448; x_wconf 76' lang='lat' dir='ltr'><strong>ordinariorum</strong></span> <span class='ocrx_word' id='word_1_523' title='bbox 1650 5390 1792 5466; x_wconf 86' lang='lat' dir='ltr'><strong>potestati</strong></span> <span class='ocrx_word' id='word_1_524' title='bbox 1813 5359 2028 5489; x_wconf 51' lang='lat' dir='ltr'><strong>rssffi‘ggflielffij</strong></span> 
     </span>
     <span class='ocr_line' id='line_1_101' title="bbox 1047 5477 2027 5559; baseline 0.002 -21"><span class='ocrx_word' id='word_1_525' title='bbox 1047 5477 1139 5538; x_wconf 91' lang='lat' dir='ltr'><strong>certis</strong></span> <span class='ocrx_word' id='word_1_526' title='bbox 1151 5477 1225 5539; x_wconf 91' lang='lat' dir='ltr'><strong>anui</strong></span> <span class='ocrx_word' id='word_1_527' title='bbox 1238 5478 1396 5540; x_wconf 92' lang='lat' dir='ltr'><strong>mensibus</strong></span> <span class='ocrx_word' id='word_1_528' title='bbox 1405 5481 1543 5558; x_wconf 88' lang='lat' dir='ltr'><strong>permitti</strong></span> <span class='ocrx_word' id='word_1_529' title='bbox 1555 5483 1728 5559; x_wconf 86' lang='lat' dir='ltr'><strong>consuevit,</strong></span> <span class='ocrx_word' id='word_1_530' title='bbox 1740 5499 1794 5546; x_wconf 91' lang='lat' dir='ltr'><strong>ne·</strong></span> <span class='ocrx_word' id='word_1_531' title='bbox 1813 5485 1972 5532; x_wconf 78' lang='lat' dir='ltr'><strong>atoariorum</strong></span> <span class='ocrx_word' id='word_1_532' title='bbox 1993 5487 2027 5533; x_wconf 76' lang='lat' dir='ltr'><strong>ca-</strong></span> 
     </span>
    </p>
   </div>
   <div class='ocr_carea' id='block_1_20' title="bbox 1044 5702 1794 6018">
    <p class='ocr_par' dir='ltr' id='par_1_23' title="bbox 1044 5702 1794 6018">
     <span class='ocr_line' id='line_1_102' title="bbox 1046 5702 1794 5762; baseline 0.004 -14"><span class='ocrx_word' id='word_1_533' title='bbox 1046 5702 1083 5748; x_wconf 86' lang='lat' dir='ltr'><strong>cti</strong></span> <span class='ocrx_word' id='word_1_534' title='bbox 1096 5705 1158 5747; x_wconf 81' lang='lat' dir='ltr'><strong>xlv.</strong></span> <span class='ocrx_word' id='word_1_535' title='bbox 1179 5702 1240 5748; x_wconf 87' lang='lat' dir='ltr'><strong>anui</strong></span> <span class='ocrx_word' id='word_1_536' title='bbox 1263 5714 1414 5758; x_wconf 69' lang='lat' dir='ltr'><strong>ueccxnrv,</strong></span> <span class='ocrx_word' id='word_1_537' title='bbox 1430 5702 1493 5749; x_wconf 88' lang='lat' dir='ltr'><strong>maii</strong></span> <span class='ocrx_word' id='word_1_538' title='bbox 1514 5715 1551 5758; x_wconf 85' lang='lat' dir='ltr'><strong>in,</strong></span> <span class='ocrx_word' id='word_1_539' title='bbox 1570 5702 1686 5762; x_wconf 81' lang='lat' dir='ltr'><strong>itemque</strong></span> <span class='ocrx_word' id='word_1_540' title='bbox 1708 5705 1794 5751; x_wconf 84' lang='lat' dir='ltr'><strong>altera</strong></span> 
     </span>
     <span class='ocr_line' id='line_1_103' title="bbox 1046 5769 1794 5828; baseline 0.005 -14"><span class='ocrx_word' id='word_1_541' title='bbox 1046 5771 1109 5815; x_wconf 85' lang='lat' dir='ltr'><strong>anni</strong></span> <span class='ocrx_word' id='word_1_542' title='bbox 1123 5781 1237 5825; x_wconf 80' lang='lat' dir='ltr'><strong>uocatu,</strong></span> <span class='ocrx_word' id='word_1_543' title='bbox 1252 5769 1344 5815; x_wconf 86' lang='lat' dir='ltr'><strong>martii</strong></span> <span class='ocrx_word' id='word_1_544' title='bbox 1358 5781 1442 5825; x_wconf 79' lang='lat' dir='ltr'><strong>xxix,</strong></span> <span class='ocrx_word' id='word_1_545' title='bbox 1458 5781 1504 5815; x_wconf 88' lang='lat' dir='ltr'><strong>nec</strong></span> <span class='ocrx_word' id='word_1_546' title='bbox 1519 5781 1570 5816; x_wconf 92' lang='lat' dir='ltr'><strong>non</strong></span> <span class='ocrx_word' id='word_1_547' title='bbox 1584 5771 1647 5817; x_wconf 87' lang='lat' dir='ltr'><strong>anni</strong></span> <span class='ocrx_word' id='word_1_548' title='bbox 1658 5783 1794 5828; x_wconf 73' lang='lat' dir='ltr'><strong>nuenarii,</strong></span> 
     </span>
     <span class='ocr_line' id='line_1_104' title="bbox 1045 5837 1793 5896; baseline 0.001 -12"><span class='ocrx_word' id='word_1_549' title='bbox 1045 5837 1154 5894; x_wconf 83' lang='lat' dir='ltr'><strong>augusti</strong></span> <span class='ocrx_word' id='word_1_550' title='bbox 1167 5849 1232 5893; x_wconf 71' lang='lat' dir='ltr'><strong>xiv,</strong></span> <span class='ocrx_word' id='word_1_551' title='bbox 1242 5843 1269 5883; x_wconf 89' lang='lat' dir='ltr'><strong>et</strong></span> <span class='ocrx_word' id='word_1_552' title='bbox 1284 5837 1390 5884; x_wconf 89' lang='lat' dir='ltr'><strong>tandem</strong></span> <span class='ocrx_word' id='word_1_553' title='bbox 1400 5837 1464 5884; x_wconf 86' lang='lat' dir='ltr'><strong>enni</strong></span> <span class='ocrx_word' id='word_1_554' title='bbox 1474 5849 1606 5892; x_wconf 74' lang='lat' dir='ltr'><strong>uocetur..</strong></span> <span class='ocrx_word' id='word_1_555' title='bbox 1616 5839 1708 5886; x_wconf 88' lang='lat' dir='ltr'><strong>martii</strong></span> <span class='ocrx_word' id='word_1_556' title='bbox 1720 5851 1793 5896; x_wconf 74' lang='lat' dir='ltr'><strong>xxx,</strong></span> 
     </span>
     <span class='ocr_line' id='line_1_105' title="bbox 1045 5905 1793 5962; baseline 0.004 -12"><span class='ocrx_word' id='word_1_557' title='bbox 1045 5915 1112 5962; x_wconf 83' lang='lat' dir='ltr'><strong>quae</strong></span> <span class='ocrx_word' id='word_1_558' title='bbox 1126 5916 1217 5950; x_wconf 86' lang='lat' dir='ltr'><strong>omnes</strong></span> <span class='ocrx_word' id='word_1_559' title='bbox 1232 5906 1405 5962; x_wconf 88' lang='lat' dir='ltr'><strong>reperiuntur</strong></span> <span class='ocrx_word' id='word_1_560' title='bbox 1419 5905 1535 5952; x_wconf 83' lang='lat' dir='ltr'><strong>insertae</strong></span> <span class='ocrx_word' id='word_1_561' title='bbox 1546 5905 1572 5950; x_wconf 93' lang='lat' dir='ltr'><strong>in</strong></span> <span class='ocrx_word' id='word_1_562' title='bbox 1583 5905 1703 5953; x_wconf 88' lang='lat' dir='ltr'><strong>Bullario</strong></span> <span class='ocrx_word' id='word_1_563' title='bbox 1713 5907 1793 5954; x_wconf 90' lang='lat' dir='ltr'><strong>huius</strong></span> 
     </span>
     <span class='ocr_line' id='line_1_106' title="bbox 1044 5971 1185 6018; baseline 0.014 -2"><span class='ocrx_word' id='word_1_564' title='bbox 1044 5971 1185 6018; x_wconf 83' lang='lat' dir='ltr'><strong>Pontificis.</strong></span> 
     </span>
    </p>
   </div>
   <div class='ocr_carea' id='block_1_21' title="bbox 0 0 2372 6998">
    <p class='ocr_par' dir='ltr' id='par_1_24' title="bbox 0 0 2372 6998">
     <span class='ocr_line' id='line_1_107' title="bbox 0 0 2372 6998; baseline 0 0"><span class='ocrx_word' id='word_1_565' title='bbox 0 0 2372 6998; x_wconf 95' lang='lat' dir='ltr'><strong> </strong></span> 
     </span>
    </p>
   </div>
  </div>
 </body>
</html>
