<?xml version="1.0" encoding="UTF-8"?>
<!DOCTYPE html PUBLIC "-//W3C//DTD XHTML 1.0 Transitional//EN"
    "http://www.w3.org/TR/xhtml1/DTD/xhtml1-transitional.dtd">
<html xmlns="http://www.w3.org/1999/xhtml" xml:lang="en" lang="en">
 <head>
  <title>
</title>
<meta http-equiv="Content-Type" content="text/html;charset=utf-8" />
  <meta name='ocr-system' content='tesseract 3.04.00' />
  <meta name='ocr-capabilities' content='ocr_page ocr_carea ocr_par ocr_line ocrx_word'/>
</head>
<body>
  <div class='ocr_page' id='page_1' title='image "./iurispontificii00martgoog_0021.png"; bbox 0 0 4734 7004; ppageno 0'>
   <div class='ocr_carea' id='block_1_1' title="bbox 322 505 598 582">
    <p class='ocr_par' dir='ltr' id='par_1_1' title="bbox 322 505 598 582">
     <span class='ocr_line' id='line_1_1' title="bbox 322 505 598 582; baseline -0.014 -10"><span class='ocrx_word' id='word_1_1' title='bbox 322 509 377 572; x_wconf 71' lang='lat' dir='ltr'><strong>Aa.</strong></span> <span class='ocrx_word' id='word_1_2' title='bbox 390 510 420 570; x_wconf 82' lang='lat' dir='ltr'><strong>C.</strong></span> <span class='ocrx_word' id='word_1_3' title='bbox 442 507 510 582; x_wconf 71' lang='grc'><strong>1758</strong></span> <span class='ocrx_word' id='word_1_4' title='bbox 562 505 598 580; x_wconf 73' lang='grc'><strong>14</strong></span> 
     </span>
    </p>
   </div>
   <div class='ocr_carea' id='block_1_2' title="bbox 349 4521 495 4570">
    <p class='ocr_par' dir='ltr' id='par_1_2' title="bbox 349 4521 495 4570">
     <span class='ocr_line' id='line_1_2' title="bbox 349 4521 495 4570; baseline -0.014 -1"><span class='ocrx_word' id='word_1_5' title='bbox 349 4521 495 4570; x_wconf 70' lang='lat' dir='ltr'><strong>Exordium.</strong></span> 
     </span>
    </p>
   </div>
   <div class='ocr_carea' id='block_1_3' title="bbox 538 649 1288 2974">
    <p class='ocr_par' dir='ltr' id='par_1_3' title="bbox 538 649 1288 2677">
     <span class='ocr_line' id='line_1_3' title="bbox 540 649 1284 731; baseline -0.005 -15"><span class='ocrx_word' id='word_1_6' title='bbox 540 653 685 718; x_wconf 86' lang='lat' dir='ltr'><strong>fiduciam</strong></span> <span class='ocrx_word' id='word_1_7' title='bbox 715 651 880 717; x_wconf 83' lang='lat' dir='ltr'><strong>habuimus</strong></span> <span class='ocrx_word' id='word_1_8' title='bbox 910 649 984 728; x_wconf 82' lang='lat' dir='ltr'><strong>lieu,</strong></span> <span class='ocrx_word' id='word_1_9' title='bbox 1006 651 1072 731; x_wconf 93' lang='lat' dir='ltr'><strong>qui,</strong></span> <span class='ocrx_word' id='word_1_10' title='bbox 1095 667 1166 716; x_wconf 93' lang='lat' dir='ltr'><strong>cnm</strong></span> <span class='ocrx_word' id='word_1_11' title='bbox 1196 650 1284 715; x_wconf 91' lang='lat' dir='ltr'><strong>nobis</strong></span> 
     </span>
     <span class='ocr_line' id='line_1_4' title="bbox 539 744 1283 824; baseline -0.001 -17"><span class='ocrx_word' id='word_1_12' title='bbox 539 746 642 810; x_wconf 90' lang='lat' dir='ltr'><strong>oneris</strong></span> <span class='ocrx_word' id='word_1_13' title='bbox 662 746 702 809; x_wconf 92' lang='lat' dir='ltr'><strong>sit</strong></span> <span class='ocrx_word' id='word_1_14' title='bbox 723 755 841 824; x_wconf 79' lang='lat' dir='ltr'>auctor,</span> <span class='ocrx_word' id='word_1_15' title='bbox 865 746 953 809; x_wconf 92' lang='lat' dir='ltr'><strong>nobis</strong></span> <span class='ocrx_word' id='word_1_16' title='bbox 975 747 1028 808; x_wconf 89' lang='lat' dir='ltr'><strong>liet</strong></span> <span class='ocrx_word' id='word_1_17' title='bbox 1042 745 1134 809; x_wconf 92' lang='lat' dir='ltr'><strong>etiam</strong></span> <span class='ocrx_word' id='word_1_18' title='bbox 1150 744 1283 822; x_wconf 80' lang='lat' dir='ltr'><strong>adiutor3</strong></span> 
     </span>
     <span class='ocr_line' id='line_1_5' title="bbox 539 840 1286 919; baseline -0.004 -15"><span class='ocrx_word' id='word_1_19' title='bbox 539 850 570 904; x_wconf 86' lang='lat' dir='ltr'><strong>et</strong></span> <span class='ocrx_word' id='word_1_20' title='bbox 591 857 631 903; x_wconf 91' lang='lat' dir='ltr'><strong>ne</strong></span> <span class='ocrx_word' id='word_1_21' title='bbox 651 841 709 905; x_wconf 92' lang='lat' dir='ltr'><strong>sub</strong></span> <span class='ocrx_word' id='word_1_22' title='bbox 729 842 944 919; x_wconf 82' lang='lat' dir='ltr'>magnitudine</span> <span class='ocrx_word' id='word_1_23' title='bbox 971 841 1085 917; x_wconf 90' lang='lat' dir='ltr'><strong>gratiae</strong></span> <span class='ocrx_word' id='word_1_24' title='bbox 1106 840 1286 904; x_wconf 80' lang='lat' dir='ltr'><strong>succumbat</strong></span> 
     </span>
     <span class='ocr_line' id='line_1_6' title="bbox 539 932 1286 1012; baseline -0.003 -17"><span class='ocrx_word' id='word_1_25' title='bbox 539 934 716 1010; x_wconf 88' lang='lat' dir='ltr'><strong>infirmitas,</strong></span> <span class='ocrx_word' id='word_1_26' title='bbox 736 935 820 998; x_wconf 91' lang='lat' dir='ltr'><strong>dabit</strong></span> <span class='ocrx_word' id='word_1_27' title='bbox 840 935 992 998; x_wconf 86' lang='lat' dir='ltr'><strong>virtutem</strong></span> <span class='ocrx_word' id='word_1_28' title='bbox 1012 934 1064 1012; x_wconf 94' lang='lat' dir='ltr'><strong>qui</strong></span> <span class='ocrx_word' id='word_1_29' title='bbox 1087 933 1220 996; x_wconf 90' lang='lat' dir='ltr'><strong>contulit</strong></span> <span class='ocrx_word' id='word_1_30' title='bbox 1241 932 1286 993; x_wconf 89' lang='lat' dir='ltr'><strong>di·</strong></span> 
     </span>
     <span class='ocr_line' id='line_1_7' title="bbox 539 1025 1284 1104; baseline -0.003 -16"><span class='ocrx_word' id='word_1_31' title='bbox 539 1028 700 1104; x_wconf 90' lang='lat' dir='ltr'><strong>gnitatem.</strong></span> <span class='ocrx_word' id='word_1_32' title='bbox 734 1027 855 1090; x_wconf 80' lang='lat' dir='ltr'>Interea</span> <span class='ocrx_word' id='word_1_33' title='bbox 885 1026 1205 1090; x_wconf 81' lang='lat' dir='ltr'><strong>misericordissimam</strong></span> <span class='ocrx_word' id='word_1_34' title='bbox 1231 1025 1284 1086; x_wconf 86' lang='lat' dir='ltr'><strong>Dei</strong></span> 
     </span>
     <span class='ocr_line' id='line_1_8' title="bbox 539 1119 1284 1199; baseline -0.003 -17"><span class='ocrx_word' id='word_1_35' title='bbox 539 1119 636 1182; x_wconf 91' lang='lat' dir='ltr'><strong>nostri</strong></span> <span class='ocrx_word' id='word_1_36' title='bbox 658 1121 856 1184; x_wconf 88' lang='lat' dir='ltr'><strong>clementiam</strong></span> <span class='ocrx_word' id='word_1_37' title='bbox 886 1121 1037 1199; x_wconf 92' lang='lat' dir='ltr'><strong>supplices</strong></span> <span class='ocrx_word' id='word_1_38' title='bbox 1059 1121 1227 1194; x_wconf 90' lang='lat' dir='ltr'><strong>obsecrate,</strong></span> <span class='ocrx_word' id='word_1_39' title='bbox 1250 1125 1284 1180; x_wconf 93' lang='lat' dir='ltr'><strong>ut</strong></span> 
     </span>
     <span class='ocr_line' id='line_1_9' title="bbox 539 1211 1284 1292; baseline -0.003 -18"><span class='ocrx_word' id='word_1_40' title='bbox 539 1213 572 1274; x_wconf 92' lang='lat' dir='ltr'><strong>in</strong></span> <span class='ocrx_word' id='word_1_41' title='bbox 593 1211 701 1278; x_wconf 91' lang='lat' dir='ltr'><strong>diebus</strong></span> <span class='ocrx_word' id='word_1_42' title='bbox 732 1215 845 1276; x_wconf 87' lang='lat' dir='ltr'><strong>nostris</strong></span> <span class='ocrx_word' id='word_1_43' title='bbox 875 1221 1032 1292; x_wconf 78' lang='lat' dir='ltr'>expugnet</span> <span class='ocrx_word' id='word_1_44' title='bbox 1062 1213 1284 1291; x_wconf 77' lang='lat' dir='ltr'><strong>impugnantes</strong></span> 
     </span>
     <span class='ocr_line' id='line_1_10' title="bbox 538 1306 1285 1385; baseline 0.001 -18"><span class='ocrx_word' id='word_1_45' title='bbox 538 1321 610 1382; x_wconf 84' lang='lat' dir='ltr'><strong>nos;</strong></span> <span class='ocrx_word' id='word_1_46' title='bbox 639 1308 761 1370; x_wconf 92' lang='lat' dir='ltr'><strong>muniat</strong></span> <span class='ocrx_word' id='word_1_47' title='bbox 792 1309 885 1370; x_wconf 87' lang='lat' dir='ltr'><strong>iidem</strong></span> <span class='ocrx_word' id='word_1_48' title='bbox 914 1317 1065 1385; x_wconf 69' lang='lat' dir='ltr'><strong>vestram</strong></span> <span class='ocrx_word' id='word_1_49' title='bbox 1097 1306 1285 1385; x_wconf 91' lang='lat' dir='ltr'><strong>multiplicet</strong></span> 
     </span>
     <span class='ocr_line' id='line_1_11' title="bbox 538 1400 1286 1482; baseline 0.001 -21"><span class='ocrx_word' id='word_1_50' title='bbox 538 1400 754 1482; x_wconf 74' lang='lat' dir='ltr'><strong>devotionem3</strong></span> <span class='ocrx_word' id='word_1_51' title='bbox 777 1408 887 1479; x_wconf 87' lang='lat' dir='ltr'><strong>augeat</strong></span> <span class='ocrx_word' id='word_1_52' title='bbox 908 1416 1029 1480; x_wconf 87' lang='lat' dir='ltr'><strong>pacem;</strong></span> <span class='ocrx_word' id='word_1_53' title='bbox 1050 1416 1164 1480; x_wconf 90' lang='lat' dir='ltr'><strong>meque</strong></span> <span class='ocrx_word' id='word_1_54' title='bbox 1177 1416 1286 1463; x_wconf 85' lang='lat' dir='ltr'><strong>serru-</strong></span> 
     </span>
     <span class='ocr_line' id='line_1_12' title="bbox 540 1492 1285 1574; baseline 0.003 -20"><span class='ocrx_word' id='word_1_55' title='bbox 540 1492 605 1556; x_wconf 93' lang='lat' dir='ltr'><strong>lnm</strong></span> <span class='ocrx_word' id='word_1_56' title='bbox 626 1510 731 1571; x_wconf 91' lang='lat' dir='ltr'><strong>suum,</strong></span> <span class='ocrx_word' id='word_1_57' title='bbox 753 1510 846 1574; x_wconf 91' lang='lat' dir='ltr'><strong>quem</strong></span> <span class='ocrx_word' id='word_1_58' title='bbox 869 1494 905 1558; x_wconf 92' lang='lat' dir='ltr'><strong>ad</strong></span> <span class='ocrx_word' id='word_1_59' title='bbox 926 1495 1132 1559; x_wconf 90' lang='lat' dir='ltr'><strong>ostendendas</strong></span> <span class='ocrx_word' id='word_1_60' title='bbox 1161 1495 1285 1558; x_wconf 87' lang='lat' dir='ltr'><strong>divitias</strong></span> 
     </span>
     <span class='ocr_line' id='line_1_13' title="bbox 538 1587 1285 1665; baseline 0.004 -18"><span class='ocrx_word' id='word_1_61' title='bbox 538 1587 653 1664; x_wconf 90' lang='lat' dir='ltr'><strong>gratiae</strong></span> <span class='ocrx_word' id='word_1_62' title='bbox 674 1605 747 1651; x_wconf 91' lang='lat' dir='ltr'><strong>suae</strong></span> <span class='ocrx_word' id='word_1_63' title='bbox 769 1588 986 1665; x_wconf 78' lang='lat' dir='ltr'><strong>gubernaculis</strong></span> <span class='ocrx_word' id='word_1_64' title='bbox 1008 1588 1162 1652; x_wconf 84' lang='lat' dir='ltr'><strong>Ecclesiae</strong></span> <span class='ocrx_word' id='word_1_65' title='bbox 1186 1587 1285 1650; x_wconf 85' lang='lat' dir='ltr'><strong>voluit</strong></span> 
     </span>
     <span class='ocr_line' id='line_1_14' title="bbox 538 1680 1285 1761; baseline 0 -19"><span class='ocrx_word' id='word_1_66' title='bbox 538 1680 722 1758; x_wconf 81' lang='lat' dir='ltr'><strong>praesidere,</strong></span> <span class='ocrx_word' id='word_1_67' title='bbox 743 1681 950 1744; x_wconf 79' lang='lat' dir='ltr'><strong>subicientem</strong></span> <span class='ocrx_word' id='word_1_68' title='bbox 964 1689 1052 1746; x_wconf 92' lang='lat' dir='ltr'><strong>tantu</strong></span> <span class='ocrx_word' id='word_1_69' title='bbox 1065 1681 1163 1761; x_wconf 92' lang='lat' dir='ltr'><strong>operi,</strong></span> <span class='ocrx_word' id='word_1_70' title='bbox 1180 1687 1211 1744; x_wconf 92' lang='lat' dir='ltr'><strong>et</strong></span> <span class='ocrx_word' id='word_1_71' title='bbox 1225 1681 1285 1743; x_wconf 92' lang='lat' dir='ltr'><strong>uti·</strong></span> 
     </span>
     <span class='ocr_line' id='line_1_15' title="bbox 538 1772 1283 1854; baseline 0.004 -18"><span class='ocrx_word' id='word_1_72' title='bbox 538 1772 601 1838; x_wconf 92' lang='lat' dir='ltr'><strong>lem</strong></span> <span class='ocrx_word' id='word_1_73' title='bbox 622 1781 743 1838; x_wconf 80' lang='lat' dir='ltr'><strong>restrae</strong></span> <span class='ocrx_word' id='word_1_74' title='bbox 773 1775 945 1838; x_wconf 81' lang='lat' dir='ltr'><strong>detensium</strong></span> <span class='ocrx_word' id='word_1_75' title='bbox 973 1777 1122 1854; x_wconf 81' lang='lat' dir='ltr'><strong>dignetur</strong></span> <span class='ocrx_word' id='word_1_76' title='bbox 1149 1775 1283 1850; x_wconf 85' lang='lat' dir='ltr'><strong>elucere,</strong></span> 
     </span>
     <span class='ocr_line' id='line_1_16' title="bbox 538 1869 1286 1948; baseline 0.005 -20"><span class='ocrx_word' id='word_1_77' title='bbox 538 1876 570 1930; x_wconf 90' lang='lat' dir='ltr'><strong>et</strong></span> <span class='ocrx_word' id='word_1_78' title='bbox 589 1869 625 1932; x_wconf 91' lang='lat' dir='ltr'><strong>ad</strong></span> <span class='ocrx_word' id='word_1_79' title='bbox 641 1869 699 1931; x_wconf 90' lang='lat' dir='ltr'><strong>buc</strong></span> <span class='ocrx_word' id='word_1_80' title='bbox 714 1877 852 1948; x_wconf 92' lang='lat' dir='ltr'><strong>tempora</strong></span> <span class='ocrx_word' id='word_1_81' title='bbox 866 1877 991 1932; x_wconf 90' lang='lat' dir='ltr'><strong>nostrae</strong></span> <span class='ocrx_word' id='word_1_82' title='bbox 1004 1869 1163 1933; x_wconf 81' lang='lat' dir='ltr'><strong>servitutis</strong></span> <span class='ocrx_word' id='word_1_83' title='bbox 1177 1876 1286 1932; x_wconf 84' lang='lat' dir='ltr'><strong>exten-</strong></span> 
     </span>
     <span class='ocr_line' id='line_1_17' title="bbox 538 1961 1285 2042; baseline 0 -18"><span class='ocrx_word' id='word_1_84' title='bbox 538 1961 622 2038; x_wconf 89' lang='lat' dir='ltr'><strong>dere,</strong></span> <span class='ocrx_word' id='word_1_85' title='bbox 646 1971 680 2025; x_wconf 92' lang='lat' dir='ltr'><strong>ut</strong></span> <span class='ocrx_word' id='word_1_86' title='bbox 708 1963 844 2042; x_wconf 85' lang='lat' dir='ltr'><strong>proficiat</strong></span> <span class='ocrx_word' id='word_1_87' title='bbox 876 1963 1047 2038; x_wconf 87' lang='lat' dir='ltr'><strong>devotioni,</strong></span> <span class='ocrx_word' id='word_1_88' title='bbox 1079 1963 1160 2042; x_wconf 92' lang='lat' dir='ltr'><strong>qnod</strong></span> <span class='ocrx_word' id='word_1_89' title='bbox 1192 1963 1285 2026; x_wconf 88' lang='lat' dir='ltr'><strong>luerit</strong></span> 
     </span>
     <span class='ocr_line' id='line_1_18' title="bbox 538 2053 1285 2133; baseline 0.004 -16"><span class='ocrx_word' id='word_1_90' title='bbox 538 2053 668 2133; x_wconf 90' lang='lat' dir='ltr'><strong>largitus</strong></span> <span class='ocrx_word' id='word_1_91' title='bbox 689 2056 790 2118; x_wconf 88' lang='lat' dir='ltr'><strong>aetati.</strong></span> <span class='ocrx_word' id='word_1_92' title='bbox 814 2055 916 2120; x_wconf 88' lang='lat' dir='ltr'><strong>Gratia</strong></span> <span class='ocrx_word' id='word_1_93' title='bbox 945 2056 1069 2120; x_wconf 86' lang='lat' dir='ltr'><strong>Domini</strong></span> <span class='ocrx_word' id='word_1_94' title='bbox 1096 2057 1194 2123; x_wconf 91' lang='lat' dir='ltr'><strong>nostri</strong></span> <span class='ocrx_word' id='word_1_95' title='bbox 1217 2057 1285 2120; x_wconf 90' lang='lat' dir='ltr'><strong>lesu</strong></span> 
     </span>
     <span class='ocr_line' id='line_1_19' title="bbox 540 2148 1285 2230; baseline 0.003 -20"><span class='ocrx_word' id='word_1_96' title='bbox 540 2148 654 2210; x_wconf 85' lang='lat' dir='ltr'><strong>Christi</strong></span> <span class='ocrx_word' id='word_1_97' title='bbox 669 2149 840 2226; x_wconf 73' lang='lat' dir='ltr'><strong>vobiscum,</strong></span> <span class='ocrx_word' id='word_1_98' title='bbox 854 2149 966 2230; x_wconf 92' lang='lat' dir='ltr'><strong>quibus</strong></span> <span class='ocrx_word' id='word_1_99' title='bbox 981 2149 1204 2228; x_wconf 64' lang='lat' dir='ltr'><strong>benedicimus</strong></span> <span class='ocrx_word' id='word_1_100' title='bbox 1218 2165 1285 2212; x_wconf 88' lang='lat' dir='ltr'><strong>ros·</strong></span> 
     </span>
     <span class='ocr_line' id='line_1_20' title="bbox 538 2240 1287 2320; baseline 0.003 -17"><span class='ocrx_word' id='word_1_101' title='bbox 538 2257 599 2320; x_wconf 93' lang='lat' dir='ltr'><strong>que</strong></span> <span class='ocrx_word' id='word_1_102' title='bbox 619 2240 788 2304; x_wconf 90' lang='lat' dir='ltr'><strong>salutamus</strong></span> <span class='ocrx_word' id='word_1_103' title='bbox 810 2242 843 2304; x_wconf 92' lang='lat' dir='ltr'><strong>in</strong></span> <span class='ocrx_word' id='word_1_104' title='bbox 864 2242 968 2304; x_wconf 92' lang='lat' dir='ltr'><strong>uscnlo</strong></span> <span class='ocrx_word' id='word_1_105' title='bbox 989 2248 1105 2306; x_wconf 89' lang='lat' dir='ltr'><strong>sancto:</strong></span> <span class='ocrx_word' id='word_1_106' title='bbox 1129 2242 1287 2305; x_wconf 87' lang='lat' dir='ltr'><strong>omnibus·</strong></span> 
     </span>
     <span class='ocr_line' id='line_1_21' title="bbox 538 2333 1286 2411; baseline 0.001 -16"><span class='ocrx_word' id='word_1_107' title='bbox 538 2349 600 2411; x_wconf 92' lang='lat' dir='ltr'><strong>qne</strong></span> <span class='ocrx_word' id='word_1_108' title='bbox 622 2333 730 2396; x_wconf 90' lang='lat' dir='ltr'><strong>itidem</strong></span> <span class='ocrx_word' id='word_1_109' title='bbox 750 2335 1020 2398; x_wconf 84' lang='lat' dir='ltr'><strong>consacerdotibus</strong></span> <span class='ocrx_word' id='word_1_110' title='bbox 1041 2336 1164 2411; x_wconf 88' lang='lat' dir='ltr'><strong>vestris,</strong></span> <span class='ocrx_word' id='word_1_111' title='bbox 1188 2343 1286 2398; x_wconf 87' lang='lat' dir='ltr'><strong>caete·</strong></span> 
     </span>
     <span class='ocr_line' id='line_1_22' title="bbox 539 2427 1288 2507; baseline 0.001 -19"><span class='ocrx_word' id='word_1_112' title='bbox 539 2427 643 2505; x_wconf 90' lang='lat' dir='ltr'><strong>risqne</strong></span> <span class='ocrx_word' id='word_1_113' title='bbox 658 2427 856 2492; x_wconf 88' lang='lat' dir='ltr'><strong>ecclesiarum</strong></span> <span class='ocrx_word' id='word_1_114' title='bbox 872 2437 1047 2491; x_wconf 83' lang='lat' dir='ltr'><strong>vestrarum</strong></span> <span class='ocrx_word' id='word_1_115' title='bbox 1063 2429 1205 2492; x_wconf 87' lang='lat' dir='ltr'><strong>fidelibus</strong></span> <span class='ocrx_word' id='word_1_116' title='bbox 1216 2443 1288 2507; x_wconf 90' lang='lat' dir='ltr'><strong>apo-</strong></span> 
     </span>
     <span class='ocr_line' id='line_1_23' title="bbox 538 2519 1286 2601; baseline 0.003 -19"><span class='ocrx_word' id='word_1_117' title='bbox 538 2520 677 2582; x_wconf 89' lang='lat' dir='ltr'><strong>stolicam</strong></span> <span class='ocrx_word' id='word_1_118' title='bbox 692 2519 941 2584; x_wconf 88' lang='lat' dir='ltr'><strong>benedictionem</strong></span> <span class='ocrx_word' id='word_1_119' title='bbox 952 2521 1163 2585; x_wconf 89' lang='lat' dir='ltr'><strong>amantissime</strong></span> <span class='ocrx_word' id='word_1_120' title='bbox 1173 2523 1286 2601; x_wconf 89' lang='lat' dir='ltr'><strong>imper·</strong></span> 
     </span>
     <span class='ocr_line' id='line_1_24' title="bbox 540 2615 647 2677; baseline -0.037 0"><span class='ocrx_word' id='word_1_121' title='bbox 540 2615 647 2677; x_wconf 89' lang='lat' dir='ltr'><strong>timur.</strong></span> 
     </span>
    </p>

    <p class='ocr_par' dir='ltr' id='par_1_4' title="bbox 539 2708 1287 2974">
     <span class='ocr_line' id='line_1_25' title="bbox 580 2708 1287 2788; baseline 0.004 -18"><span class='ocrx_word' id='word_1_122' title='bbox 580 2709 690 2772; x_wconf 85' lang='lat' dir='ltr'><strong>Datum</strong></span> <span class='ocrx_word' id='word_1_123' title='bbox 715 2709 846 2784; x_wconf 85' lang='lat' dir='ltr'><strong>Romae,</strong></span> <span class='ocrx_word' id='word_1_124' title='bbox 873 2708 954 2788; x_wconf 89' lang='lat' dir='ltr'><strong>apud</strong></span> <span class='ocrx_word' id='word_1_125' title='bbox 980 2709 1010 2773; x_wconf 83' lang='lat' dir='ltr'><strong>S·</strong></span> <span class='ocrx_word' id='word_1_126' title='bbox 1039 2710 1166 2774; x_wconf 82' lang='lat' dir='ltr'><strong>nariam</strong></span> <span class='ocrx_word' id='word_1_127' title='bbox 1195 2711 1287 2774; x_wconf 86' lang='lat' dir='ltr'><strong>bialu-</strong></span> 
     </span>
     <span class='ocr_line' id='line_1_26' title="bbox 539 2803 1285 2883; baseline 0.004 -19"><span class='ocrx_word' id='word_1_128' title='bbox 539 2819 618 2877; x_wconf 91' lang='lat' dir='ltr'><strong>rem,</strong></span> <span class='ocrx_word' id='word_1_129' title='bbox 642 2804 789 2882; x_wconf 87' lang='lat' dir='ltr'><strong>postridie</strong></span> <span class='ocrx_word' id='word_1_130' title='bbox 818 2803 858 2866; x_wconf 86' lang='lat' dir='ltr'><strong>iu.</strong></span> <span class='ocrx_word' id='word_1_131' title='bbox 880 2811 958 2882; x_wconf 89' lang='lat' dir='ltr'><strong>sept.</strong></span> <span class='ocrx_word' id='word_1_132' title='bbox 989 2819 1072 2867; x_wconf 90' lang='lat' dir='ltr'><strong>annu</strong></span> <span class='ocrx_word' id='word_1_133' title='bbox 1093 2821 1285 2883; x_wconf 74' lang='lat' dir='ltr'><strong>nuncnunc,</strong></span> 
     </span>
     <span class='ocr_line' id='line_1_27' title="bbox 539 2897 1004 2974; baseline 0.004 -17"><span class='ocrx_word' id='word_1_134' title='bbox 539 2897 734 2974; x_wconf 88' lang='lat' dir='ltr'><strong>pontificatus</strong></span> <span class='ocrx_word' id='word_1_135' title='bbox 755 2897 855 2958; x_wconf 89' lang='lat' dir='ltr'><strong>nostri</strong></span> <span class='ocrx_word' id='word_1_136' title='bbox 875 2912 958 2958; x_wconf 93' lang='lat' dir='ltr'><strong>anno</strong></span> <span class='ocrx_word' id='word_1_137' title='bbox 983 2914 1004 2959; x_wconf 93' lang='lat'><strong>1.</strong></span> 
     </span>
    </p>
   </div>
   <div class='ocr_carea' id='block_1_4' title="bbox 788 3057 1039 3068">
    <p class='ocr_par' dir='ltr' id='par_1_5' title="bbox 788 3057 1039 3068">
     <span class='ocr_line' id='line_1_28' title="bbox 788 3057 1039 3068; baseline 0.008 -2"><span class='ocrx_word' id='word_1_138' title='bbox 788 3057 1039 3068; x_wconf 50' lang='grc' dir='ltr'><strong>»ραι-...α-</strong></span> 
     </span>
    </p>
   </div>
   <div class='ocr_carea' id='block_1_5' title="bbox 883 3183 931 3247">
    <p class='ocr_par' dir='ltr' id='par_1_6' title="bbox 883 3183 931 3247">
     <span class='ocr_line' id='line_1_29' title="bbox 883 3183 931 3247; baseline -0.083 -1"><span class='ocrx_word' id='word_1_139' title='bbox 883 3183 931 3247; x_wconf 89' lang='lat' dir='ltr'><strong>ltl.</strong></span> 
     </span>
    </p>
   </div>
   <div class='ocr_carea' id='block_1_6' title="bbox 542 3368 1288 3922">
    <p class='ocr_par' dir='ltr' id='par_1_7' title="bbox 542 3368 1288 3922">
     <span class='ocr_line' id='line_1_30' title="bbox 542 3368 1287 3450; baseline 0.004 -18"><span class='ocrx_word' id='word_1_140' title='bbox 542 3368 751 3450; x_wconf 76' lang='lat' dir='ltr'><strong>Confirmatio</strong></span> <span class='ocrx_word' id='word_1_141' title='bbox 764 3370 979 3448; x_wconf 84' lang='lat' dir='ltr'><strong>quorumdum</strong></span> <span class='ocrx_word' id='word_1_142' title='bbox 995 3369 1287 3435; x_wconf 85' lang='lat' dir='ltr'><strong>resolutiuoumuu·</strong></span> 
     </span>
     <span class='ocr_line' id='line_1_31' title="bbox 579 3463 1286 3544; baseline 0.004 -21"><span class='ocrx_word' id='word_1_143' title='bbox 579 3479 653 3524; x_wconf 87' lang='lat' dir='ltr'><strong>crue</strong></span> <span class='ocrx_word' id='word_1_144' title='bbox 675 3464 940 3544; x_wconf 67' lang='lat' dir='ltr'><strong>congregationis</strong></span> <span class='ocrx_word' id='word_1_145' title='bbox 957 3463 1106 3535; x_wconf 78' lang='lat' dir='ltr'><strong>Consilii,</strong></span> <span class='ocrx_word' id='word_1_146' title='bbox 1120 3466 1209 3528; x_wconf 84' lang='lat' dir='ltr'><strong>circo</strong></span> <span class='ocrx_word' id='word_1_147' title='bbox 1223 3465 1286 3542; x_wconf 87' lang='lat' dir='ltr'><strong>epi·</strong></span> 
     </span>
     <span class='ocr_line' id='line_1_32' title="bbox 578 3555 1287 3638; baseline 0.003 -22"><span class='ocrx_word' id='word_1_148' title='bbox 578 3555 719 3634; x_wconf 78' lang='lat' dir='ltr'><strong>scopatio</strong></span> <span class='ocrx_word' id='word_1_149' title='bbox 741 3557 819 3620; x_wconf 86' lang='lat' dir='ltr'><strong>iuro</strong></span> <span class='ocrx_word' id='word_1_150' title='bbox 844 3573 921 3638; x_wconf 79' lang='lat' dir='ltr'><strong>ergo</strong></span> <span class='ocrx_word' id='word_1_151' title='bbox 947 3557 1124 3638; x_wconf 77' lang='lat' dir='ltr'><strong>reputares,</strong></span> <span class='ocrx_word' id='word_1_152' title='bbox 1147 3559 1183 3620; x_wconf 85' lang='lat' dir='ltr'><strong>iu</strong></span> <span class='ocrx_word' id='word_1_153' title='bbox 1204 3557 1287 3621; x_wconf 87' lang='lat' dir='ltr'><strong>diua-</strong></span> 
     </span>
     <span class='ocr_line' id='line_1_33' title="bbox 579 3650 1287 3730; baseline 0.008 -20"><span class='ocrx_word' id='word_1_154' title='bbox 579 3651 641 3712; x_wconf 83' lang='lat' dir='ltr'><strong>ccsi</strong></span> <span class='ocrx_word' id='word_1_155' title='bbox 666 3650 846 3714; x_wconf 85' lang='lat' dir='ltr'><strong>lllumocon.</strong></span> <span class='ocrx_word' id='word_1_156' title='bbox 870 3651 1065 3730; x_wconf 83' lang='lat' dir='ltr'><strong>illarumque</strong></span> <span class='ocrx_word' id='word_1_157' title='bbox 1086 3652 1229 3716; x_wconf 77' lang='lat' dir='ltr'><strong>autcario</strong></span> <span class='ocrx_word' id='word_1_158' title='bbox 1246 3653 1287 3716; x_wconf 84' lang='lat' dir='ltr'><strong>ud</strong></span> 
     </span>
     <span class='ocr_line' id='line_1_34' title="bbox 580 3741 1288 3818; baseline 0.003 -12"><span class='ocrx_word' id='word_1_159' title='bbox 580 3744 730 3806; x_wconf 83' lang='lat' dir='ltr'><strong>dioecesos</strong></span> <span class='ocrx_word' id='word_1_160' title='bbox 743 3741 919 3818; x_wconf 75' lang='lat' dir='ltr'><strong>Coloniam,</strong></span> <span class='ocrx_word' id='word_1_161' title='bbox 931 3744 1172 3818; x_wconf 66' lang='lat' dir='ltr'><strong>Munustorieu„</strong></span> <span class='ocrx_word' id='word_1_162' title='bbox 1181 3744 1288 3810; x_wconf 76' lang='lat' dir='ltr'><strong>littte-</strong></span> 
     </span>
     <span class='ocr_line' id='line_1_35' title="bbox 578 3835 1284 3922; baseline 0.003 -24"><span class='ocrx_word' id='word_1_163' title='bbox 578 3838 704 3910; x_wconf 75' lang='lat' dir='ltr'><strong>stara,</strong></span> <span class='ocrx_word' id='word_1_164' title='bbox 721 3835 938 3902; x_wconf 83' lang='lat' dir='ltr'><strong>Puderbuaea.</strong></span> <span class='ocrx_word' id='word_1_165' title='bbox 957 3842 989 3899; x_wconf 87' lang='lat' dir='ltr'><strong>et</strong></span> <span class='ocrx_word' id='word_1_166' title='bbox 1008 3835 1241 3920; x_wconf 82' lang='lat' dir='ltr'><strong>Oruubrucen(</strong></span> <span class='ocrx_word' id='word_1_167' title='bbox 1260 3840 1284 3922; x_wconf 90' lang='lat'><strong>).</strong></span> 
     </span>
    </p>
   </div>
   <div class='ocr_carea' id='block_1_7' title="bbox 699 4007 1210 4078">
    <p class='ocr_par' dir='ltr' id='par_1_8' title="bbox 699 4007 1210 4078">
     <span class='ocr_line' id='line_1_36' title="bbox 699 4007 1210 4078; baseline 0.004 -2"><span class='ocrx_word' id='word_1_168' title='bbox 699 4007 886 4076; x_wconf 67' lang='lat' dir='ltr'><strong>tuentius</strong></span> <span class='ocrx_word' id='word_1_169' title='bbox 910 4007 1128 4078; x_wconf 68' lang='lat' dir='ltr'><strong>tutaturus</strong></span> <span class='ocrx_word' id='word_1_170' title='bbox 1207 4033 1210 4039; x_wconf 89' lang='lat'>·</span> 
     </span>
    </p>
   </div>
   <div class='ocr_carea' id='block_1_8' title="bbox 680 4185 1146 4376">
    <p class='ocr_par' dir='ltr' id='par_1_9' title="bbox 680 4185 1146 4376">
     <span class='ocr_line' id='line_1_37' title="bbox 726 4185 1098 4266; baseline 0 -12"><span class='ocrx_word' id='word_1_171' title='bbox 726 4201 834 4254; x_wconf 84' lang='lat' dir='ltr'><strong>seruus</strong></span> <span class='ocrx_word' id='word_1_172' title='bbox 856 4202 1012 4254; x_wconf 82' lang='lat' dir='ltr'><strong>servorun</strong></span> <span class='ocrx_word' id='word_1_173' title='bbox 1035 4185 1098 4266; x_wconf 89' lang='lat' dir='ltr'><strong>llei,</strong></span> 
     </span>
     <span class='ocr_line' id='line_1_38' title="bbox 680 4307 1146 4376; baseline -0.004 -1"><span class='ocrx_word' id='word_1_174' title='bbox 680 4307 717 4376; x_wconf 88' lang='lat' dir='ltr'><strong>atl</strong></span> <span class='ocrx_word' id='word_1_175' title='bbox 738 4307 870 4376; x_wconf 89' lang='lat' dir='ltr'><strong>luturen</strong></span> <span class='ocrx_word' id='word_1_176' title='bbox 896 4307 939 4375; x_wconf 89' lang='lat' dir='ltr'><strong>rei</strong></span> <span class='ocrx_word' id='word_1_177' title='bbox 965 4307 1146 4376; x_wconf 85' lang='lat' dir='ltr'><strong>memorien.</strong></span> 
     </span>
    </p>
   </div>
   <div class='ocr_carea' id='block_1_9' title="bbox 542 4495 1288 5325">
    <p class='ocr_par' dir='ltr' id='par_1_10' title="bbox 542 4495 1288 5325">
     <span class='ocr_line' id='line_1_39' title="bbox 581 4495 1287 4579; baseline -0.007 -16"><span class='ocrx_word' id='word_1_178' title='bbox 581 4501 601 4578; x_wconf 74' lang='lat' dir='ltr'>s</span> <span class='ocrx_word' id='word_1_179' title='bbox 623 4497 650 4563; x_wconf 91' lang='lat' dir='ltr'><strong>l.</strong></span> <span class='ocrx_word' id='word_1_180' title='bbox 667 4498 752 4562; x_wconf 91' lang='lat' dir='ltr'><strong>lnter</strong></span> <span class='ocrx_word' id='word_1_181' title='bbox 765 4500 954 4579; x_wconf 90' lang='lat' dir='ltr'><strong>multiplices</strong></span> <span class='ocrx_word' id='word_1_182' title='bbox 965 4515 1078 4578; x_wconf 90' lang='lat' dir='ltr'><strong>easque</strong></span> <span class='ocrx_word' id='word_1_183' title='bbox 1092 4495 1287 4575; x_wconf 85' lang='lat' dir='ltr'><strong>gravissimas</strong></span> 
     </span>
     <span class='ocr_line' id='line_1_40' title="bbox 542 4592 1287 4670; baseline -0.007 -14"><span class='ocrx_word' id='word_1_184' title='bbox 542 4593 677 4656; x_wconf 87' lang='lat' dir='ltr'><strong>iniuncti</strong></span> <span class='ocrx_word' id='word_1_185' title='bbox 699 4593 798 4670; x_wconf 90' lang='lat' dir='ltr'><strong>nubis,</strong></span> <span class='ocrx_word' id='word_1_186' title='bbox 812 4594 881 4655; x_wconf 90' lang='lat' dir='ltr'><strong>licet</strong></span> <span class='ocrx_word' id='word_1_187' title='bbox 903 4592 1154 4666; x_wconf 89' lang='lat' dir='ltr'><strong>immerentibus,</strong></span> <span class='ocrx_word' id='word_1_188' title='bbox 1170 4597 1287 4670; x_wconf 88' lang='lat' dir='ltr'><strong>aposto·</strong></span> 
     </span>
     <span class='ocr_line' id='line_1_41' title="bbox 543 4685 1287 4764; baseline -0.005 -14"><span class='ocrx_word' id='word_1_189' title='bbox 543 4687 591 4750; x_wconf 91' lang='lat' dir='ltr'><strong>lici</strong></span> <span class='ocrx_word' id='word_1_190' title='bbox 613 4685 779 4748; x_wconf 90' lang='lat' dir='ltr'><strong>ministerii</strong></span> <span class='ocrx_word' id='word_1_191' title='bbox 805 4703 892 4749; x_wconf 80' lang='lat' dir='ltr'><strong>cures</strong></span> <span class='ocrx_word' id='word_1_192' title='bbox 914 4686 1000 4748; x_wconf 89' lang='lat' dir='ltr'><strong>illam</strong></span> <span class='ocrx_word' id='word_1_193' title='bbox 1021 4685 1218 4764; x_wconf 88' lang='lat' dir='ltr'><strong>potissimum</strong></span> <span class='ocrx_word' id='word_1_194' title='bbox 1239 4701 1287 4746; x_wconf 88' lang='lat' dir='ltr'><strong>re·</strong></span> 
     </span>
     <span class='ocr_line' id='line_1_42' title="bbox 542 4781 1288 4859; baseline -0.007 -15"><span class='ocrx_word' id='word_1_195' title='bbox 542 4796 715 4856; x_wconf 87' lang='lat' dir='ltr'><strong>censemus,</strong></span> <span class='ocrx_word' id='word_1_196' title='bbox 732 4787 773 4843; x_wconf 89' lang='lat' dir='ltr'><strong>nt</strong></span> <span class='ocrx_word' id='word_1_197' title='bbox 790 4796 869 4859; x_wconf 90' lang='lat' dir='ltr'><strong>quae</strong></span> <span class='ocrx_word' id='word_1_198' title='bbox 891 4781 951 4843; x_wconf 91' lang='lat' dir='ltr'><strong>iam</strong></span> <span class='ocrx_word' id='word_1_199' title='bbox 972 4787 1056 4842; x_wconf 89' lang='lat' dir='ltr'><strong>recte</strong></span> <span class='ocrx_word' id='word_1_200' title='bbox 1069 4781 1288 4856; x_wconf 85' lang='lat' dir='ltr'><strong>sapienterque</strong></span> 
     </span>
     <span class='ocr_line' id='line_1_43' title="bbox 543 4873 1288 4948; baseline -0.005 -12"><span class='ocrx_word' id='word_1_201' title='bbox 543 4888 702 4936; x_wconf 91' lang='lat' dir='ltr'><strong>sacrorum</strong></span> <span class='ocrx_word' id='word_1_202' title='bbox 727 4888 884 4936; x_wconf 91' lang='lat' dir='ltr'><strong>canonum</strong></span> <span class='ocrx_word' id='word_1_203' title='bbox 915 4873 1056 4948; x_wconf 88' lang='lat' dir='ltr'><strong>decretis,</strong></span> <span class='ocrx_word' id='word_1_204' title='bbox 1079 4880 1110 4935; x_wconf 93' lang='lat' dir='ltr'><strong>et</strong></span> <span class='ocrx_word' id='word_1_205' title='bbox 1136 4873 1288 4934; x_wconf 80' lang='lat' dir='ltr'><strong>Romanu-</strong></span> 
     </span>
     <span class='ocr_line' id='line_1_44' title="bbox 542 4967 1287 5047; baseline -0.005 -17"><span class='ocrx_word' id='word_1_206' title='bbox 542 4983 615 5031; x_wconf 88' lang='lat' dir='ltr'><strong>rum</strong></span> <span class='ocrx_word' id='word_1_207' title='bbox 627 4967 812 5030; x_wconf 76' lang='lat' dir='ltr'><strong>Pontificum</strong></span> <span class='ocrx_word' id='word_1_208' title='bbox 823 4969 1093 5047; x_wconf 86' lang='lat' dir='ltr'><strong>praedecessorum</strong></span> <span class='ocrx_word' id='word_1_209' title='bbox 1108 4975 1287 5028; x_wconf 86' lang='lat' dir='ltr'><strong>nostrorum</strong></span> 
     </span>
     <span class='ocr_line' id='line_1_45' title="bbox 542 5061 1288 5139; baseline -0.001 -16"><span class='ocrx_word' id='word_1_210' title='bbox 542 5061 828 5135; x_wconf 88' lang='lat' dir='ltr'><strong>constitutionibus,</strong></span> <span class='ocrx_word' id='word_1_211' title='bbox 841 5061 969 5139; x_wconf 91' lang='lat' dir='ltr'><strong>aliisque</strong></span> <span class='ocrx_word' id='word_1_212' title='bbox 983 5061 1191 5124; x_wconf 83' lang='lat' dir='ltr'><strong>ecclesiasticis</strong></span> <span class='ocrx_word' id='word_1_213' title='bbox 1212 5061 1288 5138; x_wconf 91' lang='lat' dir='ltr'><strong>legi·</strong></span> 
     </span>
     <span class='ocr_line' id='line_1_46' title="bbox 543 5153 1288 5232; baseline 0.003 -18"><span class='ocrx_word' id='word_1_214' title='bbox 543 5153 600 5216; x_wconf 92' lang='lat' dir='ltr'><strong>bus</strong></span> <span class='ocrx_word' id='word_1_215' title='bbox 621 5159 732 5216; x_wconf 90' lang='lat' dir='ltr'><strong>statuta</strong></span> <span class='ocrx_word' id='word_1_216' title='bbox 759 5162 967 5216; x_wconf 90' lang='lat' dir='ltr'><strong>nuscuntura</strong></span> <span class='ocrx_word' id='word_1_217' title='bbox 990 5161 1165 5232; x_wconf 89' lang='lat' dir='ltr'><strong>temporum</strong></span> <span class='ocrx_word' id='word_1_218' title='bbox 1188 5155 1288 5216; x_wconf 90' lang='lat' dir='ltr'><strong>bomi-</strong></span> 
     </span>
     <span class='ocr_line' id='line_1_47' title="bbox 543 5247 1287 5325; baseline 0 -15"><span class='ocrx_word' id='word_1_219' title='bbox 543 5262 685 5325; x_wconf 85' lang='lat' dir='ltr'><strong>numque</strong></span> <span class='ocrx_word' id='word_1_220' title='bbox 699 5247 821 5310; x_wconf 87' lang='lat' dir='ltr'><strong>iniuriis</strong></span> <span class='ocrx_word' id='word_1_221' title='bbox 836 5247 1001 5310; x_wconf 85' lang='lat' dir='ltr'><strong>oblivionis</strong></span> <span class='ocrx_word' id='word_1_222' title='bbox 1016 5263 1128 5325; x_wconf 92' lang='lat' dir='ltr'><strong>nempe</strong></span> <span class='ocrx_word' id='word_1_223' title='bbox 1143 5256 1196 5310; x_wconf 92' lang='lat' dir='ltr'><strong>aut</strong></span> <span class='ocrx_word' id='word_1_224' title='bbox 1216 5248 1287 5310; x_wconf 89' lang='lat' dir='ltr'><strong>alle-</strong></span> 
     </span>
    </p>
   </div>
   <div class='ocr_carea' id='block_1_10' title="bbox 541 5521 1290 5996">
    <p class='ocr_par' dir='ltr' id='par_1_11' title="bbox 541 5521 1290 5996">
     <span class='ocr_line' id='line_1_48' title="bbox 583 5521 1287 5581; baseline 0.007 -11"><span class='ocrx_word' id='word_1_225' title='bbox 583 5525 613 5581; x_wconf 83' lang='lat' dir='ltr'><strong>(ll</strong></span> <span class='ocrx_word' id='word_1_226' title='bbox 628 5523 730 5570; x_wconf 83' lang='lat' dir='ltr'><strong>Pluries</strong></span> <span class='ocrx_word' id='word_1_227' title='bbox 745 5521 847 5571; x_wconf 85' lang='lat' dir='ltr'><strong>summi</strong></span> <span class='ocrx_word' id='word_1_228' title='bbox 863 5525 1001 5572; x_wconf 80' lang='lat' dir='ltr'><strong>Pontifices</strong></span> <span class='ocrx_word' id='word_1_229' title='bbox 1014 5525 1047 5572; x_wconf 90' lang='lat' dir='ltr'><strong>de</strong></span> <span class='ocrx_word' id='word_1_230' title='bbox 1060 5527 1236 5574; x_wconf 78' lang='lat' dir='ltr'><strong>restauranda</strong></span> <span class='ocrx_word' id='word_1_231' title='bbox 1250 5539 1287 5574; x_wconf 90' lang='lat' dir='ltr'><strong>ec·</strong></span> 
     </span>
     <span class='ocr_line' id='line_1_49' title="bbox 542 5591 1287 5652; baseline 0.004 -13"><span class='ocrx_word' id='word_1_232' title='bbox 542 5592 691 5640; x_wconf 82' lang='lat' dir='ltr'><strong>uleeiaslice</strong></span> <span class='ocrx_word' id='word_1_233' title='bbox 704 5591 842 5650; x_wconf 80' lang='lat' dir='ltr'><strong>umciptina</strong></span> <span class='ocrx_word' id='word_1_234' title='bbox 855 5593 929 5638; x_wconf 81' lang='lat' dir='ltr'><strong>luere</strong></span> <span class='ocrx_word' id='word_1_235' title='bbox 942 5593 1058 5650; x_wconf 80' lang='lat' dir='ltr'><strong>solliciti,</strong></span> <span class='ocrx_word' id='word_1_236' title='bbox 1072 5605 1126 5652; x_wconf 83' lang='lat' dir='ltr'><strong>que</strong></span> <span class='ocrx_word' id='word_1_237' title='bbox 1139 5595 1170 5641; x_wconf 81' lang='lat' dir='ltr'><strong>de</strong></span> <span class='ocrx_word' id='word_1_238' title='bbox 1184 5605 1223 5652; x_wconf 83' lang='lat' dir='ltr'><strong>rc,</strong></span> <span class='ocrx_word' id='word_1_239' title='bbox 1233 5607 1287 5642; x_wconf 86' lang='lat' dir='ltr'><strong>eos·</strong></span> 
     </span>
     <span class='ocr_line' id='line_1_50' title="bbox 542 5653 1285 5716; baseline 0.004 -11"><span class='ocrx_word' id='word_1_240' title='bbox 542 5659 608 5705; x_wconf 85' lang='lat' dir='ltr'><strong>teris</strong></span> <span class='ocrx_word' id='word_1_241' title='bbox 628 5653 725 5716; x_wconf 81' lang='lat' dir='ltr'><strong>missis,</strong></span> <span class='ocrx_word' id='word_1_242' title='bbox 746 5658 870 5706; x_wconf 84' lang='lat' dir='ltr'><strong>videndae</strong></span> <span class='ocrx_word' id='word_1_243' title='bbox 891 5662 1285 5709; x_wconf 82' lang='lat' dir='ltr'><strong>euntconet.1nnooentiix11.</strong></span> 
     </span>
     <span class='ocr_line' id='line_1_51' title="bbox 542 5726 1288 5786; baseline 0.004 -13"><span class='ocrx_word' id='word_1_244' title='bbox 542 5726 605 5773; x_wconf 83' lang='lat' dir='ltr'><strong>edit.</strong></span> <span class='ocrx_word' id='word_1_245' title='bbox 615 5737 749 5775; x_wconf 79' lang='lat' dir='ltr'><strong>nncxovn.</strong></span> <span class='ocrx_word' id='word_1_246' title='bbox 762 5739 822 5786; x_wconf 84' lang='lat' dir='ltr'><strong>aug.</strong></span> <span class='ocrx_word' id='word_1_247' title='bbox 833 5738 878 5784; x_wconf 79' lang='lat' dir='ltr'><strong>ru..</strong></span> <span class='ocrx_word' id='word_1_248' title='bbox 892 5735 905 5778; x_wconf 78' lang='lat' dir='ltr'><strong>u</strong></span> <span class='ocrx_word' id='word_1_249' title='bbox 919 5731 940 5783; x_wconf 86' lang='lat'><strong>8,</strong></span> <span class='ocrx_word' id='word_1_250' title='bbox 954 5739 1001 5786; x_wconf 85' lang='lat' dir='ltr'><strong>pro</strong></span> <span class='ocrx_word' id='word_1_251' title='bbox 1014 5729 1217 5776; x_wconf 73' lang='lat' dir='ltr'><strong>confirmatione</strong></span> <span class='ocrx_word' id='word_1_252' title='bbox 1226 5733 1288 5777; x_wconf 89' lang='lat' dir='ltr'><strong>con·</strong></span> 
     </span>
     <span class='ocr_line' id='line_1_52' title="bbox 541 5796 1287 5856; baseline 0.004 -12"><span class='ocrx_word' id='word_1_253' title='bbox 541 5796 705 5856; x_wconf 77' lang='lat' dir='ltr'><strong>gregattaata</strong></span> <span class='ocrx_word' id='word_1_254' title='bbox 719 5808 799 5856; x_wconf 87' lang='lat' dir='ltr'><strong>super</strong></span> <span class='ocrx_word' id='word_1_255' title='bbox 811 5797 950 5856; x_wconf 81' lang='lat' dir='ltr'><strong>dlsolplina</strong></span> <span class='ocrx_word' id='word_1_256' title='bbox 967 5799 1098 5856; x_wconf 83' lang='lat' dir='ltr'><strong>regulerl;</strong></span> <span class='ocrx_word' id='word_1_257' title='bbox 1113 5799 1200 5847; x_wconf 80' lang='lat' dir='ltr'><strong>altera</strong></span> <span class='ocrx_word' id='word_1_258' title='bbox 1214 5803 1287 5847; x_wconf 79' lang='lat' dir='ltr'><strong>tuno</strong></span> 
     </span>
     <span class='ocr_line' id='line_1_53' title="bbox 541 5865 1289 5926; baseline 0.004 -14"><span class='ocrx_word' id='word_1_259' title='bbox 541 5865 623 5913; x_wconf 85' lang='lat' dir='ltr'><strong>centii</strong></span> <span class='ocrx_word' id='word_1_260' title='bbox 635 5869 701 5913; x_wconf 81' lang='lat' dir='ltr'><strong>xm.</strong></span> <span class='ocrx_word' id='word_1_261' title='bbox 715 5866 777 5913; x_wconf 82' lang='lat' dir='ltr'><strong>odit</strong></span> <span class='ocrx_word' id='word_1_262' title='bbox 793 5877 948 5924; x_wconf 78' lang='lat' dir='ltr'><strong>unocxxnr,</strong></span> <span class='ocrx_word' id='word_1_263' title='bbox 963 5866 1028 5914; x_wconf 79' lang='lat' dir='ltr'><strong>maii</strong></span> <span class='ocrx_word' id='word_1_264' title='bbox 1041 5877 1109 5926; x_wconf 81' lang='lat' dir='ltr'><strong>xum,</strong></span> <span class='ocrx_word' id='word_1_265' title='bbox 1122 5879 1172 5926; x_wconf 82' lang='lat' dir='ltr'><strong>pro</strong></span> <span class='ocrx_word' id='word_1_266' title='bbox 1187 5871 1289 5916; x_wconf 64' lang='lat' dir='ltr'><strong>rutan-</strong></span> 
     </span>
     <span class='ocr_line' id='line_1_54' title="bbox 542 5934 1290 5996; baseline 0.003 -14"><span class='ocrx_word' id='word_1_267' title='bbox 542 5935 626 5988; x_wconf 81' lang='lat' dir='ltr'><strong>randa</strong></span> <span class='ocrx_word' id='word_1_268' title='bbox 646 5934 785 5995; x_wconf 80' lang='lat' dir='ltr'><strong>disciplina</strong></span> <span class='ocrx_word' id='word_1_269' title='bbox 805 5935 983 5984; x_wconf 78' lang='lat' dir='ltr'><strong>ecclesiastice</strong></span> <span class='ocrx_word' id='word_1_270' title='bbox 1001 5935 1029 5983; x_wconf 91' lang='lat' dir='ltr'><strong>in</strong></span> <span class='ocrx_word' id='word_1_271' title='bbox 1043 5936 1134 5996; x_wconf 74' lang='lat' dir='ltr'><strong>regnis</strong></span> <span class='ocrx_word' id='word_1_272' title='bbox 1154 5936 1290 5996; x_wconf 64' lang='lat' dir='ltr'><strong>liupana·</strong></span> 
     </span>
    </p>
   </div>
   <div class='ocr_carea' id='block_1_11' title="bbox 1062 521 1560 579">
    <p class='ocr_par' dir='ltr' id='par_1_12' title="bbox 1062 521 1560 579">
     <span class='ocr_line' id='line_1_55' title="bbox 1062 521 1560 579; baseline -0.008 0"><span class='ocrx_word' id='word_1_273' title='bbox 1062 527 1127 579; x_wconf 85' lang='lat' dir='ltr'><strong>lua.</strong></span> <span class='ocrx_word' id='word_1_274' title='bbox 1151 524 1242 579; x_wconf 80' lang='lat' dir='ltr'><strong>tour.</strong></span> <span class='ocrx_word' id='word_1_275' title='bbox 1264 523 1306 578; x_wconf 76' lang='lat' dir='ltr'><strong>ni</strong></span> <span class='ocrx_word' id='word_1_276' title='bbox 1326 521 1356 578; x_wconf 76' lang='lat' dir='ltr'><strong>i.</strong></span> <span class='ocrx_word' id='word_1_277' title='bbox 1380 523 1409 578; x_wconf 79' lang='lat' dir='ltr'><strong>r.</strong></span> <span class='ocrx_word' id='word_1_278' title='bbox 1434 522 1516 577; x_wconf 75' lang='lat' dir='ltr'><strong>inas</strong></span> <span class='ocrx_word' id='word_1_279' title='bbox 1538 525 1560 576; x_wconf 88' lang='lat' dir='ltr'><strong>l.</strong></span> 
     </span>
    </p>
   </div>
   <div class='ocr_carea' id='block_1_12' title="bbox 1338 645 2088 2042">
    <p class='ocr_par' dir='ltr' id='par_1_13' title="bbox 1338 645 2088 1947">
     <span class='ocr_line' id='line_1_56' title="bbox 1340 645 2086 730; baseline -0.004 -18"><span class='ocrx_word' id='word_1_280' title='bbox 1340 657 1437 712; x_wconf 92' lang='lat' dir='ltr'><strong>utatae</strong></span> <span class='ocrx_word' id='word_1_281' title='bbox 1448 649 1726 728; x_wconf 89' lang='lat' dir='ltr'><strong>ignorationis,seu</strong></span> <span class='ocrx_word' id='word_1_282' title='bbox 1736 663 1848 730; x_wconf 91' lang='lat' dir='ltr'><strong>pravae</strong></span> <span class='ocrx_word' id='word_1_283' title='bbox 1859 645 2086 728; x_wconf 88' lang='lat' dir='ltr'><strong>interpretatio·</strong></span> 
     </span>
     <span class='ocr_line' id='line_1_57' title="bbox 1341 741 2085 818; baseline -0.003 -12"><span class='ocrx_word' id='word_1_284' title='bbox 1341 743 1390 806; x_wconf 93' lang='lat' dir='ltr'><strong>nis</strong></span> <span class='ocrx_word' id='word_1_285' title='bbox 1404 752 1436 806; x_wconf 89' lang='lat' dir='ltr'><strong>et</strong></span> <span class='ocrx_word' id='word_1_286' title='bbox 1457 743 1706 806; x_wconf 89' lang='lat' dir='ltr'><strong>inobservantiae</strong></span> <span class='ocrx_word' id='word_1_287' title='bbox 1727 743 1794 806; x_wconf 91' lang='lat' dir='ltr'><strong>labe</strong></span> <span class='ocrx_word' id='word_1_288' title='bbox 1810 743 2014 818; x_wconf 81' lang='lat' dir='ltr'><strong>vindicemus,</strong></span> <span class='ocrx_word' id='word_1_289' title='bbox 2034 741 2085 804; x_wconf 84' lang='lat' dir='ltr'><strong>rel</strong></span> 
     </span>
     <span class='ocr_line' id='line_1_58' title="bbox 1339 836 2085 916; baseline -0.001 -17"><span class='ocrx_word' id='word_1_290' title='bbox 1339 837 1478 916; x_wconf 89' lang='lat' dir='ltr'><strong>ipsismet</strong></span> <span class='ocrx_word' id='word_1_291' title='bbox 1493 838 1649 900; x_wconf 89' lang='lat' dir='ltr'><strong>veteribus</strong></span> <span class='ocrx_word' id='word_1_292' title='bbox 1664 838 1795 914; x_wconf 89' lang='lat' dir='ltr'><strong>legibus,</strong></span> <span class='ocrx_word' id='word_1_293' title='bbox 1812 845 1843 899; x_wconf 88' lang='lat' dir='ltr'><strong>et</strong></span> <span class='ocrx_word' id='word_1_294' title='bbox 1857 836 2085 900; x_wconf 88' lang='lat' dir='ltr'><strong>constitutioni·</strong></span> 
     </span>
     <span class='ocr_line' id='line_1_59' title="bbox 1341 929 2084 1011; baseline -0.003 -18"><span class='ocrx_word' id='word_1_295' title='bbox 1341 930 1397 994; x_wconf 92' lang='lat' dir='ltr'><strong>bus</strong></span> <span class='ocrx_word' id='word_1_296' title='bbox 1418 939 1593 1011; x_wconf 91' lang='lat' dir='ltr'><strong>opportune</strong></span> <span class='ocrx_word' id='word_1_297' title='bbox 1619 931 1793 1006; x_wconf 85' lang='lat' dir='ltr'><strong>renovatis,</strong></span> <span class='ocrx_word' id='word_1_298' title='bbox 1816 929 2019 1003; x_wconf 81' lang='lat' dir='ltr'><strong>confirmatis,</strong></span> <span class='ocrx_word' id='word_1_299' title='bbox 2041 945 2084 992; x_wconf 91' lang='lat' dir='ltr'><strong>as·</strong></span> 
     </span>
     <span class='ocr_line' id='line_1_60' title="bbox 1338 1024 2085 1104; baseline -0.005 -16"><span class='ocrx_word' id='word_1_300' title='bbox 1338 1026 1440 1102; x_wconf 87' lang='lat' dir='ltr'><strong>sertis,</strong></span> <span class='ocrx_word' id='word_1_301' title='bbox 1462 1026 1513 1088; x_wconf 82' lang='lat' dir='ltr'><strong>sel</strong></span> <span class='ocrx_word' id='word_1_302' title='bbox 1541 1025 1629 1090; x_wconf 87' lang='lat' dir='ltr'><strong>nuris</strong></span> <span class='ocrx_word' id='word_1_303' title='bbox 1660 1024 1806 1099; x_wconf 90' lang='lat' dir='ltr'><strong>decretis,</strong></span> <span class='ocrx_word' id='word_1_304' title='bbox 1832 1024 1963 1104; x_wconf 91' lang='lat' dir='ltr'><strong>quaein</strong></span> <span class='ocrx_word' id='word_1_305' title='bbox 1990 1024 2085 1087; x_wconf 88' lang='lat' dir='ltr'><strong>huius</strong></span> 
     </span>
     <span class='ocr_line' id='line_1_61' title="bbox 1339 1117 2085 1196; baseline -0.008 -11"><span class='ocrx_word' id='word_1_306' title='bbox 1339 1119 1496 1185; x_wconf 83' lang='lat' dir='ltr'><strong>Romanae</strong></span> <span class='ocrx_word' id='word_1_307' title='bbox 1518 1120 1630 1183; x_wconf 91' lang='lat' dir='ltr'><strong>Curiae</strong></span> <span class='ocrx_word' id='word_1_308' title='bbox 1655 1118 1874 1182; x_wconf 72' lang='lat' dir='ltr'><strong>tribunalibus</strong></span> <span class='ocrx_word' id='word_1_309' title='bbox 1895 1119 1931 1182; x_wconf 87' lang='lat' dir='ltr'><strong>ad</strong></span> <span class='ocrx_word' id='word_1_310' title='bbox 1953 1117 2085 1196; x_wconf 90' lang='lat' dir='ltr'><strong>peculia·</strong></span> 
     </span>
     <span class='ocr_line' id='line_1_62' title="bbox 1339 1211 2086 1292; baseline -0.003 -17"><span class='ocrx_word' id='word_1_311' title='bbox 1339 1230 1406 1276; x_wconf 92' lang='lat' dir='ltr'><strong>rem</strong></span> <span class='ocrx_word' id='word_1_312' title='bbox 1421 1213 1548 1292; x_wconf 91' lang='lat' dir='ltr'><strong>quidem</strong></span> <span class='ocrx_word' id='word_1_313' title='bbox 1562 1227 1724 1278; x_wconf 89' lang='lat' dir='ltr'><strong>cansarum</strong></span> <span class='ocrx_word' id='word_1_314' title='bbox 1742 1212 2010 1291; x_wconf 87' lang='lat' dir='ltr'><strong>opportunitatem</strong></span> <span class='ocrx_word' id='word_1_315' title='bbox 2024 1211 2086 1275; x_wconf 92' lang='lat' dir='ltr'><strong>edi-</strong></span> 
     </span>
     <span class='ocr_line' id='line_1_63' title="bbox 1340 1303 2086 1383; baseline -0.003 -15"><span class='ocrx_word' id='word_1_316' title='bbox 1340 1312 1380 1382; x_wconf 90' lang='lat' dir='ltr'><strong>ta,</strong></span> <span class='ocrx_word' id='word_1_317' title='bbox 1402 1307 1455 1370; x_wconf 90' lang='lat' dir='ltr'><strong>sed</strong></span> <span class='ocrx_word' id='word_1_318' title='bbox 1470 1306 1506 1369; x_wconf 91' lang='lat' dir='ltr'><strong>ad</strong></span> <span class='ocrx_word' id='word_1_319' title='bbox 1522 1305 1682 1383; x_wconf 79' lang='lat' dir='ltr'><strong>generales</strong></span> <span class='ocrx_word' id='word_1_320' title='bbox 1703 1304 1842 1368; x_wconf 91' lang='lat' dir='ltr'><strong>canonici</strong></span> <span class='ocrx_word' id='word_1_321' title='bbox 1865 1305 1941 1368; x_wconf 92' lang='lat' dir='ltr'><strong>iuris</strong></span> <span class='ocrx_word' id='word_1_322' title='bbox 1963 1303 2086 1382; x_wconf 85' lang='lat' dir='ltr'><strong>regulas</strong></span> 
     </span>
     <span class='ocr_line' id='line_1_64' title="bbox 1339 1398 2086 1478; baseline -0.004 -16"><span class='ocrx_word' id='word_1_323' title='bbox 1339 1409 1442 1462; x_wconf 83' lang='lat' dir='ltr'><strong>exacta</strong></span> <span class='ocrx_word' id='word_1_324' title='bbox 1457 1401 1686 1478; x_wconf 81' lang='lat' dir='ltr'><strong>cognoscimus,</strong></span> <span class='ocrx_word' id='word_1_325' title='bbox 1701 1399 1882 1478; x_wconf 91' lang='lat' dir='ltr'><strong>apostolicae</strong></span> <span class='ocrx_word' id='word_1_326' title='bbox 1896 1398 2086 1478; x_wconf 89' lang='lat' dir='ltr'><strong>approbatiu-</strong></span> 
     </span>
     <span class='ocr_line' id='line_1_65' title="bbox 1339 1493 2086 1558; baseline -0.007 0"><span class='ocrx_word' id='word_1_327' title='bbox 1339 1496 1389 1558; x_wconf 90' lang='lat' dir='ltr'><strong>nis</strong></span> <span class='ocrx_word' id='word_1_328' title='bbox 1410 1503 1440 1558; x_wconf 91' lang='lat' dir='ltr'><strong>et</strong></span> <span class='ocrx_word' id='word_1_329' title='bbox 1462 1493 1707 1558; x_wconf 86' lang='lat' dir='ltr'><strong>conurmattonts</strong></span> <span class='ocrx_word' id='word_1_330' title='bbox 1728 1501 1852 1556; x_wconf 90' lang='lat' dir='ltr'><strong>nostrae</strong></span> <span class='ocrx_word' id='word_1_331' title='bbox 1873 1493 1983 1556; x_wconf 90' lang='lat' dir='ltr'><strong>robore</strong></span> <span class='ocrx_word' id='word_1_332' title='bbox 2004 1507 2086 1555; x_wconf 90' lang='lat' dir='ltr'><strong>com·</strong></span> 
     </span>
     <span class='ocr_line' id='line_1_66' title="bbox 1339 1586 2088 1667; baseline -0.004 -16"><span class='ocrx_word' id='word_1_333' title='bbox 1339 1588 1485 1664; x_wconf 90' lang='lat' dir='ltr'><strong>munitis,</strong></span> <span class='ocrx_word' id='word_1_334' title='bbox 1509 1587 1681 1666; x_wconf 89' lang='lat' dir='ltr'><strong>iisdemque</strong></span> <span class='ocrx_word' id='word_1_335' title='bbox 1702 1587 1793 1650; x_wconf 92' lang='lat' dir='ltr'><strong>latins</strong></span> <span class='ocrx_word' id='word_1_336' title='bbox 1819 1586 2022 1667; x_wconf 90' lang='lat' dir='ltr'><strong>promulgatis</strong></span> <span class='ocrx_word' id='word_1_337' title='bbox 2042 1593 2088 1648; x_wconf 91' lang='lat' dir='ltr'><strong>at·</strong></span> 
     </span>
     <span class='ocr_line' id='line_1_67' title="bbox 1339 1681 2086 1760; baseline -0.003 -16"><span class='ocrx_word' id='word_1_338' title='bbox 1339 1697 1400 1760; x_wconf 91' lang='lat' dir='ltr'><strong>que</strong></span> <span class='ocrx_word' id='word_1_339' title='bbox 1428 1681 1565 1760; x_wconf 91' lang='lat' dir='ltr'><strong>prolatis,</strong></span> <span class='ocrx_word' id='word_1_340' title='bbox 1588 1691 1682 1760; x_wconf 91' lang='lat' dir='ltr'><strong>prout</strong></span> <span class='ocrx_word' id='word_1_341' title='bbox 1703 1683 1738 1744; x_wconf 92' lang='lat' dir='ltr'><strong>ad</strong></span> <span class='ocrx_word' id='word_1_342' title='bbox 1766 1681 1919 1745; x_wconf 92' lang='lat' dir='ltr'><strong>tuendum</strong></span> <span class='ocrx_word' id='word_1_343' title='bbox 1948 1681 2086 1744; x_wconf 89' lang='lat' dir='ltr'><strong>ecclesia·</strong></span> 
     </span>
     <span class='ocr_line' id='line_1_68' title="bbox 1338 1775 2086 1855; baseline 0.003 -19"><span class='ocrx_word' id='word_1_344' title='bbox 1338 1777 1432 1838; x_wconf 91' lang='lat' dir='ltr'><strong>sticae</strong></span> <span class='ocrx_word' id='word_1_345' title='bbox 1456 1775 1636 1855; x_wconf 89' lang='lat' dir='ltr'><strong>disciplinae</strong></span> <span class='ocrx_word' id='word_1_346' title='bbox 1664 1776 1805 1853; x_wconf 86' lang='lat' dir='ltr'><strong>vigorem</strong></span> <span class='ocrx_word' id='word_1_347' title='bbox 1828 1777 1860 1838; x_wconf 93' lang='lat' dir='ltr'><strong>in</strong></span> <span class='ocrx_word' id='word_1_348' title='bbox 1886 1776 2017 1838; x_wconf 84' lang='lat' dir='ltr'><strong>Domino</strong></span> <span class='ocrx_word' id='word_1_349' title='bbox 2039 1776 2086 1838; x_wconf 92' lang='lat' dir='ltr'><strong>iu·</strong></span> 
     </span>
     <span class='ocr_line' id='line_1_69' title="bbox 1339 1869 2071 1947; baseline -0.003 -15"><span class='ocrx_word' id='word_1_350' title='bbox 1339 1871 1476 1932; x_wconf 88' lang='lat' dir='ltr'><strong>dicamus</strong></span> <span class='ocrx_word' id='word_1_351' title='bbox 1495 1869 1663 1936; x_wconf 88' lang='lat' dir='ltr'><strong>salubriter</strong></span> <span class='ocrx_word' id='word_1_352' title='bbox 1683 1871 1838 1947; x_wconf 85' lang='lat' dir='ltr'><strong>expedire.</strong></span> <span class='ocrx_word' id='word_1_353' title='bbox 1865 1887 1878 1912; x_wconf 89' lang='lat'><strong>·</strong></span> <span class='ocrx_word' id='word_1_354' title='bbox 2068 1921 2071 1930; x_wconf 92' lang='lat'><em>.</em></span> 
     </span>
    </p>

    <p class='ocr_par' dir='ltr' id='par_1_14' title="bbox 1380 1963 2086 2042">
     <span class='ocr_line' id='line_1_70' title="bbox 1380 1963 2086 2042; baseline 0 -16"><span class='ocrx_word' id='word_1_355' title='bbox 1380 1963 1448 2039; x_wconf 71' lang='lat'><strong>52.</strong></span> <span class='ocrx_word' id='word_1_356' title='bbox 1479 1963 1560 2028; x_wconf 91' lang='lat' dir='ltr'><strong>Sane</strong></span> <span class='ocrx_word' id='word_1_357' title='bbox 1584 1979 1624 2026; x_wconf 83' lang='lat' dir='ltr'><strong>en</strong></span> <span class='ocrx_word' id='word_1_358' title='bbox 1651 1973 1737 2042; x_wconf 91' lang='lat' dir='ltr'><strong>parte</strong></span> <span class='ocrx_word' id='word_1_359' title='bbox 1767 1966 1954 2029; x_wconf 84' lang='lat' dir='ltr'><strong>uenerabilis</strong></span> <span class='ocrx_word' id='word_1_360' title='bbox 1982 1964 2086 2028; x_wconf 83' lang='lat' dir='ltr'><strong>fratris</strong></span> 
     </span>
    </p>
   </div>
   <div class='ocr_carea' id='block_1_13' title="bbox 1340 2037 2117 2140">
    <p class='ocr_par' dir='ltr' id='par_1_15' title="bbox 1340 2037 2117 2140">
     <span class='ocr_line' id='line_1_71' title="bbox 1340 2037 2117 2140; baseline 0.003 -22"><span class='ocrx_word' id='word_1_361' title='bbox 1340 2058 1440 2120; x_wconf 92' lang='lat' dir='ltr'><strong>nostri</strong></span> <span class='ocrx_word' id='word_1_362' title='bbox 1455 2058 1624 2122; x_wconf 91' lang='lat' dir='ltr'><strong>Clementis</strong></span> <span class='ocrx_word' id='word_1_363' title='bbox 1639 2059 1769 2135; x_wconf 78' lang='lat' dir='ltr'><strong>Augusti</strong></span> <span class='ocrx_word' id='word_1_364' title='bbox 1788 2056 2014 2140; x_wconf 78' lang='lat' dir='ltr'><strong>archiepiscopi</strong></span> <span class='ocrx_word' id='word_1_365' title='bbox 2030 2061 2086 2123; x_wconf 90' lang='lat' dir='ltr'><strong>Cu·</strong></span> <span class='ocrx_word' id='word_1_366' title='bbox 2104 2037 2117 2072; x_wconf 75' lang='lat'>⁶</span> 
     </span>
    </p>
   </div>
   <div class='ocr_carea' id='block_1_14' title="bbox 1339 2148 2087 2416">
    <p class='ocr_par' dir='ltr' id='par_1_16' title="bbox 1339 2148 2087 2416">
     <span class='ocr_line' id='line_1_72' title="bbox 1339 2148 2087 2232; baseline 0.004 -22"><span class='ocrx_word' id='word_1_367' title='bbox 1339 2148 1501 2226; x_wconf 90' lang='lat' dir='ltr'><strong>luniensis,</strong></span> <span class='ocrx_word' id='word_1_368' title='bbox 1517 2160 1549 2213; x_wconf 90' lang='lat' dir='ltr'><strong>et</strong></span> <span class='ocrx_word' id='word_1_369' title='bbox 1564 2151 1595 2214; x_wconf 84' lang='lat' dir='ltr'><strong>S.</strong></span> <span class='ocrx_word' id='word_1_370' title='bbox 1607 2150 1675 2213; x_wconf 73' lang='lat' dir='ltr'><strong>lut.</strong></span> <span class='ocrx_word' id='word_1_371' title='bbox 1698 2153 1850 2232; x_wconf 89' lang='lat' dir='ltr'><strong>Principis</strong></span> <span class='ocrx_word' id='word_1_372' title='bbox 1871 2153 2013 2216; x_wconf 89' lang='lat' dir='ltr'><strong>electoris</strong></span> <span class='ocrx_word' id='word_1_373' title='bbox 2033 2167 2087 2213; x_wconf 84' lang='lat' dir='ltr'><strong>eu·</strong></span> 
     </span>
     <span class='ocr_line' id='line_1_73' title="bbox 1340 2244 2084 2325; baseline 0.003 -21"><span class='ocrx_word' id='word_1_374' title='bbox 1340 2244 1475 2321; x_wconf 88' lang='lat' dir='ltr'><strong>positum</strong></span> <span class='ocrx_word' id='word_1_375' title='bbox 1497 2245 1585 2308; x_wconf 90' lang='lat' dir='ltr'><strong>nobis</strong></span> <span class='ocrx_word' id='word_1_376' title='bbox 1606 2244 1666 2307; x_wconf 89' lang='lat' dir='ltr'><strong>init</strong></span> <span class='ocrx_word' id='word_1_377' title='bbox 1694 2254 1762 2308; x_wconf 92' lang='lat' dir='ltr'><strong>tum</strong></span> <span class='ocrx_word' id='word_1_378' title='bbox 1784 2247 1816 2309; x_wconf 91' lang='lat' dir='ltr'><strong>in</strong></span> <span class='ocrx_word' id='word_1_379' title='bbox 1837 2247 1900 2325; x_wconf 91' lang='lat' dir='ltr'><strong>ipsa</strong></span> <span class='ocrx_word' id='word_1_380' title='bbox 1922 2246 2084 2310; x_wconf 91' lang='lat' dir='ltr'><strong>Colonien.</strong></span> 
     </span>
     <span class='ocr_line' id='line_1_74' title="bbox 1339 2336 2085 2416; baseline 0.005 -18"><span class='ocrx_word' id='word_1_381' title='bbox 1339 2336 1486 2414; x_wconf 83' lang='lat' dir='ltr'><strong>liiuecesi,</strong></span> <span class='ocrx_word' id='word_1_382' title='bbox 1498 2339 1608 2401; x_wconf 87' lang='lat' dir='ltr'><strong>tamin</strong></span> <span class='ocrx_word' id='word_1_383' title='bbox 1620 2338 1687 2400; x_wconf 92' lang='lat' dir='ltr'><strong>aliis</strong></span> <span class='ocrx_word' id='word_1_384' title='bbox 1698 2339 1842 2404; x_wconf 84' lang='lat' dir='ltr'><strong>videlicet</strong></span> <span class='ocrx_word' id='word_1_385' title='bbox 1854 2340 2085 2416; x_wconf 69' lang='lat' dir='ltr'><strong>llunasterien,</strong></span> 
     </span>
    </p>
   </div>
   <div class='ocr_carea' id='block_1_15' title="bbox 2115 453 2315 560">
    <p class='ocr_par' dir='ltr' id='par_1_17' title="bbox 2115 453 2356 572">
     <span class='ocr_line' id='line_1_75' title="bbox 2115 453 2315 560; baseline -0.004 0"><span class='ocrx_word' id='word_1_386' title='bbox 2115 453 2171 560; x_wconf 68' lang='lat' dir='ltr'><strong>aa.</strong></span> <span class='ocrx_word' id='word_1_387' title='bbox 2187 501 2221 558; x_wconf 88' lang='lat' dir='ltr'><strong>o.</strong></span> <span class='ocrx_word' id='word_1_388' title='bbox 2244 499 2315 558; x_wconf 81' lang='lat' dir='ltr'><strong>tate</strong></span> 
     </span>
    </p>
   </div>
   <div class='ocr_carea' id='block_1_16' title="bbox 2130 1965 2356 2028">
    <p class='ocr_par' dir='ltr' id='par_1_18' title="bbox 2130 1965 2356 2028">
     <span class='ocr_line' id='line_1_76' title="bbox 2130 1965 2356 2028; baseline -0.013 -8"><span class='ocrx_word' id='word_1_389' title='bbox 2130 1975 2220 2020; x_wconf 79' lang='lat' dir='ltr'><strong>Preces</strong></span> <span class='ocrx_word' id='word_1_390' title='bbox 2240 1981 2331 2028; x_wconf 87' lang='lat' dir='ltr'><strong>porre-</strong></span> <span class='ocrx_word' id='word_1_391' title='bbox 2355 1965 2356 1986; x_wconf 80' lang='lat'>³</span> 
     </span>
    </p>
   </div>
   <div class='ocr_carea' id='block_1_17' title="bbox 1339 2431 2116 2508">
    <p class='ocr_par' dir='ltr' id='par_1_19' title="bbox 1339 2431 2116 2508">
     <span class='ocr_line' id='line_1_77' title="bbox 1339 2431 2116 2508; baseline 0 -14"><span class='ocrx_word' id='word_1_392' title='bbox 1339 2431 1554 2508; x_wconf 80' lang='lat' dir='ltr'><strong>llildesirnen,</strong></span> <span class='ocrx_word' id='word_1_393' title='bbox 1584 2433 1796 2496; x_wconf 85' lang='lat' dir='ltr'><strong>Pederbonen.</strong></span> <span class='ocrx_word' id='word_1_394' title='bbox 1823 2439 1854 2496; x_wconf 88' lang='lat' dir='ltr'><strong>et</strong></span> <span class='ocrx_word' id='word_1_395' title='bbox 1875 2433 2085 2497; x_wconf 84' lang='lat' dir='ltr'><strong>Csnabruuen.</strong></span> <span class='ocrx_word' id='word_1_396' title='bbox 2114 2447 2116 2452; x_wconf 73' lang='grc'>’</span> 
     </span>
    </p>
   </div>
   <div class='ocr_carea' id='block_1_18' title="bbox 1338 2523 2090 5114">
    <p class='ocr_par' dir='ltr' id='par_1_20' title="bbox 1338 2523 2090 5114">
     <span class='ocr_line' id='line_1_78' title="bbox 1339 2523 2087 2606; baseline 0.004 -21"><span class='ocrx_word' id='word_1_397' title='bbox 1339 2523 1574 2604; x_wconf 89' lang='lat' dir='ltr'><strong>episcopatibus,</strong></span> <span class='ocrx_word' id='word_1_398' title='bbox 1597 2541 1732 2605; x_wconf 91' lang='lat' dir='ltr'><strong>quorum</strong></span> <span class='ocrx_word' id='word_1_399' title='bbox 1753 2527 1817 2606; x_wconf 90' lang='lat' dir='ltr'><strong>ipse</strong></span> <span class='ocrx_word' id='word_1_400' title='bbox 1838 2527 2023 2605; x_wconf 88' lang='lat' dir='ltr'><strong>regimenet</strong></span> <span class='ocrx_word' id='word_1_401' title='bbox 2037 2527 2087 2588; x_wconf 84' lang='lat' dir='ltr'><strong>ad·</strong></span> 
     </span>
     <span class='ocr_line' id='line_1_79' title="bbox 1340 2619 2087 2700; baseline 0.005 -20"><span class='ocrx_word' id='word_1_402' title='bbox 1340 2619 1603 2682; x_wconf 88' lang='lat' dir='ltr'><strong>ministrationem</strong></span> <span class='ocrx_word' id='word_1_403' title='bbox 1625 2636 1662 2681; x_wconf 84' lang='lat' dir='ltr'><strong>ex</strong></span> <span class='ocrx_word' id='word_1_404' title='bbox 1684 2621 1882 2683; x_wconf 89' lang='lat' dir='ltr'><strong>concessione</strong></span> <span class='ocrx_word' id='word_1_405' title='bbox 1903 2629 1934 2682; x_wconf 93' lang='lat' dir='ltr'><strong>et</strong></span> <span class='ocrx_word' id='word_1_406' title='bbox 1965 2620 2087 2700; x_wconf 89' lang='lat' dir='ltr'><strong>dispen-</strong></span> 
     </span>
     <span class='ocr_line' id='line_1_80' title="bbox 1338 2713 2086 2794; baseline 0.007 -21"><span class='ocrx_word' id='word_1_407' title='bbox 1338 2713 1459 2776; x_wconf 92' lang='lat' dir='ltr'><strong>satione</strong></span> <span class='ocrx_word' id='word_1_408' title='bbox 1480 2713 1653 2792; x_wconf 90' lang='lat' dir='ltr'><strong>apustolicis</strong></span> <span class='ocrx_word' id='word_1_409' title='bbox 1673 2713 1804 2790; x_wconf 89' lang='lat' dir='ltr'><strong>obtinet,</strong></span> <span class='ocrx_word' id='word_1_410' title='bbox 1822 2713 1992 2778; x_wconf 89' lang='lat' dir='ltr'><strong>nonnullos</strong></span> <span class='ocrx_word' id='word_1_411' title='bbox 2013 2731 2086 2794; x_wconf 89' lang='lat' dir='ltr'><strong>pau·</strong></span> 
     </span>
     <span class='ocr_line' id='line_1_81' title="bbox 1341 2805 2085 2871; baseline 0.004 -4"><span class='ocrx_word' id='word_1_412' title='bbox 1341 2805 1429 2868; x_wconf 92' lang='lat' dir='ltr'><strong>latim</strong></span> <span class='ocrx_word' id='word_1_413' title='bbox 1449 2823 1643 2870; x_wconf 84' lang='lat' dir='ltr'><strong>succrescere</strong></span> <span class='ocrx_word' id='word_1_414' title='bbox 1664 2807 1775 2870; x_wconf 91' lang='lat' dir='ltr'><strong>abusus</strong></span> <span class='ocrx_word' id='word_1_415' title='bbox 1799 2807 2020 2871; x_wconf 88' lang='lat' dir='ltr'><strong>ecclesiasticae</strong></span> <span class='ocrx_word' id='word_1_416' title='bbox 2040 2808 2085 2870; x_wconf 93' lang='lat' dir='ltr'><strong>di-</strong></span> 
     </span>
     <span class='ocr_line' id='line_1_82' title="bbox 1340 2898 2084 2981; baseline 0.004 -21"><span class='ocrx_word' id='word_1_417' title='bbox 1340 2899 1506 2978; x_wconf 88' lang='lat' dir='ltr'><strong>sciplinae,</strong></span> <span class='ocrx_word' id='word_1_418' title='bbox 1538 2916 1672 2981; x_wconf 91' lang='lat' dir='ltr'><strong>suaeque</strong></span> <span class='ocrx_word' id='word_1_419' title='bbox 1707 2898 1879 2963; x_wconf 90' lang='lat' dir='ltr'><strong>ordinariae</strong></span> <span class='ocrx_word' id='word_1_420' title='bbox 1911 2902 2084 2964; x_wconf 91' lang='lat' dir='ltr'><strong>auctoritati</strong></span> 
     </span>
     <span class='ocr_line' id='line_1_83' title="bbox 1341 2992 2085 3075; baseline 0.008 -22"><span class='ocrx_word' id='word_1_421' title='bbox 1341 2992 1429 3054; x_wconf 85' lang='lat' dir='ltr'><strong>valde</strong></span> <span class='ocrx_word' id='word_1_422' title='bbox 1449 2995 1650 3072; x_wconf 90' lang='lat' dir='ltr'><strong>perniciosus,</strong></span> <span class='ocrx_word' id='word_1_423' title='bbox 1672 3003 1765 3072; x_wconf 91' lang='lat' dir='ltr'><strong>atque</strong></span> <span class='ocrx_word' id='word_1_424' title='bbox 1786 2996 1822 3058; x_wconf 92' lang='lat' dir='ltr'><strong>iis</strong></span> <span class='ocrx_word' id='word_1_425' title='bbox 1844 2995 1935 3075; x_wconf 90' lang='lat' dir='ltr'><strong>plane</strong></span> <span class='ocrx_word' id='word_1_426' title='bbox 1955 2995 2085 3073; x_wconf 90' lang='lat' dir='ltr'><strong>similes,</strong></span> 
     </span>
     <span class='ocr_line' id='line_1_84' title="bbox 1341 3087 2085 3167; baseline 0.005 -19"><span class='ocrx_word' id='word_1_427' title='bbox 1341 3103 1416 3166; x_wconf 90' lang='lat' dir='ltr'><strong>quus</strong></span> <span class='ocrx_word' id='word_1_428' title='bbox 1444 3087 1556 3167; x_wconf 86' lang='lat' dir='ltr'><strong>paucis</strong></span> <span class='ocrx_word' id='word_1_429' title='bbox 1574 3097 1646 3151; x_wconf 90' lang='lat' dir='ltr'><strong>ante</strong></span> <span class='ocrx_word' id='word_1_430' title='bbox 1672 3090 1761 3152; x_wconf 91' lang='lat' dir='ltr'><strong>annis</strong></span> <span class='ocrx_word' id='word_1_431' title='bbox 1786 3090 1836 3153; x_wconf 68' lang='lat' dir='ltr'><strong>bot</strong></span> <span class='ocrx_word' id='word_1_432' title='bbox 1862 3105 1956 3152; x_wconf 91' lang='lat' dir='ltr'><strong>mem.</strong></span> <span class='ocrx_word' id='word_1_433' title='bbox 1981 3091 2085 3154; x_wconf 84' lang='lat' dir='ltr'><strong>Ferdi-</strong></span> 
     </span>
     <span class='ocr_line' id='line_1_85' title="bbox 1341 3182 2086 3263; baseline 0.003 -19"><span class='ocrx_word' id='word_1_434' title='bbox 1341 3182 1462 3244; x_wconf 91' lang='lat' dir='ltr'><strong>nandus</strong></span> <span class='ocrx_word' id='word_1_435' title='bbox 1476 3182 1583 3258; x_wconf 91' lang='lat' dir='ltr'><strong>lulius,</strong></span> <span class='ocrx_word' id='word_1_436' title='bbox 1598 3182 1628 3246; x_wconf 90' lang='lat' dir='ltr'><strong>S.</strong></span> <span class='ocrx_word' id='word_1_437' title='bbox 1639 3182 1674 3245; x_wconf 86' lang='lat' dir='ltr'><strong>R.</strong></span> <span class='ocrx_word' id='word_1_438' title='bbox 1686 3183 1721 3245; x_wconf 85' lang='grc' dir='ltr'><strong>Ε.</strong></span> <span class='ocrx_word' id='word_1_439' title='bbox 1739 3185 1901 3263; x_wconf 83' lang='lat' dir='ltr'><strong>presbyter</strong></span> <span class='ocrx_word' id='word_1_440' title='bbox 1916 3184 2086 3248; x_wconf 89' lang='lat' dir='ltr'><strong>Cardinalis</strong></span> 
     </span>
     <span class='ocr_line' id='line_1_86' title="bbox 1341 3273 2086 3354; baseline 0.007 -19"><span class='ocrx_word' id='word_1_441' title='bbox 1341 3273 1378 3338; x_wconf 92' lang='lat' dir='ltr'><strong>de</strong></span> <span class='ocrx_word' id='word_1_442' title='bbox 1400 3275 1517 3354; x_wconf 79' lang='lat' dir='ltr'><strong>Troyer</strong></span> <span class='ocrx_word' id='word_1_443' title='bbox 1537 3285 1734 3354; x_wconf 91' lang='lat' dir='ltr'><strong>nuncupatus</strong></span> <span class='ocrx_word' id='word_1_444' title='bbox 1755 3285 1786 3341; x_wconf 88' lang='lat' dir='ltr'><strong>et</strong></span> <span class='ocrx_word' id='word_1_445' title='bbox 1807 3278 1985 3342; x_wconf 87' lang='lat' dir='ltr'><strong>Olomucen.</strong></span> <span class='ocrx_word' id='word_1_446' title='bbox 2009 3277 2086 3340; x_wconf 91' lang='lat' dir='ltr'><strong>dum</strong></span> 
     </span>
     <span class='ocr_line' id='line_1_87' title="bbox 1342 3368 2086 3451; baseline 0.009 -25"><span class='ocrx_word' id='word_1_447' title='bbox 1342 3368 1463 3430; x_wconf 90' lang='lat' dir='ltr'><strong>viveret</strong></span> <span class='ocrx_word' id='word_1_448' title='bbox 1485 3368 1637 3432; x_wconf 86' lang='lat' dir='ltr'><strong>Ecclesiae</strong></span> <span class='ocrx_word' id='word_1_449' title='bbox 1665 3370 1789 3432; x_wconf 90' lang='lat' dir='ltr'><strong>Praesul</strong></span> <span class='ocrx_word' id='word_1_450' title='bbox 1809 3373 1844 3434; x_wconf 88' lang='lat' dir='ltr'><strong>ad</strong></span> <span class='ocrx_word' id='word_1_451' title='bbox 1874 3371 1985 3435; x_wconf 83' lang='lat' dir='ltr'><strong>sedem</strong></span> <span class='ocrx_word' id='word_1_452' title='bbox 2007 3372 2086 3451; x_wconf 80' lang='lat' dir='ltr'><strong>lpo-</strong></span> 
     </span>
     <span class='ocr_line' id='line_1_88' title="bbox 1340 3462 2083 3527; baseline 0.004 -6"><span class='ocrx_word' id='word_1_453' title='bbox 1340 3462 1478 3524; x_wconf 89' lang='lat' dir='ltr'><strong>stulicam</strong></span> <span class='ocrx_word' id='word_1_454' title='bbox 1509 3462 1620 3526; x_wconf 88' lang='lat' dir='ltr'><strong>detulit</strong></span> <span class='ocrx_word' id='word_1_455' title='bbox 1650 3465 1681 3525; x_wconf 91' lang='lat' dir='ltr'><strong>in</strong></span> <span class='ocrx_word' id='word_1_456' title='bbox 1708 3463 1788 3526; x_wconf 91' lang='lat' dir='ltr'><strong>diota</strong></span> <span class='ocrx_word' id='word_1_457' title='bbox 1815 3481 1869 3526; x_wconf 92' lang='lat' dir='ltr'><strong>sua</strong></span> <span class='ocrx_word' id='word_1_458' title='bbox 1900 3465 2083 3527; x_wconf 79' lang='lat' dir='ltr'><strong>olomucen.</strong></span> 
     </span>
     <span class='ocr_line' id='line_1_89' title="bbox 1340 3543 2086 3636; baseline 0.004 -20"><span class='ocrx_word' id='word_1_459' title='bbox 1340 3554 1470 3617; x_wconf 90' lang='lat' dir='ltr'><strong>dioecesi</strong></span> <span class='ocrx_word' id='word_1_460' title='bbox 1491 3555 1599 3632; x_wconf 83' lang='lat' dir='ltr'><strong>vigere</strong></span> <span class='ocrx_word' id='word_1_461' title='bbox 1620 3543 1800 3636; x_wconf 70' lang='lat' dir='ltr'><strong>quibusque*</strong></span> <span class='ocrx_word' id='word_1_462' title='bbox 1815 3557 2036 3620; x_wconf 81' lang='lat' dir='ltr'><strong>submovendis</strong></span> <span class='ocrx_word' id='word_1_463' title='bbox 2055 3563 2086 3620; x_wconf 90' lang='lat' dir='ltr'><strong>et</strong></span> 
     </span>
     <span class='ocr_line' id='line_1_90' title="bbox 1340 3645 2085 3728; baseline 0.007 -20"><span class='ocrx_word' id='word_1_464' title='bbox 1340 3645 1481 3711; x_wconf 81' lang='lat' dir='ltr'><strong>[nuditus</strong></span> <span class='ocrx_word' id='word_1_465' title='bbox 1511 3650 1698 3713; x_wconf 89' lang='lat' dir='ltr'><strong>eradicandis</strong></span> <span class='ocrx_word' id='word_1_466' title='bbox 1729 3650 1883 3728; x_wconf 92' lang='lat' dir='ltr'><strong>optimum</strong></span> <span class='ocrx_word' id='word_1_467' title='bbox 1915 3652 2085 3728; x_wconf 89' lang='lat' dir='ltr'><strong>susceperit</strong></span> 
     </span>
     <span class='ocr_line' id='line_1_91' title="bbox 1341 3741 2085 3825; baseline 0.003 -23"><span class='ocrx_word' id='word_1_468' title='bbox 1341 3741 1508 3804; x_wconf 90' lang='lat' dir='ltr'><strong>consilium</strong></span> <span class='ocrx_word' id='word_1_469' title='bbox 1536 3743 1718 3807; x_wconf 89' lang='lat' dir='ltr'><strong>recurrendi</strong></span> <span class='ocrx_word' id='word_1_470' title='bbox 1739 3743 1774 3804; x_wconf 91' lang='lat' dir='ltr'><strong>ad</strong></span> <span class='ocrx_word' id='word_1_471' title='bbox 1802 3745 2085 3825; x_wconf 79' lang='lat' dir='ltr'><strong>congregationem</strong></span> 
     </span>
     <span class='ocr_line' id='line_1_92' title="bbox 1342 3834 2084 3900; baseline 0.001 -5"><span class='ocrx_word' id='word_1_472' title='bbox 1342 3835 1569 3897; x_wconf 84' lang='lat' dir='ltr'><strong>venerabilium</strong></span> <span class='ocrx_word' id='word_1_473' title='bbox 1590 3834 1723 3898; x_wconf 88' lang='lat' dir='ltr'><strong>iratrum</strong></span> <span class='ocrx_word' id='word_1_474' title='bbox 1745 3845 1923 3900; x_wconf 89' lang='lat' dir='ltr'><strong>nostrornm</strong></span> <span class='ocrx_word' id='word_1_475' title='bbox 1945 3835 1976 3899; x_wconf 88' lang='lat' dir='ltr'><strong>S.</strong></span> <span class='ocrx_word' id='word_1_476' title='bbox 1993 3838 2029 3900; x_wconf 83' lang='lat' dir='ltr'><strong>lt.</strong></span> <span class='ocrx_word' id='word_1_477' title='bbox 2049 3837 2084 3899; x_wconf 82' lang='grc' dir='ltr'><strong>Ε.</strong></span> 
     </span>
     <span class='ocr_line' id='line_1_93' title="bbox 1343 3927 2087 4010; baseline 0.001 -20"><span class='ocrx_word' id='word_1_478' title='bbox 1343 3927 1553 3990; x_wconf 85' lang='lat' dir='ltr'><strong>Cardinalium</strong></span> <span class='ocrx_word' id='word_1_479' title='bbox 1582 3928 1713 3992; x_wconf 82' lang='lat' dir='ltr'><strong>Consilii</strong></span> <span class='ocrx_word' id='word_1_480' title='bbox 1735 3929 1910 3993; x_wconf 82' lang='lat' dir='ltr'><strong>Tridentini</strong></span> <span class='ocrx_word' id='word_1_481' title='bbox 1934 3931 2087 4010; x_wconf 90' lang='lat' dir='ltr'><strong>interpre·</strong></span> 
     </span>
     <span class='ocr_line' id='line_1_94' title="bbox 1343 4021 2088 4104; baseline 0.005 -22"><span class='ocrx_word' id='word_1_482' title='bbox 1343 4031 1409 4083; x_wconf 92' lang='lat' dir='ltr'><strong>tum</strong></span> <span class='ocrx_word' id='word_1_483' title='bbox 1431 4022 1469 4084; x_wconf 88' lang='lat' dir='ltr'><strong>ab</strong></span> <span class='ocrx_word' id='word_1_484' title='bbox 1489 4023 1597 4085; x_wconf 90' lang='lat' dir='ltr'><strong>eadem</strong></span> <span class='ocrx_word' id='word_1_485' title='bbox 1619 4024 1791 4102; x_wconf 78' lang='lat' dir='ltr'><strong>apmtolica</strong></span> <span class='ocrx_word' id='word_1_486' title='bbox 1817 4021 1896 4088; x_wconf 89' lang='lat' dir='ltr'><strong>Sede</strong></span> <span class='ocrx_word' id='word_1_487' title='bbox 1914 4024 2088 4104; x_wconf 87' lang='lat' dir='ltr'><strong>specialiter</strong></span> 
     </span>
     <span class='ocr_line' id='line_1_95' title="bbox 1341 4115 2088 4199; baseline 0.009 -24"><span class='ocrx_word' id='word_1_488' title='bbox 1341 4115 1573 4193; x_wconf 90' lang='lat' dir='ltr'><strong>deputatorum,</strong></span> <span class='ocrx_word' id='word_1_489' title='bbox 1595 4127 1626 4180; x_wconf 94' lang='lat' dir='ltr'><strong>et</strong></span> <span class='ocrx_word' id='word_1_490' title='bbox 1647 4135 1736 4181; x_wconf 90' lang='lat' dir='ltr'><strong>cansa</strong></span> <span class='ocrx_word' id='word_1_491' title='bbox 1757 4121 1836 4199; x_wconf 90' lang='lat' dir='ltr'><strong>apud</strong></span> <span class='ocrx_word' id='word_1_492' title='bbox 1858 4137 1925 4185; x_wconf 89' lang='lat' dir='ltr'><strong>eam</strong></span> <span class='ocrx_word' id='word_1_493' title='bbox 1948 4121 2088 4183; x_wconf 91' lang='lat' dir='ltr'><strong>intrudu-</strong></span> 
     </span>
     <span class='ocr_line' id='line_1_96' title="bbox 1341 4212 2084 4293; baseline 0.009 -23"><span class='ocrx_word' id='word_1_494' title='bbox 1341 4216 1387 4270; x_wconf 87' lang='lat' dir='ltr'><strong>cta</strong></span> <span class='ocrx_word' id='word_1_495' title='bbox 1409 4212 1557 4272; x_wconf 88' lang='lat' dir='ltr'><strong>adversus</strong></span> <span class='ocrx_word' id='word_1_496' title='bbox 1582 4213 1738 4288; x_wconf 88' lang='lat' dir='ltr'><strong>regulares</strong></span> <span class='ocrx_word' id='word_1_497' title='bbox 1769 4217 1950 4293; x_wconf 90' lang='lat' dir='ltr'><strong>praesertim</strong></span> <span class='ocrx_word' id='word_1_498' title='bbox 1976 4212 2006 4277; x_wconf 91' lang='lat' dir='ltr'><strong>S.</strong></span> <span class='ocrx_word' id='word_1_499' title='bbox 2029 4213 2084 4277; x_wconf 86' lang='lat' dir='ltr'><strong>Be·</strong></span> 
     </span>
     <span class='ocr_line' id='line_1_97' title="bbox 1343 4303 2087 4377; baseline 0.009 -14"><span class='ocrx_word' id='word_1_500' title='bbox 1343 4303 1467 4377; x_wconf 90' lang='lat' dir='ltr'><strong>nedictl,</strong></span> <span class='ocrx_word' id='word_1_501' title='bbox 1481 4320 1515 4366; x_wconf 92' lang='lat' dir='ltr'><strong>ac</strong></span> <span class='ocrx_word' id='word_1_502' title='bbox 1531 4305 1742 4369; x_wconf 90' lang='lat' dir='ltr'><strong>Cisterciensls</strong></span> <span class='ocrx_word' id='word_1_503' title='bbox 1757 4319 1788 4369; x_wconf 90' lang='lat' dir='ltr'><strong>ct</strong></span> <span class='ocrx_word' id='word_1_504' title='bbox 1804 4308 2087 4371; x_wconf 88' lang='lat' dir='ltr'><strong>Praemonstraten·</strong></span> 
     </span>
     <span class='ocr_line' id='line_1_98' title="bbox 1341 4396 2087 4477; baseline 0.007 -20"><span class='ocrx_word' id='word_1_505' title='bbox 1341 4396 1382 4458; x_wconf 90' lang='lat' dir='ltr'><strong>sis</strong></span> <span class='ocrx_word' id='word_1_506' title='bbox 1403 4397 1548 4458; x_wconf 89' lang='lat' dir='ltr'><strong>ordinum</strong></span> <span class='ocrx_word' id='word_1_507' title='bbox 1570 4413 1626 4460; x_wconf 92' lang='lat' dir='ltr'><strong>sen</strong></span> <span class='ocrx_word' id='word_1_508' title='bbox 1648 4399 1933 4477; x_wconf 85' lang='lat' dir='ltr'><strong>Congregatiupnm</strong></span> <span class='ocrx_word' id='word_1_509' title='bbox 1956 4402 2087 4464; x_wconf 80' lang='lat' dir='ltr'><strong>Abbates</strong></span> 
     </span>
     <span class='ocr_line' id='line_1_99' title="bbox 1342 4489 2087 4572; baseline 0.005 -20"><span class='ocrx_word' id='word_1_510' title='bbox 1342 4496 1374 4552; x_wconf 92' lang='lat' dir='ltr'><strong>et</strong></span> <span class='ocrx_word' id='word_1_511' title='bbox 1393 4489 1574 4567; x_wconf 84' lang='lat' dir='ltr'><strong>Monachus,</strong></span> <span class='ocrx_word' id='word_1_512' title='bbox 1596 4507 1651 4554; x_wconf 91' lang='lat' dir='ltr'><strong>sen</strong></span> <span class='ocrx_word' id='word_1_513' title='bbox 1679 4497 1844 4557; x_wconf 87' lang='lat' dir='ltr'><strong>canonicos</strong></span> <span class='ocrx_word' id='word_1_514' title='bbox 1875 4495 2033 4572; x_wconf 88' lang='lat' dir='ltr'><strong>regulares</strong></span> <span class='ocrx_word' id='word_1_515' title='bbox 2055 4495 2087 4557; x_wconf 93' lang='lat' dir='ltr'><strong>in</strong></span> 
     </span>
     <span class='ocr_line' id='line_1_100' title="bbox 1342 4583 2088 4662; baseline 0.008 -18"><span class='ocrx_word' id='word_1_516' title='bbox 1342 4583 1420 4645; x_wconf 90' lang='lat' dir='ltr'><strong>dicta</strong></span> <span class='ocrx_word' id='word_1_517' title='bbox 1440 4600 1495 4644; x_wconf 91' lang='lat' dir='ltr'><strong>sua</strong></span> <span class='ocrx_word' id='word_1_518' title='bbox 1516 4585 1648 4646; x_wconf 87' lang='lat' dir='ltr'><strong>dioecesi</strong></span> <span class='ocrx_word' id='word_1_519' title='bbox 1668 4586 1849 4662; x_wconf 84' lang='lat' dir='ltr'><strong>existentes,</strong></span> <span class='ocrx_word' id='word_1_520' title='bbox 1866 4587 2021 4651; x_wconf 83' lang='lat' dir='ltr'><strong>sexdecim</strong></span> <span class='ocrx_word' id='word_1_521' title='bbox 2042 4586 2088 4650; x_wconf 91' lang='lat' dir='ltr'><strong>di-</strong></span> 
     </span>
     <span class='ocr_line' id='line_1_101' title="bbox 1342 4677 2088 4756; baseline 0.009 -19"><span class='ocrx_word' id='word_1_522' title='bbox 1342 4681 1452 4738; x_wconf 89' lang='lat' dir='ltr'><strong>stincta</strong></span> <span class='ocrx_word' id='word_1_523' title='bbox 1467 4677 1563 4756; x_wconf 91' lang='lat' dir='ltr'><strong>capita</strong></span> <span class='ocrx_word' id='word_1_524' title='bbox 1584 4693 1640 4740; x_wconf 91' lang='lat' dir='ltr'><strong>seu</strong></span> <span class='ocrx_word' id='word_1_525' title='bbox 1662 4679 1765 4754; x_wconf 91' lang='lat' dir='ltr'><strong>dubia,</strong></span> <span class='ocrx_word' id='word_1_526' title='bbox 1781 4683 2007 4742; x_wconf 89' lang='lat' dir='ltr'><strong>controversias</strong></span> <span class='ocrx_word' id='word_1_527' title='bbox 2022 4697 2088 4744; x_wconf 88' lang='lat' dir='ltr'><strong>um·</strong></span> 
     </span>
     <span class='ocr_line' id='line_1_102' title="bbox 1343 4771 2090 4849; baseline 0.007 -16"><span class='ocrx_word' id='word_1_528' title='bbox 1343 4785 1397 4833; x_wconf 91' lang='lat' dir='ltr'><strong>nes</strong></span> <span class='ocrx_word' id='word_1_529' title='bbox 1418 4785 1491 4832; x_wconf 92' lang='lat' dir='ltr'><strong>cnm</strong></span> <span class='ocrx_word' id='word_1_530' title='bbox 1509 4771 1598 4833; x_wconf 90' lang='lat' dir='ltr'><strong>dictis</strong></span> <span class='ocrx_word' id='word_1_531' title='bbox 1617 4773 1813 4849; x_wconf 89' lang='lat' dir='ltr'><strong>regularibus</strong></span> <span class='ocrx_word' id='word_1_532' title='bbox 1832 4783 1993 4838; x_wconf 86' lang='lat' dir='ltr'><strong>vertentes</strong></span> <span class='ocrx_word' id='word_1_533' title='bbox 2006 4792 2090 4839; x_wconf 91' lang='lat' dir='ltr'><strong>cum·</strong></span> 
     </span>
     <span class='ocr_line' id='line_1_103' title="bbox 1342 4865 2089 4944; baseline 0.007 -17"><span class='ocrx_word' id='word_1_534' title='bbox 1342 4865 1508 4944; x_wconf 89' lang='lat' dir='ltr'><strong>plectentia</strong></span> <span class='ocrx_word' id='word_1_535' title='bbox 1530 4867 1631 4928; x_wconf 92' lang='lat' dir='ltr'><strong>eidem</strong></span> <span class='ocrx_word' id='word_1_536' title='bbox 1660 4868 1901 4943; x_wconf 91' lang='lat' dir='ltr'><strong>Congregatiuni</strong></span> <span class='ocrx_word' id='word_1_537' title='bbox 1922 4871 2089 4932; x_wconf 90' lang='lat' dir='ltr'><strong>discutien-</strong></span> 
     </span>
     <span class='ocr_line' id='line_1_104' title="bbox 1342 4959 2090 5044; baseline 0.005 -22"><span class='ocrx_word' id='word_1_538' title='bbox 1342 4962 1390 5034; x_wconf 90' lang='lat' dir='ltr'><strong>da,</strong></span> <span class='ocrx_word' id='word_1_539' title='bbox 1414 4967 1445 5022; x_wconf 93' lang='lat' dir='ltr'><strong>et</strong></span> <span class='ocrx_word' id='word_1_540' title='bbox 1465 4959 1502 5022; x_wconf 90' lang='lat' dir='ltr'><strong>ad</strong></span> <span class='ocrx_word' id='word_1_541' title='bbox 1524 4960 1600 5022; x_wconf 86' lang='lat' dir='ltr'><strong>iuris</strong></span> <span class='ocrx_word' id='word_1_542' title='bbox 1621 4975 1766 5023; x_wconf 89' lang='lat' dir='ltr'><strong>normam</strong></span> <span class='ocrx_word' id='word_1_543' title='bbox 1781 4961 1956 5026; x_wconf 87' lang='lat' dir='ltr'><strong>delinienda</strong></span> <span class='ocrx_word' id='word_1_544' title='bbox 1978 4979 2090 5044; x_wconf 90' lang='lat' dir='ltr'><strong>propo-</strong></span> 
     </span>
     <span class='ocr_line' id='line_1_105' title="bbox 1342 5053 1414 5114; baseline -0.014 -1"><span class='ocrx_word' id='word_1_545' title='bbox 1342 5053 1414 5114; x_wconf 90' lang='lat' dir='ltr'><strong>suit.</strong></span> 
     </span>
    </p>
   </div>
   <div class='ocr_carea' id='block_1_19' title="bbox 1343 5125 2356 5322">
    <p class='ocr_par' dir='ltr' id='par_1_21' title="bbox 1343 5125 2356 5322">
     <span class='ocr_line' id='line_1_106' title="bbox 1382 5125 2356 5258; baseline 0.004 -48"><span class='ocrx_word' id='word_1_546' title='bbox 1382 5149 1401 5224; x_wconf 66' lang='grc' dir='ltr'><strong>ἓ</strong></span> <span class='ocrx_word' id='word_1_547' title='bbox 1423 5147 1451 5210; x_wconf 79' lang='lat' dir='ltr'><strong>t.</strong></span> <span class='ocrx_word' id='word_1_548' title='bbox 1474 5125 1555 5222; x_wconf 83' lang='lat' dir='ltr'><strong>Quae</strong></span> <span class='ocrx_word' id='word_1_549' title='bbox 1576 5149 1701 5227; x_wconf 88' lang='lat' dir='ltr'><strong>quidem</strong></span> <span class='ocrx_word' id='word_1_550' title='bbox 1723 5149 1815 5212; x_wconf 92' lang='lat' dir='ltr'><strong>dubia</strong></span> <span class='ocrx_word' id='word_1_551' title='bbox 1829 5149 1938 5228; x_wconf 92' lang='lat' dir='ltr'><strong>semel,</strong></span> <span class='ocrx_word' id='word_1_552' title='bbox 1961 5151 2090 5215; x_wconf 89' lang='lat' dir='ltr'><strong>iterum·</strong></span> <span class='ocrx_word' id='word_1_553' title='bbox 2107 5153 2317 5258; x_wconf 68' lang='lat' dir='ltr'><strong>,10⁸·0⁰,⁰⁰g·¹⁰⁸⁸&#39;</strong></span> <span class='ocrx_word' id='word_1_554' title='bbox 2355 5181 2356 5184; x_wconf 34' lang='lat'>¹</span> 
     </span>
     <span class='ocr_line' id='line_1_107' title="bbox 1343 5224 2318 5322; baseline 0.005 -17"><span class='ocrx_word' id='word_1_555' title='bbox 1343 5259 1403 5322; x_wconf 91' lang='lat' dir='ltr'><strong>que</strong></span> <span class='ocrx_word' id='word_1_556' title='bbox 1413 5244 1513 5321; x_wconf 94' lang='lat' dir='ltr'><strong>primo</strong></span> <span class='ocrx_word' id='word_1_557' title='bbox 1529 5244 1672 5306; x_wconf 84' lang='lat' dir='ltr'><strong>videlicet</strong></span> <span class='ocrx_word' id='word_1_558' title='bbox 1683 5244 1732 5306; x_wconf 91' lang='lat' dir='ltr'><strong>die</strong></span> <span class='ocrx_word' id='word_1_559' title='bbox 1748 5245 2086 5310; x_wconf 69' lang='lat' dir='ltr'><strong>molundensem.</strong></span> <span class='ocrx_word' id='word_1_560' title='bbox 2107 5265 2172 5312; x_wconf 84' lang='lat' dir='ltr'><strong>num</strong></span> <span class='ocrx_word' id='word_1_561' title='bbox 2187 5224 2256 5313; x_wconf 57' lang='lat' dir='ltr'><strong>agae.</strong></span> <span class='ocrx_word' id='word_1_562' title='bbox 2266 5264 2318 5310; x_wconf 85' lang='lat' dir='ltr'><strong>rn-</strong></span> 
     </span>
    </p>
   </div>
   <div class='ocr_carea' id='block_1_20' title="bbox 1340 5521 2108 5917">
    <p class='ocr_par' dir='ltr' id='par_1_22' title="bbox 1341 5521 2090 5583">
     <span class='ocr_line' id='line_1_108' title="bbox 1341 5521 2090 5583; baseline -0.004 -10"><span class='ocrx_word' id='word_1_563' title='bbox 1341 5537 1410 5583; x_wconf 87' lang='lat' dir='ltr'><strong>rum,</strong></span> <span class='ocrx_word' id='word_1_564' title='bbox 1424 5530 1451 5573; x_wconf 88' lang='lat' dir='ltr'><strong>et</strong></span> <span class='ocrx_word' id='word_1_565' title='bbox 1466 5525 1547 5572; x_wconf 87' lang='lat' dir='ltr'><strong>tertia</strong></span> <span class='ocrx_word' id='word_1_566' title='bbox 1567 5522 1701 5572; x_wconf 83' lang='lat' dir='ltr'><strong>Benedicti</strong></span> <span class='ocrx_word' id='word_1_567' title='bbox 1720 5525 1786 5571; x_wconf 83' lang='lat' dir='ltr'>x111.</span> <span class='ocrx_word' id='word_1_568' title='bbox 1805 5521 1868 5572; x_wconf 85' lang='lat' dir='ltr'><strong>edit.</strong></span> <span class='ocrx_word' id='word_1_569' title='bbox 1883 5531 2037 5580; x_wconf 69' lang='lat' dir='ltr'><strong>nocuum,</strong></span> <span class='ocrx_word' id='word_1_570' title='bbox 2052 5535 2090 5570; x_wconf 81' lang='lat' dir='ltr'><strong>ce·</strong></span> 
     </span>
    </p>

    <p class='ocr_par' dir='ltr' id='par_1_23' title="bbox 1340 5591 2108 5720">
     <span class='ocr_line' id='line_1_109' title="bbox 1340 5591 2108 5653; baseline -0.005 -12"><span class='ocrx_word' id='word_1_571' title='bbox 1340 5594 1437 5653; x_wconf 89' lang='lat' dir='ltr'><strong>ptemb.</strong></span> <span class='ocrx_word' id='word_1_572' title='bbox 1456 5600 1570 5652; x_wconf 77' lang='lat' dir='ltr'><strong>xxru.,s</strong></span> <span class='ocrx_word' id='word_1_573' title='bbox 1589 5597 1608 5650; x_wconf 92' lang='lat' dir='ltr'><strong>l,</strong></span> <span class='ocrx_word' id='word_1_574' title='bbox 1628 5592 1808 5651; x_wconf 81' lang='lat' dir='ltr'><strong>praecedentia</strong></span> <span class='ocrx_word' id='word_1_575' title='bbox 1826 5591 2040 5648; x_wconf 78' lang='lat' dir='ltr'><strong>confirmatoria3</strong></span> <span class='ocrx_word' id='word_1_576' title='bbox 2058 5591 2087 5637; x_wconf 88' lang='lat' dir='ltr'><strong>in</strong></span> <span class='ocrx_word' id='word_1_577' title='bbox 2105 5624 2108 5628; x_wconf 46' lang='lat'><strong>&gt;</strong></span> 
     </span>
     <span class='ocr_line' id='line_1_110' title="bbox 1341 5659 2086 5720; baseline -0.005 -11"><span class='ocrx_word' id='word_1_578' title='bbox 1341 5665 1391 5710; x_wconf 84' lang='lat' dir='ltr'><strong>hac</strong></span> <span class='ocrx_word' id='word_1_579' title='bbox 1405 5672 1466 5708; x_wconf 85' lang='lat' dir='ltr'><strong>veru</strong></span> <span class='ocrx_word' id='word_1_580' title='bbox 1479 5663 1570 5708; x_wconf 85' lang='lat' dir='ltr'><strong>eadem</strong></span> <span class='ocrx_word' id='word_1_581' title='bbox 1590 5661 1712 5717; x_wconf 82' lang='lat' dir='ltr'><strong>materia,</strong></span> <span class='ocrx_word' id='word_1_582' title='bbox 1725 5661 1811 5720; x_wconf 84' lang='lat' dir='ltr'><strong>quoad</strong></span> <span class='ocrx_word' id='word_1_583' title='bbox 1827 5661 1967 5707; x_wconf 78' lang='lat' dir='ltr'><strong>dioecesim</strong></span> <span class='ocrx_word' id='word_1_584' title='bbox 1982 5659 2086 5706; x_wconf 89' lang='lat' dir='ltr'><strong>olomu·</strong></span> 
     </span>
    </p>

    <p class='ocr_par' dir='ltr' id='par_1_24' title="bbox 1341 5729 2084 5787">
     <span class='ocr_line' id='line_1_111' title="bbox 1341 5729 2084 5787; baseline -0.007 -11"><span class='ocrx_word' id='word_1_585' title='bbox 1341 5742 1405 5787; x_wconf 75' lang='lat' dir='ltr'><strong>cen..</strong></span> <span class='ocrx_word' id='word_1_586' title='bbox 1416 5731 1490 5778; x_wconf 81' lang='lat' dir='ltr'><strong>adest</strong></span> <span class='ocrx_word' id='word_1_587' title='bbox 1505 5730 1590 5776; x_wconf 83' lang='lat' dir='ltr'><strong>const.</strong></span> <span class='ocrx_word' id='word_1_588' title='bbox 1609 5729 1744 5775; x_wconf 85' lang='lat' dir='ltr'><strong>Benedicti</strong></span> <span class='ocrx_word' id='word_1_589' title='bbox 1760 5731 1823 5774; x_wconf 84' lang='lat' dir='ltr'><strong>le.</strong></span> <span class='ocrx_word' id='word_1_590' title='bbox 1839 5733 1880 5774; x_wconf 79' lang='lat' dir='ltr'><strong>Ad·</strong></span> <span class='ocrx_word' id='word_1_591' title='bbox 1890 5733 1991 5775; x_wconf 78' lang='lat' dir='ltr'><strong>sottum</strong></span> <span class='ocrx_word' id='word_1_592' title='bbox 2008 5732 2084 5772; x_wconf 62' lang='grc' dir='ltr'>ἐκπί-</span> 
     </span>
    </p>

    <p class='ocr_par' dir='ltr' id='par_1_25' title="bbox 1342 5795 2088 5856">
     <span class='ocr_line' id='line_1_112' title="bbox 1342 5795 2088 5856; baseline -0.008 -8"><span class='ocrx_word' id='word_1_593' title='bbox 1342 5803 1401 5850; x_wconf 75' lang='lat' dir='ltr'><strong>aloe,</strong></span> <span class='ocrx_word' id='word_1_594' title='bbox 1421 5799 1483 5846; x_wconf 82' lang='lat' dir='ltr'><strong>edit.</strong></span> <span class='ocrx_word' id='word_1_595' title='bbox 1499 5809 1621 5854; x_wconf 70' lang='lat' dir='ltr'><strong>unorum,</strong></span> <span class='ocrx_word' id='word_1_596' title='bbox 1639 5800 1689 5845; x_wconf 87' lang='lat' dir='ltr'><strong>oct.</strong></span> <span class='ocrx_word' id='word_1_597' title='bbox 1704 5809 1769 5855; x_wconf 72' lang='lat' dir='ltr'><strong>nnn,</strong></span> <span class='ocrx_word' id='word_1_598' title='bbox 1788 5807 1868 5856; x_wconf 84' lang='lat' dir='ltr'><strong>qnam</strong></span> <span class='ocrx_word' id='word_1_599' title='bbox 1889 5795 2006 5844; x_wconf 76' lang='lat' dir='ltr'><strong>invenire</strong></span> <span class='ocrx_word' id='word_1_600' title='bbox 2025 5805 2088 5842; x_wconf 85' lang='lat' dir='ltr'><strong>non·</strong></span> 
     </span>
    </p>

    <p class='ocr_par' dir='ltr' id='par_1_26' title="bbox 1342 5867 1561 5917">
     <span class='ocr_line' id='line_1_113' title="bbox 1342 5867 1561 5917; baseline 0 -2"><span class='ocrx_word' id='word_1_601' title='bbox 1342 5868 1405 5916; x_wconf 88' lang='lat' dir='ltr'><strong>dum</strong></span> <span class='ocrx_word' id='word_1_602' title='bbox 1420 5867 1561 5917; x_wconf 76' lang='lat' dir='ltr'><strong>voluimus.</strong></span> 
     </span>
    </p>
   </div>
   <div class='ocr_carea' id='block_1_21' title="bbox 2249 5221 2318 5257">
    <p class='ocr_par' dir='ltr' id='par_1_27' title="bbox 2249 5221 2318 5257">
     <span class='ocr_line' id='line_1_114' title="bbox 2249 5221 2318 5257; baseline 0.014 -1"><span class='ocrx_word' id='word_1_603' title='bbox 2249 5221 2318 5257; x_wconf 63' lang='lat' dir='ltr'><strong>lna-⁸</strong></span> 
     </span>
    </p>
   </div>
   <div class='ocr_carea' id='block_1_22' title="bbox 0 0 2374 6996">
    <p class='ocr_par' dir='ltr' id='par_1_28' title="bbox 0 0 2374 6996">
     <span class='ocr_line' id='line_1_115' title="bbox 0 0 2374 6996; baseline 0 0"><span class='ocrx_word' id='word_1_604' title='bbox 0 0 2374 6996; x_wconf 95' lang='lat' dir='ltr'><strong> </strong></span> 
     </span>
    </p>
   </div>
  </div>
 </body>
</html>
