4722 6976
324 526 378 582 Aa.
392 529 422 581 0.
445 529 513 582 1807
563 532 622 595 191

435 707 440 720 -
544 669 713 748 imparibus
727 671 875 746 collocati,
892 673 927 734 ad
943 687 1070 749 gregem
1091 670 1289 733 bominioum

544 764 649 828 oculos
671 773 793 828 nostrae
814 766 930 828 mentis
950 767 1084 828 intentos
1105 764 1291 840 semperha-

543 853 664 932 bentes,
680 867 711 920 et
725 859 797 936 quid
809 858 989 938 apostolicae
1004 857 1218 938 providentiae
1233 856 1291 918 im-

545 951 681 1026 pendere
695 952 872 1026 debeamus,
887 959 922 1013 ut
938 950 1053 1030 ubique
1071 950 1234 1012 commode
1248 955 1292 1010 at-

546 1057 606 1120 que
625 1042 746 1104 utiliter
767 1043 972 1119 gubernetur,
990 1052 1020 1104 et
1035 1042 1070 1105 ad
1085 1040 1226 1105 coelestia
1241 1057 1292 1119 pa·

546 1151 615 1196 scua
643 1134 776 1197 lideliter
807 1135 970 1213 dirigatur,
1000 1151 1066 1197 eam
1095 1134 1292 1214 potissimum

546 1227 686 1288 muneris
697 1226 800 1290 Nostri
812 1243 918 1290 curam
929 1226 1136 1304 agnoscimus,
1149 1225 1230 1304 quod
1247 1231 1291 1285 tot

545 1318 744 1382 ecelesiarum
764 1319 920 1398 praesules
941 1319 1122 1400 opportunis
1136 1333 1192 1396 pro
1209 1332 1291 1380 com-

547 1411 677 1474 modiori
687 1412 1034 1492 populorumspirituali
1044 1413 1199 1490 regimine
1209 1424 1293 1489 prae·

549 1505 695 1582 rogativis
716 1508 913 1569 decorentur.
937 1507 979 1568 Ea
1000 1514 1126 1586 propter
1147 1503 1292 1569 Christia-

523 1595 531 1612 '
547 1613 662 1661 norum
673 1599 849 1678 principum
861 1601 1023 1663 votalrisce
1035 1599 1068 1662 in
1080 1598 1173 1661 rebus
1187 1597 1292 1658 lavore

548 1691 782 1770 complectimur
797 1702 828 1756 et
839 1692 991 1757 nonnulla
1005 1693 1164 1754 interdum
1179 1696 1293 1751 statue·

549 1801 583 1847 re
612 1802 773 1860 curamus,
802 1803 880 1865 quae
909 1787 940 1848 in
970 1785 1101 1849 Domino
1130 1781 1293 1846 salubriter

549 1879 755 1956 conspicimus
774 1879 932 1959 expedire.

319 1971 432 2018 Hi⁸l⁰r¹³
445 1980 530 2016 rerum
590 1973 608 2046 5
629 1972 659 2032 2.
684 1971 847 2048 Postquam
869 1970 964 2033 lelicis
985 1969 1207 2034 recordationis
1226 1969 1294 2034 cte-

318 2027 531 2124 iiiiiuiee‘iiiie
551 2081 639 2126 mens
660 2065 715 2126 PP.
739 2064 817 2128 lllll.
848 2067 1063 2144 praedecessor
1091 2073 1197 2127 noster
1221 2073 1294 2127 tunc

319 2129 425 2246 {iffi
443 2129 531 2229 31ῗῖἓί
550 2173 621 2220 cum
653 2157 780 2220 Michael
809 2159 920 2221 tertius
948 2159 1110 2222 lliovensis
1139 2165 1294 2235 metropo-

319 2247 360 2283 ¹¹¹⁵
375 2235 518 2283 ursaonae.
548 2249 613 2325 lita,
626 2252 863 2314 assentientibus
879 2251 944 2312 aliis
960 2249 1117 2329 Episcopis
1130 2248 1293 2325 Euthenis,

550 2343 680 2406 concilio
701 2352 804 2406 coacto
826 2344 859 2406 in
882 2344 1006 2406 civitate
1029 2343 1166 2406 Brestiae
1186 2351 1218 2404 et
1240 2357 1294 2420 pu-

551 2435 671 2498 blicein
687 2452 723 2498 eo
737 2436 871 2498 nationis
891 2435 1051 2498 Rutbeuae
1073 2451 1144 2496 cum
1167 2436 1295 2509 Aposto-

550 2528 606 2590 lica
628 2528 706 2592 Sede
726 2528 843 2589 unione
857 2535 980 2602 statuta,
994 2529 1031 2591 ad
1045 2542 1113 2589 eam
1134 2524 1295 2604 perficien-

550 2623 620 2684 dam
642 2623 718 2683 duos
740 2621 903 2699 Episcopus
925 2622 1054 2684 Romam
1076 2621 1219 2697 miserat,
1242 2636 1294 2682 na-

552 2715 669 2776 tionem
691 2714 876 2792 praedictaru
891 2713 925 2776 ad
943 2715 973 2778 S.
991 2714 1164 2778 Catholicae
1184 2715 1294 2776 Roma-

551 2827 609 2874 nae
624 2809 775 2873 Ecclesiae
790 2810 1044 2873 communionem
1058 2810 1186 2886 recepit,
1203 2816 1296 2887 atque

551 2907 630 2968 hanc
662 2905 810 2968 unionem
840 2921 895 2984 per
925 2919 993 2965 suas
1024 2902 1204 2981 apostolicas
1238 2901 1296 2963 sub

551 2999 678 3079 plumbo
710 2999 866 3078 expeditas
894 3000 998 3064 literas
1024 2998 1207 3076 incipientes
1229 2999 1295 3063 dlu-

551 3109 633 3174 puus
657 3094 811 3156 Dominus
833 3109 915 3156 anno
930 3093 1127 3172 pontificatus
1142 3092 1189 3154 sui
1205 3108 1295 3170 quar·

552 3195 583 3248 to
604 3188 685 3250 datas
706 3194 736 3248 et
758 3186 977 3249 incarnationis
998 3185 1175 3248 Dominicae
1196 3185 1297 3247 mille·

552 3280 634 3341 simo
662 3279 913 3357 quingentesimo
942 3279 1145 3354 nonagesimo
1175 3277 1295 3356 quinto,

552 3373 671 3436 decimo
685 3371 829 3435 kalendas
844 3371 975 3434 ianuarii
989 3370 1169 3450 approbavit
1179 3379 1210 3434 et
1225 3383 1298 3432 con·

553 3466 700 3541 lirmavit,
723 3480 866 3528 necnon
888 3480 943 3543 per
963 3465 1035 3527 alias
1056 3465 1173 3528 similes
1195 3464 1297 3527 literas

553 3561 735 3639 incipientes
750 3559 842 3622 Decet
858 3559 1038 3621 Romanum
1052 3557 1296 3637 6611166166-

552 3656 623 3716 dem
651 3651 870 3715 incarnationis
898 3651 1070 3715 dominicae
1097 3666 1179 3712 anno
1207 3665 1298 3728 expe·

553 3748 630 3810 ditas
645 3763 677 3808 ac
692 3746 775 3809 datas
788 3744 920 3824 septimo
931 3743 1077 3806 kalendas
1089 3742 1203 3817 martii,
1216 3742 1297 3804 idem

553 3840 693 3919 pontilex
704 3839 901 3916 postmodum
912 3837 1137 3914 areniepiscopo
1153 3835 1298 3898 lliovien-

553 3935 578 3995 si
607 3933 826 3996 Rutbenorum
854 3930 1090 4008 metropolitano
1121 3929 1299 3992 facultatem

554 4027 690 4102 benigne
704 4023 853 4088 concessit
864 4022 1070 4085 confirmandi
1082 4023 1211 4085 nomine
1222 4023 1300 4100 npu-

554 4119 679 4182 stolicae
700 4117 787 4181 Sedis
808 4115 971 4194 Episcopus
992 4113 1198 4191 suffraganeos
1220 4115 1300 4176 eius·

555 4215 626 4275 dem
664 4212 741 4274 ritus
777 4211 810 4274 in
845 4209 971 4272 Polonia
1009 4208 1197 4285 existentes,
1235 4226 1299 4271 eos·

555 4321 616 4383 que
639 4305 721 4366 iuxta
748 4302 832 4365 illius
857 4303 936 4364 ritus
962 4303 1094 4364 lormam
1121 4317 1299 4365 consecran-

556 4397 587 4458 di
607 4396 662 4474 (l).
691 4393 757 4458 Alia
785 4395 878 4456 etiam
905 4395 981 4455 haec
1008 4393 1178 4470 Apostolica
1207 4392 1301 4457 Sedes

557 4489 686 4551 diversis
708 4488 896 4566 temporibus
924 4485 1022 4565 quoad
1050 4486 1227 4548 Rutbenam
1249 4503 1302 4550 na·

558 4583 675 4643 tionem
695 4580 880 4659 praedictam
896 4580 1054 4658 disposuit,
1071 4581 1232 4656 praecipue
1246 4596 1301 4657 per

557 4689 709 4750 organum
726 4673 981 4749 congregationis
1002 4672 1227 4734 venerabilium
1242 4673 1301 4737 lra-

559 4775 643 4829 trum
655 4776 833 4827 nostrorum
845 4763 973 4827 Sanctae
983 4764 1138 4827 Romanae
1150 4765 1302 4828 Ecclesiae

560 4859 768 4924 cardinalium
790 4857 922 4934 negotiis
951 4859 988 4919 de
1012 4857 1207 4935 Propaganda
1228 4859 1302 4921 Fide

559 4953 817 5032 praepositorum,
834 4967 867 5012 ao
881 4953 1009 5028 insuper
1029 4949 1067 5012 de
1082 4967 1164 5014 auno
1178 4952 1302 5014 Domini

559 5045 725 5107 millesimo
739 5042 1014 5122 septingentesimo
1030 5043 1180 5120 vigesimo
1189 5045 1227 5107 de
1237 5060 1304 5123 spe-

558 5137 626 5199 ciali
648 5151 773 5198 assensu
795 5135 891 5198 leliois
919 5137 1140 5200 recordationis
1161 5137 1305 5199 Clemen-

559 5231 598 5293 tis
620 5229 676 5292 PP.
699 5229 750 5293 ill.
775 5227 1014 5307 praedecessoris
1030 5230 1127 5291 nostri
1148 5239 1249 5292 coacta
1271 5231 1302 5292 in

559 5325 683 5387 civitate
704 5322 875 5386 Zamosciae
890 5323 1008 5400 synodo
1023 5322 1171 5385 nationali
1188 5322 1306 5384 linthe-

560 5435 609 5493 na,
641 5419 732 5493 eique
764 5415 956 5494 praesidente
986 5415 1176 5492 Hieronymo
1207 5415 1305 5476 bonae

561 5511 728 5573 memoriae
750 5508 987 5587 Archiepiscopo
1009 5509 1154 5583 Edessae,
1178 5513 1251 5568 tunc
1272 5507 1303 5569 in

560 5604 704 5667 Poloniae
727 5617 823 5678 regno
849 5600 936 5664 Sedis
964 5600 1155 5679 apostolicae
1175 5598 1304 5674 Nuntio,

561 5697 671 5760 deinde
693 5694 769 5758 SR.
782 5695 816 5756 E.
841 5693 994 5758 cardinali
1007 5691 1163 5756 Grimaldo
1185 5709 1305 5754 nuncu-

602 5914 633 5969 (1)
648 5915 699 5959 llas
712 5913 753 5958 ut.
768 5911 825 5957 vide
839 5911 866 5956 in
881 5917 942 5970 App.

1067 552 1132 597 ltin.
1156 553 1247 598 t’ou'r.
1271 551 1311 597 bn
1333 552 1362 597 P·
1386 553 1415 599 F·
1439 555 1521 600 PARS
1543 557 1564 600 l.

2122 536 2175 590 Au.
2190 537 2220 589 0.
2242 538 2302 590 tuot

1345 678 1426 748 pato,
1442 688 1476 734 ac
1497 672 1528 734 in
1551 688 1587 734 eo
1609 673 1770 736 nonnullis
1791 673 1913 736 statutis
1935 679 2028 752 atque
2042 689 2092 735 or·

1346 762 1468 838 dinatis‚
1485 781 1556 826 cum
1572 765 1758 829 Benedictus
1774 765 1955 830 recolendae
1975 781 2092 828 memo·

1346 852 1409 918 riae
1430 857 1508 935 Papa
1529 858 1609 920 Xlll.
1632 859 1776 922 similiter
1803 859 2017 938 praedecessor
2037 875 2092 922 no-

1346 956 1408 1011 ster
1429 951 1501 1012 satis
1522 951 1711 1029 compererit
1725 952 1903 1016 huiusmodi
1925 958 2040 1014 statuta
2061 961 2092 1014 et

1346 1041 1556 1104 ordinationes
1571 1044 1798 1106 ecclesiasticae.
1814 1044 1994 1122 disciplinae
2007 1062 2093 1107 sirm-

1349 1149 1473 1212 mopere
1493 1151 1559 1198 esse
1574 1137 1746 1214 prolatura,
1763 1137 2008 1217 perapostolicas
2022 1155 2093 1200 suas

1347 1225 1452 1290 literas
1472 1227 1654 1306 incipientes
1677 1231 1885 1308 Apostolotus
1900 1232 2037 1311 officiam
2060 1232 2092 1292 in

1347 1318 1445 1382 forma
1467 1321 1570 1383 brevis
1597 1323 1753 1402 expeditas
1778 1325 1836 1386 sub
1861 1325 1978 1388 annulo
1999 1325 2094 1403 pisca·

1350 1415 1424 1475 toris
1445 1415 1495 1477 die
1525 1431 1606 1480 nona
1636 1418 1751 1480 mensis
1783 1417 1963 1480 iulii-anno
1994 1419 2095 1482 mille·

1349 1507 1427 1567 simo
1461 1509 1739 1587 septingentesimo
1774 1511 1927 1588 vigesimo
1962 1520 2092 1590 quarto,

1349 1601 1544 1678 pontificatus
1564 1603 1613 1665 sui
1634 1619 1716 1664 anno
1737 1604 1849 1680 primo,
1875 1604 1971 1666 firmis
1990 1613 2093 1667 minen

1348 1708 1481 1770 semper,
1492 1696 1725 1760 remanentibus
1739 1697 1869 1762 aliorum
1886 1699 2094 1775 praedecesso-

1350 1802 1421 1847 rum
1442 1787 1624 1865 pontidcum
1641 1789 1917 1854 constitutionibus
1930 1799 1963 1854 et
1976 1797 2095 1868 aposto-

1350 1878 1415 1941 licis
1436 1879 1697 1955 ordinationibus,
1720 1882 1848 1962 aliisque
1875 1884 1966 1945 etiam
1988 1886 2020 1946 in
2044 1901 2095 1963 ge-

1351 1972 1506 2035 neralibus
1521 1974 1659 2037 conciliis
1673 1992 1766 2054 super
1781 1976 1968 2040 Graecorum
1984 1979 2096 2050 ritibus

1351 2065 1500 2127 emanatis
1521 2065 1661 2142 decretis,
1685 2085 1718 2130 ac
1737 2068 1819 2130 salva
1848 2085 1973 2148 quoque
1993 2081 2096 2133 aueto-

1351 2157 1440 2219 ritate
1462 2173 1556 2220 venn.
1580 2160 1712 2222 fratrum
1741 2169 1919 2224 nostrorum
1942 2163 1973 2224 S.
1997 2164 2034 2226 ll.
2058 2165 2092 2226 E.

1352 2249 1572 2327 Cardinalium,
1589 2259 1651 2316 tam
1673 2252 1710 2316 de
1731 2253 1925 2332 Propaganda
1947 2255 2021 2318 Fide
2043 2272 2097 2318 ne·

1352 2344 1442 2418 gotiis
1456 2347 1713 2422 praepositorum,
1726 2363 1815 2424 quam
1831 2347 2005 2411 Tridentini
2018 2351 2097 2414 Gon·

1351 2437 1413 2498 cilii
1435 2439 1642 2518 interpetrum
1664 2441 1907 2519 respectivarum
1929 2457 2096 2519 congrega·

1353 2529 1485 2606 tionum,
1499 2531 1633 2608 benigne
1647 2542 1739 2611 atque
1754 2549 1898 2612 expresse
1919 2535 2098 2614 approbavit

1351 2631 1382 2684 61
1402 2624 1608 2686 confirmavit.

1392 2717 1460 2792 §3-
1491 2716 1535 2780 01)
1566 2719 1664 2782 varias
1690 2723 1886 2799 postmodum
1920 2733 2095 2801 temporum
2117 2744 2317 2806 remansurus

1351 2809 1601 2886 vicissitudines,
1634 2820 1665 2874 et
1699 2815 1862 2892 praecipue
1895 2815 2098 2877 immutatum
2116 2795 2317 2906 ssssssssasffssffisfflfi

1354 2902 1531 2981 temporalis
1552 2905 1771 2969 iurisdictionis
1786 2907 1961 2971 dominium
1982 2907 2015 2970 in
2036 2906 2099 2969 illis
2117 2903 2318 3004 EW‘W

1352 2997 1490 3073 partibus
1512 2998 1680 3076 inquibus
1705 3001 1926 3062 Euthenorum
1954 3000 2099 3064 ecclesiae

1353 3088 1515 3152 collocatae
1544 3092 1802 3170 reperiebantur,
1836 3109 1962 3157 necesse
1995 3095 2097 3158 vbum

1353 3181 1423 3258 luit,
1447 3191 1481 3246 ut
1502 3185 1539 3246 ab
1560 3186 1732 3264 apostolica
1754 3187 1834 3250 Sede
1854 3203 1944 3265 saepe
1965 3203 2099 3252 numero

1353 3291 1446 3354 super
1467 3277 1514 3339 his
1536 3278 1629 3340 rebus
1643 3279 1765 3356 negotia
1781 3280 1932 3343 nonnulla
1954 3297 2100 3358 gereren-

1354 3376 1418 3442 tur,
1434 3369 1474 3430 ita
1490 3376 1525 3432 ut
1546 3371 1584 3432 de
1606 3371 1732 3434 natione
1753 3373 1932 3437 huiusmodi
1954 3374 2100 3437 llutbena

1353 3461 1492 3527 sedulam
1513 3480 1620 3526 curam
1640 3464 1847 3544 suscipiendo,
1860 3467 2026 3544 perspectis
2040 3469 2100 3530 cir-

1354 3557 1547 3620 cumstantiis
1567 3557 1668 3634 aliqua
1688 3557 1727 3618 de
1748 3573 1827 3620 novo
1848 3566 1985 3622 statuere
2006 3559 2100 3623 Sedes

1355 3649 1417 3728 ipsa
1439 3649 1600 3726 apostolica
1615 3649 1695 3712 baud
1712 3650 1897 3726 neglexerit,
1915 3660 1946 3714 et
1960 3653 2101 3728 pontilex

1354 3755 1477 3818 quoque
1499 3740 1697 3804 immediatus
1729 3742 1868 3818 praedec.
1899 3749 2004 3806 noster
2030 3744 2102 3806 Pius

1355 3834 1433 3910 Papa
1454 3831 1504 3894 ill.
1528 3833 1621 3895 recol.
1646 3833 1814 3896 memoriae
1835 3835 2038 3913 episcopalem
2052 3852 2102 3900 eo

1355 3926 1478 3988 alesiam
1500 3925 1636 3989 eiusdem
1659 3926 1796 3988 Rutheui
1817 3929 1896 3990 ritus
1917 3930 2052 3991 erexerit
2067 3931 2101 3992 in

1355 4020 1481 4082 civitate
1504 4018 1680 4097 Suprassiae
1692 4026 1767 4081 tunc
1787 4019 1821 4080 in
1841 4020 2033 4084 serenissimi
2054 4039 2102 4084 re·

1357 4113 1402 4189 gis
1423 4113 1582 4174 Borussiae
1610 4113 1727 4175 ditione
1754 4113 1925 4188 existente,
1956 4129 2102 4179 necnon

1356 4205 1454 4284 quoad
1470 4203 1954 4282 metropolitanam·llioviensem
1969 4203 2103 4286 aliasque

1356 4298 1539 4378 episcopales
1553 4297 1695 4360 ecclesias
1711 4297 1849 4360 eiusdem
1865 4298 1943 4360 ritus
1958 4299 2103 4364 Russiaco

1358 4393 1390 4454 in
1417 4391 1547 4470 imperio
1573 4390 1742 4452 existentes
1768 4389 1856 4468 plura
1876 4397 2012 4454 statuere
2038 4409 2102 4459 uon

1358 4486 1508 4548 omiserit.

1398 4579 1466 4654 §ln
1490 4577 1583 4640 Nobis
1605 4583 1709 4638 autem
1731 4592 1832 4656 nuper
1853 4579 2003 4654 exposite,
2019 4583 2102 4659 quod
2149 4595 2235 4638 erasos
2248 4601 2319 4650 porte

1359 4671 1463 4752 populi
1485 4671 1626 4736 catbolici
1647 4671 1787 4734 Eutheni
1803 4671 1882 4733 ritus
1896 4671 2102 4750 Leopoliensi,
2122 4643 2319 4744 ssffiai'iisiaiii

1358 4765 1516 4827 Keimensi
1528 4771 1561 4826 et
1571 4762 1782 4825 Premisliensi
1797 4763 1971 4841 respective
1982 4765 2103 4843 Episco-
2122 4753 2233 4862 &iiiiii
2243 4755 2319 4797 ”¹⁰⁸⁰

1360 4859 1404 4937 pis
1425 4857 1554 4920 subiecti
1569 4865 1600 4918 et
1615 4857 1647 4917 in
1662 4855 1832 4918 charissimi
1853 4856 1886 4916 in
1909 4857 2032 4920 Christo
2048 4858 2105 4920 lilii

1359 4949 1458 5012 nostri
1477 4948 1629 5011 Francisoi
1652 4947 1675 5008 l.
1699 4948 1842 5010 ilustriae
1862 4947 2057 5025 imperatoris
2071 4966 2106 5012 ac

1360 5043 1524 5106 Bobemiae
1543 5051 1575 5104 et
1596 5041 1770 5118 Hungariae
1784 5043 1867 5117 regis
1887 5041 2046 5118 apostolici
2060 5043 2107 5106 di·

1362 5138 1445 5198 tione
1466 5136 1649 5208 existentes,
1672 5133 1709 5195 ad
1734 5133 2008 5212 Metropolitanum
2036 5135 2106 5198 llio

1360 5230 1503 5290 viensem
1524 5226 1688 5305 appellare,
1711 5236 1743 5289 et
1764 5226 1905 5304 Episcopi
1927 5227 1985 5304 ipsi
2012 5242 2107 5290 sunm

1361 5319 1587 5399 lletropolitam
1616 5318 1819 5382 consiliorum
1848 5333 1957 5380 eorum
1985 5318 2109 5396 partici-

1360 5429 1433 5492 pem
1462 5411 1563 5474 lacere
1598 5412 1730 5474 minime
1764 5411 1937 5489 respective
1967 5411 2106 5488 possint,

1361 5506 1505 5584 quodque
1526 5502 1667 5567 laudatus
1688 5504 1866 5566 Franciscus
1888 5503 2055 5581 imperator
2076 5513 2109 5566 et

1362 5615 1417 5662 rex
1437 5613 1636 5677 summopere
1657 5597 1759 5674 cupiat
1774 5596 1993 5659 Rutbenorum
2012 5595 2046 5659 iu
2061 5610 2108 5656 re·

1363 5689 1588 5768 gno·llallioiae
1615 5689 1819 5752 existentium
1846 5687 1999 5767 spirituali
2026 5686 2109 5750 bono
