4722 6976
335 523 389 579 Ati.
404 519 434 578 G.
456 521 525 578 1807
574 513 633 586 496
2133 506 2187 569 ta.
2200 509 2229 570 11.
2246 517 2303 573 utut

323 671 393 719 ruem
409 675 534 731 utsupra.
594 657 613 732 5
634 656 662 718 8.
692 656 811 720 Alteras
838 669 914 719 vero
942 651 1082 719 ecclesias
1112 651 1296 731 episcopales
1353 667 1426 714 cum
1448 651 1517 728 lege
1540 658 1643 713 tamen
1661 651 1742 728 quod
1764 645 2024 730 quandocumque
2038 665 2106 712 me-

553 745 1297 830 supradictas,KelmensemvidelicetetPremis·
1355 744 1537 823 tropolitana
1565 744 1698 806 Ecclesia
1726 743 1935 822 Leopolieusis
1963 751 1995 807 31
2022 743 2103 806 Η311-

1074 533 1137 581 lull.
1162 532 1252 580 PONE·
1277 529 1317 580 bn
1339 533 1368 579 Ρ.
1392 529 1422 580 ll.
1446 533 1528 580 PARS
1551 527 1572 578 I.

554 844 696 920 liensem,
723 844 860 922 iamper
888 858 961 905 eum
982 850 1087 903 nostro
1114 840 1297 902 nominent

552 953 645 1016 33333
672 956 688 999 3
716 936 943 1015 metropolitico
973 935 1041 997 iure
1069 942 1101 996 31
1128 933 1297 1012 respectiva

553 1030 744 1093 subiectione
758 1029 984 1108 Arclriepiscopi
1006 1026 1179 1090 llioviensis
1194 1040 1297 1088 exem-

553 1131 618 1201 ptas
640 1131 671 1186 et
692 1125 850 1200 liberatas,
878 1123 913 1184 ad
936 1123 993 1184 lroc
1015 1129 1050 1184 31
1077 1120 1296 1184 33313313311333

554 1214 741 1278 hierarchiae
762 1216 794 1278 in
818 1222 881 1276 toto
909 1214 1058 1277 catholico
1079 1213 1152 1274 orbe
1174 1211 1297 1289 semper

552 1317 696 1371 servetur
717 1310 803 1383 ordo,
834 1309 865 1370 in
894 1309 1119 1387 praedictarum
1147 1303 1296 1384 archiepi-

551 1402 718 1479 scopalium
741 1401 949 1482 Leopolieusis
964 1410 993 1465 et
1008 1402 1185 1466 Halicieusis
1203 1406 1298 1468 eccle·

551 1497 669 1557 siarum
690 1496 825 1558 invicem
848 1496 1006 1559 unitarum
1027 1496 1232 1575 suffraganeas
1253 1515 1298 1560 as·

551 1589 665 1665 signet,
687 1596 779 1668 atque
805 1589 930 1652 illarum
960 1589 1177 1670 episcopalium
1202 1591 1297 1653 eccle-

551 1683 666 1744 siarum
690 1682 845 1762 praesules
867 1690 898 1745 et
920 1683 983 1745 loca
1007 1683 1122 1758 omnia,
1138 1698 1297 1760 personas-

552 1793 612 1854 que
629 1785 690 1838 tam
706 1775 920 1839 ecclesiasticas
935 1792 1026 1854 quam
1038 1777 1126 1839 laicas
1141 1775 1173 1838 in
1189 1793 1297 1840 earum

552 1869 723 1948 respective
744 1869 931 1932 dioecesibus
953 1873 1131 1946 eustenius,
1146 1870 1204 1947 ’333
1219 1878 1297 1932 tem-

553 1975 625 2039 pore
651 1961 852 2024 existentium
880 1962 1189 2042 Arcbieplscoporum
1211 1973 1297 2026 3313-

551 2056 702 2118 (113133333
724 2054 932 2134 Leopoliensis
956 2063 987 2116 et
1016 2055 1196 2118 Halicieusis
1217 2057 1296 2118 1331-

550 2163 618 2210 cem
647 2155 680 2210 ut
710 2147 884 2226 praefertur
910 2147 1068 2210 unitarum
1097 2149 1295 2212 ecclesiarum

551 2240 777 2317 metropolitico
802 2241 877 2315 iuri,
903 2240 997 2302 simili
1028 2249 1132 2303 333133
1159 2241 1296 2319 delegata

550 2332 742 2406 auctoritate,
774 2341 925 2412 perpetuo
951 2333 1091 2395 subiiciat
1112 2341 1205 2412 atque
1225 2349 1296 2413 sup-

548 2433 653 2502 ponat.

340 2531 531 2578 reiteratione
588 2520 607 2594 5
629 2519 657 2580 9.
685 2518 833 2582 Volumus
855 2528 970 2596 autem,
994 2529 1030 2584 ut
1050 2521 1226 2584 lruiusmodi
1248 2538 1296 2584 33-

319 2585 445 2641 ⁵¹'⁰⁰¹³¹⁰⁸·
550 2613 639 2674 clesia
671 2613 852 2677 cathedralis
880 2614 1089 2694 Leopolieusis
1114 2617 1149 2678 ad
1180 2623 1294 2679 metro·

552 2705 704 2785 politanae
723 2707 866 2770 ecclesiae
882 2707 1011 2785 gradum
1025 2715 1130 2771 evecta
1146 2726 1208 2772 333
1223 2725 1294 2772 curn

549 2817 604 2862 suo
626 2802 758 2880 capitulo
779 2811 811 2864 et
831 2801 940 2864 eodem
961 2801 1060 2880 quoad
1082 2817 1226 2879 praesens
1248 2820 1295 2864 re·

549 2899 671 2976 peritur
685 2895 895 2976 Leopolieusis
910 2903 941 2957 et
955 2893 1134 2959 Halicieusis
1149 2897 1294 2959 dioecesis

550 2990 708 3054 territorio
732 2991 818 3052 firma
840 2991 933 3052 etiarn
955 2990 987 3051 in
1016 2997 1174 3068 posterum
1196 3007 1294 3052 rema·

549 3092 633 3160 neat,
657 3091 692 3146 ut
713 3083 813 3146 131331
834 3101 867 3145 33
888 3100 943 3163 333
966 3093 1105 3162 tempore
1126 3085 1294 3146 existentes

549 3176 756 3255 Leopolieusis
767 3181 797 3237 31
808 3176 988 3238 Halicieusis
999 3175 1198 3239 ecclesiarum
1209 3193 1294 3255 prae·

547 3269 630 3332 sules
651 3285 759 3332 omnes
774 3276 805 3331 et
819 3269 957 3346 singulos
979 3271 1022 3332 eis
1042 3275 1214 3348 spectantes
1228 3270 1293 3332 133-

548 3369 627 3436 3133,
643 3361 781 3425 redditus
802 3378 834 3423 33
856 3369 1036 3442 proventus,
1053 3377 1128 3441 quos
1151 3363 1290 3442 Episcopi

547 3455 762 3532 Leopolienses
782 3455 843 3516 huc
866 3470 963 3532 usque
984 3463 1201 3533 perceperunt,
1223 3455 1291 3534 qui-

546 3563 607 3627 que
619 3547 655 3610 ad
666 3564 785 3611 annuos
796 3549 902 3611 decern
914 3547 1011 3610 millia
1023 3548 1214 3612 llorenorum
1226 3565 1291 3611 mo·

546 3648 636 3703 33133
656 3641 781 3704 illarum
802 3641 937 3718 partium
960 3648 994 3702 31
1020 3640 1168 3703 asseritur
1187 3657 1289 3705 ascen·

545 3736 634 3810 dunt,
657 3736 780 3811 integre
801 3749 835 3796 33
855 3733 952 3795 libere
976 3734 1164 3812 percipiant;
1188 3751 1221 3796 ac
1242 3735 1289 3797 in·

544 3841 638 3905 super
649 3827 748 3888 eidem
761 3824 867 3888 131333
881 3825 1121 3902 metropolitano
1135 3842 1289 3890 summam

545 3919 681 3994 assignes
701 3918 833 3980 aliorum
849 3918 1042 3980 florenorum
1059 3919 1209 3982 similium
1231 3921 1290 3983 bis·

545 4011 632 4072 mille
653 4027 669 4070 a
693 4010 887 4087 praelaudato
916 4011 1076 4074 Francisco
1104 4012 1289 4092 imperatore

545 4119 578 4165 ac
589 4117 662 4178 3333
673 4102 834 4165 annuatim
845 4103 1091 4180 persolvendam,
1105 4107 1288 4183 usquedum

546 4194 696 4258 nonnulla
724 4196 802 4257 bona
828 4195 1027 4275 perantiquae
1057 4211 1181 4259 mensae
1208 4199 1289 4262 llali·

545 4287 641 4349 ciensi
668 4295 757 4350 antea
784 4289 962 4367 spectantia,
986 4299 1017 4350 et
1045 4290 1084 4352 ob
1111 4299 1289 4371 temporum

544 4381 772 4442 vicissitudines
794 4381 826 4442 in
840 4380 974 4443 aliorum
988 4389 1139 4461 potestate
1153 4384 1288 4447 existen-

545 4473 596 4547 tia,
612 4480 786 4550 opportune
800 4481 1036 4552 recuperentur.

351 4579 409 4626 333
430 4576 524 4626 sumatis
583 4568 602 4642 g
626 4566 674 4630 lo.
695 4567 797 4642 Quum
813 4583 886 4628 vero
900 4569 1003 4630 emnia
1018 4575 1049 4632 31
1063 4569 1185 4648 3133313
1199 4586 1288 4651 supe·

312 4635 441 4689 utsupra.
543 4662 609 4723 rius
630 4677 773 4740 33333333
794 4667 901 4723 333133
930 4663 1057 4724 nomine
1077 4663 1114 4725 ab
1134 4665 1288 4728 antedicto

542 4754 715 4818 venerabili
735 4753 830 4815 133133
851 4754 987 4816 Antonio
1007 4755 1148 4817 Gabriele
1168 4756 1287 4820 luerint

541 4849 674 4927 expleta,
691 4863 746 4910 nus
760 4848 862 4910 eidem
876 4847 1038 4910 Francisco
1054 4849 1238 4928 ¹imperatori
1254 4868 1287 4914 33

461 4946 464 4955 “
542 4941 621 5020 3331,
643 4942 772 5020 eiusque
794 4941 826 5002 in
848 4939 991 5003 Galliciae
1015 4956 1113 5019 regno
1134 4959 1285 5006 33333333-

482 5075 486 5081 -
541 5035 638 5109 ribus,
652 5033 826 5096 facultatem
839 5033 870 5096 13
883 5033 1020 5112 quolibet
1036 5036 1201 5098 3333113313
1215 5053 1285 5100 3333

541 5127 724 5189 nominandi
746 5127 783 5188 ad
804 5126 970 5189 antedictas
999 5127 1232 5205 Leopoliensem
1254 5140 1285 5192 et

541 5220 744 5282 Haliciensem
754 5218 889 5281 invicem
904 5219 1006 5282 unitas
1016 5220 1285 5300 archiepiscopales

540 5313 692 5388 ecclesias,
709 5321 740 5376 et
760 5311 958 5374 Kelmensem
980 5320 1010 5375 et
1033 5313 1283 5376 Premisliensem

540 5405 680 5468 eeclesias
708 5405 891 5485 episcopales
916 5404 996 5468 inlra
1025 5413 1146 5484 tempus
1174 5423 1190 5467 a
1215 5406 1284 5469 iure

539 5501 711 5576 praefixum
726 5499 942 5560 ecclesiasticas
954 5514 1097 5576 personas
1109 5498 1232 5561 idoneas
1248 5499 1284 5560 iis

539 5591 661 5655 dotibus
681 5590 842 5669 praeditas,
861 5607 940 5670 quae
960 5592 1045 5654 iuxta
1066 5608 1223 5656 sacrorum
1238 5608 1284 5654 ca·

539 5700 658 5746 nonum
680 5685 875 5763 praescripta,
888 5693 918 5746 et
940 5686 1025 5748 iuxta
1045 5693 1157 5748 statuta
1178 5703 1283 5766 33333-

540 5783 727 5837 memoratae
747 5777 857 5855 synodi
880 5779 1098 5841 Zamoseiensis
1119 5779 1285 5858 requirun-

541 5876 602 5946 tur,
619 5869 656 5930 de
677 5869 814 5950 specialis
835 5870 915 5934 done
934 5873 1049 5948 gratiae
1071 5874 1282 5954 impertimur,

1353 839 1465 902 elensis
1486 853 1593 900 333333
1621 839 1799 915 3331133311,
1825 839 1957 916 quilibet
1977 839 2013 901 ad
2034 854 2100 900 eam

1354 932 1533 994 nominatus
1547 931 1817 994 confirmationem
1827 947 1900 993 suae
1915 931 2102 994 nominatio·

1355 1024 1414 1100 nis,
1431 1022 1661 1086 institutionem
1681 1029 1713 1084 31
1734 1023 1945 1102 provisionem
1959 1022 2101 1086 ecclesiae

1355 1117 1545 1190 uniusmodi,
1569 1131 1627 1177 nec
1648 1131 1712 1177 uon
1737 1115 1878 1177 muneris
1899 1116 2101 1178 consecratio·

1355 1209 1405 1272 nis
1426 1209 1584 1272 licentiam
1606 1225 1623 1270 a
1644 1209 1732 1271 nobis
1755 1215 1785 1270 et
1806 1207 1975 1276 allomano
1997 1208 2101 1270 Ponti-

1355 1305 1412 1366 rice
1439 1318 1494 1381 pro
1526 1309 1665 1380 ternpore
1694 1301 1847 1363 existente
1874 1309 1981 1379 petere
2008 1309 2101 1380 atque

1355 1395 1508 1467 obtinere,
1523 1395 1691 1472 literasque
1711 1391 1888 1471 apostolicas
1902 1393 1935 1457 13
1953 1403 2100 1458 33333313

1354 1491 1451 1553 torma
1473 1505 1527 1568 per
1548 1498 1700 1551 secretam
1720 1487 1852 1552 viamde
1873 1489 1958 1550 33313
1979 1505 2101 1551 nuncu·

1355 1592 1456 1662 patam
1477 1583 1622 1662 expedire
1647 1582 1746 1644 133333
1767 1581 1896 1644 omnino
1924 1580 2045 1655 debeat,
2067 1597 2101 1642 33

1355 1683 1508 1739 teneatur.
1532 1673 1594 1738 Nos
1614 1675 1702 1739 enim
1726 1673 1871 1738 futurum
1891 1691 1925 1738 33
1945 1691 2000 1753 333
2023 1683 2101 1736 tern-

1354 1788 1428 1852 pore
1448 1770 1634 1832 existentem
1656 1769 1929 1847 archiepiscopum
1947 1768 2100 1830 dictarum

1354 1864 1563 1928 ecclesiarum
1575 1861 1785 1940 Leopolieusis
1800 1868 1831 1923 et
1853 1860 2032 1924 Halicieusis
2052 1859 2100 1921 in-

1354 1960 1454 2022 vicem
1476 1957 1638 2020 unitarum
1659 1954 1880 2018 Rutbenorum
1901 1953 2045 2018 omnium
2067 1954 2099 2014 in

1354 2052 1466 2114 laudati
1487 2051 1641 2115 Erancisci
1669 2050 1866 2129 imperatoris
1886 2068 1921 2113 33
1945 2053 2026 2128 33313
2046 2049 2099 2112 do

1354 2145 1451 2208 minio
1473 2143 1652 2222 degentium
1670 2144 1896 2223 lletropolitam
1910 2145 2098 2208 declaramus

1351 2255 1424 2301 cum
1445 2238 1628 2301 auctoritate
1641 2237 1763 2314 3133313
1778 2239 1955 2314 exercendi,
1970 2252 2047 2315 quae
2061 2237 2098 2300 ad

1352 2333 1528 2396 huiusmodi
1550 2332 1598 2394 ius
1620 2332 1886 2410 metropoliticum
1912 2330 2098 2407 dignoscun-

1354 2433 1405 2488 tur
1419 2427 1586 2505 pertinere.
1609 2421 1718 2487 Eidem
1732 2425 1860 2504 insuper
1874 2424 1980 2488 laturo
1995 2442 2027 2488 33
2041 2441 2097 2504 333

1353 2526 1493 2598 ternpore
1513 2517 1660 2580 existenti
1680 2516 1933 2597 Leopolieusiset
1948 2517 2098 2580 113113133-

1351 2613 1393 2674 sis
1414 2613 1574 2676 unitarum
1595 2611 1792 2673 ecclesiarum
1808 2611 2029 2690 lletropolitae,
2053 2618 2097 2674 at·

1353 2707 1447 2769 tentis
1458 2704 1664 2786 peculiaribus
1679 2704 1918 2770 circonstanciis
1933 2711 1964 2767 et
1978 2706 2016 2766 de
2030 2720 2096 2782 spe-

1352 2801 1420 2863 ciali
1433 2799 1637 2876 indulgentia,
1649 2796 1824 2860 facultatem
1836 2797 2032 2860 concedimus
2043 2815 2096 2862 no-

1351 2895 1484 2955 minatos
1499 2894 1534 2954 ad
1550 2908 1617 2954 suas
1631 2890 1838 2968 sullraganeas
1853 2891 2038 2970 episcopales
2048 2908 2096 2954 ec·

1350 2988 1455 3052 clesias
1474 2986 1673 3050 Kelmensem
1688 2993 1718 3046 et
1732 2985 1995 3061 Premisliensem,
2008 2987 2097 3049 duna-

1350 3083 1442 3145 modo
1471 3082 1506 3143 113
1537 3080 1658 3142 dotibus
1688 3078 1818 3157 praediti
1844 3081 1924 3157 sint,
1955 3096 2033 3158 quae
2060 3088 2096 3144 ut

1349 3192 1440 3255 supra
1462 3175 1580 3238 dictum
1602 3182 1648 3235 est
1672 3173 1890 3260 requiruntur,
1913 3174 2095 3237 auctoritate

1350 3279 1380 3334 et
1402 3269 1531 3333 nomine
1563 3266 1649 3332 Sedis
1676 3265 1866 3345 apostolicae
1890 3267 2094 3330 confirmandi

1349 3371 1380 3427 et
1413 3363 1613 3436 instituendi,
1647 3376 1825 3439 munusque
1855 3361 2095 3424 consecrationis

1348 3454 1548 3536 impendendi
1570 3453 1679 3516 iisdem
1700 3454 1791 3516 modo
1807 3469 1840 3516 33
1860 3453 1970 3528 torma,
1983 3455 2094 3533 quibus

1347 3547 1474 3612 13331133
1489 3546 1667 3610 huiusmodi
1683 3545 1922 3625 metropolitano
1936 3547 2094 3610 llioviensi

1347 3643 1384 3704 ab
1404 3639 1557 3703 antedicto
1579 3639 1741 3702 Clemente
1756 3640 1810 3702 ΡΡ.
1828 3638 1906 3702 lllll.
1919 3641 2093 3716 praedeces-

1346 3751 1415 3798 sore
1436 3741 1542 3796 nostro
1564 3747 1619 3812 333
1639 3748 1707 3794 suas
1724 3732 1902 3812 apostolicas
1923 3733 2027 3796 literas
2048 3750 2095 3795 se-

1345 3829 1448 3892 cundo
1477 3828 1544 3890 loco
1571 3833 1866 3906 supramemoratas,
1895 3827 1995 3891 luerat
2016 3829 2092 3891 elar-

1347 3921 1420 3999 3113.

1385 4015 1404 4090 5
1428 4013 1473 4076 ll.
1503 4013 1656 4076 Volumus
1683 4013 1793 4087 etiam,
1823 4015 1904 4091 quod
1936 4014 2040 4077 omnia
2060 4023 2093 4078 et
2159 4017 2319 4064 coanimare

2111 4074 2231 4117 actorum
2250 4082 2308 4116 333

2279 4097 2320 4170 113-

1345 4108 1482 4184 3133313,
1513 4121 1590 4185 quae
1618 4112 1731 4169 statuta
1757 4105 1887 4168 luerunt
1911 4108 1944 4170 in
1973 4108 2092 4170 laudata
2111 4083 2319 4234 flffluffiffssaa

1347 4199 1519 4264 Zamosciae
1539 4199 1958 4279 3333313333333313113333
1980 4200 2092 4264 Sedem
2111 4232 2264 4278 zamosetas.

1345 4295 1537 4367 confirmata,
1555 4309 1638 4357 3333
1653 4298 1684 4352 31
1705 4291 1738 4352 13
1759 4300 1918 4372 posterum
1939 4309 1955 4354 a
1976 4293 2092 4374 Leopo-

1344 4387 1435 4450 liensi
1460 4393 1491 4448 et
1516 4384 1681 4448 Haliciensi
1709 4384 1913 4463 lletropolita,
1941 4395 2033 4466 atque
2053 4389 2092 4451 ab

1345 4480 1501 4560 Episcopis
1523 4477 1680 4541 Kelmensi
1703 4486 1734 4539 et
1755 4476 1979 4555 Premisliensi,
2002 4489 2033 4542 et
2054 4480 2092 4541 ab

1345 4573 1490 4637 universa
1504 4571 1630 4635 3311333
1644 4570 1786 4632 liutbena
1802 4571 2021 4648 observentur,
2039 4573 2092 4635 tir·

1345 4668 1403 4728 mis
1417 4666 1496 4727 etin
1510 4681 1564 4727 333
1578 4665 1687 4726 robore
1708 4679 1833 4743 semper
1854 4665 2006 4728 mansuris
2021 4682 2092 4745 apo·

1343 4757 1457 4822 stolicis
1471 4756 1745 4820 constitutionibus
1767 4765 1799 4820 et
1819 4758 2022 4822 conciliorum
2038 4775 2091 4836 ge·

1344 4849 1498 4913 neralium
1519 4848 1647 4914 decretis
1662 4865 1755 4928 super
1768 4850 1881 4912 ritibus
1902 4849 2090 4914 Graecorum

1343 4943 1502 5018 emanans,
1532 4957 1590 5004 nec
1611 4957 1675 5005 non
1705 4943 1931 5006 venerabilium
1956 4943 2088 5007 fratrum

1343 5043 1520 5099 nostrorum
1544 5036 1574 5099 S.
1584 5034 1621 5096 ll.
1632 5035 1666 5098 Ε.
1689 5035 1897 5098 Cardinalium
1914 5042 1977 5098 tam
1993 5053 2088 5116 nego·

1344 5130 1392 5193 tiis
1423 5128 1461 5190 de
1491 5128 1688 5207 Propaganda
1720 5127 1794 5190 Fide
1825 5129 2087 5207 praepositorum,

1342 5238 1434 5302 quarn
1455 5223 1665 5301 interpretum
1684 5221 1813 5284 Concilii
1835 5222 2010 5284 Tridentini
2026 5239 2089 5284 res·

1341 5315 1535 5394 pectivarum
1546 5314 1824 5391 congregationum
1838 5315 2020 5378 auctoritate
2030 5315 2088 5378 sal·

1341 5423 1378 5469 va
1399 5415 1572 5487 comperet
1594 5407 1716 5483 1313333
1737 5415 1928 5470 remanente.

1380 5503 1399 5577 5
1423 5502 1470 5565 tu.
1488 5499 1641 5566 Volumus
1656 5504 1813 5576 praeterea
1824 5503 1906 5578 quod
1918 5517 1973 5580 per
1987 5503 2087 5582 dispo·
2118 5509 2320 5556 protestationes

1340 5595 1397 5658 sita
1418 5595 1450 5656 in
1473 5593 1555 5656 bisce
1575 5591 1689 5654 nostris
1711 5591 1810 5653 literis
1835 5592 1959 5656 nullum
1980 5595 2017 5656 de
2038 5611 2087 5658 ce-
2105 5561 2329 5663 flisnfflrb‘ff‘ffla.

1341 5695 1407 5750 tero
1428 5685 1547 5750 iuribus
1571 5700 1604 5746 ac
1630 5683 1803 5763 privilegiis
1831 5684 2086 5765 metropolitanae
2105 5667 2319 5778 322⁵„p,¹,}{³“¹¹¹¹²

1340 5778 1485 5842 ecclesiae
1501 5778 1676 5840 Kioviensis
1688 5778 1910 5858 praeiudicium
1922 5778 2085 5858 131333133,

1340 5873 1587 5952 necquidquam
1611 5871 1689 5934 circa
1715 5871 1932 5936 llutbenorum
1954 5871 2086 5955 imperio
2357 5839 2358 5872 ¹
