4776 6974
912 585 983 629 PIUS
1004 583 1053 628 PP.
1078 584 1119 628 vl.

242 703 457 778 adstringitur,
482 719 599 783 uosque
627 712 764 764 accurate
789 702 985 781 probavimus

241 797 353 858 nostris
376 797 473 859 literis
488 771 528 859 ln
551 797 647 858 lorma
668 796 775 858 Brevis
796 795 924 874 publicis
941 802 985 872 ty-

241 890 285 966 pis
304 890 459 966 evulgatis
485 891 535 952 die
557 908 578 952 ι.
603 890 697 968 elapsi
724 889 838 951 mensis
865 891 984 950 decern·

242 982 301 1043 bris
323 982 356 1044 in
378 982 575 1046 damnatione
597 983 667 1044 libri
694 982 807 1060 Eybel:
836 983 918 1058 (latici
939 989 984 1044 est

240 1076 345 1152 Pcpc;
367 1093 461 1154 quem
483 1076 716 1154 reprobavimus
739 1085 891 1164 tarnqoam
913 1091 984 1138 con-

240 1169 392 1232 tinentem
415 1169 638 1247 propositiones
663 1169 878 1242 schismaticas,
902 1185 985 1231 erro·

238 1279 321 1337 neas,
345 1262 531 1326 inducentes
551 1264 586 1324 ad
615 1264 778 1336 baeresim,
802 1270 832 1323 et
854 1261 985 1326 baereti-

238 1373 296 1429 cas,
318 1365 351 1419 et
372 1356 444 1418 alias
465 1357 502 1418 ab
525 1355 657 1418 Ecclesia
679 1356 846 1418 damnatas

276 1449 346 1524 53.
373 1451 418 1511 lix
439 1449 551 1528 quibus
573 1451 669 1527 liquet
693 1449 828 1526 primum
849 1448 886 1512 ab
906 1451 985 1527 apo-

236 1544 342 1606 stolica
365 1544 442 1606 Sede
463 1544 600 1606 exerceri
621 1541 755 1620 coepisse
786 1543 985 1622 dispensatio-

235 1653 312 1700 num
335 1637 613 1699 matrimonialium
636 1645 831 1714 potestatem,
847 1643 879 1698 et
901 1638 984 1698 lione

238 1749 327 1794 usmu
351 1746 445 1810 penes
467 1730 552 1792 illam
572 1731 668 1791 solam
695 1747 917 1809 perseverasse,
940 1739 982 1790 at-

235 1843 296 1903 que
318 1826 356 1887 ad
377 1824 506 1886 eandem
537 1824 632 1884 solam
667 1823 863 1902 pertinuisse,
893 1831 983 1901 prout

236 1921 332 1980 totins
355 1917 506 1981 Ecclesiae
530 1917 756 1978 consuetudine
778 1925 808 1978 et
829 1933 983 1978 consensu

236 2013 294 2075 luit
314 2013 470 2089 agnitum,
487 2027 559 2072 cum
574 2009 647 2070 alios
664 2010 828 2087 Episcopos
842 2026 910 2071 eam
925 2010 982 2070 sib'i

237 2106 411 2168 laenitatem
444 2104 643 2180 assumpsisse
675 2119 738 2164 non
770 2109 900 2176 constet,
924 2105 983 2164 nisi

235 2217 308 2261 cnm
331 2201 363 2262 S.
379 2199 464 2261 Sedis
485 2214 629 2275 expresso
645 2196 695 2257 vel
710 2205 907 2273 praesumpto
923 2197 983 2274 pri-

236 2295 353 2369 vilegio
377 2291 457 2354 toeri
477 2308 510 2351 se
525 2307 611 2370 posse
630 2291 834 2352 confiderent.
852 2289 984 2352 Sinone

238 2389 333 2464 igitur
355 2387 387 2448 in
409 2383 538 2446 dioecesi
566 2385 616 2444 tua
638 2383 824 2458 Coloniensi,
848 2399 903 2460 pro
924 2401 983 2462 qna

237 2485 386 2543 bactenus
413 2476 640 2556 archiepiscopi
669 2477 714 2539 toi
736 2478 982 2552 praedecessores

236 2595 251 2636 a
274 2576 305 2639 S.
328 2573 407 2636 Sede
434 2571 610 2633 facultatem
637 2571 841 2648 impetrabant
863 2571 983 2649 dispen-

235 2669 321 2731 sandi
344 2669 376 2730 in
398 2665 541 2742 gradibus
562 2665 713 2740 exquessis
735 2664 767 2724 in
790 2663 935 2739 lormula,
957 2666 982 2726 si

237 2780 332 2837 ruunc,
355 2759 526 2839 inquimus,
549 2756 718 2834 dispensari
740 2758 890 2836 inciperet
909 2778 924 2818 a
941 2768 980 2836 te,

237 2874 307 2920 ven.
331 2855 438 2928 trater,
462 2853 531 2914 iure
556 2850 691 2928 proprio,
715 2851 788 2928 quid
809 2851 891 2912 alind
913 2869 983 2928 age

236 2957 334 3023 retur,
358 2948 417 3010 nisi
441 2955 474 3006 nt
490 2945 521 3006 S.
540 2943 632 3006 Sedes
646 2961 702 3005 sno
716 2944 899 3024 spoliaretur
915 2945 983 3008 inre

235 3045 316 3122 qnod
337 3043 375 3102 ab
395 3037 610 3116 antiquissimo
631 3047 769 3116 tempore
783 3038 846 3099 sola
860 3054 982 3116 semper

235 3135 385 3209 exercuit,
418 3133 567 3209 cuiusque
599 3130 764 3192 exercendi
796 3132 896 3192 tenuit
918 3149 981 3194 non

234 3233 444 3304 interruptam
464 3223 516 3286 sed
543 3232 737 3286 constantem
764 3232 982 3304 receptamque

234 3326 268 3386 iu
290 3321 421 3384 Ecclesia
453 3317 700 3396 possessioneml
727 3317 783 3392 Qui
812 3325 896 3379 certe
920 3327 981 3380 tam

233 3420 427 3479 inveteratus
442 3410 639 3490 possessionis
655 3410 775 3484 titulos,
788 3411 908 3472 etiamsi
923 3412 980 3472 aba

234 3513 388 3583 deessent,
410 3508 442 3568 in
464 3523 520 3568 sno
537 3505 676 3566 Primatn
691 3505 857 3565 constituta
873 3505 980 3566 lunda-

237 3611 351 3676 tnenta,
375 3601 478 3663 valere
499 3615 554 3678 per
573 3614 606 3659 se
628 3597 691 3674 ipse
713 3596 884 3674 plurimum
900 3599 979 3676 apud

236 3713 342 3760 onmes
361 3694 499 3755 deberet.

275 3791 340 3867 §lu
365 3787 473 3864 Neque
495 3785 543 3846 bic
564 3791 668 3845 contra
690 3782 779 3862 obiici
801 3783 901 3846 ullum
921 3784 980 3846 lm-

238 3882 383 3965 potatoris
403 3880 540 3943 edictum
559 3885 670 3956 potest,
687 3893 758 3938 cum
773 3877 978 3941 eiusdemex-

237 3987 278 4039 tet
304 3975 465 4038 nobiscum
485 3970 557 4031 satis
579 3969 641 4029 iam
664 3969 882 4046 pervulgatum
908 3987 978 4034 con-

237 4073 402 4134 cordatum.
425 4065 467 4126 Ex
491 4064 599 4124 eodem
621 4069 715 4138 patet,
733 4061 978 4142 interutrosque

238 4170 375 4225 nostrum
397 4154 590 4229 convenisse,
607 4161 642 4215 ut
664 4169 716 4214 cae
732 4153 926 4232 dispensandi
942 4158 979 4218 ab

237 4251 463 4334 impedimentis
485 4247 657 4322 lacultates,
673 4264 752 4324 quae
766 4257 854 4309 antea
869 4267 884 4308 a
900 4250 978 4312 Sede

237 4346 403 4427 apostolica
418 4342 665 4405 concedebantur
679 4357 806 4402 suarum
822 4341 978 4404 ditionum

237 4439 399 4520 Episcopis,
412 4436 658 4498 extenderentur
670 4433 701 4493 in
715 4441 872 4510 posterum
884 4436 977 4496 etiam

232 4537 268 4597 ad
288 4533 422 4596 divitum
449 4526 663 4602 matrimonia,
692 4529 732 4588 lta
762 4534 865 4588 tamen
888 4537 922 4590 ιιι
944 4529 977 4592 in

233 4629 381 4708 praefixos
408 4623 576 4684 arctiorem
602 4619 753 4695 graduum
777 4620 889 4682 limites
912 4639 976 4684 non

234 4723 467 4784 trasturrcrent.
491 4714 606 4776 lbidem
630 4714 724 4788 igitur
746 4714 923 4788 agnoscitur
941 4715 976 4776 ad

232 4816 377 4878 Summos
392 4809 555 4870 Pontifices
570 4807 729 4868 dumtaxat
741 4807 907 4883 pertinere,
920 4825 976 4870 ceo

233 4906 380 4986 privativa
405 4902 554 4980 ipsorum,
584 4897 752 4960 iurisdictio
783 4900 816 4959 in
849 4899 976 4976 impedi-

233 5007 410 5063 mentorum
439 4991 715 5057 matrimonialium
743 4993 976 5070 dispensationi·

233 5097 297 5170 bus,
320 5093 470 5172 qnoniam
501 5089 605 5150 eadem
628 5088 673 5148 nti
700 5090 879 5152 conceditur
907 5093 976 5171 Epi-

231 5190 326 5267 scopis
356 5203 395 5248 ex
427 5183 582 5265 pontibcia
614 5181 825 5260 delegatione,
858 5185 974 5265 ipsique

232 5281 370 5345 Pontifici
392 5279 491 5340 adbuc
514 5284 691 5338 reservatur
711 5293 784 5338 usus
807 5278 974 5340 conceden-

231 5377 337 5438 darum
360 5375 392 5436 iu
414 5371 595 5434 arctioribus
617 5369 760 5446 gradibus
776 5370 975 5450 dispensatio·

231 5486 314 5532 num.
345 5469 476 5547 Exque
504 5463 633 5544 perspici
663 5469 774 5543 potest,
798 5465 974 5528 Caesaream

231 5563 417 5624 llaiestatem
430 5563 462 5624 in
477 5561 582 5623 eadem
594 5562 754 5623 nobiscum
766 5563 974 5625 conventione

232 5657 328 5734 potius
350 5657 495 5719 recedere
516 5655 677 5717 voluissea
695 5658 895 5734 praecedente
910 5658 972 5720 edi-

231 5759 275 5812 cto
286 5751 318 5812 in
331 5767 393 5829 quo
406 5749 560 5828 Episcopis
572 5751 781 5824 mandaverat,
793 5757 826 5810 ut
837 5766 893 5812 suo
906 5751 974 5812 iure

231 5843 470 5922 dispensationes
485 5842 630 5916 lacerent,
644 5857 736 5919 quam
750 5841 902 5904 subiectos
916 5845 973 5906 sibi

231 5937 354 6016 populos
375 5939 412 5999 ad
434 5937 639 5999 conscientiae
653 5937 809 6011 angustias
826 5937 973 6000 inducere

1041 718 1074 762 ae
1095 702 1188 762 etiam
1209 701 1329 779 aperire
1346 700 1615 762 dissolvendarum
1631 697 1789 759 matrimo-

1042 795 1169 856 niorum
1190 796 1284 869 viam,
1307 811 1379 857 cum
1402 803 1509 856 exerto
1535 793 1619 855 inter
1639 789 1790 866 coniuges

1041 887 1165 948 dissidio
1187 887 1275 950 lacile
1296 904 1405 950 eorum
1427 888 1576 949 alteruter
1596 900 1716 947 causam
1732 883 1792 944 dis-

1041 980 1180 1042 solvendi
1204 981 1396 1044 matrimonii
1417 980 1567 1058 arriperet
1590 996 1628 1040 cx
1643 995 1691 1052 eo,
1708 975 1789 1054 qood

1042 1073 1127 1134 irrita
1150 1083 1180 1135 et
1202 1075 1287 1136 nulla
1308 1075 1416 1136 luisset
1432 1073 1654 1151 Episcoporum
1669 1069 1790 1146 dispen-

1039 1169 1126 1228 satio.
1151 1167 1238 1228 Unde
1269 1175 1382 1245 quanta
1410 1183 1516 1228 rernm
1544 1163 1735 1244 perturbatio
1758 1179 1791 1222 ae

1041 1276 1120 1338 pene
1142 1259 1241 1322 clades
1263 1261 1294 1320 in
1317 1259 1449 1323 Ecclesia
1472 1259 1619 1321 catholica
1642 1266 1672 1318 et
1695 1257 1725 1316 iu
1743 1272 1790 1316 re-

1040 1353 1159 1430 publica
1182 1354 1337 1414 oriretur!

1079 1447 1148 1522 §a
1172 1447 1225 1508 llis
1253 1447 1398 1508 omnibns
1428 1445 1615 1524 praemissis,
1640 1453 1673 1506 nt
1694 1446 1729 1505 ad
1753 1443 1790 1504 il-

1039 1540 1100 1601 lavn
1120 1539 1359 1602 declarationem
1383 1539 1555 1615 redeamus,
1572 1541 1607 1600 ad
1624 1555 1680 1600 nos
1698 1537 1788 1598 unice

1039 1642 1176 1712 spectare
1198 1633 1388 1708 uidebamus,
1412 1649 1451 1694 ue
1474 1631 1526 1692 ille
1548 1648 1635 1694 error
1657 1632 1740 1692 inter
1757 1631 1788 1689 b·

1039 1726 1121 1788 deles
1142 1727 1358 1807 induceretnr3
1374 1726 1519 1804 qnoniam
1534 1726 1559 1786 si
1574 1741 1629 1801 per
1645 1732 1788 1785 nostrum

1039 1819 1199 1882 silentimn
1223 1828 1339 1880 tantam
1371 1826 1495 1896 tamque
1517 1835 1643 1894 gravem
1666 1833 1732 1878 rem
1754 1817 1787 1877 in

1041 1911 1158 1974 incerto
1189 1911 1434 1989 reliquissemus,
1465 1911 1645 1988 nobisipsis
1673 1909 1788 1970 enoris

1040 2004 1344 2084 perturbationisque
1366 2004 1437 2066 inde
1458 2005 1611 2066 extitmae
1629 2021 1715 2066 causa
1731 2003 1788 2064 im-

1041 2107 1211 2178 putaretur.
1230 2100 1309 2162 Cum
1326 2099 1421 2174 igitur
1437 2099 1508 2160 ltuic
1523 2099 1703 2174 gravissimo
1720 2116 1786 2160 mo-

1040 2194 1107 2254 neri
1137 2202 1243 2254 nostro
1272 2194 1377 2252 deesse
1406 2192 1653 2270 nequiverimus,
1678 2209 1786 2254 caven-

1040 2288 1114 2347 dnm
1147 2295 1251 2347 tamen
1281 2284 1494 2358 iudicavimus,
1518 2301 1557 2346 ne
1581 2285 1610 2346 in
1643 2285 1694 2346 tali
1716 2303 1787 2347 exe·

1039 2379 1160 2457 quenda
1183 2395 1216 2439 re
1232 2379 1294 2457 ipse
1309 2378 1420 2454 agendi
1438 2379 1545 2440 modus
1561 2379 1593 2438 in
1610 2378 1704 2439 tullum
1720 2395 1787 2455 pos-

1038 2480 1084 2535 set
1105 2472 1382 2551 reprehensionem
1398 2473 1569 2532 incurrere.
1587 2473 1692 2549 ltaque
1708 2473 1787 2534 nibil

1039 2566 1072 2626 in
1093 2567 1128 2626 ea
1149 2565 1354 2628 declaratione
1375 2565 1434 2627 nisi
1451 2565 1607 2626 moderate
1622 2583 1655 2626 ac
1669 2566 1787 2645 simpli-

1038 2659 1127 2734 citer,
1139 2660 1282 2738 qnodque
1297 2660 1333 2720 ad
1348 2675 1414 2720 rem
1432 2659 1647 2720 tantummodo
1660 2657 1784 2734 laceret,

1038 2753 1229 2828 perscribere
1260 2751 1427 2825 voluimus
1459 2766 1603 2828 expresse
1631 2753 1786 2814 nominari

1038 2846 1208 2919 neminem,
1232 2847 1328 2923 ipsam
1357 2844 1468 2905 nullibi
1490 2845 1523 2904 in
1544 2845 1673 2922 publicis
1703 2847 1785 2922 atligi

1038 2938 1123 3014 locis,
1145 2936 1197 2999 sed
1220 2953 1274 3016 per
1296 2953 1406 2999 manus
1427 2944 1516 2998 caute
1541 2935 1683 3013 dilinndi,
1708 2938 1784 3002 illoti

1039 3031 1130 3094 urtice
1149 3041 1333 3108 spectantes,
1350 3046 1389 3091 ne
1412 3037 1517 3092 nostra
1540 3029 1649 3093 lateret
1670 3032 1787 3094 instru-

1036 3125 1106 3186 ctio.
1131 3123 1239 3202 Neque
1259 3125 1345 3185 enim
1367 3123 1497 3185 inticiari
1518 3130 1630 3200 potest,
1645 3133 1784 3202 apertam

1037 3217 1170 3296 aliquam
1192 3235 1258 3280 esse
1288 3217 1400 3279 debere
1420 3233 1568 3294 supremo
1596 3218 1711 3278 Pastori
1734 3220 1785 3280 do-

1036 3311 1126 3373 cendi
1147 3327 1216 3372 snas
1238 3327 1311 3372 oves
1331 3309 1542 3388 monendique
1558 3311 1650 3384 viam,
1668 3313 1785 3389 quaesi

1036 3405 1227 3478 obstruatur,
1251 3397 1392 3484 privetur
1423 3405 1486 3481 ipse
1518 3403 1662 3481 imposito
1689 3406 1746 3468 sibi
1768 3424 1783 3467 a

1037 3499 1159 3561 Clnisto
1182 3499 1314 3560 bomine
1337 3498 1477 3576 pascendi
1502 3513 1643 3560 monere.
1661 3497 1720 3562 Sed
1737 3503 1784 3563 ni-

1036 3592 1080 3654 bil
1099 3593 1179 3670 apud
1202 3600 1231 3652 te
1254 3609 1310 3653 nee
1332 3593 1465 3654 rationes
1485 3601 1604 3656 nostras
1626 3613 1683 3658 nec
1706 3598 1783 3660 banc

1035 3686 1129 3747 etiam
1144 3685 1320 3746 cautionem
1336 3685 1487 3762 proluisse
1502 3689 1653 3750 videmus.
1671 3690 1782 3754 Statim

1037 3786 1090 3839 tuo
1104 3779 1203 3839 edicto
1217 3793 1326 3839 severe
1341 3779 1505 3856 mandasti,
1522 3787 1556 3842 ut
1571 3780 1605 3842 ad
1622 3801 1697 3860 qnos
1713 3799 1782 3860 per-

1036 3872 1170 3932 venisset
1190 3887 1225 3931 ea
1247 3871 1420 3947 declaratio,
1437 3871 1531 3948 illico,
1548 3876 1636 3956 unde¹
1647 3877 1781 3954 proiecta

1035 3974 1091 4038 est,
1121 3965 1346 4039 remitteretur,
1371 3974 1404 4026 ut
1426 3965 1466 4026 ita
1489 3968 1621 4030 Pastoris
1647 3987 1706 4030 vox
1729 3988 1783 4049 op·
1851 4027 1852 4031 ,

1035 4075 1135 4136 pressa
1157 4067 1249 4136 atque
1271 4059 1439 4135 intercepta
1462 4067 1648 4123 remaneret.

1074 4153 1142 4227 §a
1167 4152 1207 4212 nt
1229 4152 1354 4229 insuper
1371 4152 1424 4213 tibi
1440 4153 1629 4230 displicuisse
1645 4159 1781 4221 ostendis
1840 4194 1882 4239 m,
1905 4193 2013 4250 pontiu-

1036 4247 1135 4323 ipsum
1166 4262 1236 4307 ven.
1268 4244 1396 4306 fratrem
1424 4245 1697 4327 archiepiscopum
1726 4253 1782 4314 lla-
1799 4244 2013 4355 gffltfllflglllss

1035 4340 1228 4415 mittensem,
1245 4358 1259 4400 a
1275 4358 1337 4419 quo
1352 4339 1430 4401 edita
1447 4341 1610 4404 declaratio
1626 4350 1682 4417 est,
1699 4347 1780 4424 quod

1033 4453 1065 4496 se
1077 4435 1286 4514 apostolicum
1302 4438 1336 4497 ad
1351 4436 1494 4498 Tractum
1507 4436 1607 4498 libeni
1623 4447 1780 4502 nostrum-

1033 4549 1094 4611 que
1116 4538 1146 4592 et
1167 4528 1197 4590 S.
1223 4528 1309 4591 Sedis
1332 4528 1489 4591 Nnncium
1511 4531 1653 4609 appellat.
1672 4531 1710 4594 Et
1725 4551 1781 4594 cnr

1033 4641 1065 4686 se
1087 4641 1147 4686 non
1169 4624 1262 4685 talem
1284 4624 1426 4702 appellet,
1449 4639 1545 4702 quem
1567 4625 1702 4704 nosipsi
1724 4645 1779 4688 no·

1032 4727 1096 4781 stro
1125 4719 1192 4780 iure
1218 4733 1253 4778 eo
1276 4716 1494 4792 insignivimus
1522 4727 1780 4798 manerentque

1032 4813 1111 4873 istnc
1133 4811 1286 4884 misimm,
1302 4817 1336 4872 ut
1351 4812 1461 4872 eodem
1476 4811 1509 4872 in
1524 4811 1574 4872 tua
1589 4813 1779 4891 caeterisque

1032 4905 1231 4978 dioecesibus,
1240 4901 1501 4982 quemadmodum
1512 4903 1563 4964 alii
1575 4921 1682 4966 onmes
1696 4923 1780 4984 prae·

1032 5002 1205 5062 decessores
1218 4999 1265 5058 sni
1281 4997 1490 5074 iungereturl
1506 4997 1612 5059 Talem
1627 5013 1693 5060 esse
1708 5015 1779 5064 eum

1031 5093 1159 5170 agnovit
1181 5091 1413 5168 honorificeque
1428 5091 1544 5167 recepit
1561 5092 1692 5153 maxima
1709 5093 1779 5154 isto-

1032 5203 1103 5250 rum
1126 5187 1347 5264 Episcoporom
1375 5203 1407 5246 ac
1436 5185 1612 5264 principum
1634 5202 1702 5263 pars
1723 5201 1779 5264 pro

1030 5285 1083 5345 sua
1098 5283 1135 5344 ad
1150 5283 1297 5344 'tranum
1311 5280 1411 5342 Rheni
1426 5282 1553 5341 ditione.
1572 5281 1617 5342 Tu
1636 5298 1711 5342 vero
1726 5299 1779 5344 ne·

1030 5393 1091 5455 que
1113 5391 1278 5453 agnoscere
1300 5390 1401 5452 neque
1417 5374 1553 5450 recipere
1568 5373 1706 5450 voluisti,
1722 5376 1779 5437 etsi

1030 5477 1149 5533 nostras
1171 5469 1342 5548 pontificias
1360 5467 1639 5528 commendationis
1654 5467 1780 5530 afferret

1030 5564 1065 5624 ad
1089 5571 1118 5624 te
1144 5563 1265 5636 literas,
1298 5560 1464 5637 omniaque
1494 5558 1549 5620 tibi
1576 5575 1610 5620 se
1637 5566 1778 5636 paratum

1031 5665 1182 5736 praestare
1205 5653 1300 5716 officia
1322 5653 1499 5715 declararet.
1517 5653 1598 5728 Quin
1618 5653 1712 5714 etiam
1727 5670 1778 5714 ex-

1031 5759 1175 5811 traneum
1195 5747 1365 5826 appellasti,
1382 5763 1415 5808 ac
1430 5747 1455 5807 si
1469 5748 1505 5808 ad
1520 5762 1594 5808 eum
1610 5753 1679 5808 tuae
1695 5747 1778 5809 dioe-

1028 5843 1103 5904 cesis
1119 5843 1240 5918 negotia
1257 5840 1343 5903 nullo
1359 5839 1450 5902 niodo
1462 5841 1621 5917 pertinere
1632 5839 1776 5916 debeant3

1028 5937 1113 6014 quasi
1135 5953 1189 5998 nos
1212 5935 1266 6013 ipsi
1289 5934 1429 5996 extranei
1452 5935 1484 5995 iu
1508 5933 1640 5996 Ecclesia
1659 5934 1777 5996 dioece-

1713 560 1769 623 tlt
1822 559 2011 611 nn.c.1vsv
