<?xml version="1.0" encoding="UTF-8"?>
<!DOCTYPE html PUBLIC "-//W3C//DTD XHTML 1.0 Transitional//EN"
    "http://www.w3.org/TR/xhtml1/DTD/xhtml1-transitional.dtd">
<html xmlns="http://www.w3.org/1999/xhtml" xml:lang="en" lang="en">
 <head>
  <title>
</title>
<meta http-equiv="Content-Type" content="text/html;charset=utf-8" />
  <meta name='ocr-system' content='tesseract 3.04.00' />
  <meta name='ocr-capabilities' content='ocr_page ocr_carea ocr_par ocr_line ocrx_word'/>
</head>
<body>
  <div class='ocr_page' id='page_1' title='image "./iurispontificii00martgoog_0695.png"; bbox 0 0 4856 7010; ppageno 0'>
   <div class='ocr_carea' id='block_1_1' title="bbox 400 477 698 556">
    <p class='ocr_par' dir='ltr' id='par_1_1' title="bbox 400 477 698 556">
     <span class='ocr_line' id='line_1_1' title="bbox 400 477 698 556; baseline 0.017 -14"><span class='ocrx_word' id='word_1_1' title='bbox 400 477 455 543; x_wconf 75' lang='lat' dir='ltr'>Aa.</span> <span class='ocrx_word' id='word_1_2' title='bbox 469 491 498 543; x_wconf 88' lang='lat' dir='ltr'>(l.</span> <span class='ocrx_word' id='word_1_3' title='bbox 521 481 590 545; x_wconf 79' lang='lat'>1826</span> <span class='ocrx_word' id='word_1_4' title='bbox 638 484 698 556; x_wconf 84' lang='grc'>676</span> 
     </span>
    </p>
   </div>
   <div class='ocr_carea' id='block_1_2' title="bbox 612 630 1364 2017">
    <p class='ocr_par' dir='ltr' id='par_1_2' title="bbox 612 630 1364 2017">
     <span class='ocr_line' id='line_1_2' title="bbox 618 630 1364 712; baseline 0.009 -21"><span class='ocrx_word' id='word_1_5' title='bbox 618 644 675 691; x_wconf 91' lang='grc'>666</span> <span class='ocrx_word' id='word_1_6' title='bbox 696 630 834 694; x_wconf 88' lang='lat' dir='ltr'>veritatis</span> <span class='ocrx_word' id='word_1_7' title='bbox 856 631 961 695; x_wconf 91' lang='lat' dir='ltr'>nuntii</span> <span class='ocrx_word' id='word_1_8' title='bbox 983 632 1015 695; x_wconf 87' lang='lat' dir='ltr'>in</span> <span class='ocrx_word' id='word_1_9' title='bbox 1042 634 1221 712; x_wconf 80' lang='lat' dir='ltr'>regionibus</span> <span class='ocrx_word' id='word_1_10' title='bbox 1243 633 1364 698; x_wconf 89' lang='lat' dir='ltr'>ordina-</span> 
     </span>
     <span class='ocr_line' id='line_1_3' title="bbox 617 723 1363 802; baseline 0.009 -19"><span class='ocrx_word' id='word_1_11' title='bbox 617 723 735 785; x_wconf 81' lang='lat' dir='ltr'>riorum</span> <span class='ocrx_word' id='word_1_12' title='bbox 751 725 927 802; x_wconf 90' lang='lat' dir='ltr'>praesulum</span> <span class='ocrx_word' id='word_1_13' title='bbox 943 726 1146 790; x_wconf 90' lang='lat' dir='ltr'>iurisdictioni</span> <span class='ocrx_word' id='word_1_14' title='bbox 1162 727 1317 802; x_wconf 89' lang='lat' dir='ltr'>subiectis,</span> <span class='ocrx_word' id='word_1_15' title='bbox 1334 730 1363 790; x_wconf 91' lang='lat' dir='ltr'>id</span> 
     </span>
     <span class='ocr_line' id='line_1_4' title="bbox 617 817 1363 900; baseline 0.015 -23"><span class='ocrx_word' id='word_1_16' title='bbox 617 817 767 892; x_wconf 74' lang='lat' dir='ltr'>muneris</span> <span class='ocrx_word' id='word_1_17' title='bbox 792 818 911 882; x_wconf 81' lang='lat' dir='ltr'>nisiex</span> <span class='ocrx_word' id='word_1_18' title='bbox 934 836 1044 883; x_wconf 88' lang='lat' dir='ltr'>eorum</span> <span class='ocrx_word' id='word_1_19' title='bbox 1075 821 1177 896; x_wconf 89' lang='lat' dir='ltr'>venia,</span> <span class='ocrx_word' id='word_1_20' title='bbox 1207 832 1363 900; x_wconf 82' lang='lat' dir='ltr'>nequeant</span> 
     </span>
     <span class='ocr_line' id='line_1_5' title="bbox 617 913 1362 988; baseline 0.009 -17"><span class='ocrx_word' id='word_1_21' title='bbox 617 925 777 988; x_wconf 83' lang='lat' dir='ltr'>exercere;</span> <span class='ocrx_word' id='word_1_22' title='bbox 792 913 817 972; x_wconf 95' lang='lat' dir='ltr'>si</span> <span class='ocrx_word' id='word_1_23' title='bbox 833 928 906 974; x_wconf 88' lang='lat' dir='ltr'>vcro</span> <span class='ocrx_word' id='word_1_24' title='bbox 923 913 998 976; x_wconf 92' lang='lat' dir='ltr'>inibi</span> <span class='ocrx_word' id='word_1_25' title='bbox 1014 913 1099 976; x_wconf 90' lang='lat' dir='ltr'>nulla</span> <span class='ocrx_word' id='word_1_26' title='bbox 1113 916 1151 976; x_wconf 86' lang='lat' dir='ltr'>sit</span> <span class='ocrx_word' id='word_1_27' title='bbox 1162 913 1362 978; x_wconf 88' lang='lat' dir='ltr'>ecclesiastica</span> 
     </span>
     <span class='ocr_line' id='line_1_6' title="bbox 616 1002 1362 1086; baseline 0.011 -24"><span class='ocrx_word' id='word_1_28' title='bbox 616 1002 798 1080; x_wconf 89' lang='lat' dir='ltr'>iurisdictio,</span> <span class='ocrx_word' id='word_1_29' title='bbox 820 1005 928 1068; x_wconf 87' lang='lat' dir='ltr'>eodem</span> <span class='ocrx_word' id='word_1_30' title='bbox 958 1023 1088 1069; x_wconf 90' lang='lat' dir='ltr'>rnunere</span> <span class='ocrx_word' id='word_1_31' title='bbox 1117 1007 1214 1070; x_wconf 87' lang='lat' dir='ltr'>libere</span> <span class='ocrx_word' id='word_1_32' title='bbox 1235 1007 1362 1086; x_wconf 87' lang='lat' dir='ltr'>periun-</span> 
     </span>
     <span class='ocr_line' id='line_1_7' title="bbox 616 1097 1361 1180; baseline 0.009 -25"><span class='ocrx_word' id='word_1_33' title='bbox 616 1103 739 1170; x_wconf 79' lang='lat' dir='ltr'>gantur.</span> <span class='ocrx_word' id='word_1_34' title='bbox 760 1097 914 1161; x_wconf 82' lang='lat' dir='ltr'>litantem</span> <span class='ocrx_word' id='word_1_35' title='bbox 929 1116 965 1162; x_wconf 87' lang='grc'>611</span> <span class='ocrx_word' id='word_1_36' title='bbox 982 1101 1036 1162; x_wconf 90' lang='lat' dir='ltr'>hac</span> <span class='ocrx_word' id='word_1_37' title='bbox 1052 1110 1154 1162; x_wconf 90' lang='lat' dir='ltr'>nostra</span> <span class='ocrx_word' id='word_1_38' title='bbox 1170 1100 1361 1180; x_wconf 82' lang='lat' dir='ltr'>indulgentia</span> 
     </span>
     <span class='ocr_line' id='line_1_8' title="bbox 615 1191 1362 1271; baseline 0.008 -22"><span class='ocrx_word' id='word_1_39' title='bbox 615 1203 709 1252; x_wconf 91' lang='lat' dir='ltr'>omne</span> <span class='ocrx_word' id='word_1_40' title='bbox 734 1191 862 1254; x_wconf 90' lang='lat' dir='ltr'>dubium</span> <span class='ocrx_word' id='word_1_41' title='bbox 889 1195 970 1271; x_wconf 91' lang='lat' dir='ltr'>quod</span> <span class='ocrx_word' id='word_1_42' title='bbox 992 1211 1007 1253; x_wconf 92' lang='grc'>6</span> <span class='ocrx_word' id='word_1_43' title='bbox 1029 1193 1235 1256; x_wconf 80' lang='lat' dir='ltr'>formularum</span> <span class='ocrx_word' id='word_1_44' title='bbox 1257 1195 1362 1257; x_wconf 81' lang='lat' dir='ltr'>discri-</span> 
     </span>
     <span class='ocr_line' id='line_1_9' title="bbox 615 1283 1360 1365; baseline 0.008 -23"><span class='ocrx_word' id='word_1_45' title='bbox 615 1283 711 1358; x_wconf 89' lang='lat' dir='ltr'>mine,</span> <span class='ocrx_word' id='word_1_46' title='bbox 727 1300 801 1362; x_wconf 92' lang='lat' dir='ltr'>quas</span> <span class='ocrx_word' id='word_1_47' title='bbox 815 1285 1140 1361; x_wconf 83' lang='lat' dir='ltr'>commemoravimus,</span> <span class='ocrx_word' id='word_1_48' title='bbox 1157 1287 1232 1348; x_wconf 90' lang='lat' dir='ltr'>oriri</span> <span class='ocrx_word' id='word_1_49' title='bbox 1248 1295 1360 1365; x_wconf 90' lang='lat' dir='ltr'>posset,</span> 
     </span>
     <span class='ocr_line' id='line_1_10' title="bbox 615 1378 1359 1459; baseline 0.007 -23"><span class='ocrx_word' id='word_1_50' title='bbox 615 1378 743 1440; x_wconf 89' lang='lat' dir='ltr'>omniuo</span> <span class='ocrx_word' id='word_1_51' title='bbox 765 1388 915 1454; x_wconf 84' lang='lat' dir='ltr'>arceatur,</span> <span class='ocrx_word' id='word_1_52' title='bbox 938 1381 1060 1442; x_wconf 90' lang='lat' dir='ltr'>easdem</span> <span class='ocrx_word' id='word_1_53' title='bbox 1090 1381 1167 1459; x_wconf 91' lang='lat' dir='ltr'>ipsas</span> <span class='ocrx_word' id='word_1_54' title='bbox 1189 1380 1359 1452; x_wconf 85' lang='lat' dir='ltr'>facultates,</span> 
     </span>
     <span class='ocr_line' id='line_1_11' title="bbox 614 1469 1360 1554; baseline 0.003 -22"><span class='ocrx_word' id='word_1_55' title='bbox 614 1469 726 1548; x_wconf 91' lang='lat' dir='ltr'>quibus</span> <span class='ocrx_word' id='word_1_56' title='bbox 746 1487 801 1550; x_wconf 93' lang='lat' dir='ltr'>pro</span> <span class='ocrx_word' id='word_1_57' title='bbox 817 1471 968 1535; x_wconf 83' lang='lat' dir='ltr'>Ecclesiae</span> <span class='ocrx_word' id='word_1_58' title='bbox 990 1473 1070 1535; x_wconf 96' lang='lat' dir='ltr'>bono</span> <span class='ocrx_word' id='word_1_59' title='bbox 1090 1475 1192 1552; x_wconf 91' lang='lat' dir='ltr'>ipsum</span> <span class='ocrx_word' id='word_1_60' title='bbox 1207 1474 1360 1554; x_wconf 88' lang='lat' dir='ltr'>praeposi-</span> 
     </span>
     <span class='ocr_line' id='line_1_12' title="bbox 612 1565 1359 1644; baseline 0.008 -21"><span class='ocrx_word' id='word_1_61' title='bbox 612 1569 681 1624; x_wconf 89' lang='lat' dir='ltr'>tum</span> <span class='ocrx_word' id='word_1_62' title='bbox 701 1565 896 1639; x_wconf 86' lang='lat' dir='ltr'>instruimus,</span> <span class='ocrx_word' id='word_1_63' title='bbox 912 1565 1156 1644; x_wconf 87' lang='lat' dir='ltr'>hicsingillatim</span> <span class='ocrx_word' id='word_1_64' title='bbox 1172 1584 1359 1630; x_wconf 86' lang='lat' dir='ltr'>enumeran-</span> 
     </span>
     <span class='ocr_line' id='line_1_13' title="bbox 614 1659 1357 1741; baseline 0.003 -21"><span class='ocrx_word' id='word_1_65' title='bbox 614 1659 664 1720; x_wconf 89' lang='lat' dir='ltr'>das</span> <span class='ocrx_word' id='word_1_66' title='bbox 685 1674 858 1736; x_wconf 86' lang='lat' dir='ltr'>censemus,</span> <span class='ocrx_word' id='word_1_67' title='bbox 882 1659 1053 1740; x_wconf 86' lang='lat' dir='ltr'>iisdemque</span> <span class='ocrx_word' id='word_1_68' title='bbox 1071 1661 1173 1722; x_wconf 89' lang='lat' dir='ltr'>verbis</span> <span class='ocrx_word' id='word_1_69' title='bbox 1188 1677 1357 1741; x_wconf 75' lang='lat' dir='ltr'>expressas,</span> 
     </span>
     <span class='ocr_line' id='line_1_14' title="bbox 613 1752 1359 1836; baseline 0.005 -22"><span class='ocrx_word' id='word_1_70' title='bbox 613 1768 688 1831; x_wconf 91' lang='lat' dir='ltr'>quas</span> <span class='ocrx_word' id='word_1_71' title='bbox 702 1752 908 1829; x_wconf 85' lang='lat' dir='ltr'>congregatio</span> <span class='ocrx_word' id='word_1_72' title='bbox 929 1753 1096 1818; x_wconf 89' lang='lat' dir='ltr'>christiano</span> <span class='ocrx_word' id='word_1_73' title='bbox 1116 1755 1236 1817; x_wconf 94' lang='lat' dir='ltr'>nomini</span> <span class='ocrx_word' id='word_1_74' title='bbox 1251 1772 1359 1836; x_wconf 89' lang='lat' dir='ltr'>propa-</span> 
     </span>
     <span class='ocr_line' id='line_1_15' title="bbox 614 1845 1358 1925; baseline 0.009 -19"><span class='ocrx_word' id='word_1_75' title='bbox 614 1845 715 1922; x_wconf 92' lang='lat' dir='ltr'>gando</span> <span class='ocrx_word' id='word_1_76' title='bbox 745 1845 916 1925; x_wconf 89' lang='lat' dir='ltr'>praeposita</span> <span class='ocrx_word' id='word_1_77' title='bbox 938 1847 970 1907; x_wconf 95' lang='lat' dir='ltr'>in</span> <span class='ocrx_word' id='word_1_78' title='bbox 992 1849 1027 1908; x_wconf 91' lang='lat' dir='ltr'>iis</span> <span class='ocrx_word' id='word_1_79' title='bbox 1048 1849 1252 1911; x_wconf 84' lang='lat' dir='ltr'>concedendis</span> <span class='ocrx_word' id='word_1_80' title='bbox 1280 1849 1358 1913; x_wconf 93' lang='lat' dir='ltr'>solet</span> 
     </span>
     <span class='ocr_line' id='line_1_16' title="bbox 615 1939 966 2017; baseline 0 -15"><span class='ocrx_word' id='word_1_81' title='bbox 615 1954 774 2017; x_wconf 88' lang='lat' dir='ltr'>usurpare,</span> <span class='ocrx_word' id='word_1_82' title='bbox 798 1939 966 2002; x_wconf 89' lang='lat' dir='ltr'>nimirum:</span> 
     </span>
    </p>
   </div>
   <div class='ocr_carea' id='block_1_3' title="bbox 381 2034 1356 2152">
    <p class='ocr_par' dir='ltr' id='par_1_3' title="bbox 381 2034 1356 2152">
     <span class='ocr_line' id='line_1_17' title="bbox 381 2034 1356 2152; baseline 0.012 -66"><span class='ocrx_word' id='word_1_83' title='bbox 381 2042 593 2152; x_wconf 54' lang='lat' dir='ltr'>distinfflffitto</span> <span class='ocrx_word' id='word_1_84' title='bbox 652 2049 674 2094; x_wconf 92' lang='lat'>1.</span> <span class='ocrx_word' id='word_1_85' title='bbox 698 2034 899 2112; x_wconf 87' lang='lat' dir='ltr'>Dispensandi</span> <span class='ocrx_word' id='word_1_86' title='bbox 921 2043 951 2095; x_wconf 88' lang='lat' dir='ltr'>et</span> <span class='ocrx_word' id='word_1_87' title='bbox 972 2035 1183 2098; x_wconf 86' lang='lat' dir='ltr'>commutandi</span> <span class='ocrx_word' id='word_1_88' title='bbox 1198 2044 1268 2098; x_wconf 88' lang='lat' dir='ltr'>vota</span> <span class='ocrx_word' id='word_1_89' title='bbox 1283 2036 1356 2098; x_wconf 91' lang='lat' dir='ltr'>sim-</span> 
     </span>
    </p>
   </div>
   <div class='ocr_carea' id='block_1_4' title="bbox 379 2147 594 2302">
    <p class='ocr_par' dir='ltr' id='par_1_4' title="bbox 379 2147 594 2302">
     <span class='ocr_line' id='line_1_18' title="bbox 423 2147 551 2204; baseline 0.016 -11"><span class='ocrx_word' id='word_1_90' title='bbox 423 2147 516 2204; x_wconf 89' lang='lat' dir='ltr'>iorum,</span> <span class='ocrx_word' id='word_1_91' title='bbox 525 2154 551 2195; x_wconf 89' lang='grc'>61</span> 
     </span>
     <span class='ocr_line' id='line_1_19' title="bbox 379 2202 594 2252; baseline 0.028 -6"><span class='ocrx_word' id='word_1_92' title='bbox 379 2211 411 2246; x_wconf 84' lang='grc'>66</span> <span class='ocrx_word' id='word_1_93' title='bbox 425 2202 594 2252; x_wconf 82' lang='lat' dir='ltr'>tatumtribtt·</span> 
     </span>
     <span class='ocr_line' id='line_1_20' title="bbox 379 2257 473 2302; baseline -0.021 0"><span class='ocrx_word' id='word_1_94' title='bbox 379 2257 473 2302; x_wconf 75' lang='lat' dir='ltr'>terum.</span> 
     </span>
    </p>
   </div>
   <div class='ocr_carea' id='block_1_5' title="bbox 559 2095 1355 5119">
    <p class='ocr_par' dir='ltr' id='par_1_5' title="bbox 559 2095 1355 2394">
     <span class='ocr_line' id='line_1_21' title="bbox 559 2095 1355 2210; baseline 0.009 -26"><span class='ocrx_word' id='word_1_95' title='bbox 559 2095 594 2195; x_wconf 56' lang='grc' dir='ltr'>[ἑ.</span> <span class='ocrx_word' id='word_1_96' title='bbox 611 2125 698 2204; x_wconf 85' lang='lat' dir='ltr'>plicia</span> <span class='ocrx_word' id='word_1_97' title='bbox 721 2127 752 2189; x_wconf 91' lang='lat' dir='ltr'>in</span> <span class='ocrx_word' id='word_1_98' title='bbox 773 2126 829 2189; x_wconf 90' lang='lat' dir='ltr'>alia</span> <span class='ocrx_word' id='word_1_99' title='bbox 851 2128 898 2205; x_wconf 87' lang='lat' dir='ltr'>pia</span> <span class='ocrx_word' id='word_1_100' title='bbox 914 2144 1025 2206; x_wconf 80' lang='lat' dir='ltr'>opera:</span> <span class='ocrx_word' id='word_1_101' title='bbox 1050 2138 1080 2190; x_wconf 92' lang='lat' dir='ltr'>et</span> <span class='ocrx_word' id='word_1_102' title='bbox 1101 2129 1298 2210; x_wconf 90' lang='lat' dir='ltr'>dispensandi</span> <span class='ocrx_word' id='word_1_103' title='bbox 1318 2147 1355 2192; x_wconf 84' lang='lat' dir='ltr'>ex</span> 
     </span>
     <span class='ocr_line' id='line_1_22' title="bbox 610 2223 1355 2303; baseline 0.001 -19"><span class='ocrx_word' id='word_1_104' title='bbox 610 2223 783 2285; x_wconf 85' lang='lat' dir='ltr'>rationabili</span> <span class='ocrx_word' id='word_1_105' title='bbox 803 2239 891 2286; x_wconf 91' lang='lat' dir='ltr'>causa</span> <span class='ocrx_word' id='word_1_106' title='bbox 912 2223 945 2285; x_wconf 95' lang='lat' dir='ltr'>in</span> <span class='ocrx_word' id='word_1_107' title='bbox 968 2223 1047 2286; x_wconf 87' lang='lat' dir='ltr'>rotis</span> <span class='ocrx_word' id='word_1_108' title='bbox 1065 2223 1256 2303; x_wconf 85' lang='lat' dir='ltr'>simplicibus</span> <span class='ocrx_word' id='word_1_109' title='bbox 1271 2225 1355 2287; x_wconf 90' lang='lat' dir='ltr'>casti-</span> 
     </span>
     <span class='ocr_line' id='line_1_23' title="bbox 611 2316 920 2394; baseline -0.003 -16"><span class='ocrx_word' id='word_1_110' title='bbox 611 2317 679 2378; x_wconf 89' lang='lat' dir='ltr'>tatis</span> <span class='ocrx_word' id='word_1_111' title='bbox 701 2325 732 2380; x_wconf 91' lang='lat' dir='ltr'>et</span> <span class='ocrx_word' id='word_1_112' title='bbox 753 2316 920 2394; x_wconf 89' lang='lat' dir='ltr'>religionis.</span> 
     </span>
    </p>

    <p class='ocr_par' dir='ltr' id='par_1_6' title="bbox 604 2408 1355 3334">
     <span class='ocr_line' id='line_1_24' title="bbox 650 2408 1355 2490; baseline 0.004 -21"><span class='ocrx_word' id='word_1_113' title='bbox 650 2424 685 2470; x_wconf 91' lang='grc' dir='ltr'>ιι.</span> <span class='ocrx_word' id='word_1_114' title='bbox 708 2408 906 2486; x_wconf 76' lang='lat' dir='ltr'>dispensandi</span> <span class='ocrx_word' id='word_1_115' title='bbox 929 2409 960 2470; x_wconf 89' lang='lat' dir='ltr'>in</span> <span class='ocrx_word' id='word_1_116' title='bbox 984 2409 1076 2472; x_wconf 92' lang='lat' dir='ltr'>tertio</span> <span class='ocrx_word' id='word_1_117' title='bbox 1098 2421 1129 2474; x_wconf 91' lang='lat' dir='ltr'>et</span> <span class='ocrx_word' id='word_1_118' title='bbox 1151 2419 1262 2490; x_wconf 90' lang='lat' dir='ltr'>quarto</span> <span class='ocrx_word' id='word_1_119' title='bbox 1284 2427 1355 2474; x_wconf 88' lang='lat' dir='ltr'>con·</span> 
     </span>
     <span class='ocr_line' id='line_1_25' title="bbox 608 2501 1354 2584; baseline 0.005 -20"><span class='ocrx_word' id='word_1_120' title='bbox 608 2501 825 2578; x_wconf 84' lang='lat' dir='ltr'>sanguinitatis</span> <span class='ocrx_word' id='word_1_121' title='bbox 846 2509 877 2563; x_wconf 93' lang='lat' dir='ltr'>et</span> <span class='ocrx_word' id='word_1_122' title='bbox 895 2502 1049 2567; x_wconf 84' lang='lat' dir='ltr'>affinitatis</span> <span class='ocrx_word' id='word_1_123' title='bbox 1064 2503 1196 2584; x_wconf 81' lang='lat' dir='ltr'>simplici</span> <span class='ocrx_word' id='word_1_124' title='bbox 1211 2515 1241 2568; x_wconf 89' lang='lat' dir='ltr'>et</span> <span class='ocrx_word' id='word_1_125' title='bbox 1256 2508 1354 2568; x_wconf 87' lang='lat' dir='ltr'>mixto</span> 
     </span>
     <span class='ocr_line' id='line_1_26' title="bbox 608 2597 1353 2678; baseline 0.005 -22"><span class='ocrx_word' id='word_1_126' title='bbox 608 2600 799 2670; x_wconf 89' lang='lat' dir='ltr'>tanturn,·et</span> <span class='ocrx_word' id='word_1_127' title='bbox 827 2597 857 2656; x_wconf 97' lang='lat' dir='ltr'>in</span> <span class='ocrx_word' id='word_1_128' title='bbox 887 2599 1035 2673; x_wconf 86' lang='lat' dir='ltr'>seeundo,</span> <span class='ocrx_word' id='word_1_129' title='bbox 1067 2599 1159 2660; x_wconf 90' lang='lat' dir='ltr'>tertio</span> <span class='ocrx_word' id='word_1_130' title='bbox 1187 2606 1218 2660; x_wconf 90' lang='lat' dir='ltr'>et</span> <span class='ocrx_word' id='word_1_131' title='bbox 1243 2607 1353 2678; x_wconf 90' lang='lat' dir='ltr'>quarto</span> 
     </span>
     <span class='ocr_line' id='line_1_27' title="bbox 608 2687 1352 2772; baseline 0.009 -24"><span class='ocrx_word' id='word_1_132' title='bbox 608 2687 726 2763; x_wconf 83' lang='lat' dir='ltr'>mistis,</span> <span class='ocrx_word' id='word_1_133' title='bbox 749 2704 812 2750; x_wconf 91' lang='lat' dir='ltr'>non</span> <span class='ocrx_word' id='word_1_134' title='bbox 834 2697 937 2752; x_wconf 91' lang='lat' dir='ltr'>tamen</span> <span class='ocrx_word' id='word_1_135' title='bbox 960 2689 992 2752; x_wconf 95' lang='lat' dir='ltr'>in</span> <span class='ocrx_word' id='word_1_136' title='bbox 1012 2693 1148 2754; x_wconf 91' lang='lat' dir='ltr'>secundo</span> <span class='ocrx_word' id='word_1_137' title='bbox 1162 2690 1238 2768; x_wconf 91' lang='lat' dir='ltr'>solo,</span> <span class='ocrx_word' id='word_1_138' title='bbox 1254 2693 1352 2772; x_wconf 86' lang='lat' dir='ltr'>quoad</span> 
     </span>
     <span class='ocr_line' id='line_1_28' title="bbox 607 2781 1351 2864; baseline 0.008 -22"><span class='ocrx_word' id='word_1_139' title='bbox 607 2781 711 2844; x_wconf 91' lang='lat' dir='ltr'>lutura</span> <span class='ocrx_word' id='word_1_140' title='bbox 726 2783 938 2845; x_wconf 89' lang='lat' dir='ltr'>matrimonia:</span> <span class='ocrx_word' id='word_1_141' title='bbox 956 2800 1017 2864; x_wconf 92' lang='lat' dir='ltr'>quo</span> <span class='ocrx_word' id='word_1_142' title='bbox 1033 2800 1107 2847; x_wconf 86' lang='lat' dir='ltr'>uero</span> <span class='ocrx_word' id='word_1_143' title='bbox 1126 2787 1161 2849; x_wconf 91' lang='lat' dir='ltr'>ad</span> <span class='ocrx_word' id='word_1_144' title='bbox 1177 2789 1351 2864; x_wconf 88' lang='lat' dir='ltr'>praeterita,</span> 
     </span>
     <span class='ocr_line' id='line_1_29' title="bbox 606 2877 1353 2954; baseline 0.008 -16"><span class='ocrx_word' id='word_1_145' title='bbox 606 2877 700 2938; x_wconf 89' lang='lat' dir='ltr'>etiam</span> <span class='ocrx_word' id='word_1_146' title='bbox 714 2877 748 2938; x_wconf 94' lang='lat' dir='ltr'>in</span> <span class='ocrx_word' id='word_1_147' title='bbox 762 2879 896 2944; x_wconf 88' lang='lat' dir='ltr'>secundo</span> <span class='ocrx_word' id='word_1_148' title='bbox 910 2879 986 2954; x_wconf 92' lang='lat' dir='ltr'>solo,</span> <span class='ocrx_word' id='word_1_149' title='bbox 1002 2879 1170 2942; x_wconf 87' lang='lat' dir='ltr'>dummodo</span> <span class='ocrx_word' id='word_1_150' title='bbox 1185 2881 1273 2944; x_wconf 90' lang='lat' dir='ltr'>nullo</span> <span class='ocrx_word' id='word_1_151' title='bbox 1288 2897 1353 2943; x_wconf 92' lang='lat' dir='ltr'>mo-</span> 
     </span>
     <span class='ocr_line' id='line_1_30' title="bbox 606 2971 1351 3056; baseline 0.005 -24"><span class='ocrx_word' id='word_1_152' title='bbox 606 2971 644 3032; x_wconf 93' lang='lat' dir='ltr'>do</span> <span class='ocrx_word' id='word_1_153' title='bbox 666 2972 796 3049; x_wconf 86' lang='lat' dir='ltr'>attingat</span> <span class='ocrx_word' id='word_1_154' title='bbox 818 2973 955 3050; x_wconf 88' lang='lat' dir='ltr'>primum</span> <span class='ocrx_word' id='word_1_155' title='bbox 982 2973 1124 3049; x_wconf 89' lang='lat' dir='ltr'>gradum,</span> <span class='ocrx_word' id='word_1_156' title='bbox 1147 2991 1217 3038; x_wconf 91' lang='lat' dir='ltr'>cum</span> <span class='ocrx_word' id='word_1_157' title='bbox 1239 2975 1277 3037; x_wconf 93' lang='lat' dir='ltr'>iis</span> <span class='ocrx_word' id='word_1_158' title='bbox 1297 2976 1351 3056; x_wconf 92' lang='lat' dir='ltr'>qui</span> 
     </span>
     <span class='ocr_line' id='line_1_31' title="bbox 605 3064 1349 3135; baseline 0.011 -10"><span class='ocrx_word' id='word_1_159' title='bbox 605 3064 643 3126; x_wconf 94' lang='lat' dir='ltr'>ab</span> <span class='ocrx_word' id='word_1_160' title='bbox 664 3064 782 3126; x_wconf 88' lang='lat' dir='ltr'>haeresi</span> <span class='ocrx_word' id='word_1_161' title='bbox 804 3065 854 3128; x_wconf 88' lang='lat' dir='ltr'>vel</span> <span class='ocrx_word' id='word_1_162' title='bbox 874 3064 1057 3129; x_wconf 90' lang='lat' dir='ltr'>inlldelltate</span> <span class='ocrx_word' id='word_1_163' title='bbox 1070 3081 1301 3135; x_wconf 88' lang='lat' dir='ltr'>convertuntur</span> <span class='ocrx_word' id='word_1_164' title='bbox 1315 3071 1349 3133; x_wconf 89' lang='lat' dir='ltr'>ad</span> 
     </span>
     <span class='ocr_line' id='line_1_32' title="bbox 606 3157 1350 3241; baseline 0.013 -22"><span class='ocrx_word' id='word_1_165' title='bbox 606 3157 699 3220; x_wconf 88' lang='lat' dir='ltr'>iidem</span> <span class='ocrx_word' id='word_1_166' title='bbox 724 3158 919 3235; x_wconf 66' lang='lat' dir='ltr'>catholicam</span> <span class='ocrx_word' id='word_1_167' title='bbox 943 3170 974 3222; x_wconf 92' lang='lat' dir='ltr'>et</span> <span class='ocrx_word' id='word_1_168' title='bbox 997 3161 1027 3223; x_wconf 92' lang='grc'>16</span> <span class='ocrx_word' id='word_1_169' title='bbox 1051 3163 1211 3241; x_wconf 89' lang='lat' dir='ltr'>praedictis</span> <span class='ocrx_word' id='word_1_170' title='bbox 1232 3166 1350 3229; x_wconf 86' lang='lat' dir='ltr'>casibus</span> 
     </span>
     <span class='ocr_line' id='line_1_33' title="bbox 604 3251 1316 3334; baseline 0.01 -21"><span class='ocrx_word' id='word_1_171' title='bbox 604 3251 721 3328; x_wconf 89' lang='lat' dir='ltr'>prolem</span> <span class='ocrx_word' id='word_1_172' title='bbox 745 3263 917 3332; x_wconf 85' lang='lat' dir='ltr'>susceptam</span> <span class='ocrx_word' id='word_1_173' title='bbox 939 3253 1112 3319; x_wconf 90' lang='lat' dir='ltr'>declarandi</span> <span class='ocrx_word' id='word_1_174' title='bbox 1136 3255 1316 3334; x_wconf 86' lang='lat' dir='ltr'>legitimam.</span> 
     </span>
    </p>

    <p class='ocr_par' dir='ltr' id='par_1_7' title="bbox 603 3345 1350 3595">
     <span class='ocr_line' id='line_1_34' title="bbox 644 3345 1349 3432; baseline 0.011 -26"><span class='ocrx_word' id='word_1_175' title='bbox 644 3360 692 3406; x_wconf 96' lang='grc' dir='ltr'><strong>ιιι.</strong></span> <span class='ocrx_word' id='word_1_176' title='bbox 717 3345 918 3424; x_wconf 84' lang='lat' dir='ltr'>llispensandi</span> <span class='ocrx_word' id='word_1_177' title='bbox 939 3362 1033 3424; x_wconf 91' lang='lat' dir='ltr'>super</span> <span class='ocrx_word' id='word_1_178' title='bbox 1053 3349 1279 3428; x_wconf 90' lang='lat' dir='ltr'>impedimento</span> <span class='ocrx_word' id='word_1_179' title='bbox 1295 3369 1349 3432; x_wconf 93' lang='lat' dir='ltr'>pu-</span> 
     </span>
     <span class='ocr_line' id='line_1_35' title="bbox 604 3438 1350 3524; baseline 0.009 -23"><span class='ocrx_word' id='word_1_180' title='bbox 604 3438 699 3501; x_wconf 90' lang='lat' dir='ltr'>blicae</span> <span class='ocrx_word' id='word_1_181' title='bbox 721 3440 889 3501; x_wconf 88' lang='lat' dir='ltr'>honestatis</span> <span class='ocrx_word' id='word_1_182' title='bbox 910 3440 997 3502; x_wconf 92' lang='lat' dir='ltr'>iustis</span> <span class='ocrx_word' id='word_1_183' title='bbox 1018 3457 1055 3503; x_wconf 85' lang='lat' dir='ltr'>ex</span> <span class='ocrx_word' id='word_1_184' title='bbox 1074 3444 1265 3523; x_wconf 89' lang='lat' dir='ltr'>sponsalibus</span> <span class='ocrx_word' id='word_1_185' title='bbox 1280 3461 1350 3524; x_wconf 93' lang='lat' dir='ltr'>pro-</span> 
     </span>
     <span class='ocr_line' id='line_1_36' title="bbox 603 3533 760 3595; baseline 0 -2"><span class='ocrx_word' id='word_1_186' title='bbox 603 3533 760 3595; x_wconf 89' lang='lat' dir='ltr'>veniente.</span> 
     </span>
    </p>

    <p class='ocr_par' dir='ltr' id='par_1_8' title="bbox 601 3626 1348 3892">
     <span class='ocr_line' id='line_1_37' title="bbox 643 3626 1348 3709; baseline 0.011 -21"><span class='ocrx_word' id='word_1_187' title='bbox 643 3642 684 3688; x_wconf 84' lang='grc'>11.</span> <span class='ocrx_word' id='word_1_188' title='bbox 700 3626 898 3704; x_wconf 80' lang='lat' dir='ltr'>dispensandi</span> <span class='ocrx_word' id='word_1_189' title='bbox 908 3645 1003 3708; x_wconf 90' lang='lat' dir='ltr'>super</span> <span class='ocrx_word' id='word_1_190' title='bbox 1012 3631 1234 3709; x_wconf 88' lang='lat' dir='ltr'>impedimento</span> <span class='ocrx_word' id='word_1_191' title='bbox 1244 3635 1348 3697; x_wconf 90' lang='lat' dir='ltr'>crimi-</span> 
     </span>
     <span class='ocr_line' id='line_1_38' title="bbox 602 3719 1346 3805; baseline 0.012 -23"><span class='ocrx_word' id='word_1_192' title='bbox 602 3719 661 3794; x_wconf 86' lang='lat' dir='ltr'>nis,</span> <span class='ocrx_word' id='word_1_193' title='bbox 685 3727 799 3783; x_wconf 89' lang='lat' dir='ltr'>neutro</span> <span class='ocrx_word' id='word_1_194' title='bbox 822 3729 923 3784; x_wconf 88' lang='lat' dir='ltr'>tamen</span> <span class='ocrx_word' id='word_1_195' title='bbox 946 3723 1115 3801; x_wconf 89' lang='lat' dir='ltr'>coniugum</span> <span class='ocrx_word' id='word_1_196' title='bbox 1138 3727 1346 3805; x_wconf 88' lang='lat' dir='ltr'>machinante,</span> 
     </span>
     <span class='ocr_line' id='line_1_39' title="bbox 601 3814 1343 3892; baseline 0.012 -19"><span class='ocrx_word' id='word_1_197' title='bbox 601 3829 634 3874; x_wconf 91' lang='grc'>66</span> <span class='ocrx_word' id='word_1_198' title='bbox 645 3814 829 3876; x_wconf 87' lang='lat' dir='ltr'>restituendi</span> <span class='ocrx_word' id='word_1_199' title='bbox 843 3814 891 3876; x_wconf 91' lang='grc'>116</span> <span class='ocrx_word' id='word_1_200' title='bbox 903 3816 1027 3892; x_wconf 88' lang='lat' dir='ltr'>petendi</span> <span class='ocrx_word' id='word_1_201' title='bbox 1038 3818 1177 3881; x_wconf 90' lang='lat' dir='ltr'>debitum</span> <span class='ocrx_word' id='word_1_202' title='bbox 1187 3819 1343 3884; x_wconf 90' lang='lat' dir='ltr'>amissum.</span> 
     </span>
    </p>

    <p class='ocr_par' dir='ltr' id='par_1_9' title="bbox 600 3907 1347 4157">
     <span class='ocr_line' id='line_1_40' title="bbox 643 3907 1347 3992; baseline 0.021 -28"><span class='ocrx_word' id='word_1_203' title='bbox 643 3923 671 3964; x_wconf 91' lang='lat' dir='ltr'>v.</span> <span class='ocrx_word' id='word_1_204' title='bbox 688 3907 889 3986; x_wconf 86' lang='lat' dir='ltr'>Dispensandi</span> <span class='ocrx_word' id='word_1_205' title='bbox 905 3909 936 3970; x_wconf 94' lang='lat' dir='ltr'>in</span> <span class='ocrx_word' id='word_1_206' title='bbox 953 3909 1178 3988; x_wconf 90' lang='lat' dir='ltr'>impedimento</span> <span class='ocrx_word' id='word_1_207' title='bbox 1191 3916 1347 3992; x_wconf 90' lang='lat' dir='ltr'>cognatio-</span> 
     </span>
     <span class='ocr_line' id='line_1_41' title="bbox 602 4000 1346 4082; baseline 0.015 -21"><span class='ocrx_word' id='word_1_208' title='bbox 602 4001 649 4062; x_wconf 94' lang='lat' dir='ltr'>nis</span> <span class='ocrx_word' id='word_1_209' title='bbox 665 4000 843 4080; x_wconf 88' lang='lat' dir='ltr'>spiritualis,</span> <span class='ocrx_word' id='word_1_210' title='bbox 861 4009 1076 4082; x_wconf 87' lang='lat' dir='ltr'>praeterquam</span> <span class='ocrx_word' id='word_1_211' title='bbox 1091 4005 1173 4069; x_wconf 89' lang='lat' dir='ltr'>inter</span> <span class='ocrx_word' id='word_1_212' title='bbox 1188 4008 1346 4072; x_wconf 89' lang='lat' dir='ltr'>levantem</span> 
     </span>
     <span class='ocr_line' id='line_1_42' title="bbox 600 4078 798 4157; baseline -0.015 0"><span class='ocrx_word' id='word_1_213' title='bbox 600 4078 798 4157; x_wconf 56' lang='lat' dir='ltr'>mmmm</span> 
     </span>
    </p>

    <p class='ocr_par' dir='ltr' id='par_1_10' title="bbox 597 4189 1346 4907">
     <span class='ocr_line' id='line_1_43' title="bbox 639 4189 1345 4269; baseline 0.016 -19"><span class='ocrx_word' id='word_1_214' title='bbox 639 4204 681 4250; x_wconf 86' lang='lat' dir='ltr'>rr.</span> <span class='ocrx_word' id='word_1_215' title='bbox 707 4189 768 4250; x_wconf 89' lang='lat' dir='ltr'>llae</span> <span class='ocrx_word' id='word_1_216' title='bbox 790 4205 864 4251; x_wconf 87' lang='lat' dir='ltr'>vero</span> <span class='ocrx_word' id='word_1_217' title='bbox 880 4190 1122 4269; x_wconf 89' lang='lat' dir='ltr'>dispensationes</span> <span class='ocrx_word' id='word_1_218' title='bbox 1137 4196 1345 4261; x_wconf 90' lang='lat' dir='ltr'>matrimonia·</span> 
     </span>
     <span class='ocr_line' id='line_1_44' title="bbox 598 4280 1345 4363; baseline 0.015 -19"><span class='ocrx_word' id='word_1_219' title='bbox 598 4282 655 4355; x_wconf 88' lang='lat' dir='ltr'>les,</span> <span class='ocrx_word' id='word_1_220' title='bbox 679 4280 821 4344; x_wconf 84' lang='lat' dir='ltr'>videlicet</span> <span class='ocrx_word' id='word_1_221' title='bbox 849 4300 898 4356; x_wconf 74' lang='grc' dir='ltr'><strong>ιι..</strong></span> <span class='ocrx_word' id='word_1_222' title='bbox 922 4300 1062 4360; x_wconf 90' lang='lat' dir='ltr'>nr.,1v.,</span> <span class='ocrx_word' id='word_1_223' title='bbox 1085 4302 1128 4363; x_wconf 90' lang='lat' dir='ltr'>v.,</span> <span class='ocrx_word' id='word_1_224' title='bbox 1153 4304 1215 4350; x_wconf 94' lang='lat' dir='ltr'>non</span> <span class='ocrx_word' id='word_1_225' title='bbox 1237 4307 1345 4354; x_wconf 90' lang='lat' dir='ltr'>conce·</span> 
     </span>
     <span class='ocr_line' id='line_1_45' title="bbox 599 4376 1346 4451; baseline 0.012 -11"><span class='ocrx_word' id='word_1_226' title='bbox 599 4376 799 4451; x_wconf 84' lang='grc'>(166161,6161</span> <span class='ocrx_word' id='word_1_227' title='bbox 821 4394 891 4440; x_wconf 85' lang='lat' dir='ltr'>cunt</span> <span class='ocrx_word' id='word_1_228' title='bbox 913 4378 1048 4443; x_wconf 88' lang='lat' dir='ltr'>clausula</span> <span class='ocrx_word' id='word_1_229' title='bbox 1063 4381 1261 4448; x_wconf 79' lang='lat' dir='ltr'>«dummodo</span> <span class='ocrx_word' id='word_1_230' title='bbox 1277 4401 1346 4448; x_wconf 89' lang='lat' dir='ltr'>mu-</span> 
     </span>
     <span class='ocr_line' id='line_1_46' title="bbox 599 4467 1344 4553; baseline 0.015 -23"><span class='ocrx_word' id='word_1_231' title='bbox 599 4467 657 4531; x_wconf 90' lang='lat' dir='ltr'>lier</span> <span class='ocrx_word' id='word_1_232' title='bbox 679 4477 763 4547; x_wconf 88' lang='lat' dir='ltr'>rapta</span> <span class='ocrx_word' id='word_1_233' title='bbox 784 4487 846 4531; x_wconf 92' lang='lat' dir='ltr'>non</span> <span class='ocrx_word' id='word_1_234' title='bbox 868 4471 973 4550; x_wconf 90' lang='lat' dir='ltr'>luerit,</span> <span class='ocrx_word' id='word_1_235' title='bbox 989 4473 1040 4536; x_wconf 83' lang='lat' dir='ltr'>vel</span> <span class='ocrx_word' id='word_1_236' title='bbox 1061 4476 1086 4535; x_wconf 91' lang='lat' dir='ltr'>si</span> <span class='ocrx_word' id='word_1_237' title='bbox 1101 4485 1186 4553; x_wconf 87' lang='lat' dir='ltr'>rapta</span> <span class='ocrx_word' id='word_1_238' title='bbox 1202 4477 1295 4540; x_wconf 91' lang='lat' dir='ltr'>luerit</span> <span class='ocrx_word' id='word_1_239' title='bbox 1312 4482 1344 4541; x_wconf 92' lang='lat' dir='ltr'>in</span> 
     </span>
     <span class='ocr_line' id='line_1_47' title="bbox 597 4566 1344 4651; baseline 0.015 -27"><span class='ocrx_word' id='word_1_240' title='bbox 597 4571 748 4640; x_wconf 88' lang='lat' dir='ltr'>potestate</span> <span class='ocrx_word' id='word_1_241' title='bbox 761 4566 890 4642; x_wconf 92' lang='lat' dir='ltr'>raptoris</span> <span class='ocrx_word' id='word_1_242' title='bbox 901 4581 964 4628; x_wconf 95' lang='lat' dir='ltr'>non</span> <span class='ocrx_word' id='word_1_243' title='bbox 976 4567 1123 4646; x_wconf 58' lang='lat' dir='ltr'>cristatae</span> <span class='ocrx_word' id='word_1_244' title='bbox 1136 4577 1166 4631; x_wconf 91' lang='lat' dir='ltr'>et</span> <span class='ocrx_word' id='word_1_245' title='bbox 1180 4571 1211 4632; x_wconf 95' lang='lat' dir='ltr'>in</span> <span class='ocrx_word' id='word_1_246' title='bbox 1223 4571 1344 4651; x_wconf 90' lang='lat' dir='ltr'>dispen-</span> 
     </span>
     <span class='ocr_line' id='line_1_48' title="bbox 597 4657 1343 4728; baseline 0.015 -11"><span class='ocrx_word' id='word_1_247' title='bbox 597 4657 716 4719; x_wconf 90' lang='lat' dir='ltr'>satione</span> <span class='ocrx_word' id='word_1_248' title='bbox 737 4665 828 4719; x_wconf 93' lang='lat' dir='ltr'>tenor</span> <span class='ocrx_word' id='word_1_249' title='bbox 844 4657 1020 4721; x_wconf 90' lang='lat' dir='ltr'>huiusmodi</span> <span class='ocrx_word' id='word_1_250' title='bbox 1035 4661 1214 4726; x_wconf 77' lang='lat' dir='ltr'>facultatum</span> <span class='ocrx_word' id='word_1_251' title='bbox 1229 4666 1343 4728; x_wconf 89' lang='lat' dir='ltr'>insera-</span> 
     </span>
     <span class='ocr_line' id='line_1_49' title="bbox 599 4751 1342 4838; baseline 0.013 -28"><span class='ocrx_word' id='word_1_252' title='bbox 599 4759 661 4822; x_wconf 89' lang='lat' dir='ltr'>tur,</span> <span class='ocrx_word' id='word_1_253' title='bbox 674 4764 746 4812; x_wconf 88' lang='lat' dir='ltr'>cum</span> <span class='ocrx_word' id='word_1_254' title='bbox 760 4751 960 4829; x_wconf 82' lang='lat' dir='ltr'>expressione</span> <span class='ocrx_word' id='word_1_255' title='bbox 972 4754 1117 4832; x_wconf 90' lang='lat' dir='ltr'>temporis</span> <span class='ocrx_word' id='word_1_256' title='bbox 1132 4758 1167 4818; x_wconf 91' lang='lat' dir='ltr'>ad</span> <span class='ocrx_word' id='word_1_257' title='bbox 1180 4760 1262 4838; x_wconf 93' lang='lat' dir='ltr'>quod</span> <span class='ocrx_word' id='word_1_258' title='bbox 1278 4759 1342 4822; x_wconf 89' lang='lat' dir='ltr'>lue-</span> 
     </span>
     <span class='ocr_line' id='line_1_50' title="bbox 597 4843 852 4907; baseline 0.008 -4"><span class='ocrx_word' id='word_1_259' title='bbox 597 4843 661 4904; x_wconf 90' lang='lat' dir='ltr'>rint</span> <span class='ocrx_word' id='word_1_260' title='bbox 681 4859 852 4907; x_wconf 86' lang='lat' dir='ltr'>concessae.</span> 
     </span>
    </p>

    <p class='ocr_par' dir='ltr' id='par_1_11' title="bbox 595 4936 1342 5119">
     <span class='ocr_line' id='line_1_51' title="bbox 636 4936 1342 5020; baseline 0.02 -25"><span class='ocrx_word' id='word_1_261' title='bbox 636 4952 693 4997; x_wconf 83' lang='grc'>111.</span> <span class='ocrx_word' id='word_1_262' title='bbox 716 4936 918 5016; x_wconf 75' lang='lat' dir='ltr'>dispensandi</span> <span class='ocrx_word' id='word_1_263' title='bbox 939 4957 1011 5003; x_wconf 88' lang='lat' dir='ltr'>cum</span> <span class='ocrx_word' id='word_1_264' title='bbox 1033 4944 1201 5020; x_wconf 88' lang='lat' dir='ltr'>gentilibus</span> <span class='ocrx_word' id='word_1_265' title='bbox 1223 4953 1253 5007; x_wconf 90' lang='lat' dir='ltr'>et</span> <span class='ocrx_word' id='word_1_266' title='bbox 1273 4947 1342 5009; x_wconf 87' lang='lat' dir='ltr'>ind-</span> 
     </span>
     <span class='ocr_line' id='line_1_52' title="bbox 595 5027 1342 5119; baseline 0.017 -29"><span class='ocrx_word' id='word_1_267' title='bbox 595 5027 715 5092; x_wconf 91' lang='lat' dir='ltr'>delibus</span> <span class='ocrx_word' id='word_1_268' title='bbox 736 5031 840 5109; x_wconf 92' lang='lat' dir='ltr'>plures</span> <span class='ocrx_word' id='word_1_269' title='bbox 863 5049 974 5096; x_wconf 83' lang='lat' dir='ltr'>uxores</span> <span class='ocrx_word' id='word_1_270' title='bbox 1002 5035 1195 5113; x_wconf 86' lang='lat' dir='ltr'>habentibus,</span> <span class='ocrx_word' id='word_1_271' title='bbox 1219 5045 1252 5101; x_wconf 93' lang='lat' dir='ltr'>ut</span> <span class='ocrx_word' id='word_1_272' title='bbox 1275 5048 1342 5119; x_wconf 92' lang='lat' dir='ltr'>post</span> 
     </span>
    </p>
   </div>
   <div class='ocr_carea' id='block_1_6' title="bbox 595 5121 1365 5210">
    <p class='ocr_par' dir='ltr' id='par_1_12' title="bbox 595 5121 1365 5210">
     <span class='ocr_line' id='line_1_53' title="bbox 595 5121 1365 5210; baseline 0.016 -26"><span class='ocrx_word' id='word_1_273' title='bbox 595 5122 832 5188; x_wconf 65' lang='lat' dir='ltr'>conversionem</span> <span class='ocrx_word' id='word_1_274' title='bbox 853 5133 885 5188; x_wconf 89' lang='lat' dir='ltr'>et</span> <span class='ocrx_word' id='word_1_275' title='bbox 906 5127 1104 5206; x_wconf 91' lang='lat' dir='ltr'>baptismum,</span> <span class='ocrx_word' id='word_1_276' title='bbox 1121 5147 1213 5210; x_wconf 89' lang='lat' dir='ltr'>quam</span> <span class='ocrx_word' id='word_1_277' title='bbox 1229 5149 1266 5196; x_wconf 84' lang='lat' dir='ltr'>ex</span> <span class='ocrx_word' id='word_1_278' title='bbox 1280 5134 1341 5196; x_wconf 92' lang='lat' dir='ltr'>illis</span> <span class='ocrx_word' id='word_1_279' title='bbox 1361 5121 1365 5131; x_wconf 79' lang='grc'><strong><em>’</em></strong></span> 
     </span>
    </p>
   </div>
   <div class='ocr_carea' id='block_1_7' title="bbox 591 5217 1340 5961">
    <p class='ocr_par' dir='ltr' id='par_1_13' title="bbox 595 5217 1339 5392">
     <span class='ocr_line' id='line_1_54' title="bbox 596 5217 1339 5310; baseline 0.013 -32"><span class='ocrx_word' id='word_1_280' title='bbox 596 5217 776 5293; x_wconf 85' lang='lat' dir='ltr'>maluerint,</span> <span class='ocrx_word' id='word_1_281' title='bbox 789 5219 813 5280; x_wconf 92' lang='lat' dir='ltr'>si</span> <span class='ocrx_word' id='word_1_282' title='bbox 829 5222 922 5284; x_wconf 88' lang='lat' dir='ltr'>etiam</span> <span class='ocrx_word' id='word_1_283' title='bbox 936 5223 1001 5300; x_wconf 91' lang='lat' dir='ltr'>ipsa</span> <span class='ocrx_word' id='word_1_284' title='bbox 1014 5221 1112 5310; x_wconf 85' lang='lat' dir='ltr'>fidelis</span> <span class='ocrx_word' id='word_1_285' title='bbox 1127 5225 1190 5300; x_wconf 89' lang='lat' dir='ltr'>liat,</span> <span class='ocrx_word' id='word_1_286' title='bbox 1204 5228 1339 5290; x_wconf 87' lang='lat' dir='ltr'>retinere</span> 
     </span>
     <span class='ocr_line' id='line_1_55' title="bbox 595 5311 1257 5392; baseline 0.015 -20"><span class='ocrx_word' id='word_1_287' title='bbox 595 5311 723 5389; x_wconf 89' lang='lat' dir='ltr'>possint,</span> <span class='ocrx_word' id='word_1_288' title='bbox 747 5313 805 5374; x_wconf 91' lang='lat' dir='ltr'>nisi</span> <span class='ocrx_word' id='word_1_289' title='bbox 828 5315 924 5392; x_wconf 90' lang='lat' dir='ltr'>prima</span> <span class='ocrx_word' id='word_1_290' title='bbox 947 5315 1082 5379; x_wconf 86' lang='lat' dir='ltr'>voluerit</span> <span class='ocrx_word' id='word_1_291' title='bbox 1106 5323 1257 5383; x_wconf 88' lang='lat' dir='ltr'>converti.</span> 
     </span>
    </p>

    <p class='ocr_par' dir='ltr' id='par_1_14' title="bbox 591 5405 1340 5961">
     <span class='ocr_line' id='line_1_56' title="bbox 634 5405 1340 5488; baseline 0.017 -21"><span class='ocrx_word' id='word_1_292' title='bbox 634 5422 703 5468; x_wconf 86' lang='grc'>1111.</span> <span class='ocrx_word' id='word_1_293' title='bbox 721 5405 926 5471; x_wconf 87' lang='lat' dir='ltr'>Benedicendi</span> <span class='ocrx_word' id='word_1_294' title='bbox 941 5419 1120 5488; x_wconf 91' lang='lat' dir='ltr'>paramenta</span> <span class='ocrx_word' id='word_1_295' title='bbox 1134 5419 1165 5475; x_wconf 91' lang='lat' dir='ltr'>et</span> <span class='ocrx_word' id='word_1_296' title='bbox 1179 5413 1235 5476; x_wconf 88' lang='lat' dir='ltr'>alia</span> <span class='ocrx_word' id='word_1_297' title='bbox 1252 5423 1340 5480; x_wconf 90' lang='lat' dir='ltr'>uten-</span> 
     </span>
     <span class='ocr_line' id='line_1_57' title="bbox 593 5500 1338 5585; baseline 0.013 -24"><span class='ocrx_word' id='word_1_298' title='bbox 593 5500 658 5561; x_wconf 84' lang='lat' dir='ltr'>silia</span> <span class='ocrx_word' id='word_1_299' title='bbox 679 5503 714 5564; x_wconf 90' lang='lat' dir='ltr'>ad</span> <span class='ocrx_word' id='word_1_300' title='bbox 736 5501 922 5566; x_wconf 88' lang='lat' dir='ltr'>sacrificium</span> <span class='ocrx_word' id='word_1_301' title='bbox 945 5505 1053 5567; x_wconf 89' lang='lat' dir='ltr'>missae</span> <span class='ocrx_word' id='word_1_302' title='bbox 1081 5511 1264 5585; x_wconf 90' lang='lat' dir='ltr'>necessaria,</span> <span class='ocrx_word' id='word_1_303' title='bbox 1286 5511 1338 5573; x_wconf 91' lang='lat' dir='ltr'>ubi</span> 
     </span>
     <span class='ocr_line' id='line_1_58' title="bbox 594 5595 1340 5676; baseline 0.013 -22"><span class='ocrx_word' id='word_1_304' title='bbox 594 5609 657 5656; x_wconf 89' lang='lat' dir='ltr'>non</span> <span class='ocrx_word' id='word_1_305' title='bbox 690 5595 862 5658; x_wconf 85' lang='lat' dir='ltr'>intervenit</span> <span class='ocrx_word' id='word_1_306' title='bbox 892 5615 974 5660; x_wconf 90' lang='lat' dir='ltr'>sacra</span> <span class='ocrx_word' id='word_1_307' title='bbox 997 5600 1114 5676; x_wconf 90' lang='lat' dir='ltr'>unctio,</span> <span class='ocrx_word' id='word_1_308' title='bbox 1147 5609 1177 5664; x_wconf 91' lang='lat' dir='ltr'>et</span> <span class='ocrx_word' id='word_1_309' title='bbox 1205 5604 1340 5666; x_wconf 92' lang='lat' dir='ltr'>reconci-</span> 
     </span>
     <span class='ocr_line' id='line_1_59' title="bbox 591 5686 1339 5776; baseline 0.016 -29"><span class='ocrx_word' id='word_1_310' title='bbox 591 5686 687 5749; x_wconf 92' lang='lat' dir='ltr'>liandi</span> <span class='ocrx_word' id='word_1_311' title='bbox 709 5689 848 5756; x_wconf 89' lang='lat' dir='ltr'>ecclesias</span> <span class='ocrx_word' id='word_1_312' title='bbox 868 5692 1000 5769; x_wconf 88' lang='lat' dir='ltr'>pollutas</span> <span class='ocrx_word' id='word_1_313' title='bbox 1028 5710 1105 5771; x_wconf 89' lang='lat' dir='ltr'>aqua</span> <span class='ocrx_word' id='word_1_314' title='bbox 1126 5695 1163 5757; x_wconf 90' lang='lat' dir='ltr'>ab</span> <span class='ocrx_word' id='word_1_315' title='bbox 1192 5696 1339 5776; x_wconf 87' lang='lat' dir='ltr'>Episcopo</span> 
     </span>
     <span class='ocr_line' id='line_1_60' title="bbox 592 5779 1337 5874; baseline 0.015 -33"><span class='ocrx_word' id='word_1_316' title='bbox 592 5779 762 5858; x_wconf 89' lang='lat' dir='ltr'>benedicta,</span> <span class='ocrx_word' id='word_1_317' title='bbox 775 5790 805 5844; x_wconf 90' lang='lat' dir='ltr'>et</span> <span class='ocrx_word' id='word_1_318' title='bbox 821 5785 852 5845; x_wconf 97' lang='lat' dir='ltr'>in</span> <span class='ocrx_word' id='word_1_319' title='bbox 868 5801 939 5848; x_wconf 90' lang='lat' dir='ltr'>casu</span> <span class='ocrx_word' id='word_1_320' title='bbox 955 5789 1143 5851; x_wconf 89' lang='lat' dir='ltr'>necessitatis</span> <span class='ocrx_word' id='word_1_321' title='bbox 1158 5791 1250 5852; x_wconf 90' lang='lat' dir='ltr'>etiam</span> <span class='ocrx_word' id='word_1_322' title='bbox 1262 5809 1337 5874; x_wconf 90' lang='lat' dir='ltr'>aqua</span> 
     </span>
     <span class='ocr_line' id='line_1_61' title="bbox 591 5873 1075 5961; baseline 0.012 -25"><span class='ocrx_word' id='word_1_323' title='bbox 591 5887 656 5947; x_wconf 83' lang='lat' dir='ltr'>oon</span> <span class='ocrx_word' id='word_1_324' title='bbox 677 5873 835 5939; x_wconf 90' lang='lat' dir='ltr'>benedicta</span> <span class='ocrx_word' id='word_1_325' title='bbox 857 5878 894 5939; x_wconf 93' lang='lat' dir='ltr'>ab</span> <span class='ocrx_word' id='word_1_326' title='bbox 916 5879 1075 5961; x_wconf 88' lang='lat' dir='ltr'>Episcopo.</span> 
     </span>
    </p>
   </div>
   <div class='ocr_carea' id='block_1_8' title="bbox 1145 501 1644 568">
    <p class='ocr_par' dir='ltr' id='par_1_15' title="bbox 1145 501 1644 568">
     <span class='ocr_line' id='line_1_62' title="bbox 1145 501 1644 568; baseline 0.018 -8"><span class='ocrx_word' id='word_1_327' title='bbox 1145 504 1210 561; x_wconf 84' lang='grc'>116.</span> <span class='ocrx_word' id='word_1_328' title='bbox 1234 501 1325 560; x_wconf 77' lang='lat' dir='ltr'>roris.</span> <span class='ocrx_word' id='word_1_329' title='bbox 1349 501 1389 560; x_wconf 83' lang='lat' dir='ltr'>bu</span> <span class='ocrx_word' id='word_1_330' title='bbox 1411 513 1441 559; x_wconf 85' lang='lat' dir='ltr'>r.</span> <span class='ocrx_word' id='word_1_331' title='bbox 1465 504 1494 562; x_wconf 77' lang='lat' dir='ltr'>ti.</span> <span class='ocrx_word' id='word_1_332' title='bbox 1518 509 1644 568; x_wconf 79' lang='grc'>1111161.</span> 
     </span>
    </p>
   </div>
   <div class='ocr_carea' id='block_1_9' title="bbox 1394 639 2213 5982">
    <p class='ocr_par' dir='ltr' id='par_1_16' title="bbox 1415 639 2166 1728">
     <span class='ocr_line' id='line_1_63' title="bbox 1461 639 2163 728; baseline 0.024 -29"><span class='ocrx_word' id='word_1_333' title='bbox 1461 654 1504 700; x_wconf 90' lang='grc' dir='ltr'>ιι.</span> <span class='ocrx_word' id='word_1_334' title='bbox 1529 639 1715 706; x_wconf 81' lang='lat' dir='ltr'>Absolveudi</span> <span class='ocrx_word' id='word_1_335' title='bbox 1737 644 1775 706; x_wconf 93' lang='lat' dir='ltr'>ab</span> <span class='ocrx_word' id='word_1_336' title='bbox 1796 644 1913 710; x_wconf 92' lang='lat' dir='ltr'>haeresi</span> <span class='ocrx_word' id='word_1_337' title='bbox 1932 657 1963 712; x_wconf 87' lang='lat' dir='ltr'>et</span> <span class='ocrx_word' id='word_1_338' title='bbox 1984 652 2128 728; x_wconf 87' lang='lat' dir='ltr'>apostasia</span> <span class='ocrx_word' id='word_1_339' title='bbox 2148 671 2163 716; x_wconf 90' lang='lat' dir='ltr'>a</span> 
     </span>
     <span class='ocr_line' id='line_1_64' title="bbox 1420 731 2163 822; baseline 0.026 -30"><span class='ocrx_word' id='word_1_340' title='bbox 1420 731 1480 794; x_wconf 87' lang='lat' dir='ltr'>lide</span> <span class='ocrx_word' id='word_1_341' title='bbox 1502 742 1531 796; x_wconf 92' lang='lat' dir='ltr'>et</span> <span class='ocrx_word' id='word_1_342' title='bbox 1553 753 1567 796; x_wconf 93' lang='lat' dir='ltr'>a</span> <span class='ocrx_word' id='word_1_343' title='bbox 1589 735 1755 800; x_wconf 89' lang='lat' dir='ltr'>schismate</span> <span class='ocrx_word' id='word_1_344' title='bbox 1776 755 1988 822; x_wconf 89' lang='lat' dir='ltr'>quoscumque</span> <span class='ocrx_word' id='word_1_345' title='bbox 2009 747 2101 808; x_wconf 90' lang='lat' dir='ltr'>etiam</span> <span class='ocrx_word' id='word_1_346' title='bbox 2118 765 2163 811; x_wconf 88' lang='lat' dir='ltr'>ec-</span> 
     </span>
     <span class='ocr_line' id='line_1_65' title="bbox 1420 825 2162 918; baseline 0.022 -30"><span class='ocrx_word' id='word_1_347' title='bbox 1420 825 1602 890; x_wconf 88' lang='lat' dir='ltr'>clesiasticos</span> <span class='ocrx_word' id='word_1_348' title='bbox 1625 839 1685 893; x_wconf 89' lang='lat' dir='ltr'>tam</span> <span class='ocrx_word' id='word_1_349' title='bbox 1701 833 1872 896; x_wconf 89' lang='lat' dir='ltr'>saeculares</span> <span class='ocrx_word' id='word_1_350' title='bbox 1886 851 1978 914; x_wconf 91' lang='lat' dir='ltr'>quam</span> <span class='ocrx_word' id='word_1_351' title='bbox 1993 841 2162 918; x_wconf 84' lang='lat' dir='ltr'>regulares,</span> 
     </span>
     <span class='ocr_line' id='line_1_66' title="bbox 1420 927 2164 1010; baseline 0.026 -30"><span class='ocrx_word' id='word_1_352' title='bbox 1420 936 1482 982; x_wconf 93' lang='lat' dir='ltr'>non</span> <span class='ocrx_word' id='word_1_353' title='bbox 1512 929 1616 985; x_wconf 91' lang='lat' dir='ltr'>tamen</span> <span class='ocrx_word' id='word_1_354' title='bbox 1637 939 1690 988; x_wconf 87' lang='lat' dir='ltr'>eos</span> <span class='ocrx_word' id='word_1_355' title='bbox 1711 927 1764 1005; x_wconf 95' lang='lat' dir='ltr'>qui</span> <span class='ocrx_word' id='word_1_356' title='bbox 1791 928 1925 993; x_wconf 85' lang='grc'>61116616</span> <span class='ocrx_word' id='word_1_357' title='bbox 1952 931 2083 1010; x_wconf 89' lang='lat' dir='ltr'>luerint,</span> <span class='ocrx_word' id='word_1_358' title='bbox 2112 937 2164 999; x_wconf 92' lang='lat' dir='ltr'>ubi</span> 
     </span>
     <span class='ocr_line' id='line_1_67' title="bbox 1418 1013 2165 1095; baseline 0.027 -23"><span class='ocrx_word' id='word_1_359' title='bbox 1418 1030 1442 1072; x_wconf 92' lang='lat' dir='ltr'>s.</span> <span class='ocrx_word' id='word_1_360' title='bbox 1467 1013 1603 1077; x_wconf 89' lang='lat' dir='ltr'>olllcium</span> <span class='ocrx_word' id='word_1_361' title='bbox 1625 1027 1800 1095; x_wconf 80' lang='lat' dir='ltr'>exercetur,</span> <span class='ocrx_word' id='word_1_362' title='bbox 1824 1022 1882 1084; x_wconf 92' lang='lat' dir='ltr'>nisi</span> <span class='ocrx_word' id='word_1_363' title='bbox 1904 1023 1936 1086; x_wconf 94' lang='lat' dir='ltr'>in</span> <span class='ocrx_word' id='word_1_364' title='bbox 1959 1024 2031 1088; x_wconf 89' lang='lat' dir='ltr'>locis</span> <span class='ocrx_word' id='word_1_365' title='bbox 2046 1029 2165 1092; x_wconf 90' lang='lat' dir='ltr'>missio·</span> 
     </span>
     <span class='ocr_line' id='line_1_68' title="bbox 1419 1109 2166 1194; baseline 0.027 -27"><span class='ocrx_word' id='word_1_366' title='bbox 1419 1123 1506 1182; x_wconf 91' lang='lat' dir='ltr'>rrum,</span> <span class='ocrx_word' id='word_1_367' title='bbox 1524 1109 1556 1170; x_wconf 95' lang='lat' dir='ltr'>in</span> <span class='ocrx_word' id='word_1_368' title='bbox 1574 1110 1686 1188; x_wconf 91' lang='lat' dir='ltr'>qulbus</span> <span class='ocrx_word' id='word_1_369' title='bbox 1710 1113 1838 1191; x_wconf 89' lang='lat' dir='ltr'>impune</span> <span class='ocrx_word' id='word_1_370' title='bbox 1859 1127 2037 1194; x_wconf 89' lang='lat' dir='ltr'>grassantur</span> <span class='ocrx_word' id='word_1_371' title='bbox 2059 1123 2166 1187; x_wconf 86' lang='lat' dir='ltr'>haere-</span> 
     </span>
     <span class='ocr_line' id='line_1_69' title="bbox 1418 1200 2166 1288; baseline 0.029 -29"><span class='ocrx_word' id='word_1_372' title='bbox 1418 1215 1476 1273; x_wconf 92' lang='lat' dir='ltr'>ses,</span> <span class='ocrx_word' id='word_1_373' title='bbox 1503 1200 1705 1282; x_wconf 89' lang='lat' dir='ltr'>deliquerint,</span> <span class='ocrx_word' id='word_1_374' title='bbox 1728 1222 1786 1269; x_wconf 89' lang='lat' dir='ltr'>nec</span> <span class='ocrx_word' id='word_1_375' title='bbox 1812 1208 1880 1270; x_wconf 92' lang='lat' dir='ltr'>illos</span> <span class='ocrx_word' id='word_1_376' title='bbox 1901 1211 1954 1288; x_wconf 91' lang='lat' dir='ltr'>qui</span> <span class='ocrx_word' id='word_1_377' title='bbox 1981 1212 2166 1280; x_wconf 91' lang='lat' dir='ltr'>iudicialiter</span> 
     </span>
     <span class='ocr_line' id='line_1_70' title="bbox 1418 1289 2165 1387; baseline 0.029 -36"><span class='ocrx_word' id='word_1_378' title='bbox 1418 1289 1640 1372; x_wconf 89' lang='lat' dir='ltr'>abiuraverint,</span> <span class='ocrx_word' id='word_1_379' title='bbox 1657 1298 1717 1360; x_wconf 90' lang='lat' dir='ltr'>nisi</span> <span class='ocrx_word' id='word_1_380' title='bbox 1740 1299 1787 1362; x_wconf 91' lang='lat' dir='ltr'>isti</span> <span class='ocrx_word' id='word_1_381' title='bbox 1810 1303 1873 1363; x_wconf 91' lang='lat' dir='ltr'>nati</span> <span class='ocrx_word' id='word_1_382' title='bbox 1890 1304 1953 1367; x_wconf 92' lang='lat' dir='ltr'>sint</span> <span class='ocrx_word' id='word_1_383' title='bbox 1968 1307 2020 1368; x_wconf 95' lang='lat' dir='ltr'>ubi</span> <span class='ocrx_word' id='word_1_384' title='bbox 2036 1307 2165 1387; x_wconf 87' lang='lat' dir='ltr'>impune</span> 
     </span>
     <span class='ocr_line' id='line_1_71' title="bbox 1417 1388 2166 1472; baseline 0.029 -29"><span class='ocrx_word' id='word_1_385' title='bbox 1417 1394 1597 1458; x_wconf 92' lang='lat' dir='ltr'>grassantur</span> <span class='ocrx_word' id='word_1_386' title='bbox 1618 1388 1816 1468; x_wconf 64' lang='lat' dir='ltr'>haeresaeos</span> <span class='ocrx_word' id='word_1_387' title='bbox 1838 1398 1903 1472; x_wconf 81' lang='lat' dir='ltr'>post</span> <span class='ocrx_word' id='word_1_388' title='bbox 1923 1397 2099 1464; x_wconf 88' lang='lat' dir='ltr'>iudicialem</span> <span class='ocrx_word' id='word_1_389' title='bbox 2117 1403 2166 1464; x_wconf 86' lang='lat' dir='ltr'>ab</span> 
     </span>
     <span class='ocr_line' id='line_1_72' title="bbox 1416 1476 2163 1564; baseline 0.035 -28"><span class='ocrx_word' id='word_1_390' title='bbox 1416 1476 1602 1542; x_wconf 91' lang='lat' dir='ltr'>iurationem</span> <span class='ocrx_word' id='word_1_391' title='bbox 1626 1482 1700 1546; x_wconf 90' lang='lat' dir='ltr'>illue</span> <span class='ocrx_word' id='word_1_392' title='bbox 1722 1488 1851 1564; x_wconf 88' lang='lat' dir='ltr'>reversi,</span> <span class='ocrx_word' id='word_1_393' title='bbox 1874 1489 1906 1550; x_wconf 94' lang='lat' dir='ltr'>in</span> <span class='ocrx_word' id='word_1_394' title='bbox 1929 1492 2081 1558; x_wconf 89' lang='lat' dir='ltr'>haeresim</span> <span class='ocrx_word' id='word_1_395' title='bbox 2100 1497 2163 1562; x_wconf 91' lang='lat' dir='ltr'>lue-</span> 
     </span>
     <span class='ocr_line' id='line_1_73' title="bbox 1415 1570 2165 1654; baseline 0.032 -24"><span class='ocrx_word' id='word_1_396' title='bbox 1415 1570 1482 1632; x_wconf 94' lang='lat' dir='ltr'>rint</span> <span class='ocrx_word' id='word_1_397' title='bbox 1512 1573 1633 1653; x_wconf 89' lang='lat' dir='ltr'>relapsi,</span> <span class='ocrx_word' id='word_1_398' title='bbox 1663 1585 1694 1639; x_wconf 90' lang='lat' dir='ltr'>et</span> <span class='ocrx_word' id='word_1_399' title='bbox 1722 1577 1777 1641; x_wconf 94' lang='lat' dir='ltr'>hos</span> <span class='ocrx_word' id='word_1_400' title='bbox 1799 1581 1831 1641; x_wconf 93' lang='lat' dir='ltr'>in</span> <span class='ocrx_word' id='word_1_401' title='bbox 1860 1581 1927 1644; x_wconf 91' lang='lat' dir='ltr'>loro</span> <span class='ocrx_word' id='word_1_402' title='bbox 1957 1587 2165 1654; x_wconf 89' lang='lat' dir='ltr'>conscientiae</span> 
     </span>
     <span class='ocr_line' id='line_1_74' title="bbox 1416 1669 1548 1728; baseline 0.023 -5"><span class='ocrx_word' id='word_1_403' title='bbox 1416 1669 1548 1728; x_wconf 91' lang='lat' dir='ltr'>tantum.</span> 
     </span>
    </p>

    <p class='ocr_par' dir='ltr' id='par_1_17' title="bbox 1414 1760 2163 2012">
     <span class='ocr_line' id='line_1_75' title="bbox 1454 1760 2163 1841; baseline 0.03 -23"><span class='ocrx_word' id='word_1_404' title='bbox 1454 1773 1486 1818; x_wconf 88' lang='grc' dir='ltr'>ιι.</span> <span class='ocrx_word' id='word_1_405' title='bbox 1510 1760 1697 1827; x_wconf 82' lang='lat' dir='ltr'>Absolvendi</span> <span class='ocrx_word' id='word_1_406' title='bbox 1721 1763 1752 1826; x_wconf 91' lang='grc'>11</span> <span class='ocrx_word' id='word_1_407' title='bbox 1776 1768 1921 1831; x_wconf 88' lang='lat' dir='ltr'>omnibus</span> <span class='ocrx_word' id='word_1_408' title='bbox 1951 1773 2070 1837; x_wconf 91' lang='lat' dir='ltr'>casibus</span> <span class='ocrx_word' id='word_1_409' title='bbox 2092 1776 2163 1841; x_wconf 87' lang='lat' dir='ltr'>Sodi</span> 
     </span>
     <span class='ocr_line' id='line_1_76' title="bbox 1414 1849 2162 1934; baseline 0.029 -23"><span class='ocrx_word' id='word_1_410' title='bbox 1414 1849 1604 1927; x_wconf 78' lang='lat' dir='ltr'>Apostolicae</span> <span class='ocrx_word' id='word_1_411' title='bbox 1626 1857 1801 1934; x_wconf 87' lang='lat' dir='ltr'>reservatis,</span> <span class='ocrx_word' id='word_1_412' title='bbox 1824 1863 1918 1924; x_wconf 92' lang='lat' dir='ltr'>etiam</span> <span class='ocrx_word' id='word_1_413' title='bbox 1940 1865 2162 1932; x_wconf 73' lang='grc'>1611116066-</span> 
     </span>
     <span class='ocr_line' id='line_1_77' title="bbox 1414 1951 1656 2012; baseline 0.017 -6"><span class='ocrx_word' id='word_1_414' title='bbox 1414 1959 1471 2007; x_wconf 90' lang='lat' dir='ltr'>nae</span> <span class='ocrx_word' id='word_1_415' title='bbox 1492 1951 1656 2012; x_wconf 90' lang='lat' dir='ltr'>contentis.</span> 
     </span>
    </p>

    <p class='ocr_par' dir='ltr' id='par_1_18' title="bbox 1411 2041 2161 2473">
     <span class='ocr_line' id='line_1_78' title="bbox 1454 2041 2161 2132; baseline 0.031 -32"><span class='ocrx_word' id='word_1_416' title='bbox 1454 2054 1498 2101; x_wconf 87' lang='lat' dir='ltr'>xr.</span> <span class='ocrx_word' id='word_1_417' title='bbox 1524 2041 1718 2107; x_wconf 76' lang='lat' dir='ltr'>concedendi</span> <span class='ocrx_word' id='word_1_418' title='bbox 1741 2046 1968 2127; x_wconf 89' lang='lat' dir='ltr'>indulgentiam</span> <span class='ocrx_word' id='word_1_419' title='bbox 1990 2054 2161 2132; x_wconf 85' lang='lat' dir='ltr'>plenariam</span> 
     </span>
     <span class='ocr_line' id='line_1_79' title="bbox 1414 2132 2159 2226; baseline 0.03 -34"><span class='ocrx_word' id='word_1_420' title='bbox 1414 2132 1513 2210; x_wconf 91' lang='lat' dir='ltr'>primo</span> <span class='ocrx_word' id='word_1_421' title='bbox 1543 2137 1700 2200; x_wconf 90' lang='lat' dir='ltr'>conversis</span> <span class='ocrx_word' id='word_1_422' title='bbox 1722 2140 1759 2202; x_wconf 92' lang='lat' dir='ltr'>ab</span> <span class='ocrx_word' id='word_1_423' title='bbox 1786 2141 1923 2220; x_wconf 88' lang='lat' dir='ltr'>haeresi,</span> <span class='ocrx_word' id='word_1_424' title='bbox 1952 2156 2044 2226; x_wconf 89' lang='lat' dir='ltr'>atque</span> <span class='ocrx_word' id='word_1_425' title='bbox 2067 2153 2159 2214; x_wconf 89' lang='lat' dir='ltr'>etiam</span> 
     </span>
     <span class='ocr_line' id='line_1_80' title="bbox 1413 2225 2161 2314; baseline 0.029 -28"><span class='ocrx_word' id='word_1_426' title='bbox 1413 2225 1555 2290; x_wconf 89' lang='lat' dir='ltr'>ildelibus</span> <span class='ocrx_word' id='word_1_427' title='bbox 1584 2231 1830 2314; x_wconf 89' lang='lat' dir='ltr'>quibuscumque</span> <span class='ocrx_word' id='word_1_428' title='bbox 1859 2238 1890 2300; x_wconf 94' lang='lat' dir='ltr'>iu</span> <span class='ocrx_word' id='word_1_429' title='bbox 1918 2241 2047 2304; x_wconf 90' lang='lat' dir='ltr'>articulo</span> <span class='ocrx_word' id='word_1_430' title='bbox 2080 2260 2161 2307; x_wconf 92' lang='lat' dir='ltr'>mor·</span> 
     </span>
     <span class='ocr_line' id='line_1_81' title="bbox 1414 2317 2161 2416; baseline 0.031 -38"><span class='ocrx_word' id='word_1_431' title='bbox 1414 2317 1450 2379; x_wconf 91' lang='lat' dir='ltr'>tis</span> <span class='ocrx_word' id='word_1_432' title='bbox 1472 2321 1581 2384; x_wconf 89' lang='lat' dir='ltr'>saltem</span> <span class='ocrx_word' id='word_1_433' title='bbox 1609 2325 1763 2401; x_wconf 89' lang='lat' dir='ltr'>contritis,</span> <span class='ocrx_word' id='word_1_434' title='bbox 1792 2328 1817 2388; x_wconf 92' lang='lat' dir='ltr'>si</span> <span class='ocrx_word' id='word_1_435' title='bbox 1840 2331 1981 2395; x_wconf 87' lang='lat' dir='ltr'>confiteri</span> <span class='ocrx_word' id='word_1_436' title='bbox 2009 2351 2074 2398; x_wconf 87' lang='lat' dir='ltr'>non</span> <span class='ocrx_word' id='word_1_437' title='bbox 2097 2347 2161 2416; x_wconf 91' lang='lat' dir='ltr'>pot·</span> 
     </span>
     <span class='ocr_line' id='line_1_82' title="bbox 1411 2419 1515 2473; baseline 0 -1"><span class='ocrx_word' id='word_1_438' title='bbox 1411 2419 1515 2473; x_wconf 88' lang='lat' dir='ltr'>erunt.</span> 
     </span>
    </p>

    <p class='ocr_par' dir='ltr' id='par_1_19' title="bbox 1409 2507 2213 2881">
     <span class='ocr_line' id='line_1_83' title="bbox 1450 2507 2158 2600; baseline 0.032 -35"><span class='ocrx_word' id='word_1_439' title='bbox 1450 2520 1508 2567; x_wconf 88' lang='grc' dir='ltr'><strong>ιιιι.</strong></span> <span class='ocrx_word' id='word_1_440' title='bbox 1532 2507 1690 2573; x_wconf 88' lang='lat' dir='ltr'>llecitandi</span> <span class='ocrx_word' id='word_1_441' title='bbox 1712 2514 1862 2576; x_wconf 89' lang='lat' dir='ltr'>rosarium</span> <span class='ocrx_word' id='word_1_442' title='bbox 1886 2516 1936 2579; x_wconf 88' lang='lat' dir='ltr'>vel</span> <span class='ocrx_word' id='word_1_443' title='bbox 1952 2519 2024 2582; x_wconf 91' lang='lat' dir='ltr'>alias</span> <span class='ocrx_word' id='word_1_444' title='bbox 2039 2537 2158 2600; x_wconf 89' lang='lat' dir='ltr'>preces,</span> 
     </span>
     <span class='ocr_line' id='line_1_84' title="bbox 1410 2598 2158 2696; baseline 0.029 -38"><span class='ocrx_word' id='word_1_445' title='bbox 1410 2598 1435 2658; x_wconf 92' lang='lat' dir='ltr'>si</span> <span class='ocrx_word' id='word_1_446' title='bbox 1457 2599 1647 2665; x_wconf 80' lang='lat' dir='ltr'>breviarium</span> <span class='ocrx_word' id='word_1_447' title='bbox 1667 2620 1754 2667; x_wconf 90' lang='lat' dir='ltr'>secus</span> <span class='ocrx_word' id='word_1_448' title='bbox 1775 2604 1895 2670; x_wconf 82' lang='lat' dir='ltr'>deferre</span> <span class='ocrx_word' id='word_1_449' title='bbox 1919 2626 1980 2674; x_wconf 93' lang='lat' dir='ltr'>non</span> <span class='ocrx_word' id='word_1_450' title='bbox 1996 2622 2158 2696; x_wconf 91' lang='lat' dir='ltr'>poterunt,</span> 
     </span>
     <span class='ocr_line' id='line_1_85' title="bbox 1410 2690 2159 2784; baseline 0.033 -35"><span class='ocrx_word' id='word_1_451' title='bbox 1410 2690 1461 2753; x_wconf 90' lang='lat' dir='ltr'>vel</span> <span class='ocrx_word' id='word_1_452' title='bbox 1482 2691 1625 2757; x_wconf 91' lang='lat' dir='ltr'>divinum</span> <span class='ocrx_word' id='word_1_453' title='bbox 1640 2696 1775 2760; x_wconf 87' lang='lat' dir='ltr'>cilicium</span> <span class='ocrx_word' id='word_1_454' title='bbox 1791 2700 1829 2762; x_wconf 94' lang='lat' dir='ltr'>ob</span> <span class='ocrx_word' id='word_1_455' title='bbox 1843 2701 1964 2780; x_wconf 93' lang='lat' dir='ltr'>aliquod</span> <span class='ocrx_word' id='word_1_456' title='bbox 1981 2705 2159 2784; x_wconf 89' lang='lat' dir='ltr'>legitimum</span> 
     </span>
     <span class='ocr_line' id='line_1_86' title="bbox 1409 2784 2213 2881; baseline 0.029 -37"><span class='ocrx_word' id='word_1_457' title='bbox 1409 2784 1666 2862; x_wconf 88' lang='lat' dir='ltr'>impedimentum</span> <span class='ocrx_word' id='word_1_458' title='bbox 1690 2791 1820 2854; x_wconf 88' lang='lat' dir='ltr'>recitare</span> <span class='ocrx_word' id='word_1_459' title='bbox 1843 2810 1907 2856; x_wconf 93' lang='lat' dir='ltr'>non</span> <span class='ocrx_word' id='word_1_460' title='bbox 1929 2796 2062 2863; x_wconf 84' lang='lat' dir='ltr'>valeant.</span> <span class='ocrx_word' id='word_1_461' title='bbox 2211 2877 2213 2881; x_wconf 47' lang='grc'>,</span> 
     </span>
    </p>

    <p class='ocr_par' dir='ltr' id='par_1_20' title="bbox 1406 2880 2160 3238">
     <span class='ocr_line' id='line_1_87' title="bbox 1449 2880 2158 2966; baseline 0.031 -29"><span class='ocrx_word' id='word_1_462' title='bbox 1449 2891 1519 2940; x_wconf 82' lang='lat' dir='ltr'>rur.</span> <span class='ocrx_word' id='word_1_463' title='bbox 1544 2880 1750 2946; x_wconf 80' lang='lat' dir='ltr'>consecrandi</span> <span class='ocrx_word' id='word_1_464' title='bbox 1773 2885 1893 2962; x_wconf 88' lang='lat' dir='ltr'>calices,</span> <span class='ocrx_word' id='word_1_465' title='bbox 1915 2898 2041 2966; x_wconf 89' lang='lat' dir='ltr'>patenas</span> <span class='ocrx_word' id='word_1_466' title='bbox 2063 2901 2095 2956; x_wconf 89' lang='lat' dir='ltr'>et</span> <span class='ocrx_word' id='word_1_467' title='bbox 2116 2895 2158 2958; x_wconf 87' lang='lat' dir='ltr'>al·</span> 
     </span>
     <span class='ocr_line' id='line_1_88' title="bbox 1410 2971 2160 3065; baseline 0.027 -33"><span class='ocrx_word' id='word_1_468' title='bbox 1410 2971 1483 3032; x_wconf 87' lang='grc'>16116</span> <span class='ocrx_word' id='word_1_469' title='bbox 1506 2974 1656 3051; x_wconf 89' lang='lat' dir='ltr'>portatilia</span> <span class='ocrx_word' id='word_1_470' title='bbox 1678 2993 1749 3038; x_wconf 90' lang='lat' dir='ltr'>cum</span> <span class='ocrx_word' id='word_1_471' title='bbox 1771 2978 1848 3041; x_wconf 91' lang='lat' dir='ltr'>oleis</span> <span class='ocrx_word' id='word_1_472' title='bbox 1868 2982 1905 3043; x_wconf 91' lang='lat' dir='ltr'>ab</span> <span class='ocrx_word' id='word_1_473' title='bbox 1934 2983 2085 3065; x_wconf 88' lang='lat' dir='ltr'>Episcopo</span> <span class='ocrx_word' id='word_1_474' title='bbox 2107 2989 2160 3053; x_wconf 91' lang='lat' dir='ltr'>be-</span> 
     </span>
     <span class='ocr_line' id='line_1_89' title="bbox 1409 3065 2158 3156; baseline 0.029 -32"><span class='ocrx_word' id='word_1_475' title='bbox 1409 3065 1550 3141; x_wconf 69' lang='lat' dir='ltr'>nedictis</span> <span class='ocrx_word' id='word_1_476' title='bbox 1573 3067 1625 3129; x_wconf 92' lang='lat' dir='ltr'>ubi</span> <span class='ocrx_word' id='word_1_477' title='bbox 1647 3084 1710 3131; x_wconf 90' lang='lat' dir='ltr'>non</span> <span class='ocrx_word' id='word_1_478' title='bbox 1739 3081 1833 3134; x_wconf 90' lang='lat' dir='ltr'>erunt</span> <span class='ocrx_word' id='word_1_479' title='bbox 1862 3073 2015 3156; x_wconf 88' lang='lat' dir='ltr'>Episcopi,</span> <span class='ocrx_word' id='word_1_480' title='bbox 2039 3080 2091 3143; x_wconf 83' lang='lat' dir='ltr'>uel</span> <span class='ocrx_word' id='word_1_481' title='bbox 2114 3082 2158 3145; x_wconf 93' lang='lat' dir='ltr'>di·</span> 
     </span>
     <span class='ocr_line' id='line_1_90' title="bbox 1406 3158 2012 3238; baseline 0.021 -21"><span class='ocrx_word' id='word_1_482' title='bbox 1406 3161 1490 3220; x_wconf 91' lang='lat' dir='ltr'>stent</span> <span class='ocrx_word' id='word_1_483' title='bbox 1512 3158 1585 3221; x_wconf 90' lang='lat' dir='ltr'>duas</span> <span class='ocrx_word' id='word_1_484' title='bbox 1607 3159 1713 3238; x_wconf 87' lang='lat' dir='ltr'>dietas,</span> <span class='ocrx_word' id='word_1_485' title='bbox 1737 3161 1787 3225; x_wconf 94' lang='lat' dir='ltr'>vel</span> <span class='ocrx_word' id='word_1_486' title='bbox 1806 3167 1892 3228; x_wconf 90' lang='lat' dir='ltr'>sedes</span> <span class='ocrx_word' id='word_1_487' title='bbox 1914 3179 2012 3232; x_wconf 84' lang='lat' dir='ltr'>vacet.</span> 
     </span>
    </p>

    <p class='ocr_par' dir='ltr' id='par_1_21' title="bbox 1405 3253 2157 3611">
     <span class='ocr_line' id='line_1_91' title="bbox 1447 3253 2156 3340; baseline 0.024 -28"><span class='ocrx_word' id='word_1_488' title='bbox 1447 3267 1513 3312; x_wconf 84' lang='lat' dir='ltr'>xiv.</span> <span class='ocrx_word' id='word_1_489' title='bbox 1537 3253 1751 3333; x_wconf 87' lang='lat' dir='ltr'>Dispensandi,</span> <span class='ocrx_word' id='word_1_490' title='bbox 1774 3260 1896 3337; x_wconf 87' lang='lat' dir='ltr'>quando</span> <span class='ocrx_word' id='word_1_491' title='bbox 1909 3263 2056 3340; x_wconf 82' lang='lat' dir='ltr'>expedire</span> <span class='ocrx_word' id='word_1_492' title='bbox 2071 3265 2156 3329; x_wconf 90' lang='lat' dir='ltr'>vide-</span> 
     </span>
     <span class='ocr_line' id='line_1_92' title="bbox 1407 3344 2156 3428; baseline 0.025 -23"><span class='ocrx_word' id='word_1_493' title='bbox 1407 3344 1502 3421; x_wconf 90' lang='lat' dir='ltr'>bitur,</span> <span class='ocrx_word' id='word_1_494' title='bbox 1517 3361 1611 3424; x_wconf 91' lang='lat' dir='ltr'>super</span> <span class='ocrx_word' id='word_1_495' title='bbox 1634 3364 1687 3410; x_wconf 88' lang='lat' dir='ltr'>esu</span> <span class='ocrx_word' id='word_1_496' title='bbox 1710 3351 1862 3428; x_wconf 89' lang='lat' dir='ltr'>carnium,</span> <span class='ocrx_word' id='word_1_497' title='bbox 1878 3369 2010 3419; x_wconf 88' lang='lat' dir='ltr'>ovorum</span> <span class='ocrx_word' id='word_1_498' title='bbox 2026 3367 2056 3420; x_wconf 95' lang='lat' dir='ltr'>et</span> <span class='ocrx_word' id='word_1_499' title='bbox 2071 3358 2156 3424; x_wconf 91' lang='lat' dir='ltr'>lacti·</span> 
     </span>
     <span class='ocr_line' id='line_1_93' title="bbox 1405 3437 2157 3530; baseline 0.023 -30"><span class='ocrx_word' id='word_1_500' title='bbox 1405 3438 1560 3500; x_wconf 85' lang='lat' dir='ltr'>citriorum</span> <span class='ocrx_word' id='word_1_501' title='bbox 1583 3448 1721 3519; x_wconf 88' lang='lat' dir='ltr'>ternpore</span> <span class='ocrx_word' id='word_1_502' title='bbox 1743 3437 1946 3523; x_wconf 86' lang='lat' dir='ltr'>ieiuniorum,</span> <span class='ocrx_word' id='word_1_503' title='bbox 1965 3457 1996 3511; x_wconf 90' lang='lat' dir='ltr'>et</span> <span class='ocrx_word' id='word_1_504' title='bbox 2017 3439 2157 3530; x_wconf 82' lang='lat' dir='ltr'>praeser-</span> 
     </span>
     <span class='ocr_line' id='line_1_94' title="bbox 1407 3531 1744 3611; baseline 0.009 -20"><span class='ocrx_word' id='word_1_505' title='bbox 1407 3531 1461 3592; x_wconf 91' lang='lat' dir='ltr'>tim</span> <span class='ocrx_word' id='word_1_506' title='bbox 1484 3533 1744 3611; x_wconf 88' lang='lat' dir='ltr'>quadragesimae.</span> 
     </span>
    </p>

    <p class='ocr_par' dir='ltr' id='par_1_22' title="bbox 1396 3625 2154 5287">
     <span class='ocr_line' id='line_1_95' title="bbox 1444 3625 2154 3710; baseline 0.03 -24"><span class='ocrx_word' id='word_1_507' title='bbox 1444 3639 1495 3688; x_wconf 82' lang='lat' dir='ltr'>xv.</span> <span class='ocrx_word' id='word_1_508' title='bbox 1520 3625 1700 3691; x_wconf 77' lang='lat' dir='ltr'>celebrandi</span> <span class='ocrx_word' id='word_1_509' title='bbox 1733 3630 1778 3692; x_wconf 91' lang='lat' dir='ltr'>bis</span> <span class='ocrx_word' id='word_1_510' title='bbox 1801 3632 1834 3694; x_wconf 93' lang='lat' dir='ltr'>in</span> <span class='ocrx_word' id='word_1_511' title='bbox 1856 3634 1915 3710; x_wconf 88' lang='lat' dir='ltr'>die,</span> <span class='ocrx_word' id='word_1_512' title='bbox 1944 3636 1969 3698; x_wconf 94' lang='lat' dir='ltr'>si</span> <span class='ocrx_word' id='word_1_513' title='bbox 1991 3643 2154 3706; x_wconf 85' lang='lat' dir='ltr'>necessitas</span> 
     </span>
     <span class='ocr_line' id='line_1_96' title="bbox 1405 3721 2152 3806; baseline 0.025 -26"><span class='ocrx_word' id='word_1_514' title='bbox 1405 3728 1525 3797; x_wconf 86' lang='lat' dir='ltr'>urgeat,</span> <span class='ocrx_word' id='word_1_515' title='bbox 1549 3721 1589 3781; x_wconf 90' lang='lat' dir='ltr'>ita</span> <span class='ocrx_word' id='word_1_516' title='bbox 1611 3729 1715 3785; x_wconf 90' lang='lat' dir='ltr'>tamen</span> <span class='ocrx_word' id='word_1_517' title='bbox 1738 3725 1828 3788; x_wconf 89' lang='lat' dir='ltr'>utin</span> <span class='ocrx_word' id='word_1_518' title='bbox 1852 3729 1949 3806; x_wconf 89' lang='lat' dir='ltr'>prima</span> <span class='ocrx_word' id='word_1_519' title='bbox 1975 3731 2065 3795; x_wconf 89' lang='lat' dir='ltr'>missa</span> <span class='ocrx_word' id='word_1_520' title='bbox 2088 3751 2152 3799; x_wconf 92' lang='lat' dir='ltr'>non</span> 
     </span>
     <span class='ocr_line' id='line_1_97' title="bbox 1402 3814 2153 3899; baseline 0.024 -26"><span class='ocrx_word' id='word_1_521' title='bbox 1402 3814 1568 3891; x_wconf 88' lang='lat' dir='ltr'>sumpserit</span> <span class='ocrx_word' id='word_1_522' title='bbox 1599 3815 1803 3894; x_wconf 88' lang='lat' dir='ltr'>ablutionem,</span> <span class='ocrx_word' id='word_1_523' title='bbox 1835 3835 1892 3899; x_wconf 90' lang='lat' dir='ltr'>per</span> <span class='ocrx_word' id='word_1_524' title='bbox 1921 3823 2027 3886; x_wconf 90' lang='lat' dir='ltr'>horam</span> <span class='ocrx_word' id='word_1_525' title='bbox 2057 3843 2153 3891; x_wconf 90' lang='lat' dir='ltr'>unam</span> 
     </span>
     <span class='ocr_line' id='line_1_98' title="bbox 1402 3909 2151 3997; baseline 0.027 -32"><span class='ocrx_word' id='word_1_526' title='bbox 1402 3913 1475 3967; x_wconf 89' lang='lat' dir='ltr'>ante</span> <span class='ocrx_word' id='word_1_527' title='bbox 1497 3922 1639 3968; x_wconf 88' lang='lat' dir='ltr'>auroram</span> <span class='ocrx_word' id='word_1_528' title='bbox 1662 3916 1692 3970; x_wconf 89' lang='lat' dir='ltr'>et</span> <span class='ocrx_word' id='word_1_529' title='bbox 1713 3909 1804 3972; x_wconf 90' lang='lat' dir='ltr'>aliam</span> <span class='ocrx_word' id='word_1_530' title='bbox 1825 3922 1894 3990; x_wconf 88' lang='lat' dir='ltr'>post</span> <span class='ocrx_word' id='word_1_531' title='bbox 1919 3917 2096 3997; x_wconf 88' lang='lat' dir='ltr'>meridiem,</span> <span class='ocrx_word' id='word_1_532' title='bbox 2119 3923 2151 3984; x_wconf 94' lang='lat' dir='ltr'>in</span> 
     </span>
     <span class='ocr_line' id='line_1_99' title="bbox 1401 3999 2152 4084; baseline 0.025 -24"><span class='ocrx_word' id='word_1_533' title='bbox 1401 3999 1495 4061; x_wconf 88' lang='lat' dir='ltr'>altare</span> <span class='ocrx_word' id='word_1_534' title='bbox 1524 4001 1671 4078; x_wconf 91' lang='lat' dir='ltr'>portatili,</span> <span class='ocrx_word' id='word_1_535' title='bbox 1694 4002 1760 4066; x_wconf 90' lang='lat' dir='ltr'>sine</span> <span class='ocrx_word' id='word_1_536' title='bbox 1787 4007 1942 4084; x_wconf 91' lang='lat' dir='ltr'>ministro,</span> <span class='ocrx_word' id='word_1_537' title='bbox 1965 4014 2023 4075; x_wconf 91' lang='lat' dir='ltr'>sub</span> <span class='ocrx_word' id='word_1_538' title='bbox 2045 4015 2152 4079; x_wconf 93' lang='lat' dir='ltr'>diuet</span> 
     </span>
     <span class='ocr_line' id='line_1_100' title="bbox 1400 4094 2150 4184; baseline 0.024 -30"><span class='ocrx_word' id='word_1_539' title='bbox 1400 4094 1573 4171; x_wconf 86' lang='lat' dir='ltr'>subterra,</span> <span class='ocrx_word' id='word_1_540' title='bbox 1597 4095 1629 4156; x_wconf 91' lang='lat' dir='ltr'>in</span> <span class='ocrx_word' id='word_1_541' title='bbox 1653 4095 1718 4160; x_wconf 93' lang='lat' dir='ltr'>loco</span> <span class='ocrx_word' id='word_1_542' title='bbox 1741 4107 1844 4162; x_wconf 88' lang='lat' dir='ltr'>tamen</span> <span class='ocrx_word' id='word_1_543' title='bbox 1873 4104 2007 4184; x_wconf 89' lang='lat' dir='ltr'>decenti,</span> <span class='ocrx_word' id='word_1_544' title='bbox 2029 4108 2150 4172; x_wconf 91' lang='lat' dir='ltr'>etiamsi</span> 
     </span>
     <span class='ocr_line' id='line_1_101' title="bbox 1401 4187 2151 4278; baseline 0.025 -31"><span class='ocrx_word' id='word_1_545' title='bbox 1401 4187 1496 4250; x_wconf 87' lang='lat' dir='ltr'>altare</span> <span class='ocrx_word' id='word_1_546' title='bbox 1517 4187 1557 4251; x_wconf 93' lang='lat' dir='ltr'>sit</span> <span class='ocrx_word' id='word_1_547' title='bbox 1585 4187 1729 4266; x_wconf 83' lang='lat' dir='ltr'>tractum,</span> <span class='ocrx_word' id='word_1_548' title='bbox 1753 4193 1803 4254; x_wconf 90' lang='lat' dir='ltr'>vel</span> <span class='ocrx_word' id='word_1_549' title='bbox 1824 4195 1893 4257; x_wconf 90' lang='lat' dir='ltr'>sine</span> <span class='ocrx_word' id='word_1_550' title='bbox 1921 4198 2060 4278; x_wconf 90' lang='lat' dir='ltr'>reliquiis</span> <span class='ocrx_word' id='word_1_551' title='bbox 2080 4221 2151 4266; x_wconf 90' lang='lat' dir='ltr'>san-</span> 
     </span>
     <span class='ocr_line' id='line_1_102' title="bbox 1400 4286 2149 4368; baseline 0.025 -27"><span class='ocrx_word' id='word_1_552' title='bbox 1400 4289 1534 4357; x_wconf 90' lang='lat' dir='ltr'>ctorum,</span> <span class='ocrx_word' id='word_1_553' title='bbox 1547 4289 1578 4344; x_wconf 92' lang='lat' dir='ltr'>et</span> <span class='ocrx_word' id='word_1_554' title='bbox 1589 4286 1802 4360; x_wconf 89' lang='lat' dir='ltr'>praesentibus</span> <span class='ocrx_word' id='word_1_555' title='bbox 1816 4287 1989 4368; x_wconf 89' lang='lat' dir='ltr'>haereticis,</span> <span class='ocrx_word' id='word_1_556' title='bbox 2005 4295 2149 4360; x_wconf 90' lang='lat' dir='ltr'>schisma-</span> 
     </span>
     <span class='ocr_line' id='line_1_103' title="bbox 1402 4375 2148 4462; baseline 0.025 -27"><span class='ocrx_word' id='word_1_557' title='bbox 1402 4375 1480 4452; x_wconf 88' lang='lat' dir='ltr'>ticis,</span> <span class='ocrx_word' id='word_1_558' title='bbox 1504 4375 1683 4439; x_wconf 79' lang='lat' dir='ltr'>infidelibus</span> <span class='ocrx_word' id='word_1_559' title='bbox 1703 4386 1735 4439; x_wconf 92' lang='lat' dir='ltr'>et</span> <span class='ocrx_word' id='word_1_560' title='bbox 1756 4385 2041 4462; x_wconf 77' lang='lat' dir='ltr'>excommunicatis,</span> <span class='ocrx_word' id='word_1_561' title='bbox 2060 4391 2148 4453; x_wconf 90' lang='lat' dir='ltr'>dum·</span> 
     </span>
     <span class='ocr_line' id='line_1_104' title="bbox 1401 4469 2147 4546; baseline 0.023 -16"><span class='ocrx_word' id='word_1_562' title='bbox 1401 4471 1492 4532; x_wconf 90' lang='lat' dir='ltr'>modo</span> <span class='ocrx_word' id='word_1_563' title='bbox 1512 4469 1655 4533; x_wconf 90' lang='lat' dir='ltr'>minister</span> <span class='ocrx_word' id='word_1_564' title='bbox 1676 4488 1739 4534; x_wconf 90' lang='lat' dir='ltr'>non</span> <span class='ocrx_word' id='word_1_565' title='bbox 1761 4475 1801 4535; x_wconf 95' lang='lat' dir='ltr'>sit</span> <span class='ocrx_word' id='word_1_566' title='bbox 1829 4475 2002 4541; x_wconf 89' lang='lat' dir='ltr'>haereticus</span> <span class='ocrx_word' id='word_1_567' title='bbox 2022 4490 2075 4545; x_wconf 91' lang='lat' dir='ltr'>aut</span> <span class='ocrx_word' id='word_1_568' title='bbox 2096 4499 2147 4546; x_wconf 81' lang='lat' dir='ltr'>en·</span> 
     </span>
     <span class='ocr_line' id='line_1_105' title="bbox 1399 4565 2148 4656; baseline 0.023 -32"><span class='ocrx_word' id='word_1_569' title='bbox 1399 4565 1658 4639; x_wconf 88' lang='lat' dir='ltr'>communicatus,</span> <span class='ocrx_word' id='word_1_570' title='bbox 1680 4581 1713 4626; x_wconf 91' lang='lat' dir='ltr'>ac</span> <span class='ocrx_word' id='word_1_571' title='bbox 1734 4566 1824 4630; x_wconf 92' lang='lat' dir='ltr'>aliter</span> <span class='ocrx_word' id='word_1_572' title='bbox 1838 4568 1986 4632; x_wconf 90' lang='lat' dir='ltr'>celebrari</span> <span class='ocrx_word' id='word_1_573' title='bbox 2001 4589 2064 4636; x_wconf 90' lang='lat' dir='ltr'>non</span> <span class='ocrx_word' id='word_1_574' title='bbox 2080 4593 2148 4656; x_wconf 88' lang='lat' dir='ltr'>pos·</span> 
     </span>
     <span class='ocr_line' id='line_1_106' title="bbox 1397 4657 2147 4735; baseline 0.025 -19"><span class='ocrx_word' id='word_1_575' title='bbox 1397 4657 1447 4717; x_wconf 91' lang='lat' dir='ltr'>sit.</span> <span class='ocrx_word' id='word_1_576' title='bbox 1471 4657 1655 4720; x_wconf 88' lang='lat' dir='ltr'>Huiusmodi</span> <span class='ocrx_word' id='word_1_577' title='bbox 1677 4669 1784 4723; x_wconf 89' lang='lat' dir='ltr'>autem</span> <span class='ocrx_word' id='word_1_578' title='bbox 1811 4661 1955 4728; x_wconf 92' lang='lat' dir='ltr'>iacultate</span> <span class='ocrx_word' id='word_1_579' title='bbox 1977 4668 2022 4730; x_wconf 91' lang='lat' dir='ltr'>bis</span> <span class='ocrx_word' id='word_1_580' title='bbox 2044 4671 2075 4732; x_wconf 93' lang='lat' dir='ltr'>in</span> <span class='ocrx_word' id='word_1_581' title='bbox 2098 4673 2147 4735; x_wconf 89' lang='lat' dir='ltr'>die</span> 
     </span>
     <span class='ocr_line' id='line_1_107' title="bbox 1398 4751 2146 4838; baseline 0.02 -25"><span class='ocrx_word' id='word_1_582' title='bbox 1398 4751 1572 4815; x_wconf 86' lang='lat' dir='ltr'>celebrandi</span> <span class='ocrx_word' id='word_1_583' title='bbox 1595 4752 1774 4817; x_wconf 90' lang='lat' dir='ltr'>nullatenus</span> <span class='ocrx_word' id='word_1_584' title='bbox 1795 4759 1840 4819; x_wconf 90' lang='lat' dir='ltr'>uti</span> <span class='ocrx_word' id='word_1_585' title='bbox 1862 4757 1961 4836; x_wconf 89' lang='lat' dir='ltr'>liceat,</span> <span class='ocrx_word' id='word_1_586' title='bbox 1978 4763 2036 4838; x_wconf 91' lang='lat' dir='ltr'>pisi</span> <span class='ocrx_word' id='word_1_587' title='bbox 2056 4768 2146 4828; x_wconf 90' lang='lat' dir='ltr'>raris·</span> 
     </span>
     <span class='ocr_line' id='line_1_108' title="bbox 1397 4845 2145 4930; baseline 0.023 -26"><span class='ocrx_word' id='word_1_588' title='bbox 1397 4845 1486 4920; x_wconf 90' lang='lat' dir='ltr'>sime,</span> <span class='ocrx_word' id='word_1_589' title='bbox 1509 4855 1541 4908; x_wconf 91' lang='lat' dir='ltr'>et</span> <span class='ocrx_word' id='word_1_590' title='bbox 1566 4862 1604 4907; x_wconf 84' lang='grc'>61</span> <span class='ocrx_word' id='word_1_591' title='bbox 1633 4849 1822 4924; x_wconf 85' lang='lat' dir='ltr'>gravissimis</span> <span class='ocrx_word' id='word_1_592' title='bbox 1854 4860 1884 4914; x_wconf 91' lang='lat' dir='ltr'>et</span> <span class='ocrx_word' id='word_1_593' title='bbox 1915 4857 2145 4930; x_wconf 89' lang='lat' dir='ltr'>urgentissimis</span> 
     </span>
     <span class='ocr_line' id='line_1_109' title="bbox 1398 4939 2145 5018; baseline 0.02 -18"><span class='ocrx_word' id='word_1_594' title='bbox 1398 4941 1510 5015; x_wconf 89' lang='lat' dir='ltr'>causis,</span> <span class='ocrx_word' id='word_1_595' title='bbox 1540 4939 1574 5001; x_wconf 89' lang='lat' dir='ltr'>in</span> <span class='ocrx_word' id='word_1_596' title='bbox 1604 4956 1666 5018; x_wconf 94' lang='lat' dir='ltr'>quo</span> <span class='ocrx_word' id='word_1_597' title='bbox 1696 4943 1833 5018; x_wconf 84' lang='lat' dir='ltr'>graviter</span> <span class='ocrx_word' id='word_1_598' title='bbox 1863 4951 1925 5008; x_wconf 88' lang='lat' dir='ltr'>tam</span> <span class='ocrx_word' id='word_1_599' title='bbox 1956 4952 2145 5015; x_wconf 88' lang='lat' dir='ltr'>conscientia</span> 
     </span>
     <span class='ocr_line' id='line_1_110' title="bbox 1397 5033 2145 5120; baseline 0.025 -28"><span class='ocrx_word' id='word_1_600' title='bbox 1397 5033 1562 5112; x_wconf 90' lang='lat' dir='ltr'>praepositi</span> <span class='ocrx_word' id='word_1_601' title='bbox 1592 5035 1762 5112; x_wconf 89' lang='lat' dir='ltr'>generalis,</span> <span class='ocrx_word' id='word_1_602' title='bbox 1795 5054 1887 5116; x_wconf 90' lang='lat' dir='ltr'>quam</span> <span class='ocrx_word' id='word_1_603' title='bbox 1918 5043 2145 5120; x_wconf 88' lang='lat' dir='ltr'>praelectorum</span> 
     </span>
     <span class='ocr_line' id='line_1_111' title="bbox 1398 5127 2144 5220; baseline 0.021 -33"><span class='ocrx_word' id='word_1_604' title='bbox 1398 5127 1593 5204; x_wconf 89' lang='lat' dir='ltr'>missionum,</span> <span class='ocrx_word' id='word_1_605' title='bbox 1618 5143 1759 5192; x_wconf 90' lang='lat' dir='ltr'>necnon</span> <span class='ocrx_word' id='word_1_606' title='bbox 1782 5133 2050 5200; x_wconf 89' lang='lat' dir='ltr'>missionariorum</span> <span class='ocrx_word' id='word_1_607' title='bbox 2066 5140 2144 5220; x_wconf 89' lang='lat' dir='ltr'>ipsu·</span> 
     </span>
     <span class='ocr_line' id='line_1_112' title="bbox 1396 5217 1720 5287; baseline 0.012 -5"><span class='ocrx_word' id='word_1_608' title='bbox 1396 5237 1469 5284; x_wconf 90' lang='lat' dir='ltr'>rum</span> <span class='ocrx_word' id='word_1_609' title='bbox 1490 5233 1649 5287; x_wconf 89' lang='lat' dir='ltr'>oneratur.</span> <span class='ocrx_word' id='word_1_610' title='bbox 1705 5217 1720 5242; x_wconf 81' lang='lat'>’</span> 
     </span>
    </p>

    <p class='ocr_par' dir='ltr' id='par_1_23' title="bbox 1394 5317 2143 5865">
     <span class='ocr_line' id='line_1_113' title="bbox 1437 5317 2142 5392; baseline 0.023 -15"><span class='ocrx_word' id='word_1_611' title='bbox 1437 5333 1500 5382; x_wconf 82' lang='lat' dir='ltr'>xvi.</span> <span class='ocrx_word' id='word_1_612' title='bbox 1517 5317 1681 5382; x_wconf 88' lang='lat' dir='ltr'>Delerendi</span> <span class='ocrx_word' id='word_1_613' title='bbox 1693 5322 1923 5387; x_wconf 90' lang='lat' dir='ltr'>sanctissimum</span> <span class='ocrx_word' id='word_1_614' title='bbox 1934 5325 2142 5392; x_wconf 88' lang='lat' dir='ltr'>Eucharistiae</span> 
     </span>
     <span class='ocr_line' id='line_1_114' title="bbox 1395 5415 2143 5487; baseline 0.017 -13"><span class='ocrx_word' id='word_1_615' title='bbox 1395 5421 1623 5476; x_wconf 86' lang='lat' dir='ltr'>sacramentum</span> <span class='ocrx_word' id='word_1_616' title='bbox 1638 5415 1755 5478; x_wconf 88' lang='lat' dir='ltr'>occulte</span> <span class='ocrx_word' id='word_1_617' title='bbox 1770 5420 1806 5480; x_wconf 91' lang='lat' dir='ltr'>ad</span> <span class='ocrx_word' id='word_1_618' title='bbox 1821 5419 1962 5486; x_wconf 86' lang='lat' dir='ltr'>infirmos</span> <span class='ocrx_word' id='word_1_619' title='bbox 1973 5425 2040 5485; x_wconf 92' lang='lat' dir='ltr'>sine</span> <span class='ocrx_word' id='word_1_620' title='bbox 2052 5424 2143 5487; x_wconf 84' lang='lat' dir='ltr'>lumi·</span> 
     </span>
     <span class='ocr_line' id='line_1_115' title="bbox 1396 5505 2141 5597; baseline 0.021 -31"><span class='ocrx_word' id='word_1_621' title='bbox 1396 5522 1447 5582; x_wconf 90' lang='lat' dir='ltr'>ne,</span> <span class='ocrx_word' id='word_1_622' title='bbox 1468 5505 1608 5586; x_wconf 90' lang='lat' dir='ltr'>illudque</span> <span class='ocrx_word' id='word_1_623' title='bbox 1628 5508 1695 5570; x_wconf 92' lang='lat' dir='ltr'>sine</span> <span class='ocrx_word' id='word_1_624' title='bbox 1716 5511 1824 5574; x_wconf 89' lang='lat' dir='ltr'>eodem</span> <span class='ocrx_word' id='word_1_625' title='bbox 1844 5515 1998 5578; x_wconf 87' lang='lat' dir='ltr'>retinendi</span> <span class='ocrx_word' id='word_1_626' title='bbox 2012 5533 2068 5597; x_wconf 90' lang='lat' dir='ltr'>pro</span> <span class='ocrx_word' id='word_1_627' title='bbox 2084 5520 2141 5582; x_wconf 90' lang='lat' dir='ltr'>eis·</span> 
     </span>
     <span class='ocr_line' id='line_1_116' title="bbox 1394 5597 2141 5689; baseline 0.021 -29"><span class='ocrx_word' id='word_1_628' title='bbox 1394 5597 1465 5661; x_wconf 88' lang='lat' dir='ltr'>dem</span> <span class='ocrx_word' id='word_1_629' title='bbox 1487 5601 1631 5678; x_wconf 86' lang='lat' dir='ltr'>infirmis,</span> <span class='ocrx_word' id='word_1_630' title='bbox 1654 5603 1687 5666; x_wconf 92' lang='lat' dir='ltr'>in</span> <span class='ocrx_word' id='word_1_631' title='bbox 1710 5604 1776 5667; x_wconf 90' lang='lat' dir='ltr'>loco</span> <span class='ocrx_word' id='word_1_632' title='bbox 1798 5617 1900 5672; x_wconf 89' lang='lat' dir='ltr'>tamen</span> <span class='ocrx_word' id='word_1_633' title='bbox 1916 5610 2048 5689; x_wconf 87' lang='lat' dir='ltr'>decenti,</span> <span class='ocrx_word' id='word_1_634' title='bbox 2064 5613 2090 5674; x_wconf 93' lang='lat' dir='ltr'>si</span> <span class='ocrx_word' id='word_1_635' title='bbox 2104 5617 2141 5678; x_wconf 87' lang='lat' dir='ltr'>ab</span> 
     </span>
     <span class='ocr_line' id='line_1_117' title="bbox 1395 5691 2139 5782; baseline 0.02 -29"><span class='ocrx_word' id='word_1_636' title='bbox 1395 5694 1555 5757; x_wconf 89' lang='lat' dir='ltr'>haereticis</span> <span class='ocrx_word' id='word_1_637' title='bbox 1575 5703 1627 5759; x_wconf 92' lang='lat' dir='ltr'>aut</span> <span class='ocrx_word' id='word_1_638' title='bbox 1649 5697 1825 5762; x_wconf 82' lang='lat' dir='ltr'>infidelibus</span> <span class='ocrx_word' id='word_1_639' title='bbox 1845 5703 1885 5764; x_wconf 92' lang='lat' dir='ltr'>sit</span> <span class='ocrx_word' id='word_1_640' title='bbox 1906 5706 2081 5782; x_wconf 89' lang='lat' dir='ltr'>periculum</span> <span class='ocrx_word' id='word_1_641' title='bbox 2096 5691 2139 5768; x_wconf 85' lang='lat' dir='ltr'>&#39;sa-</span> 
     </span>
     <span class='ocr_line' id='line_1_118' title="bbox 1394 5787 1526 5865; baseline 0.015 -17"><span class='ocrx_word' id='word_1_642' title='bbox 1394 5787 1526 5865; x_wconf 88' lang='lat' dir='ltr'>crilegii.</span> 
     </span>
    </p>

    <p class='ocr_par' dir='ltr' id='par_1_24' title="bbox 1434 5886 2138 5982">
     <span class='ocr_line' id='line_1_119' title="bbox 1434 5886 2138 5982; baseline 0.026 -38"><span class='ocrx_word' id='word_1_643' title='bbox 1434 5897 1513 5945; x_wconf 87' lang='grc' dir='ltr'><strong>ιιιιι.</strong></span> <span class='ocrx_word' id='word_1_644' title='bbox 1540 5886 1689 5949; x_wconf 90' lang='lat' dir='ltr'>induendi</span> <span class='ocrx_word' id='word_1_645' title='bbox 1712 5890 1849 5955; x_wconf 89' lang='lat' dir='ltr'>vestibus</span> <span class='ocrx_word' id='word_1_646' title='bbox 1873 5895 2092 5982; x_wconf 87' lang='lat' dir='ltr'>saecularibus,</span> <span class='ocrx_word' id='word_1_647' title='bbox 2114 5899 2138 5962; x_wconf 93' lang='lat' dir='ltr'>si</span> 
     </span>
    </p>
   </div>
   <div class='ocr_carea' id='block_1_10' title="bbox 0 0 2432 7010">
    <p class='ocr_par' dir='ltr' id='par_1_25' title="bbox 0 0 2432 7010">
     <span class='ocr_line' id='line_1_120' title="bbox 0 0 2432 7010; baseline 0 12"><span class='ocrx_word' id='word_1_648' title='bbox 0 0 2432 7010; x_wconf 95' lang='lat' dir='ltr'> </span> 
     </span>
    </p>
   </div>
  </div>
 </body>
</html>
