4808 6988
940 544 1010 589 orus
1032 544 1082 589 ra.
1106 543 1161 586 ru.
1743 521 1802 584 6117
1853 519 1906 574 Aa.
1920 523 1951 574 c.
1973 523 2039 575 1821

274 667 321 729 Re
341 673 444 728 autem
466 667 498 727 in
524 665 773 740 congregatione
800 663 918 736 eadem,
941 659 1019 724 rele·
1076 661 1226 740 dictisque
1247 661 1425 739 plenissime
1448 660 1621 735 suflragari,
1643 676 1675 720 ac
1697 657 1735 719 ab
1756 675 1822 719 om·

273 765 366 821 rente
387 758 465 820 Briau
480 766 510 819 et
525 758 604 818 limo
626 744 756 818 Domino
777 757 865 819 card.
889 757 932 816 lle
946 755 1021 817 cre·
1078 756 1180 830 nibus,
1208 757 1244 817 ad
1272 772 1349 834 quos
1376 763 1489 834 spectat
1511 762 1542 815 et
1569 753 1715 830 spectabit
1745 768 1830 830 quo--

273 853 374 926 gorio,
397 851 563 929 propositi,
581 851 651 912 lirini
673 851 776 912 Patres
797 849 1019 921 decreverunt,
1047 824 1051 898 l
1078 849 1245 911 modolibet
1267 850 1299 911 iu
1324 850 1478 924 futurum,
1501 847 1723 910 inuiolabiliter
1744 847 1822 907 obti-

273 945 511 1024 supplicandum
533 943 641 1017 SSriio,
660 951 693 1004 ut
714 943 843 1004 admisso
864 949 957 1019 atque
970 955 1020 1018 ap·
1047 905 1051 1009 i
1078 957 1153 1002 nere
1167 953 1197 1004 et
1212 942 1380 1016 observari,
1403 943 1507 1021 sicque
1532 943 1564 1003 in
1579 941 1752 1021 praemissis
1768 956 1822 1018 per

274 1039 404 1117 probato
425 1037 594 1099 baeredum
609 1047 639 1098 et
658 1044 858 1097 executurum
880 1051 1019 1106 assensu,
1047 1014 1050 1101 f
1077 1053 1287 1114 quoscumque
1304 1033 1819 1110 iudicesordinariosetdelegatos,

273 1131 469 1194 absolutione
490 1129 564 1192 iacti
581 1129 617 1190 ab
631 1145 727 1192 onere
742 1127 1020 1204 multiplicationis,
1047 1124 1050 1139 '
1077 1137 1107 1189 et
1129 1146 1289 1190 causarum
1312 1129 1413 1206 palatii
1428 1128 1583 1206 apostolici
1604 1129 1773 1200 auditores,
1790 1140 1821 1190 et

273 1225 487 1304 exemptisque
504 1224 684 1302 propinquis
706 1222 743 1283 ab
763 1221 949 1296 obligatione
965 1221 1022 1279 im·
1047 1214 1050 1287 ἶ
1077 1221 1165 1283 Sedis
1187 1223 1376 1300 spostolicae
1398 1221 1545 1294 b'uncios,
1568 1240 1600 1284 ac
1621 1223 1748 1286 Sanctae
1763 1223 1822 1286 lto-

230 1389 236 1398 ,
273 1318 372 1396 positai
393 1318 538 1378 visitandi
558 1323 660 1380 sancta
683 1325 806 1378 nostrae
826 1312 1022 1391 Redemptio·
1078 1331 1186 1378 manae
1204 1318 1354 1379 Ecclesiae
1370 1318 1545 1380 cardinales
1560 1319 1653 1380 etiam
1668 1320 1706 1380 de
1725 1320 1821 1380 latere

273 1405 323 1474 nis
345 1413 410 1473 loca
425 1411 475 1473 rel
490 1410 706 1488 Apostolorum
728 1409 847 1479 limina,
869 1408 1020 1484 interpre-
1047 1466 1050 1475 ⁴
1078 1411 1218 1487 Legatos,
1230 1412 1345 1474 sublata
1357 1413 1400 1474 eis
1411 1425 1442 1474 et
1453 1411 1700 1474 eorumcuilibet
1713 1413 1820 1490 quavis

272 1506 345 1581 tari,
368 1506 536 1568 rectificare
557 1513 586 1565 et
609 1511 800 1564 commutare
822 1501 956 1577 benigue
977 1499 1022 1558 di·
1048 1530 1050 1551 =
1077 1503 1167 1564 aliter
1193 1503 1346 1566 iudicandi
1368 1515 1398 1565 et
1425 1503 1650 1581 interpretandi
1680 1503 1819 1567 larultste

272 1608 390 1676 gnetur
411 1598 564 1660 testatoris
586 1596 792 1669 uoluntatem,
810 1594 923 1656 tributi
940 1591 1018 1656 Sc.
1048 1610 1050 1661 ε
1077 1606 1108 1659 et
1128 1599 1320 1672 auctoritate,
1343 1599 1469 1660 iudicari
1492 1606 1522 1660 ct
1551 1597 1673 1660 definiri
1696 1599 1819 1672 debere,

271 1692 419 1755 facultate
438 1691 571 1752 adeundi
593 1700 623 1750 et
638 1687 811 1764 acceptandi
835 1686 1019 1765 praedictam
1048 1692 1050 1718 1
1076 1706 1110 1750 ac
1132 1690 1257 1753 irritum
1280 1703 1310 1754 et
1336 1693 1438 1764 inane,
1463 1693 1487 1752 si
1504 1709 1592 1754 secus
1616 1692 1781 1769 superbis
1805 1713 1821 1752 a

273 1793 372 1848 ratam
394 1785 486 1861 legati
512 1783 699 1860 portionem,
723 1783 759 1842 ad
788 1781 932 1841 ellectum
953 1794 1020 1838 ero·
1047 1754 1050 1875 ff
1077 1801 1273 1863 quocumque
1294 1787 1403 1864 quavis
1424 1787 1606 1848 auctoritate
1621 1788 1755 1848 scienter
1771 1787 1819 1849 rel

272 1880 367 1956 gandi
397 1879 516 1939 lructus
537 1893 574 1937 eu
597 1875 631 1936 ed
658 1874 878 1952 provenientes
900 1873 931 1934 in
952 1887 1021 1948 pro-
1079 1877 1257 1952 ignoranter
1280 1881 1446 1956 contigerit
1466 1882 1620 1942 attentari.

271 1973 468 2052 pagationeui
484 1979 576 2048 atque
591 1969 823 2030 incrementum
834 1973 956 2027 sanotae
972 1981 1020 2025 or·
1047 2044 1050 2067 Ι
1116 1973 1183 2046 55.
1210 1972 1276 2034 Nou
1302 1974 1493 2036 obstantibus
1519 1975 1708 2050 apostolicis,
1734 1992 1766 2036 ac
1788 1977 1819 2036 iu

271 2068 425 2128 tbodosae
448 2064 519 2125 fidei
549 2064 631 2124 inter
661 2060 820 2134 infideles,
851 2059 1019 2136 sequendo.
1047 2076 1050 2159 j
1078 2066 1315 2140 uniuersalibus,
1329 2067 1609 2146 prorincialibuset
1620 2066 1820 2144 synodalibus

271 2176 336 2239 quo
350 2159 463 2220 melius
479 2159 544 2218 beri
560 2156 685 2234 poterit,
702 2154 784 2232 piam
801 2151 952 2215 testatoris
963 2167 1019 2242 10-
1047 2174 1050 2193 ¹
1076 2159 1211 2220 conciliis
1232 2160 1322 2221 editis
1348 2161 1542 2236 generalibus
1565 2161 1616 2221 rel
1639 2160 1820 2238 specialibus

271 2254 440 2322 luntatem,
463 2259 494 2312 θῑ
516 2247 592 2311 laeli
616 2245 837 2309 Mediolanensi
863 2243 1020 2322 Arthiebi·
1047 2274 1050 2326 t
1076 2254 1351 2316 constitutionibus
1365 2263 1395 2316 et
1411 2254 1668 2328 ordinationibus,
1684 2270 1741 2315 uec
1756 2271 1819 2316 uon

270 2362 364 2424 scopo
396 2351 546 2422 potestate
576 2339 749 2416 statuendi,
782 2343 819 2400 de
850 2339 1018 2399 haeredum
1046 2334 1049 2419 t
1078 2355 1263 2408 testamento
1284 2347 1429 2424 praedicti
1444 2347 1565 2410 comitis
1582 2347 1749 2424 Augustini
1766 2349 1818 2410 ca-

270 2438 489 2511 consensione,
512 2439 650 2510 modurn,
674 2451 735 2513 quo
760 2433 878 2510 leliqua
899 2439 1019 2510 septem
1046 2490 1049 2524 :
1075 2442 1142 2512 sati,
1166 2442 1254 2502 euius
1265 2441 1451 2518 praescripto
1472 2441 1577 2513 etiam,
1594 2441 1647 2502 ubi
1670 2458 1746 2520 opus
1761 2453 1819 2518 est,

270 2527 929 2608 milliumSelllssdesswfssfflfflfflfflaifflsss
949 2540 1019 2604 pro·
1046 2536 1049 2591 l
1075 2536 1269 2610 derogamus
1295 2535 1484 2612 caeterisque
1510 2534 1671 2596 contrariis
1692 2535 1819 2613 quibus-

270 2628 405 2704 pinquos
427 2624 466 2684 sit
488 2625 650 2700 eroganda.
1045 2600 1049 2755 i
1075 2644 1219 2706 cumque,

1046 2762 1048 2839 q
1115 2723 1226 2784 ilatum
1251 2721 1382 2796 Romae,
1408 2719 1488 2799 apud
1518 2721 1548 2784 S.
1576 2721 1699 2782 blariam
1729 2723 1821 2785 llaio-

313 2815 332 2888 ἓ
352 2813 383 2874 3·
405 2811 487 2886 Quie
508 2811 612 2870 011111ἰᾶ
633 2825 729 2887 quum
755 2809 844 2870 ¹¹01)ss
867 2807 1018 2870 1011011115·
1045 2856 1048 2891 ,
1075 2831 1154 2889 rem,
1176 2816 1235 2876 sub
1255 2814 1371 2876 annulo
1391 2813 1563 2889 Piscatoris,
1579 2814 1629 2877 die
1651 2830 1729 2878 xru.
1754 2817 1820 2878 iulii

269 2913 360 2980 sent,
395 2903 549 2967 referente
576 2903 629 2965 dil·
664 2904 707 2964 sti
731 2903 878 2978 magisll'O
909 2900 1019 2963 Garolo
1045 2911 1048 3057 1
1076 2924 1267 2984 nunccius,
1283 2907 1478 2986 pontificatus
1494 2909 1591 2968 nostri
1606 2925 1688 2970 anno
1704 2926 1783 2971 xxti.

269 3001 365 3062 Maria
376 2999 511 3061 Pedioini
526 2997 781 3074 congregationis
797 2998 834 3057 de
849 2996 1020 3072 Propagan-

270 3095 310 3158 ua
324 3095 397 3156 Fide
413 3092 596 3166 secretario,
608 3107 663 3152 nos
674 3092 735 3152 iarn
747 3089 819 3152 inde
833 3107 849 3150 a
861 3091 910 3152 die
925 3091 1019 3152 buius
1331 3112 1568 3120 -—

270 3188 390 3250 mensis
410 3186 510 3265 prima
531 3184 671 3263 precibus
686 3184 944 3260 congregationis
965 3200 1019 3244 an-

270 3281 414 3354 nuimus
430 3278 579 3355 eaqueus
596 3293 628 3337 re
643 3275 819 3354 apostolicas
835 3276 939 3337 literas
954 3277 1018 3338 dari
1392 3289 1500 3352 xgpx,

270 3374 501 3436 mandavimus.
534 3371 591 3432 Pet·
613 3371 665 3430 bas
687 3370 782 3446 igitur
805 3369 908 3431 literas
930 3379 1019 3432 uteu-

272 3478 382 3547 tes(lue
402 3465 564 3545 ⁵¹l>⁰⁵²⁰ll⁰il
588 3470 748 3542 POlssSffllss·
766 3463 1016 3540 approbationem
1077 3477 1247 3541 bertruda
1272 3483 1302 3538 et
1323 3476 1504 3554 suppressio
1525 3476 1608 3537 sedis
1630 3475 1818 3556 episcopalis

270 3568 410 3622 mistiam
430 3559 467 3620 iis
489 3559 658 3632 allidimus,
674 3573 752 3634 quae
773 3556 956 3618 haeredibus
970 3571 1020 3617 ⁰⁰·
1045 3592 1047 3619 ι
1115 3571 1281 3648 sepriensis
1304 3571 1339 3631 in
1361 3585 1456 3648 aequo
1478 3569 1629 3631 Paioniue
1651 3577 1679 3632 et
1703 3575 1820 3634 erectio

270 3655 358 3717 milis
379 3653 547 3730 Augustini
570 3653 667 3714 (5353ῑὶ
693 3653 819 3729 eiusque
842 3651 1018 3712 testamenti
1045 3658 1048 3723 l
1113 3664 1196 3725 sedis
1223 3663 1489 3743 Augustoriensis·
1511 3664 1546 3724 in
1568 3663 1671 3726 eodeni
1703 3682 1809 3744 reque.

271 3747 490 3812 executoribus
520 3746 663 3824 placuere
687 3746 724 3806 de
755 3745 1018 3806 administratione
1045 3730 1057 3845 Ι

272 3843 317 3921 pii
347 3842 438 3918 legati
469 3840 673 3917 permittenda
708 3837 951 3916 congregationi
982 3841 1019 3900 de
1045 3848 1048 3895 t
1283 3846 1371 3915 papus
1393 3847 1610 3916 [pqgcppus

273 3936 471 4015 Propagandi
492 3934 581 4009 etue,
604 3934 677 3995 item
700 3933 907 4010 imposituma
931 3942 1019 3994 testa·
1045 3916 1048 3995 i

274 4025 1018 4108 torepecuniaentultiplicaudaeonussublatum
1263 4026 1372 4078 aestus
1394 4026 1548 4078 serrorum
1571 4010 1634 4092 net,

274 4123 438 4198 volumus,
461 4121 536 4182 item
551 4119 739 4181 absolvimus
754 4136 832 4198 quae
854 4119 935 4180 idem
950 4136 1020 4180 san·
1195 4134 1231 4203 ap
1254 4139 1428 4217 „mquam
1451 4131 1495 4199 „ep
1518 4133 1696 4202 memoriam·

275 4219 320 4278 xit
341 4219 379 4278 de
397 4215 471 4276 locis
486 4223 607 4276 nostrae
623 4211 853 4291 Redemptionis
869 4213 1019 4274 memor-ta
1046 4238 1049 4301 p
1538 4261 1541 4266 .

274 4309 460 4386 insignibus,
485 4308 534 4368 vel
556 4309 593 4368 de
614 4307 831 4410 Apostolorum
858 4305 1019 4368 liminibus
1115 4329 1183 4404 gp,
1208 4326 1335 4390 godium
1357 4327 1574 4405 episcopapum
1592 4327 1817 4406 pranspapqonffi'
1864 4334 2036 4382 Prooemium.
2068 4345 2071 4354 .

274 4403 422 4466 adeundis
442 4418 459 4462 ἃ
479 4403 542 4462 suis
564 4416 761 4478 ll'Odlsscsslst
784 4404 860 4464 ilem
882 4405 1018 4480 GOUcl'ss·
1076 4440 1138 4486 non
1160 4425 1285 4502 quidem
1307 4423 1342 4483 ad
1364 4437 1471 4483 rerum
1492 4422 1699 4482 bumanorum
1722 4423 1820 4485 mobi-

275 4497 391 4602 cilfflssl
411 4494 452 4598 de,
470 4494 664 4596 bropaganua
685 4495 758 4556 Fide
779 4495 956 4599 simultatem
978 4498 1019 4559 fi·
1077 4519 1207 4591 litatem,
1222 4518 1274 4579 sed
1289 4531 1345 4593 pro
1360 4515 1511 4579 Dominici
1533 4517 1635 4593 gregis
1656 4517 1819 4580 commodo

275 4605 373 4654 61111115
394 4589 561 4690 11ῦῦ111βῦ91
591 4603 658 4648 0³¹1]
680 4603 734 4666 par
738 4597 800 4649 tem
827 4604 868 4666 pu
890 4590 1019 4666 legatia
1046 4612 1049 4687 !
1076 4621 1105 4673 et
1128 4611 1255 4673 faciliori
1279 4611 1432 4686 regimine
1453 4611 1573 4671 sancire
1588 4619 1819 4672 consueverunt

277 4693 429 4788 testatore
441 4684 557 4785 relicti,
569 4695 646 4757 quae
661 4681 783 4784 decreto
800 4683 1020 4786 congregatio·
1046 4700 1049 4810 3
1075 4705 1206 4766 [punam
1227 4704 1402 4777 Pontifices,
1426 4719 1466 4764 „0
1487 4703 1654 4779 impensae,
1671 4695 1729 4780 qua
1751 4719 1819 4780 pse,

276 4795 323 4839 ss¹S
344 4779 956 4882 9111111111ΠῆθᾶΨῆΠΘΙΨβέὓῦἒῡιὼθί]
973 4781 1019 4840 ¹¹¹·
1046 4815 1049 4903 ς
1076 4809 1217 4870 irruatur,
1241 4799 1278 4859 de
1299 4797 1475 4857 animarum
1497 4797 1596 4858 salute
1617 4797 1816 4860 sollicitudini

274 4880 471 4935 crementum
499 4870 663 4934 carucatas
685 4871 854 4947 neuguuis
870 4890 902 4934 111
919 4875 1019 4950 resi<r
1075 4891 1206 4953 derrasse
1233 4891 1416 4968 viticanus,
1447 4893 1680 4968 rosunum,
1710 4892 1761 4952 uu
1785 4893 1816 4954 tn

276 4969 366 5030 bibus
387 4968 600 5038 barbarorum,
622 4968 715 5044 llltlssss
739 4970 773 5029 ed
795 4969 925 5046 Γᾶῑὶθΰθ,
941 4991 1020 5052 quae
1046 5052 1049 5071 ,
1076 4986 1119 5046 rei
1142 5001 1243 5047 sacrae
1257 4987 1426 5048 utilitatem
1441 5003 1562 5048 cessura
1584 4985 1817 5062 dignoscantur,

275 5075 309 5134 ad
333 5071 486 5134 testatoris
511 5071 705 5134 voluntatem
733 5074 859 5149 propius
880 5073 1018 5151 accedat;
1046 5074 1049 5103 ¹
1075 5080 1256 5158 apostolicae
1278 5080 1477 5155 benignitatis
1493 5079 1719 5156 providentiam
1741 5080 1819 5142 desi·

275 5167 407 5245 dentque
437 5165 613 5229 facultatem
645 5167 812 5228 tribuimus
841 5185 910 5228 reu.
933 5168 1019 5231 fratri
1075 5172 1176 5234 derari
1197 5171 1328 5232 minime
1349 5173 1572 5250 permittimus.

275 5261 510 5338 brobiepiscopo
538 5260 757 5321 Mediolanensi
787 5276 804 5321 e
829 5262 882 5323 sual
915 5263 1018 5324 baere-
1115 5265 1183 5337 §2-
1208 5265 1344 5326 Decretis
1367 5281 1458 5344 porro
1472 5265 1624 5343 superiori
1646 5281 1726 5326 anno
1749 5266 1818 5328 mil·
1851 5273 2050 5336 nattqsuupres

275 5356 413 5432 dumque
427 5353 549 5416 comitis
565 5355 662 5416 casati
684 5355 836 5414 sententia
851 5356 1017 5428 statuendi,
1076 5356 1184 5417 lesimo
1212 5357 1471 5433 octingentesimo
1496 5355 1616 5418 decimo
1639 5364 1746 5418 octavo
1772 5373 1819 5418 ar·
1838 5327 2049 5438 {issffidsr},⁰⁶¹⁵

275 5465 333 5526 qua
355 5447 474 5510 ratione
488 5463 521 5508 ao
535 5449 627 5509 modo
642 5447 674 5507 in
690 5448 813 5508 eosdem
830 5449 1019 5527 propinquos
1075 5449 1287 5529 obiepiscopali
1309 5458 1340 5511 et
1361 5449 1580 5528 episcopalibus
1604 5451 1726 5514 sedibus
1747 5468 1818 5515 oum

275 5546 428 5620 eroganda
450 5544 489 5604 sit
510 5542 627 5620 reliqua
649 5542 691 5618 pii
715 5540 807 5616 legati
830 5557 909 5618 pars,
926 5560 1016 5620 quarm
1075 5544 1246 5620 respective
1271 5542 1430 5621 capitulis,
1452 5544 1627 5605 seminariis
1648 5561 1681 5606 ac
1702 5546 1819 5608 dioece-

275 5637 482 5714 cougregatio
503 5638 541 5698 de
569 5636 762 5714 Propagandi
791 5636 863 5698 ride
888 5636 1018 5699 minime
1075 5638 1155 5698 sanis
1178 5636 1342 5698 territoriis
1358 5639 1389 5698 in
1406 5637 1547 5699 Polouiae
1568 5653 1667 5715 reguo
1688 5641 1818 5704 serenis-

275 5731 548 5793 administrandam
570 5729 706 5808 suscipit.
1074 5731 1153 5790 simo
1179 5746 1212 5789 ac
1242 5731 1456 5808 potentissimo
1485 5731 1615 5809 principi
1645 5731 1819 5794 Alexandro

314 5825 384 5899 §b
408 5824 626 5895 Decernentes,
650 5829 825 5900 praesentes
847 5821 951 5882 literas
968 5839 1018 5882 va·
1046 5842 1049 5869 ¹
1074 5823 1245 5884 Russoruna
1268 5824 1446 5902 imperatori
1468 5841 1502 5885 ac
1522 5824 1589 5900 regi
1620 5825 1760 5887 Poloniae
1782 5827 1816 5888 ad

276 5917 348 5979 lidas
380 5917 484 5976 firmas
510 5925 540 5976 et
564 5915 699 5977 ellioaces
724 5916 857 5977 existere
884 5933 917 5976 ac
941 5915 1017 5992 lore,
1046 5880 1049 5968 i
1075 5933 1218 5995 praesens
1229 5917 1365 5980 subiecto
1380 5925 1557 5979 nostrarum
1574 5917 1734 5980 literarum
1748 5936 1818 5997 apo-
