1421 1946
155 247 173 260 Δι.
178 246 189 258 U.
199 243 229 257 1794

167 372 232 384 Numito-

153 390 165 399 m
173 385 232 401 nouis„-

153 404 165 426 3ss
170 402 186 424 tt‘
199 399 233 423 .ἒὲὮέ

154 430 171 439 «αι
176 426 231 437 Τῐὴιίυηε.

157 867 175 878 nn
180 867 191 878 ui
196 868 233 880 supa.

158 1285 236 1310 iissmi'ssi'ssli

158 1311 236 1337 ἕῗιὶἳῖιιῧῒξ

159 1340 231 1351 mmmm.

576 245 611 259 rius
622 247 647 259 rr.
658 246 680 259 vi.

242 279 257 293 et
272 277 362 297 disciplinae
379 278 478 294 temerarium
495 280 613 297 contemptum.

242 303 275 316 tum
284 301 354 317 maxime
366 301 444 317 intensum
455 302 471 317 in
479 301 555 317 Romanos
562 301 614 317 Ponti-

242 324 277 340 fices
288 327 303 340 et
313 324 416 344 Apostolicam
427 325 483 341 Sedem
493 325 564 341 animum
572 329 614 345 prae-

241 347 317 363 seterunt.

261 371 271 390 5
281 371 305 386 5⁹.
318 371 351 386 Duo
361 375 398 387 vero
408 372 487 391 speciatim
503 371 568 387 notanda
578 375 614 387 con-

241 398 299 413 semns‚
310 398 350 414 quae
360 394 379 410 de
389 394 497 414 augustissimo
509 394 613 410 sanctissimae

242 417 321 433 Trinitatis
331 418 405 437 mysterio
415 418 425 437 ἓ
435 418 444 433 2
455 418 512 434 decreti
525 418 544 434 de
554 418 589 436 tide,
601 417 613 432 si

242 445 273 457 non
284 445 332 461 pravo
342 441 400 460 animo.
408 441 521 461 imprudentius
528 443 571 457 certe
578 445 614 461 syn-

241 465 271 480 odo
281 465 378 484 exciderunt,
389 469 428 484 quae
439 465 482 480 facile
493 465 539 480 rudes
546 468 614 484 praeser-

242 488 271 504 tim
280 490 295 504 et
306 488 374 504 incautos
385 488 401 504 in
413 488 482 504 fraudem
497 488 578 508 impellere
589 492 614 503 va-

242 511 288 527 leant.
301 512 376 530 Primum,
383 511 421 527 dum
428 513 527 531 posteaquam
535 512 564 527 rite
572 515 614 531 prae-

241 535 283 550 misit
294 535 343 551 Deum
358 535 373 550 iu
384 539 412 550 suo
422 538 455 550 esse
469 538 520 550 unum
530 537 545 550 et
556 534 614 554 simpli-

242 558 321 574 cissimum
327 562 424 578 permanere,
430 558 504 574 continuo
511 558 613 577 subiungens,

242 582 293 601 ipsum
304 582 354 597 Deum
364 582 380 597 in
392 581 440 597 tribus
451 582 520 602 personis
533 582 613 601 distingui.

242 609 322 625 perperam
336 605 399 621 discedit
413 609 421 620 a
431 605 511 621 communi
522 607 538 621 et
552 605 614 625 probata

243 629 259 644 in
267 628 358 644 christianae
366 628 445 644 doctrinae
452 628 577 644 institutionibus
584 628 614 644 ior-

242 652 291 670 mula,
302 656 332 671 qua
347 652 388 667 Deus
403 656 444 667 uuus
457 652 520 672 quidem
535 652 550 667 in
564 651 614 667 tribus

242 675 312 695 personis
326 675 402 691 distinctis
416 675 477 694 dicitur,
492 679 523 690 nou
538 675 554 690 in
565 675 614 690 tribus

242 699 311 718 personis
325 698 414 714 distinctus:
429 698 473 714 cuius
486 698 562 714 formulae
573 702 614 714 com-

242 722 330 738 mutatione
340 722 369 738 hoc
379 722 395 737 vi
404 722 488 738 verborum
495 722 565 742 subrepit
572 725 614 737 erro-

243 746 264 761 ris
274 745 366 766 periculum,
378 748 395 761 ut
405 745 471 761 essentia
481 745 532 761 divina
542 745 614 761 distincta

243 769 259 784 in
269 769 338 789 personis
352 770 420 788 putetur,
431 772 478 788 quam
491 769 528 784 tides
541 768 614 784 catholica

242 792 264 808 sic
274 796 321 808 unam
333 792 348 807 in
359 792 430 811 personis
440 792 516 808 distinctis
524 792 613 810 contltetur,

243 818 260 831 nt
270 819 304 831 eam
315 815 362 831 simul
373 815 464 835 profiteatur
471 815 487 831 iu
494 820 511 831 se
518 819 580 834 prorsus
591 816 614 831 in-

242 839 335 855 distinctam.

262 863 271 881 fi
281 862 306 878 θα
318 862 394 881 Alterum.
406 862 446 882 quod
457 862 476 878 tle
486 862 554 882 ipsismet
565 862 614 878 tribus

243 886 299 902 divinis
312 886 381 905 personis
395 885 445 904 tradit.
456 889 481 901 eas
493 886 580 901 seeundum
590 890 615 901 ea-

243 913 278 925 rum
292 909 393 929 proprietates
403 908 490 928 personales
502 911 518 924 et
528 909 614 925 iucommu-

243 933 315 948 nicahites
322 933 390 948 exactius
397 932 473 952 loquendo
481 933 547 952 exprimi
552 937 582 948 >seu
589 937 614 953 ap—

243 956 295 976 pellari
306 956 374 974 Patrem,
384 955 453 971 Verbum
463 958 479 971 et
490 955 565 975 Spiritum
576 956 613 971 San-

243 982 290 998 ctum.
302 979 346 999 quasi
356 980 408 995 minus
418 980 479 999 propria
489 982 504 995 et
515 982 567 995 exacta
575 979 614 995 iuret

243 1003 324 1023 appellatio
335 1002 369 1018 Filii
382 1004 405 1017 tot
414 1002 499 1022 scripturae
514 1003 551 1018 locis
561 1007 613 1018 conse-

243 1029 289 1045 crata,
300 1030 339 1042 voco
349 1026 380 1046 ipsa
392 1025 441 1041 Patris
451 1030 459 1041 e
470 1026 517 1042 coelis
527 1028 542 1042 et
553 1030 561 1042 e
572 1026 613 1042 nube

244 1050 309 1069 delapsa,
320 1051 355 1065 tum
370 1049 435 1065 formula
449 1049 520 1069 baptismi
534 1054 542 1065 a
553 1050 613 1066 cni-istu

244 1073 341 1093 praescripta,
356 1075 390 1088 tum
400 1074 416 1088 et
426 1073 502 1093 praeclara
517 1073 541 1089 illa
555 1073 613 1089 confes-

243 1098 292 1115 sione,
303 1101 332 1117 qua
342 1097 395 1112 beatus
406 1097 424 1112 ab
436 1096 502 1116 ipsomet
516 1097 576 1113 Christo
586 1097 614 1113 Pe-

244 1123 276 1136 trus
287 1122 309 1136 est
320 1120 437 1140 pronuntiatus3
449 1125 465 1136 ac
476 1125 508 1137 non
519 1122 570 1141 potius
578 1122 613 1138 reti-

244 1144 312 1159 nendum
323 1146 362 1159 esset
373 1144 413 1163 quod
424 1144 487 1160 edoctus
498 1145 517 1160 ab
527 1145 614 1164 Augustino

244 1167 326 1187 Anaeticus
336 1169 425 1187 praeceptor
435 1167 458 1188 (t)
468 1168 535 1184 vicissim
546 1169 577 1188 ipse
588 1169 614 1184 ‹lo-

244 1191 274 1207 cuit
285 1191 304 1207 iu
313 1191 377 1207 nomine
388 1191 431 1207 verti
445 1192 514 1208 camdem
525 1193 614 1212 proprieta-

245 1217 274 1230 tem
285 1215 377 1235 importari,
389 1219 428 1235 quae
443 1216 460 1231 in
471 1217 533 1231 nomine
544 1216 580 1236 filii,
592 1216 614 1232 di·

244 1240 288 1254 cente
300 1239 376 1254 nimirum
387 1239 474 1258 Augustino
484 1240 513 1259 (2),
524 1244 541 1255 eo
552 1240 614 1256 dicitur

244 1262 308 1278 verbum
318 1266 348 1282 quo
358 1262 407 1282 filius.

263 1286 272 1305 ἓ
282 1285 307 1301 61.
319 1285 373 1305 Neque
382 1286 445 1302 silentio
456 1288 567 1307 praetereunda
577 1288 614 1304 insi-

245 1313 277 1328 gms
284 1313 302 1325 ea
307 1309 365 1325 fraudis
370 1309 415 1329 plena
422 1310 477 1329 synodi
485 1311 569 1330 temeritas,
575 1315 614 1331 quae

244 1333 302 1352 pridem
309 1333 411 1352 improbatam
417 1333 436 1349 ab
442 1334 527 1353 Apostolica
533 1334 571 1350 Sede
578 1339 614 1351 eou-

245 1358 299 1372 ventus
313 1356 387 1372 Gallicani
401 1356 520 1373 declarationem
535 1362 559 1373 an.
576 1358 615 1374 {581

245 1384 278 1395 atssa
286 1380 306 1395 sit
314 1383 346 1395 non
353 1379 451 1399 amplissimis
459 1380 504 1396 modo
511 1380 581 1397 laudibus
588 1386 614 1397 ex-

245 1407 304 1422 ornare,
315 1403 342 1419 sed
353 1407 383 1423 quo
394 1403 468 1419 maiorem
477 1403 500 1419 illi
507 1404 614 1421 auctoritatem

245 1426 338 1445 conciliaret.
353 1430 386 1442 eam
401 1427 416 1442 in
427 1427 508 1443 decretum
523 1427 540 1443 de
551 1428 580 1447 fide
591 1428 614 1444 in-

245 1450 318 1470 scriptum
332 1450 404 1465 insidiose
419 1450 503 1469 includere,
515 1451 587 1467 articulos
598 1452 613 1467 in

246 1473 268 1489 illa
276 1475 357 1489 contentos
364 1473 413 1493 palam
420 1474 496 1493 adoptare,
504 1476 520 1489 et
527 1478 566 1494 quae
572 1479 614 1494 spar-

246 1496 272 1512 sim
282 1500 310 1516 per
321 1497 350 1512 hoc
360 1497 411 1516 ipsum
421 1496 501 1513 decretum
510 1498 564 1513 tradita
572 1500 613 1517 sunt,

246 1520 299 1535 horum
308 1520 410 1536 articulorum
417 1520 477 1539 publiea
484 1523 499 1536 et
506 1521 572 1537 solemni
580 1526 614 1541 pro-

246 1543 308 1559 iussione
319 1543 405 1562 obsignare.
417 1543 449 1562 Quo
464 1548 501 1560 sane
511 1548 543 1560 non
554 1545 614 1564 gravior

264 1599 456 1613 (1)s⁴¹rnit,p.q<³4,=rt.2
462 1599 479 1611 aa
486 1600 496 1611 s.

627 1601 630 1614 Ι

974 245 1003 262 ΔΗ

642 277 688 296 longe
695 282 712 294 se
719 278 762 294 nobis
770 279 815 296 often
821 279 840 296 de
847 281 911 300 synodo,
917 285 963 301 quarn
970 286 1013 302 prae-

642 302 746 318 decessoribus
757 304 813 319 nostris
823 303 871 320 tuerit
880 304 899 320 de
910 305 976 321 comitiis
983 306 1013 321 iltis

642 325 749 344 expostulandi
760 327 805 346 ratio,
816 328 842 343 sed
853 330 868 343 et
880 328 940 348 ipsimet
950 329 1013 345 Gallica-

642 352 671 364 nae
681 348 758 365 Ecclesiae
768 354 800 366 non
811 350 849 366 levis
859 351 915 367 iniuria
929 352 1013 372 irrogatur,

642 376 688 391 quam
699 372 761 392 dignam
769 374 837 393 synodus
844 375 962 395 existimaverit,
970 376 1013 392 cuius

642 396 723 411 auctoritas
733 396 749 412 in
763 398 865 416 patrocinium
880 401 961 415 vocaretur
971 403 1013 415 erro-

642 422 683 437 rum,
698 419 754 439 quibus
769 420 807 436 iliud
818 423 841 437 est
853 422 977 438 contaminatum
988 423 1013 439 de-

641 444 707 458 cretum.

661 466 671 485 ξ
681 467 705 482 62.
717 467 826 488 Quamobrem,
835 473 874 489 quae
884 472 916 486 acta
926 473 1013 487 conventus

641 489 720 509 Gallicani.
732 494 767 506 mox
779 493 796 507 ut
803 492 900 512 prodierunt,
908 494 1014 514 praedecessor

642 515 694 529 noster
705 518 740 530 ven.
753 514 852 532 innocentius
862 517 887 532 Xt.
898 521 926 537 per
936 517 986 534 literas
997 519 1013 534 in

642 537 690 553 torma
698 537 749 554 brevis
756 538 781 554 die
788 543 810 555 xi.
818 540 870 559 aprilis
877 544 902 556 an.
911 545 1013 562 unctxxxn„

642 563 675 581 post
685 563 736 577 autem
744 563 830 582 expressius
837 564 924 580 Alexander
931 565 969 581 vttt.
978 570 1015 582 con-

642 584 672 600 stit⁴
685 585 730 600 1mer
740 583 837 605 multiplica:
847 587 872 603 die
879 592 900 603 iv.
907 589 969 608 augusti
976 590 1013 605 anui

642 612 701 623 unexc.
715 612 742 628 pro
753 609 831 629 apostotici
842 611 866 626 sui
877 612 947 628 muneris
954 613 1014 629 ratione

642 631 755 651 improbarunt,
770 633 871 653 resciderunt,
886 635 929 651 nulla
943 637 958 651 et
971 636 1014 652 irrita

642 654 744 674 declararunt,
760 656 809 672 multo
824 657 878 673 fortius
894 658 942 678 exigit
952 663 960 674 a
971 660 1014 675 nobis

642 678 720 697 pastoralis
734 679 820 695 sollicitudo
834 683 913 697 recentem
926 682 982 698 horum
993 683 1015 698 ta-

642 703 681 717 ctam
693 702 708 717 in
720 702 778 722 synodo
788 705 810 718 tot
820 704 861 719 vitiis
872 704 940 721 affectam
948 706 1014 726 adoptio-

642 729 686 744 nem,
703 725 746 741 velut
760 727 866 747 temerariam,
881 729 983 745 scandalosam
998 735 1014 746 ac

642 749 733 768 praesertim
743 751 776 769 post
789 750 828 766 edita
842 752 976 771 praedecessorum
987 757 1014 769 no-

641 773 710 788 strornm
718 773 777 789 decreta
785 774 821 789 nuic
828 774 922 794 Apostolicae
929 775 964 792 Sedi
972 781 1014 792 sum-

642 799 704 815 mopere
716 796 804 812 iniuriosam
817 798 898 817 ieprohare
908 803 924 814 ac
935 800 1013 820 damnare,

642 821 687 838 prout
698 823 731 835 eam
744 821 820 840 praesenti
834 821 861 837 hac
875 824 926 838 nostra
940 823 1014 840 constitu-

643 842 685 858 tione
693 843 792 863 reprobamus
803 846 817 860 et
828 845 924 865 damnamus,
932 850 949 862 ao
956 851 984 866 pro
991 852 1014 863 re·

642 866 703 885 probata
713 868 729 882 et
739 867 809 883 damnata
820 868 871 884 haberi
882 869 960 885 volumus.

662 889 671 908 ἓ
681 890 705 905 63.
718 890 740 905 Ad
748 890 763 906 id
770 894 819 910 genus
827 891 884 907 {raucis
891 893 964 912 pertinet,
973 894 1013 913 quod

642 913 709 933 synodus
720 913 736 929 in
746 914 776 929 hoc
786 914 818 933 ipso
828 914 890 931 decreto
897 916 916 931 de
923 916 953 932 fide
960 921 1013 936 quam-

642 937 694 956 plures
704 937 776 953 articulos
786 938 870 957 complexa,
882 943 920 958 quos
928 939 1013 956 Lovanien-

641 960 661 975 sis
672 960 747 976 facultatis
758 961 825 981 theologi
835 962 853 978 ad
863 962 948 979 innocentii
956 964 982 980 XI.
990 964 1013 980 iu-

642 983 699 999 dicium
711 984 806 1003 detulerunt,
818 986 851 1000 tum
862 988 877 1001 et
887 986 925 1002 alios
932 987 1013 1003 duodecim

642 1011 650 1021 a
660 1007 704 1023 Gai-d.
713 1007 732 1023 de
738 1007 805 1023 Noailtes
814 1008 896 1025 Benedicto
903 1010 942 1025 xm.
951 1011 1013 1030 oblatos,

642 1034 673 1046 non
684 1030 776 1046 dubitaverit
787 1035 806 1047 ex
817 1032 897 1052 reprobato
910 1034 977 1052 secundo
988 1034 1013 1050 Ut>

642 1054 727 1070 traiectensi
738 1054 804 1070 concilio
814 1059 872 1072 vanum
883 1059 958 1077 vetusque
972 1062 1014 1073 com-

642 1079 713 1093 mentum
724 1078 822 1100 exsuscitare,
834 1081 923 1100 temereque
931 1081 954 1096 his
962 1081 1013 1097 verbis

642 1101 697 1117 iactare
708 1101 724 1116 in
735 1101 798 1121 vulgus,
810 1106 866 1122 nempe
876 1103 958 1120 universae
965 1104 1018 1121 Euro-⁴

642 1128 669 1144 pue
679 1124 778 1141 notissimum
789 1129 827 1144 esse.
839 1130 864 1142 eos
874 1127 946 1143 articulos
956 1128 1013 1144 Romae

641 1148 740 1164 severissimo
747 1149 813 1169 examini
821 1149 895 1166 subiectos
903 1151 955 1170 fuisse,
961 1153 976 1167 et
981 1156 1013 1167 non

642 1171 692 1187 solum
707 1176 715 1187 a
731 1172 840 1192 qualicumque
854 1177 919 1189 censura
935 1174 1013 1191 immunes

642 1195 702 1214 exiisse,
714 1195 739 1211 sed
750 1195 795 1211 etiam
806 1200 814 1211 a
822 1196 886 1212 laudatis
894 1197 967 1214 Romanis
974 1198 1014 1214 Pon-

643 1218 708 1234 tificibus
719 1218 766 1234 luisse
776 1219 898 1236 commendatos:
910 1221 954 1237 cuius
962 1224 1013 1238 tamen

642 1244 708 1257 assertae
715 1243 852 1258 commendationis
860 1247 891 1259 non
900 1244 945 1260 modo
951 1245 1013 1261 nullum

1028 247 1055 261 Διι,
1062 248 1077 261 C.
1088 246 1123 261 1794

1023 476 1057 488 mm
1065 477 1079 487 ιιι
1085 479 1127 491 mnu.

1038 896 1129 912 improli-‚utrix

1023 910 1061 921 etium
1068 909 1095 921 2112
1099 911 1129 921 «ιι-ιι-

642 1267 683 1281 extat
693 1266 799 1281 authenticum
810 1266 927 1286 documentum,
937 1269 975 1288 quin
987 1273 1014 1288 po-
1041 1264 1043 1266 ’

642 1289 672 1304 tius
683 1289 732 1304 eidem
743 1289 841 1309 refragantur
848 1292 879 1306 acta
886 1291 967 1310 examinis,
975 1296 1014 1312 quae

642 1312 658 1328 in
670 1314 729 1328 nostrae
742 1316 824 1332 supremae
839 1313 944 1333 inquisitionis
958 1315 1014 1331 tabulis

642 1337 745 1354 asservantur.
756 1340 764 1351 e
775 1336 831 1355 quibus
845 1337 860 1353 id
871 1339 932 1353 tantum
945 1340 1012 1358 apparet,

643 1358 705 1374 nullum
715 1363 761 1378 super
771 1359 788 1374 iis
795 1359 872 1379 prolatum
879 1360 925 1376 ruisse
933 1361 1011 1377 iudicium.

662 1382 671 1401 ἓ
681 1382 705 1398 oti⁴
718 1382 761 1398 Hisce
775 1385 854 1403 propterea
865 1384 884 1399 de
894 1384 942 1400 causis
955 1385 1013 1401 librum

642 1406 683 1421 hunc
694 1405 750 1425 ipsum,
761 1406 786 1422 cui
797 1406 851 1422 titulus
863 1416 880 1418 —
888 1407 925 1423 Am
936 1412 943 1423 c
954 1408 1013 1425 decreti

642 1429 667 1444 det
678 1429 745 1445 concilio
756 1429 838 1445 diocesano
850 1430 867 1446 di
877 1431 941 1447 Pistam
948 1431 1013 1447 aetram

642 1457 661 1468 nc
672 1456 781 1469 unnotxxxvix
795 1461 811 1465 —-
824 1453 842 1469 In
856 1454 918 1470 Pistum
932 1459 961 1474 per
975 1456 1013 1471 Atto

642 1476 707 1491 Bracata
717 1477 815 1496 stampatore
826 1477 905 1493 vescovile.
916 1478 948 1494 Con
957 1482 1014 1498 appro-

641 1499 715 1517 vazinm,
728 1500 761 1515 sive
775 1500 857 1520 praemisso
870 1501 903 1517 sive
918 1502 973 1521 quovis
983 1502 1014 1518 atio

642 1522 687 1538 titulo
699 1523 798 1543 inscriptum.
807 1523 901 1544 ubicumque
914 1526 929 1540 et
939 1529 1013 1545 quocum-

641 1549 670 1565 que
681 1546 758 1565 idiomate,
770 1547 824 1566 quavis
834 1547 902 1563 editione
909 1550 935 1564 aut
942 1549 1014 1565 versione

662 1601 677 1615 (1)
685 1602 717 1615 aug.
725 1601 740 1613 de
748 1601 794 1613 'ri-init.
802 1601 811 1613 i.
818 1602 828 1615 ⁷,
835 1604 845 1613 e.
853 1602 863 1613 ι.

1036 1391 1104 1406 omnnio
1114 1391 1129 1402 n-

1022 1404 1069 1433 2'131'21‘?
1080 1407 1129 1430 ‘1³33ssss

1023 1431 1076 1443 timum.
