4734 7004
305 675 359 729 An.
374 677 405 730 G.
426 679 495 730 1758
545 674 565 739 8

524 833 606 879 cravn
622 814 656 876 B.
669 812 754 876 Petri
769 812 892 889 sedem,
904 813 1048 876 omnium
1064 813 1278 884 Ecclesiarum

524 911 687 984 verticem,
704 917 809 972 nostra
823 907 974 970 divinitus
990 906 1154 971 tolleretur
1168 908 1271 970 humi·

524 1005 603 1081 litas,
616 1005 649 1067 in
672 1001 821 1066 acerrima
843 1001 893 1063 illa
909 1000 1096 1080 cogitatione
1110 1010 1272 1080 perpetua·

523 1114 584 1178 que
605 1113 678 1161 cura
699 1096 824 1169 versati,
846 1095 945 1156 nimio
967 1094 1035 1174 plus
1056 1095 1163 1157 oneris
1177 1109 1270 1174 quam

522 1200 675 1272 quantum
696 1189 779 1252 terre
800 1187 963 1268 possimus,
987 1204 1052 1251 esse
1070 1187 1158 1250 nobis
1173 1187 1271 1266 impo-

523 1285 631 1360 situm,
651 1284 795 1346 tristitiae
814 1289 847 1343 ιι
868 1280 1012 1360 lacrymis
1027 1297 1091 1345 non
1106 1280 1197 1360 plane
1212 1291 1272 1344 tra·

524 1379 719 1451 didissemus,
735 1377 795 1440 nisi
815 1377 960 1456 quiddam
975 1375 1089 1452 simile,
1106 1375 1187 1455 quod
1202 1390 1271 1437 san·

524 1475 660 1538 ctissimo
671 1472 841 1552 Prophetae
857 1469 1039 1548 lsraelisque
1052 1469 1187 1548 impigro
1201 1468 1271 1532 duci

523 1571 665 1646 contigit,
682 1585 698 1630 a
715 1565 812 1628 nimio
826 1581 882 1626 nos
898 1579 1040 1626 moerore
1055 1563 1268 1627 deterruisset.

524 1662 696 1726 inclamans
708 1662 793 1723 enim
805 1659 922 1737 Moyses
934 1657 1117 1720 Dominum:
1134 1655 1180 1738 (l)
1197 1658 1269 1732 Cur,

465 1799 467 1806 ,
524 1757 639 1834 inquit,
661 1754 797 1817 afflixisti
818 1767 945 1814 servum
962 1752 1075 1813 tuuml
1090 1751 1128 1812 Et
1143 1767 1200 1814 cur
1213 1751 1272 1812 im·

524 1849 652 1930 posuisti
667 1851 787 1928 pondus
802 1846 940 1910 universi
952 1845 1058 1924 populi
1074 1844 1166 1908 huius
1180 1859 1273 1922 super

460 1949 461 1960 ¹
524 1946 597 2008 met
618 1941 687 2006 Non
710 1956 835 2022 possum
859 1939 944 2002 solus
966 1939 1122 2002 sustinere
1143 1952 1270 1999 omnem

524 2040 609 2102 huuc
621 2035 783 2116 populum,
796 2035 867 2115 quia
877 2035 980 2111 gravis
995 2041 1041 2095 cst
1053 2033 1141 2095 mihi.
1158 2034 1269 2108 Quem,

524 2148 565 2194 ιι
585 2133 730 2196 (ιιιιιιιιι
751 2129 867 2204 ιιιιιι,
890 2129 1035 2208 quodque
1048 2134 1226 2205 susceperat
1240 2141 1272 2186 o·

524 2242 595 2299 nus,
608 2225 689 2287 bene
704 2233 739 2286 ιι
753 2221 918 2301 perterret,
933 2235 1124 2298 congregare
1137 2220 1194 2282 sibi
1210 2219 1271 2279 ins-

522 2321 563 2381 sit
573 2320 653 2382 Deus
666 2316 861 2396 septuaginta
877 2317 959 2378 viros
974 2317 1012 2378 de
1026 2314 1153 2383 senibus
1164 2313 1269 2385 lsrael,

522 2413 635 2492 quibus
657 2411 769 2489 Moysis
790 2410 935 2488 spiritum
964 2408 1087 2483 indidit,
1109 2415 1145 2470 ιι
1166 2406 1270 2485 populi

523 2517 627 2569 essent
654 2503 807 2581 magistri,
828 2509 860 2564 et
880 2508 1094 2564 sustentarent
1123 2515 1196 2563 cum
1217 2498 1272 2560 illo

524 2616 614 2676 onus,
637 2615 695 2661 nec
715 2596 799 2658 solus
820 2596 939 2674 Moyses
964 2601 1158 2672 gravaretur.
1181 2591 1272 2656 Nunc

524 2695 621 2772 igitur
647 2692 697 2755 illa
727 2690 894 2754 consolatio
925 2703 980 2752 nos
1010 2704 1072 2750 una
1101 2692 1270 2762 sustentat,

524 2787 718 2849 venerabiles
739 2783 858 2859 iratres
882 2783 961 2862 quod
983 2798 1038 2844 vos
1060 2781 1162 2848 multo
1183 2788 1271 2842 antea

523 2883 604 2944 Deus
632 2881 696 2959 ipse
716 2895 732 2940 a
753 2877 872 2958 reliqua
901 2875 1042 2938 fidelium
1070 2874 1272 2938 multitudine

523 2975 559 3037 ad
582 2973 791 3051 regendarum
805 2986 911 3034 curam
925 2969 1103 3034 animarum
1115 2969 1271 3044 asciverit,

522 3071 619 3132 socios
650 3049 738 3130 n'obis
765 3073 796 3128 ιι
823 3066 978 3128 adiutores
1008 3063 1139 3138 dederit,
1162 3079 1194 3125 ac
1215 3079 1272 3125 suo

524 3163 619 3242 ipsius
640 3161 763 3240 spiritu,
786 3175 857 3223 cum
879 3157 1107 3238 episcopalibus
1116 3157 1272 3235 mysteriis

523 3257 638 3319 initiati
660 3254 744 3328 estis,
759 3251 880 3315 abunde
896 3249 1073 3330 repleverit,
1090 3255 1125 3312 ut
1139 3265 1195 3313 nos
1210 3249 1271 3336 iam

524 3351 579 3412 llei
596 3365 654 3428 ope
674 3348 813 3427 primum
835 3345 1016 3422 virtuteque
1029 3342 1149 3418 confisi,
1163 3342 1270 3419 singu·

523 3443 579 3506 lari
609 3441 731 3515 deinde,
754 3455 815 3519 quo
846 3437 981 3516 llagratis
1007 3436 1104 3498 vestri
1131 3435 1272 3498 muneris

523 3535 658 3598 obeundi
686 3533 798 3607 studio,
823 3538 987 3608 vestraque
1009 3528 1080 3592 lreti
1109 3529 1269 3608 sapientia,

522 3625 696 3705 plurimum
724 3626 762 3689 de
789 3630 893 3688 nostra
926 3622 1051 3685 tristitia
1071 3630 1102 3684 ιι
1122 3620 1271 3685 ιιιιιιιιι-

523 3721 596 3783 dine
624 3722 805 3799 ademptum
836 3733 903 3779 esse
932 3716 1133 3779 arbitremur.
1166 3717 1271 3795 ltaque

525 3820 592 3876 tum
613 3819 648 3876 ut
669 3811 866 3875 consolemur
888 3811 920 3872 in
942 3809 1029 3872 vobis
1049 3808 1095 3891 (2)
1115 3825 1171 3887 per
1188 3825 1268 3884 eam,

522 3922 601 3985 quae
621 3905 758 3968 invicem
772 3913 830 3979 est,
850 3903 943 3966 tidem
958 3911 1095 3966 vestram
1109 3910 1201 3982 atque
1215 3919 1270 3966 no-

522 4008 635 4073 stram;
669 4005 736 4060 tum
765 4006 801 4060 ιι
822 4005 958 4060 vestram
978 3997 1024 4078 (3)
1044 3998 1216 4060 excitemus
1237 3997 1270 4058 ιι

522 4092 768 4154 commonitione
787 4091 939 4153 sinceram
962 4097 1114 4165 mentem,
1129 4089 1183 4151 has
1203 4087 1269 4151 lite-

523 4202 571 4248 ras
592 4187 627 4248 ad
650 4201 705 4247 vos
725 4185 908 4262 scribimus,
936 4192 1002 4246 tum
1025 4199 1099 4245 vero
1122 4183 1267 4255 maxime,

523 4291 570 4354 ut,
591 4293 669 4356 quos
691 4277 837 4340 adversus
858 4276 1057 4339 teterrimum
1072 4276 1202 4339 humaui
1217 4290 1269 4362 ge·

523 4373 607 4435 neris
629 4374 750 4432 hostem
778 4369 877 4432 veluti
905 4371 1054 4432 instructa
1075 4369 1140 4432 acie
1160 4367 1269 4431 arden·

524 4473 569 4528 ιιι
591 4465 738 4528 novimus
759 4471 790 4524 et
804 4469 933 4537 erectos,
951 4471 1055 4524 tamen
1068 4478 1130 4543 qno
1145 4461 1269 4525 alacrio-

523 4573 573 4621 res
599 4558 826 4637 erectioresque
858 4555 1025 4618 ascendatis
1056 4573 1095 4619 ex
1121 4556 1267 4633 adverso,

522 4657 701 4731 stantesque
721 4650 766 4730 (ι)
788 4651 820 4712 ιι
842 4649 959 4728 praelio
988 4665 1044 4729 pro
1065 4651 1157 4712 domo
1179 4647 1269 4710 lsrael

523 4745 688 4820 dimicetis,
711 4743 746 4805 ad
769 4759 836 4807 rem
857 4745 935 4806 bene
957 4742 1123 4820 gerendam
1145 4758 1199 4806 vos
1220 4743 1270 4806 ad·

522 4841 696 4904 hortemur.
1193 4865 1196 4877 ·

294 4950 507 5056 fmggffllgff]
564 4935 583 5011 b
604 4931 633 4994 2·
657 4931 723 5008 011⁰
744 4931 870 5011 quidem
892 4932 924 4995 in
945 4930 1026 4994 bello
1042 4938 1104 4993 tam
1121 4930 1270 5012 multiply.

525 5026 564 5104 ci,
578 5036 703 5107 tamque
722 5025 906 5106 periculoso,
918 5041 987 5105 spes
1001 5025 1147 5089 victoriae
1159 5041 1195 5088 eo
1207 5043 1270 5090 me·

525 5123 584 5185 lior
613 5122 672 5183 erit
703 5129 733 5182 ιι
764 5119 961 5200 exploratior,
989 5137 1051 5201 quo
1072 5117 1119 5203 (b)
1140 5123 1271 5184 arctiore

526 5216 653 5280 vinculo
673 5216 753 5294 pacis
768 5215 920 5278 unitatem
934 5215 1137 5278 servabimus.
1155 5215 1199 5276 Eo
1214 5216 1270 5292 igi-

525 5317 590 5392 tur,
612 5308 807 5373 venerabiles
834 5306 956 5385 iratres,
980 5308 1098 5371 viribus
1127 5309 1271 5373 omnibus

525 5403 685 5468 incumbat
705 5403 837 5466 charitas
857 5411 971 5480 vestra,
993 5411 1029 5466 ut
1049 5402 1190 5467 lunditus
1204 5419 1221 5466 ι
1237 5403 1271 5465 h-

566 5685 596 5742 (1)
610 5685 687 5730 Num.
702 5684 743 5730 XI.
760 5685 838 5741 11,1t.

566 5753 596 5809 (2)
612 5755 685 5798 Rom.
701 5755 720 5798 1.
737 5753 768 5796 lt.

565 5819 595 5877 (3)
610 5821 641 5864 11.
656 5819 728 5865 Petri
741 5823 783 5866 111.
800 5822 831 5867 ll.

565 5887 596 5944 (t)
611 5888 701 5934 Enoch.
716 5891 780 5934 xut.
796 5891 815 5935 5.

566 5953 596 6011 (5)
611 5955 704 6014 llpbes.
719 5959 758 6003 lv.
774 5959 794 6002 3,

566 6023 596 6080 (ι)
611 6025 630 6068 1.
644 6023 717 6070 Petri
730 6027 772 6070 Ml.
789 6027 822 6072 ll.

566 6092 596 6156 (7)
611 6093 685 6140 Rom
700 6093 762 6138 xlv.
779 6095 812 6140 tv.

1053 692 1116 738 vdit.
1141 691 1233 738 bour.
1257 691 1298 737 bu
1319 691 1349 737 P·
1372 689 1402 738 Β.
1426 692 1509 738 PARS
1531 691 1551 737 1.

1325 811 1443 876 delium
1464 813 1577 877 animis
1599 814 1648 876 vel
1666 813 1731 893 ipsa
1746 814 1897 878 tollantur
1911 811 2076 892 cuiusque·

1327 907 1410 972 modi
1431 907 1641 972 certaminum
1662 908 1792 972 semina.
1817 907 1966 971 Vostrum
1981 914 2028 969 cst
2047 906 2076 969 id

1325 1002 1431 1065 sedulo
1459 1009 1632 1079 praestare,
1654 1009 1690 1064 ut
1718 1017 1826 1064 omnes
1847 1000 1894 1083 (6)
1915 999 2077 1080 inquirant

1326 1111 1432 1174 pacem
1444 1092 1501 1174 (7),
1514 1111 1624 1158 omnes
1631 1079 1796 1158 sectentur
1806 1111 1885 1176 quae
1896 1095 1978 1174 pacis
1988 1102 2074 1157 sunt.

1327 1189 1392 1268 lpse
1413 1190 1498 1252 enim
1520 1188 1671 1252 Dominus
1691 1189 1786 1265 lesus,
1803 1188 1894 1268 paulo
1907 1197 2076 1267 antequam

1327 1283 1458 1361 passioni
1480 1297 1514 1345 se
1529 1283 1656 1346 dederet
1671 1281 1728 1362 (8),
1745 1297 1848 1362 pacem
1864 1282 2008 1361 relinquo
2024 1296 2077 1342 vo·

1326 1375 1382 1452 bis,
1405 1376 1448 1436 ait
1469 1375 1635 1454 Apostolis,
1658 1391 1766 1455 pacem
1788 1389 1890 1437 meam
1912 1376 1951 1438 do
1971 1374 2076 1452 vobis;

1326 1485 1384 1531 nec
1405 1467 1559 1548 hpostolis
1581 1478 1718 1546 tantum,
1739 1470 1792 1533 sed
1815 1477 1845 1532 ιι
1867 1468 1957 1531 ιοιιι
1982 1468 2078 1532 ιιιιι·

1326 1564 1394 1642 quit
1420 1564 1501 1642 pacis
1527 1562 1767 1627 haereditatem:
1791 1561 1837 1644 (ll)
1858 1579 1923 1627 non
1944 1577 1999 1640 pro
2021 1565 2076 1639 ιιι,

1327 1657 1441 1736 inquit,
1465 1665 1599 1733 tantum,
1621 1659 1673 1721 sed
1695 1666 1726 1722 et
1747 1675 1803 1738 pro
1825 1657 1880 1734 eis,
1902 1657 1955 1737 qui
1979 1656 2076 1720 credi·

1326 1752 1389 1814 turi
1410 1760 1485 1815 sunt
1505 1767 1560 1830 per
1590 1751 1724 1814 verbum
1753 1767 1862 1815 eorum
1889 1751 1921 1813 in
1945 1765 2015 1812 me:
2041 1760 2075 1814 ut

1326 1861 1434 1908 omnes
1456 1859 1558 1908 unum
1578 1846 1651 1921 sint,
1667 1847 1746 1909 siout
1769 1853 1801 1908 tu
1816 1851 1904 1923 pater
1918 1845 1951 1908 in
1966 1859 2029 1921 me,
2046 1853 2077 1908 ιι

1324 1955 1384 2018 ego
1406 1941 1438 2005 in
1461 1950 1502 2018 ιι,
1525 1954 1561 2004 ut
1582 1951 1613 2004 ιι
1636 1941 1693 2020 ipsi
1716 1942 1749 2005 in
1770 1942 1860 2005 nobis
1881 1957 1979 2006 unum
2000 1942 2073 2004 sint.

1326 2034 1410 2098 Hanc
1441 2043 1556 2098 tantam
1586 2035 1820 2113 haereditatem,
1844 2044 1969 2114 tamque
1990 2051 2076 2114 prae-

1325 2130 1438 2192 claram
1460 2147 1475 2192 a
1498 2130 1622 2194 Christo
1653 2129 1785 2194 Domino
1808 2131 1895 2193 nobis
1920 2131 2076 2207 traditam,

1326 2224 1430 2287 videte
1449 2239 1575 2302 quaeso,
1599 2214 1792 2287 vanaiabiles
1813 2223 1934 2300 iratres,
1955 2231 1991 2287 ut
2011 2223 2076 2288 ani-

1327 2331 1452 2380 morum
1483 2315 1723 2380 dissensionibus
1753 2317 1975 2394 extinguendis
2003 2333 2077 2380 eon·

1325 2417 1443 2474 stanter
1467 2418 1498 2472 et
1520 2417 1671 2489 perpetuo
1692 2410 1894 2474 retineamus.
1912 2409 2011 2473 liuius
2025 2427 2076 2473 au-

1327 2509 1392 2566 tem
1412 2503 1608 2566 haereditatis
1624 2504 1748 2583 pignus,
1761 2503 1804 2566 ait
1819 2503 1994 2584 Apostolus,
2010 2521 2078 2568 ιιιι

1327 2595 1480 2676 Spiritum
1503 2595 1662 2661 Sanctum.
1696 2599 1774 2660 tlurn
1796 2605 1903 2660 autem
1924 2597 1957 2660 in
1978 2598 2075 2675 ipsius

1326 2699 1493 2770 conspectu
1515 2691 1571 2770 ipsi
1595 2708 1652 2755 nos
1668 2696 1824 2772 ponimus,
1840 2707 1977 2770 eumque
1990 2691 2078 2754 obse-

1326 2801 1460 2864 cramus,
1476 2795 1511 2850 ut
1531 2787 1567 2848 ad
1589 2786 1843 2850 sanctificandum
1865 2786 2018 2850 Ecclesiae
2031 2803 2078 2849 sa-

1326 2881 1478 2942 orificium
1507 2880 1659 2959 Spiritum
1688 2881 1837 2947 sanctum
1859 2883 1897 2945 de
1917 2880 2003 2945 coelo
2025 2884 2077 2947 de·

1327 2973 1441 3048 mittat,
1475 2974 1554 3037 nibil
1585 2974 1666 3038 aliud
1698 2975 1788 3038 nohis
1815 2974 1972 3054 postulare
1992 2977 2076 3039 vide

1327 3083 1409 3144 mus,
1432 3067 1492 3130 nisi
1521 3076 1556 3129 ut
1577 3083 1633 3146 per
1664 3067 1795 3144 gratiam
1824 3067 2019 3148 spiritualem
2042 3070 2074 3133 in

1326 3161 1460 3224 Ecclesia
1481 3162 1637 3225 charitatis
1659 3163 1761 3226 unitas
1783 3163 1955 3242 indisrupta
1973 3180 2076 3227 serve·

1326 3263 1389 3318 tur.
1413 3255 1492 3319 lllud
1514 3271 1589 3319 vero
1610 3271 1667 3318 nos
1688 3273 1797 3321 omnes
1823 3257 2076 3320 commeminisse

1326 3356 1459 3429 oportet,
1481 3350 1563 3428 quod
1577 3359 1748 3429 quaerente
1761 3351 1905 3428 Domino,
1921 3368 2016 3432 quem
2031 3351 2075 3414 di-

1325 3451 1433 3508 cerent
1465 3444 1607 3508 homiues
1637 3459 1703 3506 esse
1735 3443 1837 3507 tilium
1867 3447 2013 3521 bominis,
2043 3453 2075 3509 ιι

1325 3553 1421 3618 quem
1443 3537 1544 3618 ipsum
1565 3535 1707 3615 discipuli
1722 3538 1897 3614 crederent,
1912 3555 1985 3602 cum
2000 3539 2073 3602 alias

1325 3631 1363 3694 de
1382 3647 1419 3693 eo
1440 3631 1670 3710 respondissent
1701 3629 1835 3694 aliorum
1866 3647 1932 3695 esse
1955 3633 2074 3712 opinio·

1325 3740 1398 3804 nes;
1422 3724 1455 3786 B.
1472 3723 1582 3786 Petrus
1596 3721 1675 3803 (ld),
1690 3738 1728 3785 ex
1744 3723 1887 3787 omnium
1903 3732 2019 3801 mente,
2039 3727 2073 3789 fi-

1325 3817 1403 3880 lium
1425 3817 1477 3880 Dei
1500 3817 1564 3880 vivi
1585 3832 1650 3880 nou
1671 3832 1764 3880 carne
1785 3824 1816 3880 ιι
1836 3818 2002 3895 sanguine,
2019 3817 2073 3880 sed

1324 3909 1414 3971 Patre
1435 3905 1592 3971 revelante
1612 3907 1769 3970 confessus
1790 3915 1847 3970 est.

1364 4003 1383 4078 ἓ
1403 4004 1432 4066 3.
1455 4003 1520 4078 Quo
1541 4001 1669 4080 quidem
1699 4001 1845 4065 omnibus
1876 4000 1964 4065 facile
1983 4017 2074 4084 appa·
2114 4011 2255 4060 brunnon
2270 4013 2312 4060 xn-

1325 4099 1400 4174 ruit,
1423 4097 1507 4160 iuter
1529 4096 1606 4158 filios
1636 4094 1713 4159 lucis
1741 4095 1884 4175 filiosque
1903 4096 2018 4160 saeculi
2038 4097 2074 4158 il·
2092 4065 2311 4170 {i'sssssssfrfw‘

1325 4191 1377 4255 lud
1400 4192 1461 4254 iam
1483 4199 1552 4253 tum
1573 4189 1668 4253 luisse
1687 4189 1865 4267 discrimen,
1882 4199 1918 4253 ut
1932 4190 1963 4252 bi
1979 4190 2074 4253 variis

1325 4285 1407 4348 inter
1427 4299 1461 4346 sc
1481 4283 1675 4362 diversisque
1695 4282 1894 4361 opinionibus
1923 4285 2075 4363 discrepa-

1324 4385 1409 4455 rent,
1423 4377 1471 4440 illi
1490 4376 1618 4440 unitatis
1633 4375 1747 4438 initiati
1762 4377 1921 4455 mysterio,
1937 4391 1994 4456 per
2008 4394 2075 4441 om·

1325 4472 1414 4535 nium
1436 4477 1539 4549 caput,
1562 4485 1655 4533 unam
1686 4469 1831 4532 omnium
1851 4485 1906 4550 per
1927 4487 1960 4534 os
1981 4471 2074 4536 unius

1324 4565 1552 4629 confessionem
1579 4563 1816 4643 profiterentur.
1840 4563 1955 4629 Omnes
1976 4567 2073 4645 igitur

1325 4675 1412 4723 curas
1439 4667 1569 4735 vestras,
1597 4673 1704 4721 vener.
1729 4655 1849 4734 iratres,
1873 4659 1907 4720 iu
1933 4659 2091 4724 fidelium>

1325 4754 1565 4831 coagmentanda
1593 4767 1666 4830 pace
1694 4750 1829 4828 deligito.
1851 4752 1973 4817 Turbae
1993 4751 2073 4836 (ιι),

1325 4847 1558 4921 contentiones,
1580 4843 1819 4921 aemulationes,
1846 4846 2073 4923 animositates,

1325 4938 1530 5003 dissentiones
1555 4937 1768 5015 consilescunt,
1791 4947 1825 5001 ut
1851 4937 1906 5018 qui
1932 4939 2075 5004 catholici

1326 5033 1460 5096 nominis
1481 5039 1565 5108 sunt,
1587 5047 1696 5094 omnes
1714 5032 1747 5094 in
1761 5029 1828 5114 (ιι)
1842 5031 1952 5095 eodem
1965 5049 2072 5109 sensu,

1326 5128 1358 5190 in
1375 5127 1482 5190 eadem
1497 5124 1653 5189 sententia
1668 5123 1796 5205 perlecti
1810 5126 1885 5203 sint,
1902 5125 1984 5190 idem
1999 5143 2075 5190 una·

1327 5219 1427 5282 nimes
1448 5218 1551 5283 dicant
1571 5217 1648 5302 (13),
1671 5219 1754 5283 idem
1783 5219 1913 5300 sapiant,
1936 5219 2074 5298 illudque

1326 5312 1506 5391 intelligant
1532 5313 1640 5392 probe,
1661 5320 1755 5393 atque
1781 5314 1885 5376 animo
1907 5313 2072 5388 imbibant,

1326 5423 1372 5484 ιι,
1393 5407 1447 5488 qul
1469 5407 1583 5471 Christi
1613 5406 1753 5470 membra
1781 5422 1847 5470 esse
1875 5407 1988 5483 velint,
2010 5421 2075 5469 uon

1367 5686 1397 5743 (ιι)
1413 5688 1482 5732 loon.
1497 5687 1559 5731 XIV.
1575 5686 1610 5732 27.

1367 5753 1397 5809 (9)
1412 5757 1482 5800 Ιοιι.
1497 5753 1671 5808 xv11.8⁰,21.

1367 5822 1411 5879 (ιο)
1426 5821 1519 5867 ιιιιιιι.
1534 5821 1596 5866 xvi.
1612 5822 1637 5865 lt
1651 5821 1678 5866 ιι
1693 5831 1745 5877 uoq.

1366 5889 1409 5946 (ιι)
1424 5891 1455 5934 11.
1471 5890 1527 5934 cor.
1542 5889 1595 5934 ΧΗ.
1610 5891 1643 5935 ιι.

1366 5957 1411 6014 (19)
1426 5959 1443 6002 1.
1459 5959 1517 6002 cor.
1533 5960 1551 6004 1.
1568 5957 1601 6002 ιο.

1365 6024 1410 6082 (ιι)
1425 6029 1456 6072 11.
1471 6029 1527 6074 cor.
1540 6027 1605 6072 xlll.
1621 6027 1653 6074 ιι.

2108 669 2162 724 An.
2176 672 2206 725 d.
2229 668 2302 723 1758
