4750 6980
951 591 1021 640 rrus
1043 588 1092 639 rr.
1117 591 1159 638 vx.
1747 573 1805 640 387
1856 574 1954 630 Aue.
1976 575 2044 632 mee

288 731 354 778 rum
377 715 538 794 quibusvis
558 716 651 779 etiam
665 714 929 792 derogatoriarum
945 713 1032 774 dero·
1085 711 1246 790 quibusvis
1275 714 1621 791 excommunicationis,
1650 715 1826 795 suspensio-

287 811 420 886 gatoriiS,
449 809 578 887 aliisque
605 810 836 882 efficacioribus,
862 805 1030 870 efficacissi-
1085 804 1133 866 nis
1171 813 1202 867 et
1238 807 1413 878 interdicti,
1451 810 1579 889 aliisque
1615 809 1826 874 ecclesiasticis

287 904 341 964 mis
372 919 406 966 ac
431 899 562 988 instilis
588 902 743 977 clausulis,
774 901 1030 978 irritantibusque
1084 899 1233 974 censuris,
1266 903 1428 966 sententiis
1450 911 1481 965 ei
1502 903 1608 982 poenis
1629 904 1739 982 quovis
1761 918 1826 963 mo·

287 1005 315 1057 et
334 995 401 1056 aliis
423 996 554 1059 decretis
575 996 605 1057 in
628 1011 742 1072 genere
758 994 806 1054 vel
823 995 854 1056 in
869 993 980 1071 specie,
997 1009 1030 1053 ac
1084 991 1122 1053 do
1146 1001 1177 1053 et
1201 1010 1396 1073 quacumque
1418 997 1455 1059 de
1486 1013 1572 1060 causa
1596 998 1676 1072 latis,
1703 996 1729 1059 si
1751 1013 1825 1075 quas

286 1089 348 1150 aliis
363 1089 396 1150 in
413 1089 605 1151 contrarium
621 1087 852 1166 quomodolibet
866 1086 1028 1160 concessis,

287 1183 456 1260 approbatis
477 1189 508 1244 et
527 1182 692 1244 innovatis.
709 1181 824 1256 Quibus
840 1179 983 1242 omnibus
997 1185 1029 1241 et

286 1273 414 1350 singulis
442 1275 565 1337 illorum
596 1283 718 1337 tenores
743 1272 953 1351 praesentibus
974 1286 1029 1349 pro

287 1369 374 1447 plene
391 1374 422 1430 el
438 1369 630 1431 sufficienter
645 1368 807 1446 expressis,
823 1383 856 1428 ac
878 1367 915 1428 de
934 1364 1028 1427 verbo

287 1463 472 1524 adverbum
494 1460 618 1525 insertis
642 1462 798 1535 hahentes,
821 1459 881 1521 illis
901 1458 973 1519 alias
997 1458 1027 1518 in

288 1571 338 1616 suo
359 1555 470 1617 robore
491 1556 713 1634 permansuris,
731 1556 768 1616 ad
789 1551 1026 1632 praemissorum

289 1647 428 1712 eflectum
451 1652 506 1711 hac
526 1650 593 1712 vice
614 1650 782 1722 dumtaxat,
805 1644 977 1726 specialiter
997 1650 1028 1704 et

289 1757 426 1820 expresse
446 1741 642 1820 derogamus,
658 1739 848 1818 caeterisque
869 1735 1029 1800 contrariis

290 1835 541 1915 quibuscumque.
596 1847 599 1856 ⁴

324 1928 391 2004 §8-
415 1928 568 1993 Volumus
596 1938 718 2003 autern,
749 1935 782 1991 ut
813 1924 1028 2006 praesentium

291 2023 446 2084 literarum
469 2022 681 2100 transumptis,
697 2038 752 2084 seu
768 2018 919 2098 exemplis
933 2015 1028 2080 etiam

291 2115 439 2192 impressis
460 2123 491 2176 et
513 2131 608 2178 mauu
623 2115 751 2177 alicuius
772 2113 885 2176 notarii
913 2110 1025 2190 publici

290 2208 474 2287 subscriptis,
497 2225 529 2270 ac
544 2209 646 2287 sigillo
670 2223 817 2294 personae
838 2207 869 2268 iu
889 2205 1028 2268 ecclesia·

290 2303 355 2366 stica
374 2301 525 2378 dignitate
546 2303 730 2364 constitutae
758 2302 899 2374 munitis,
920 2300 1028 2362 eadem

291 2411 409 2475 prorsus
435 2393 508 2456 fides
531 2395 561 2456 in
585 2395 697 2458 iudicio
720 2403 750 2458 et
771 2402 856 2456 extra
879 2392 954 2456 illud
978 2393 1028 2454 ad·

291 2487 440 2561 bibeatur,
456 2503 535 2564 quae
557 2488 755 2550 adhiberetur
775 2487 847 2566 ipsis
862 2485 1028 2564 praesenti·

291 2583 352 2657 bus,
366 2581 389 2642 si
407 2581 509 2643 forent
531 2581 684 2644 exhibitae
705 2581 754 2642 vel
777 2589 925 2642 ostensae.

327 2675 435 2736 flatum
457 2674 571 2736 Romae
592 2675 669 2752 apud
692 2673 724 2737 S.
746 2673 873 2737 Petrum
896 2674 954 2736 sub
975 2690 1026 2734 an-

291 2768 359 2831 nulo
387 2767 509 2843 Piscat,
537 2767 587 2830 die
619 2783 708 2830 xxxx.
740 2769 800 2830 ian.
832 2783 1026 2842 xnecxcnr,

289 2861 479 2941 pontificatus
501 2861 599 2923 nostri
621 2877 702 2924 anno
724 2876 815 2924 xvnr.

606 3333 698 3398 Cvll.

293 3517 446 3584 Ecclesiae
464 3521 750 3603 cqfruteruitutis
766 3521 797 3584 S.
817 3519 937 3598 losepbi
953 3520 1030 3580 ciui-

330 3615 411 3680 tatis
427 3615 462 3676 de
477 3618 602 3678 Bucnos
617 3615 715 3693 Aures
730 3614 765 3676 iu
781 3613 882 3678 indiis
898 3614 1027 3676 naissum

327 3712 464 3775 uotiuum
491 3724 546 3786 per
567 3713 682 3784 septem
710 3707 775 3768 dics
797 3707 832 3768 de
854 3706 885 3769 S.
904 3706 1029 3782 Iosepbo

327 3803 498 3886 quotannis
521 3801 674 3864 concedit.

538 3971 624 4040 etos
647 3971 706 4039 ΡΡ.
732 3971 776 4039 lli.

425 4096 462 4164 ad
483 4097 613 4164 futurum
636 4096 680 4161 rei
703 4095 884 4161 memorien.

1084 1082 1162 1146 forte
1194 1085 1394 1164 incurrerint,
1418 1089 1510 1152 huius
1536 1097 1657 1153 tantum
1687 1092 1730 1152 rei
1759 1106 1826 1167 gra·

1084 1179 1124 1238 tia
1145 1179 1338 1244 absolventes
1365 1190 1395 1244 et
1429 1183 1581 1246 absolutos
1612 1183 1675 1244 fore
1697 1197 1824 1246 censen-

1085 1277 1139 1344 tes,
1169 1273 1644 1354 huiusmodisupplicationibus
1672 1275 1825 1349 inclinati,

1083 1372 1197 1426 attenta
1213 1366 1364 1429 relatione
1378 1367 1480 1432 dilecti
1497 1369 1552 1431 olii
1568 1370 1707 1446 magistri
1723 1369 1825 1432 Karolx

1083 1457 1216 1520 Erslxine
1238 1460 1307 1522 ndei
1337 1463 1533 1538 promotoris,
1559 1464 1687 1537 eisdem,
1715 1481 1748 1526 ac
1769 1479 1825 1543 pro

1083 1555 1223 1628 tempore
1244 1554 1446 1617 existentibus
1467 1555 1727 1620 confraternitatis
1740 1572 1826 1634 prae

1081 1641 1178 1705 dictae
1198 1644 1414 1722 confratribus,
1437 1657 1473 1710 ut
1494 1649 1525 1710 ih
1548 1659 1707 1728 posterum
1729 1650 1761 1712 in
1776 1665 1826 1712 eo-

1082 1750 1153 1798 rum
1182 1738 1306 1801 ecclesia
1328 1755 1382 1818 per
1408 1748 1526 1820 septem
1555 1743 1629 1817 dies,
1653 1743 1684 1804 in
1714 1743 1825 1822 quibus

1082 1831 1246 1906 quotannis
1274 1842 1438 1912 peragetur
1468 1837 1585 1899 dictum
1613 1837 1825 1914 septenarium

1083 1921 1114 1984 in
1135 1922 1288 1988 honorem
1315 1927 1455 1990 eiusdem
1480 1928 1583 1993 Sancti
1610 1929 1741 2008 losepbi,
1764 1945 1825 1992 una

1083 2017 1172 2078 missa
1197 2018 1300 2080 votiva
1328 2021 1476 2083 solemnis
1503 2023 1637 2102 propria,
1660 2029 1696 2084 ut
1717 2023 1749 2087 iu
1776 2024 1825 2087 die

1082 2109 1147 2172 eius
1164 2109 1251 2188 festo,
1268 2111 1303 2172 ad
1321 2112 1416 2176 instar
1437 2115 1557 2178 votivae
1572 2115 1721 2194 quotidie,
1737 2117 1825 2178 durn-

1082 2203 1173 2265 modo
1195 2221 1258 2267 non
1279 2215 1419 2292 occurrat
1440 2208 1553 2271 festum
1575 2208 1688 2287 duplex
1707 2210 1825 2288 primae

1081 2305 1112 2356 et
1133 2297 1287 2360 secundae
1309 2299 1422 2375 classis,
1446 2301 1496 2363 vel
1517 2301 1699 2377 dominicae,
1716 2310 1769 2364 aul
1782 2302 1825 2366 fe-

1082 2391 1125 2451 ria
1153 2390 1356 2470 privilegiata,
1386 2394 1532 2457 celebrari
1560 2395 1655 2458 libere
1684 2405 1715 2458 et
1743 2397 1824 2459 licite

1081 2485 1174 2564 possit
1185 2493 1216 2547 et
1230 2485 1340 2561 valeat,
1349 2487 1530 2550 auctoritate
1540 2489 1703 2568 apostolica
1715 2498 1824 2552 tenore

1081 2579 1290 2656 praesentium
1313 2580 1509 2644 concedimus
1531 2589 1562 2644 et
1573 2581 1781 2660 impertimur.

1122 2673 1140 2748 ἓ
1162 2672 1190 2734 3.
1216 2671 1284 2734 Non
1303 2673 1493 2737 obstantibus
1508 2677 1779 2740 constitutionibus
1794 2687 1826 2742 et
1843 2692 2055 2792 tvrsaerriqfralrltrmoarsu-

1082 2765 1326 2828 ordinationibus
1341 2767 1522 2844 apostolicis,
1539 2769 1697 2848 dictaeque
1708 2771 1825 2834 confra-

1084 2859 1237 2922 ternitatis
1253 2860 1383 2938 eiusque
1404 2861 1548 2924 ecclesiae
1563 2863 1655 2925 etiam
1671 2865 1824 2929 iuramen-

1084 2961 1125 3027 to,
1141 2952 1377 3016 confirmatione
1397 2955 1570 3033 apostolica,
1586 2956 1637 3019 vel
1651 2959 1759 3036 quavis
1774 2961 1825 3022 frr·

1082 3049 1190 3110 mitate
1211 3047 1268 3108 alia
1285 3047 1436 3111 roboratis
1450 3051 1571 3112 statutis
1585 3058 1616 3113 et
1630 3056 1825 3118 consuetudi-

1083 3142 1190 3218 nibus;
1206 3141 1375 3219 privilegiis
1389 3158 1524 3221 quoque,
1540 3144 1669 3207 indultis
1683 3153 1714 3208 el
1728 3147 1825 3210 literis

1082 3235 1253 3314 apostolicis
1264 3235 1485 3312 superioribus,
1498 3247 1528 3298 et
1540 3239 1679 3315 personis
1693 3241 1750 3302 sub
1759 3244 1825 3320 qui·

1085 3331 1274 3407 buscumque
1287 3329 1445 3392 tenoribus
1456 3339 1487 3392 et
1498 3328 1617 3407 formis,
1628 3348 1661 3394 ac
1676 3349 1747 3400 cum
1758 3337 1825 3413 qui-

1082 3423 1187 3486 busvis
1208 3423 1300 3485 etiam
1326 3421 1589 3500 derogatoriarurn
1612 3427 1824 3505 derogatoriis,

1082 3517 1211 3596 aliisque
1232 3516 1462 3594 efficacioribus,
1490 3519 1703 3584 efficacissimis
1725 3539 1757 3583 ac
1778 3523 1825 3586 iu-

1081 3610 1178 3672 solilis
1199 3609 1354 3682 clausulis,
1377 3611 1634 3691 irritantibusque
1649 3621 1680 3676 et
1695 3614 1760 3676 aliis
1775 3617 1825 3680 de·

1082 3705 1174 3766 cretis
1196 3703 1228 3765 in
1252 3718 1366 3780 genere
1389 3703 1439 3765 vel
1460 3705 1493 3766 in
1514 3707 1626 3784 specie,
1649 3725 1683 3770 ac
1702 3709 1770 3771 aliis
1791 3711 1824 3772 in

1083 3795 1273 3857 contrarium
1295 3795 1525 3872 quomodolibet
1542 3800 1703 3874 concessis,
1718 3816 1826 3879 appro-

1083 3889 1159 3951 batis
1180 3897 1212 3950 et
1231 3887 1396 3950 innovatis.
1420 3888 1536 3964 Quibus
1557 3892 1701 3954 omnibus
1718 3901 1749 3956 et
1763 3894 1825 3958 sin·

1082 3982 1163 4060 gulis
1186 3981 1309 4043 illorum
1326 3988 1450 4044 tenores
1465 3985 1678 4060 praesentibus
1693 4002 1747 4064 pro
1762 3987 1826 4066 ple·

1082 4091 1120 4138 ne
1141 4082 1173 4137 et
1194 4073 1385 4138 sufficienter
1402 4075 1564 4153 expressis,
1580 4093 1612 4139 ac
1626 4079 1663 4140 de
1678 4081 1773 4142 verbo
1788 4081 1824 4142 ad

1082 4170 1214 4231 verbum
1236 4167 1360 4230 insertis
1381 4167 1540 4242 habentes,
1559 4168 1618 4230 illis
1632 4170 1704 4232 alias
1719 4172 1750 4234 iu
1769 4190 1824 4235 suu

130 4283 274 4342 nmluaprs
324 4275 343 4349 5
366 4273 393 4336 l.
417 4272 537 4351 Exponi
554 4271 641 4334 uobis
656 4287 755 4351 nuper
770 4271 911 4334 lecerunt
925 4271 1027 4334 dilecti
1082 4263 1193 4324 robore
1218 4261 1439 4340 permansuris,
1462 4261 1497 4322 ad
1523 4263 1762 4340 praemissorum
1782 4266 1825 4328 ef-

121 4345 160 4380 uu,
290 4365 343 4429 nin
359 4365 514 4439 officiales,
529 4372 561 4427 et
580 4362 749 4426 confratres
770 4364 1028 4426 confraternitatis
1081 4353 1198 4418 seclum
1214 4355 1268 4415 hil
1283 4353 1348 4415 life
1363 4355 1523 4417 dumtaxat
1542 4355 1713 4433 specialiter
1727 4366 1758 4420 θῑ
1772 4374 1825 4421 0¹·

290 4461 318 4524 S.
328 4459 446 4538 losephi
461 4465 492 4520 et
507 4458 895 4536 animarumpurgantium
909 4473 1027 4520 coeme-
1081 4463 1184 4528 plesse
1212 4448 1413 4524 demimus,
1445 4448 1635 4527 caeterisque
1662 4453 1825 4516 millariis

291 4553 356 4616 terii
370 4550 527 4632 hospitalis
539 4549 722 4620 Bethlehem
738 4551 908 4628 nuncupati
923 4551 1027 4613 civita-

291 4647 325 4707 tis
337 4644 444 4708 Ssrhae
458 4643 615 4712 Trinitatis
631 4644 668 4706 de
681 4643 803 4706 Buenos
819 4646 915 4722 Aures
931 4648 962 4707 iu
979 4645 1027 4706 ln·

289 4738 351 4815 diis,
369 4739 452 4818 quod
468 4737 524 4826 ipsi
540 4752 595 4814 pro
616 4753 663 4810 eo,
680 4752 773 4815 quern
795 4753 867 4814 erga
881 4736 1026 4800 eumdem

290 4831 433 4896 Sanctum
448 4830 611 4909 losephum
626 4837 753 4908 gerunt,
769 4829 942 4892 devotionis
956 4831 1027 4893 affe-

289 4933 336 4989 ctu
356 4926 389 4987 in
409 4923 629 5002 septemnario,
645 4924 725 5001 quod
747 4924 779 4986 iu
795 4925 860 4986 eius
875 4925 1025 4988 honorem

289 5018 449 5098 quotannis
469 5016 623 5080 celebrare
653 5024 884 5080 consueverunt
903 5033 958 5081 seu
980 5019 1026 5080 in-

290 5113 430 5186 tendunt,
447 5124 540 5174 uuam
563 5109 686 5170 missam
703 5109 840 5172 votivam
854 5109 1026 5174 solemnem

289 5205 452 5284 propriam,
476 5211 511 5264 ut
535 5201 569 5264 in
597 5201 646 5264 die
674 5201 740 5264 eius
763 5201 852 5276 festo,
878 5203 1027 5266 celebrari

289 5296 384 5360 lacere
403 5311 492 5375 posse
511 5310 711 5372 summopere
725 5294 910 5360 desiderant.
934 5297 1027 5359 Nobis

289 5399 446 5471 propterea
465 5388 628 5450 humiliter
641 5389 804 5467 supplicari
826 5388 979 5466 fecerunt,
992 5400 1026 5452 ut

290 5483 318 5546 in
339 5483 513 5562 praemissis
541 5489 715 5561 opportune
744 5482 907 5561 providere
928 5491 970 5558 et,
992 5493 1028 5546 ut

289 5576 366 5639 iufra
390 5575 554 5652 indulgere
581 5574 618 5636 de
645 5575 837 5652 benignitate
865 5577 1026 5656 apostolica

288 5669 495 5746 dignaremur.

1081 4541 1336 4620 quibuscumque.

1121 4635 1232 4696 Datum
1266 4631 1380 4695 Romae
1414 4634 1493 4710 apud
1521 4631 1552 4695 S.
1581 4634 1707 4698 Mariam
1735 4637 1824 4700 llaiu·

1081 4742 1149 4790 rom
1169 4727 1227 4788 sub
1254 4726 1367 4788 annulo
1396 4726 1567 4802 Piscatoris,
1595 4729 1644 4791 die
1672 4743 1729 4791 xu.
1755 4731 1823 4793 iulii

1081 4835 1277 4896 uoccxcxxx,
1293 4819 1490 4898 pontificatus
1512 4822 1609 4884 nostri
1630 4838 1712 4885 anno
1734 4839 1800 4887 xxx.

1398 5293 1501 5360 ovth.

1082 5481 1284 5546 luctantibus
1315 5483 1511 5547 monialibus
1540 5481 1575 5546 B.
1597 5483 1639 5550 M.
1664 5487 1693 5548 V.
1717 5485 1825 5550 fleme-

1122 5575 1249 5638 diorum
1271 5577 1307 5639 de
1328 5577 1436 5640 Potosi
1461 5576 1686 5640 Clurcuseusis
1708 5580 1824 5643 dioece-

1024 5699 1028 5708 ·
1119 5671 1164 5730 sis
1185 5669 1222 5732 in
1237 5670 1352 5742 ludi-is,
1368 5671 1561 5753 indulgetur
1582 5672 1706 5748 eisdem,
1724 5683 1763 5736 ut
1778 5679 1824 5756 os-

124 5767 273 5862 §oportunus
324 5764 392 5839 §2
417 5761 478 5826 Nos
500 5763 597 5840 igitur
626 5761 721 5826 dictos
743 5769 933 5842 exponentes
960 5779 1026 5840 spe·
1119 5761 1229 5840 ficium
1243 5765 1441 5827 sanctissimi
1457 5765 1661 5828 Sucrumcnii
1681 5769 1773 5829 senrel
1788 5771 1824 5832 iu
1863 5749 1868 5770 ⁴

134 5829 180 5866 ¹⁰⁰¹*
289 5857 411 5920 cialibus
439 5857 544 5934 gratiis
575 5865 605 5919 et
633 5856 788 5919 favoribus
813 5857 956 5934 prosequi
974 5872 1025 5919 vo·
1120 5869 1233 5930 meuse,
1258 5855 1368 5919 diebus
1394 5875 1457 5918 uun
1486 5857 1659 5936 impeditis,
1687 5862 1823 5926 recitare

289 5949 396 6030 lentes,
425 5957 456 6012 et
489 5965 599 6013 eorum
630 5951 802 6028 singulares
833 5965 978 6030 personas
1009 5967 1024 6012 a
1119 5949 1247 6015 ouleuut
1269 5951 1328 6016 sub
1350 5953 1421 6014 ritu
1444 5952 1576 6035 duplici.
