4750 6980
45 2531 47 2624 l

921 553 992 608 elus
1014 559 1063 607 er.
1087 559 1130 606 rr.

257 679 345 742 etiam
368 678 535 754 diligenter
548 697 605 743 suo
619 679 719 742 officio
733 680 910 743 huiusmodi
930 680 1000 742 lun·

258 780 359 848 gente,
383 773 428 834 eis
449 773 608 850 integrum
632 776 703 848 erit,
720 773 809 836 illum
831 773 863 834 in
885 787 1001 835 munus

257 863 431 927 huiusmodi
446 867 480 928 ad
496 866 577 928 aliud
599 867 656 929 sibi
678 867 863 930 benevisum
880 875 1001 944 tempus

256 957 450 1030 confirmare,
467 960 558 1034 eique
573 959 665 1021 ellam
687 957 809 1037 aliquod
825 970 998 1033 congruum

257 1065 369 1111 munus
392 1048 516 1126 elargiri
538 1058 569 1112 et
590 1051 754 1126 assignare.

573 1239 680 1302 XXIII.

88 1445 109 1486 n
120 1435 195 1494 mille
208 1429 240 1475 ⁰¹·
293 1431 312 1506 ἓ
333 1429 383 1492 25.
401 1429 441 1490 Ul
456 1428 591 1490 ollleium
604 1427 803 1488 commissarii
816 1425 998 1486 missionum

79 1495 108 1540 lcii
121 1493 239 1534 commissa·

79 1551 96 1592 n
114 1541 238 1588 misianum
256 1539 325 1586 cum
347 1523 446 1584 allicio
461 1522 639 1584 earumdem
657 1520 839 1582 missionum
855 1515 998 1594 praelecti

78 1594 240 1648 rnaremcioprae⁴

79 1657 119 1698 letlt,

256 1618 397 1694 deinceps
407 1616 532 1676 unitum
543 1615 593 1687 sit,
604 1610 864 1691 quemadmodum
877 1625 931 1688 pro
944 1609 997 1682 eis,

256 1712 307 1788 qui
330 1711 362 1770 in
385 1724 464 1770 nova
485 1705 626 1785 Hispania
642 1707 761 1781 degunt
780 1723 794 1764 a
810 1704 860 1766 lel.
880 1701 997 1764 record.

257 1805 415 1868 Clemente
438 1801 492 1862 PP.
511 1798 591 1862 xlv.
611 1815 664 1877 per
686 1815 753 1860 suas
776 1799 806 1859 in
828 1797 923 1857 simili
939 1795 998 1856 lor·

257 1915 303 1961 ma
326 1897 432 1959 Brevis
453 1896 502 1958 die
524 1909 603 1956 xxrt.
622 1893 800 1956 novembris
822 1904 995 1954 uncccxtr.

256 1989 410 2070 expeditas
423 1989 524 2050 literas
541 1988 724 2066 incipientes
737 1985 826 2050 Alios
841 1999 898 2062 pro
908 1989 1000 2062 porte

256 2082 364 2144 dilecti
384 2081 445 2160 pilii
470 2079 636 2145 Michaelis
653 2079 700 2139 del
717 2078 812 2140 nasot
826 2079 886 2141 luit
900 2077 998 2155 dispo·

254 2177 359 2250 situm,
382 2181 413 2238 et
427 2189 600 2252 asupremo
622 2172 780 2236 indiarum
801 2170 928 2235 consilio
942 2169 1000 2232 snb

255 2271 302 2332 die
324 2285 355 2330 x.
380 2269 451 2330 maii
474 2279 634 2340 uocetur.
659 2265 717 2328 luit
740 2264 945 2342 recognitum.

570 2451 677 2516 XXIV.

45 2625 47 2706 I
107 2655 131 2696 n
148 2648 237 2710 ,vaano
294 2645 312 2718 ἓ
333 2644 382 2705 26.
407 2643 447 2704 Ut
468 2640 695 2704 commissarius
714 2639 866 2700 missionis
884 2636 999 2714 praedi·

45 2729 47 2776 I

45 2785 46 2816 t

81 2717 98 2748 lle
105 2711 236 2748 lommtssat'tt

81 2758 191 2802 alstanum.
255 2738 374 2800 clusin
397 2735 535 2813 quolibet
556 2734 684 2808 collegio
707 2734 791 2794 iusta
813 2731 907 2792 dictas
928 2746 999 2791 con·

253 2831 431 2896 stitutiones
443 2829 678 2890 Innocentianas
689 2825 817 2888 lundato
833 2825 864 2885 iu
877 2822 1000 2899 singula

253 2923 401 2987 sexennia
432 2921 579 3002 eligatur,
609 2919 718 2981 eodem
747 2933 871 2994 prorsus
896 2915 998 2991 modo,

254 3034 315 3097 quo
337 3017 370 3078 in
392 3014 513 3090 singula
537 3013 669 3076 triennIa
699 3011 858 3090 guardIani
880 3011 1000 3087 eligun-

254 3118 316 3184 tur,
339 3117 433 3186 prout
464 3121 644 3185 expressum
671 3106 786 3182 legitur
807 3105 839 3166 in
868 3104 999 3166 declara-

255 3205 338 3266 tione
360 3202 453 3279 primi
475 3200 577 3276 dubii;
601 3199 746 3262 omnibus
768 3214 842 3260 vero
862 3201 1000 3263 sacerdo-

256 3298 348 3371 tibus,
371 3295 425 3374 qui
446 3295 483 3356 ab
504 3309 587 3356 anno
609 3294 641 3355 in
657 3291 787 3370 collegio
809 3309 1000 3355 commoran-

254 3398 306 3452 tur
327 3390 413 3452 iusta
436 3388 693 3451 consuetudinem
708 3386 896 3449 electionum
919 3401 1001 3448 com·

255 3483 465 3546 missariorum
486 3479 737 3559 septemnalium,
753 3487 784 3540 et
806 3479 937 3556 primam
953 3479 999 3541 ln·

255 3575 470 3639 nocentianam
491 3574 749 3636 constitutionem
770 3572 827 3635 sub
849 3573 998 3648 numil,

255 3672 326 3733 ltuic
346 3668 492 3731 electioni
513 3668 695 3745 suffragium
711 3666 831 3728 lerendi
853 3669 900 3730 ius
921 3669 996 3730 erit:

256 3779 363 3828 omnes
373 3763 519 3842 praelecti
533 3761 734 3824 commissarii
748 3762 933 3825 missionum
945 3763 998 3838 sic,

256 3867 288 3921 ut
317 3857 501 3937 praefertur,
525 3857 557 3918 in
588 3855 710 3932 singula
738 3855 885 3918 sesannia
911 3855 999 3917 electi

258 3959 413 4030 tamquam
448 3949 581 4027 delegati
613 3948 816 4016 commissarii
847 3948 1000 4024 generalis

257 4060 380 4108 omnem
400 4042 558 4106 habebunt
580 4049 611 4104 et
632 4040 818 4112 obtinebunt
833 4039 1000 4118 superiori·

257 4147 350 4202 tatem
373 4138 406 4200 in
428 4135 625 4199 missionibus
639 4143 670 4196 et
685 4135 718 4196 in
733 4134 997 4208 conversionibus,

257 4248 332 4312 quae
363 4229 589 4309 quodammodo
611 4230 646 4292 ad
676 4230 845 4307 respectiva
872 4228 1000 4306 collegia

256 4330 407 4404 spectant,
420 4330 513 4401 atque
526 4320 609 4384 illius
623 4321 711 4384 oneri
722 4327 752 4383 et
764 4321 892 4384 servitio
903 4328 999 4399 stant,

256 4437 326 4484 cum
348 4427 515 4482 teneantur
529 4416 596 4478 illas
611 4416 747 4492 visitare,
764 4424 854 4496 atque
876 4417 999 4480 illarum

256 4512 431 4592 progressui
452 4509 628 4588 invigilare,
644 4510 736 4571 etiam
751 4511 861 4573 lratres
882 4511 1000 4573 missio·

257 4607 358 4668 narlos
386 4607 423 4668 de
451 4620 516 4667 uno
544 4603 576 4665 in
604 4603 739 4667 alterum
769 4604 917 4682 populum
945 4621 999 4668 seu

257 4699 435 4762 mIssionem
463 4697 695 4772 transierendo,
725 4699 847 4775 quando
874 4697 998 4762 illarum

258 4793 372 4855 bonum
394 4799 486 4870 atque
514 4789 629 4854 utilitas
658 4791 701 4852 sic
728 4792 873 4870 postulet.
905 4793 999 4866 Quam

257 4883 382 4964 quidem
395 4884 609 4948 auctoritatem
625 4884 719 4946 etiam
734 4884 832 4964 quoad
848 4885 927 4962 ipsos
941 4885 1000 4948 lra-

258 4990 329 5057 tres,
358 4979 411 5059 qui
437 4985 507 5041 actu
534 4976 732 5040 missionibus
756 4977 945 5055 inserviunt,
968 4980 1000 5041 ni

257 5072 456 5137 commissarii
477 5085 622 5134 exercere
650 5077 809 5149 poterunt,
831 5087 882 5134 eos
906 5073 1000 5135 corri-

259 5169 369 5245 gendo,
386 5182 419 5229 ac
432 5164 468 5228 ad
483 5163 614 5227 claustra
635 5162 727 5225 etiam
746 5167 930 5240 revocando,
946 5168 999 5245 qni

258 5261 341 5324 obliti
364 5260 537 5334 vocatione,
555 5275 614 5338 qua
628 5259 727 5337 vocati
743 5265 828 5334 sunt,
851 5259 879 5320 ei
896 5260 927 5320 in
942 5259 999 5322 sibi

258 5355 432 5418 concredito
458 5352 635 5416 ministerio
655 5353 736 5414 ltaud
764 5353 998 5431 responderent,

258 5456 307 5510 aut
321 5465 376 5509 sua
390 5445 469 5509 mala
485 5445 610 5508 vivendi
632 5445 751 5508 ratione
772 5444 861 5506 Indos
877 5461 1000 5524 perver-

259 5550 373 5604 terent:
390 5553 470 5618 quae
483 5537 610 5618 quidem
624 5539 662 5600 de
676 5553 829 5601 consensu
842 5537 1000 5614 guardiam

257 5635 303 5696 sni
324 5634 475 5710 cuiusque
495 5631 617 5708 collegii
639 5631 705 5693 lieri
727 5631 853 5707 debent,
870 5631 929 5692 nisi
951 5647 1000 5693 res

258 5727 297 5790 ita
317 5735 458 5804 urgeret,
481 5734 516 5787 ut
538 5723 744 5788 necessarium
766 5722 857 5799 leret,
882 5733 916 5786 nt
936 5723 1000 5802 ipse

258 5836 310 5898 per
331 5837 365 5882 se
380 5821 464 5882 bisce
484 5817 688 5882 incommodis
704 5817 901 5895 prospiceret.
914 5817 1000 5892 Quod

258 5914 281 5976 si
302 5913 467 5978 memorati
488 5910 634 5993 praelecti
658 5910 860 5974 commissarii
881 5910 1002 5972 missio-

1721 545 1779 618 tar
1830 554 1882 612 ln.
1897 562 1927 616 c.
1949 553 2017 614 1797

1058 695 1134 740 num
1150 681 1300 760 exaliqua
1325 686 1409 760 gravi
1429 695 1482 748 aut
1504 685 1620 753 utiliori
1637 708 1725 754 causa
1741 693 1799 756 dis·

1058 775 1134 836 tenti
1162 775 1235 836 haec
1267 793 1321 856 per
1345 795 1377 840 se
1403 783 1513 860 exequi
1545 801 1606 844 non
1637 795 1797 864 poterunt,

1057 873 1130 927 tunc
1151 885 1219 930 suas
1241 869 1399 932 facultates
1421 874 1661 954 vice-praelecto
1682 883 1799 943 missio·

1057 974 1145 1034 num,
1161 977 1215 1021 seu
1238 960 1325 1024 alteri
1349 965 1541 1030 missionari0
1556 971 1691 1036 eiusdem
1708 977 1801 1038 semi·

1057 1053 1147 1126 narii,
1162 1054 1216 1130 qtri
1239 1055 1389 1132 probitate
1404 1061 1485 1122 vitae
1499 1066 1750 1130 commendabilis
1766 1069 1800 1131 in

1057 1145 1188 1207 Domino
1208 1149 1257 1222 sit,
1281 1153 1489 1228 committent,
1505 1165 1597 1233 prout
1618 1159 1678 1220 iam
1701 1160 1737 1222 ab
1751 1162 1799 1223 ln-

1056 1239 1797 1328 nocentianisconstitutionibusdispositumluit.

1379 1433 1473 1494 XXV.

1096 1609 1249 1684 §altit
1277 1618 1521 1694 commissarius,
1552 1633 1586 1684 ut
1613 1627 1798 1703 praefertur,
1844 1645 1877 1688 ne
1897 1643 2029 1706 recuruu-

1055 1699 1170 1762 electus
1182 1719 1236 1780 per
1252 1705 1411 1782 integrum
1425 1729 1516 1774 suum
1532 1720 1719 1781 sexennium
1735 1738 1798 1782 om·
1818 1695 1866 1792 II?
1884 1707 2029 1742 ⁰⁰¹¹³¹¹¹¹⁸⁵³'

1056 1793 1146 1854 nibus
1167 1795 1372 1875 facultatibus,
1395 1809 1655 1885 exemptionibus,
1679 1829 1800 1889 praero-

1056 1887 1176 1962 gativis,
1205 1893 1460 1966 praeeminentiis
1489 1907 1603 1976 utatur,
1633 1920 1707 1981 quas
1736 1924 1799 1970 me·
1837 1922 1841 1928 ’

1056 1989 1191 2044 moratae
1203 1982 1441 2051 Innocentianae
1452 1995 1688 2060 constitutiones
1703 2000 1800 2063 electo

1054 2073 1089 2133 ad
1119 2078 1331 2151 septemnium
1364 2088 1431 2144 tum
1461 2088 1697 2166 commissoriis,
1731 2100 1799 2156 tum

1033 2175 1036 2182 ’
1056 2165 1215 2244 praelectis
1235 2174 1418 2236 concedunt.

1369 2363 1477 2426 XXVI.

1095 2542 1113 2614 ἓ
1135 2542 1183 2602 ²8·
1205 2543 1243 2605 Ut
1265 2562 1342 2624 IIuae
1357 2564 1455 2628 ¹¹quss
1473 2552 1572 2617 adbuc
1594 2557 1626 2618 In
1642 2575 1728 2623 mole
1742 2561 1800 2624 IuII
1836 2579 1871 2622 De
1885 2576 1968 2640 lormn
1982 2587 2031 2622 ser-

1055 2632 1089 2692 ad
1113 2634 1243 2698 lormam
1265 2640 1471 2715 dispositionis
1484 2650 1636 2711 secundae
1651 2653 1801 2718 Innocen·
1819 2630 1938 2676 ΜΝ
1950 2629 2030 2675 '⁰¹⁰⁰'

1072 2727 1076 2736 Ι
1268 2733 1272 2740 .
1330 2733 1335 2742 Ι
1819 2683 1858 2728 dis
1873 2683 2008 2739 suffragiis.

1058 2734 1155 2788 ltaliae
1177 2735 1406 2796 constitutionis
1426 2738 1483 2798 sub
1505 2757 1627 2804 numer.
1644 2746 1682 2805 :tt
1704 2748 1735 2807 in
1758 2747 1801 2808 le-

1056 2822 1159 2882 remlis
1170 2824 1322 2902 sullragiis
1334 2827 1593 2898 discretorlalibtts
1602 2855 1634 2898 ac
1647 2839 1678 2899 in
1691 2823 1813 2903 eorum¹

1055 2914 1284 3016 subrogatione,
1308 2919 1360 2996 qni
1384 2920 1433 2983 illa
1455 2923 1537 2988 serre
1558 2927 1683 3006 debent,
1706 2933 1799 2996 etiam

1056 3023 1088 3068 rn
1110 3017 1269 3084 posterum
1290 3011 1352 3073 sint
1375 3014 1518 3092 religiose
1539 3021 1712 3087 retinenda.

1366 3203 1488 3268 XXVII.

1095 3387 1183 3462 529.
1210 3387 1249 3450 Ut
1270 3391 1436 3453 eveniente
1465 3395 1551 3457 obitu
1580 3396 1629 3458 vel
1651 3400 1800 3464 dimissio·
1826 3424 2030 3469 nseonvocauo-

1056 3495 1096 3541 ne
1126 3489 1179 3543 aut
1207 3481 1396 3546 abdicatione
1427 3489 1625 3552 commissarii
1656 3494 1799 3570 praelecti
1817 3476 2030 3586 21⁰0,⁰3I,’{,²,f¹¹1'¹„¹32‘3

1056 3575 1181 3638 actualis
1203 3576 1344 3638 nondum
1366 3586 1472 3641 exacto
1494 3582 1640 3658 triennio,
1660 3588 1800 3661 guardia·
1817 3582 2029 3681 {percommissis-

1056 3687 1115 3733 nus
1135 3671 1183 3732 sui
1205 3669 1326 3748 collegii
1347 3672 1405 3733 sub
1425 3688 1522 3750 poena
1537 3677 1716 3755 privationis
1734 3681 1799 3744 olli·
1851 3671 1855 3680 ’

1056 3764 1095 3826 cii
1110 3771 1176 3841 post
1192 3763 1329 3825 triduum
1345 3780 1360 3824 a
1376 3765 1425 3827 die
1441 3767 1559 3830 habitae
1574 3769 1702 3833 notitiae
1716 3788 1799 3834 com-

1055 3854 1227 3935 putandum
1240 3871 1347 3919 omnes
1357 3857 1466 3921 iratres
1477 3860 1618 3928 absentes
1634 3862 1669 3924 ad
1680 3881 1798 3928 novum

1055 3949 1227 4028 capitulum
1249 3956 1350 4025 coget,
1373 3958 1466 4028 atque
1487 3952 1523 4013 iis
1544 3957 1714 4033 perventis,
1731 3961 1799 4036 qui-

1055 4043 1112 4106 bus
1134 4041 1221 4104 lacile
1235 4041 1294 4103 luit
1316 4043 1398 4104 inter
1413 4043 1526 4122 viginti
1547 4046 1670 4111 dierum
1693 4053 1800 4113 termi-

1056 4152 1132 4198 num
1155 4135 1275 4210 venire,
1299 4139 1507 4200 communitas
1527 4141 1567 4202 sil
1592 4145 1798 4218 convocanda,

1057 4228 1433 4307 novumqueeligendum
1447 4233 1694 4298 commissarium
1715 4237 1800 4300 iuxta

1056 4323 1201 4402 disposita
1227 4323 1259 4384 in
1289 4322 1419 4385 articulo
1442 4323 1462 4385 l.
1487 4325 1546 4388 Cui
1571 4327 1696 4405 quidem
1721 4331 1800 4409 capi·

1057 4415 1123 4477 tulo
1145 4415 1244 4476 dictus
1266 4417 1453 4491 guardianus
1474 4421 1620 4496 praeerit,
1644 4429 1736 4500 atque
1758 4424 1800 4486 la-

1056 4515 1137 4569 ctam
1155 4505 1341 4570 electionem
1361 4525 1433 4571 cum
1455 4511 1601 4576 omnibus
1623 4517 1801 4578 necessariis

1055 4599 1249 4663 facultatibus
1270 4602 1478 4676 confirmabit,
1508 4611 1600 4683 atque
1620 4607 1662 4669 sic
1683 4608 1800 4672 electus

1056 4709 1154 4772 usque
1182 4693 1219 4756 ad
1246 4693 1424 4771 proximum
1455 4696 1599 4760 loturum
1629 4699 1800 4779 capitulum

1056 4786 1275 4862 guararanes,
1298 4787 1329 4849 in
1358 4802 1420 4865 quo
1445 4804 1545 4852 novus
1573 4793 1800 4858 commIssarius

1056 4880 1116 4942 erit
1136 4879 1309 4956 eligendus,
1331 4896 1386 4944 suo
1408 4881 1559 4960 iungetur
1580 4884 1692 4948 ollrcio.

1365 5068 1503 5132 xxvttt.

1096 5258 1115 5332 5
1136 5256 1185 5319 30.
1202 5257 1338 5319 Tandem
1352 5257 1563 5335 constituitur,
1585 5269 1620 5324 ut
1635 5278 1668 5324 ea
1682 5263 1799 5340 omnia,
1832 5285 1867 5331 na
1878 5285 2032 5342 martiano-

1056 5351 1093 5413 de
1114 5350 1226 5429 quibus
1247 5351 1321 5412 haec
1341 5351 1470 5413 articula
1491 5369 1635 5432 expresso
1656 5373 1718 5419 non
1740 5357 1799 5420 dis·
1818 5339 2032 5439 {gffluss‘m‘ffi‘ssi

1056 5451 1189 5524 ponunt,
1207 5444 1395 5520 guardianus
1410 5453 1440 5506 et
1455 5445 1578 5508 discreti
1599 5449 1637 5524 (si
1652 5448 1709 5529 ipsi
1724 5466 1799 5513 nna·
1817 5443 2031 5546 ξιξῑξξξξὲῗῃῖῗξ

1056 5537 1134 5598 nimi
1162 5551 1314 5600 consensu
1337 5537 1365 5600 id
1387 5538 1423 5600 ad
1445 5537 1505 5599 [lei
1520 5539 1623 5603 cultus
1650 5557 1799 5620 angmen-
1818 5551 1895 5597 ninus
1913 5561 2030 5614 expressa

1057 5637 1125 5692 tum
1146 5647 1179 5692 ac
1201 5628 1284 5707 regis
1304 5630 1445 5692 catholici
1461 5634 1627 5696 servitium
1643 5637 1800 5714 pertinere
1818 5614 1870 5703 III
1898 5614 2030 5661 ¹⁰⁹⁰¹¹³¹¹“

1056 5722 1257 5801 reputabunt)
1285 5738 1339 5801 per
1367 5725 1490 5801 seipsi,
1514 5732 1545 5786 et
1569 5728 1800 5804 quomodolibet

1056 5814 1099 5876 eis
1120 5830 1191 5878 cum
1213 5815 1390 5880 adsistentia
1408 5818 1577 5895 superioris
1597 5823 1750 5897 generalis
1765 5823 1800 5884 li-

1055 5909 1169 5983 cuerit,
1202 5909 1355 5984 decidere,
1382 5907 1513 5971 definire
1534 5927 1567 5973 ae
1594 5920 1729 5978 statuere
1750 5933 1802 5981 va·
