4750 6980
69 577 107 627 lp.
119 569 146 620 G.
167 561 221 616 1796

77 3428 124 3490 latio
135 3433 221 3474 concae

66 3493 117 3528 ‹oan

907 571 978 617 PIUS
998 571 1047 616 1³1².
1072 573 1114 618 Vl.

245 689 402 765 mummia,
429 691 465 752 ad
486 692 721 768 praemissorum
749 689 905 764 ellectum,
927 689 983 751 liae

242 782 305 846 rice
318 781 477 846 dumtaxat
491 784 664 863 specialiter
681 790 712 846 et
733 798 876 861 expresse
896 783 983 846 dero-

242 893 361 955 gamus,
390 878 579 957 caeterisque
599 878 761 940 contrariis
783 877 982 956 quibuscum·

241 985 309 1050 que.

278 1064 389 1126 llatum
413 1064 543 1139 Romae,
569 1065 647 1144 apud
677 1066 707 1129 S.
737 1066 863 1128 llariam
891 1065 980 1128 llaio-

243 1173 317 1233 rem,
332 1158 389 1220 sub
403 1158 520 1220 annulo
535 1158 705 1234 Piscatoris,
720 1159 771 1220 die
786 1176 829 1222 xr.
846 1167 981 1238 septem·

243 1252 301 1314 bris
321 1268 495 1325 rinecxcv,
519 1252 712 1332 pontificatus
731 1253 828 1315 nostri
843 1270 892 1315 an.
911 1268 977 1314 xxi.

487 1453 736 1462 m.-

563 1629 653 1694 CXV.

245 1817 399 1880 Brmiline
420 1814 637 1880 Antiatitibns
662 1815 854 1897 facultatem
876 1831 981 1876 concc-

283 1913 328 1974 tit
356 1909 562 1988 dispensandi
590 1909 625 1970 in
651 1925 844 1988 quocunqne
875 1908 985 1988 gradu.

280 2007 573 2090 consanguinitatis
594 2013 623 2070 et
647 2008 827 2088 affinitatis,
851 2013 981 2084 praeter

279 2104 440 2183 primum,-
461 2100 625 2182 delegandi
639 2098 859 2178 presbyteram
874 2101 915 2160 od
930 2115 979 2160 so·

280 2202 477 2259 aramentum
489 2194 739 2273 confirmationis
750 2192 980 2257 administran-

281 2291 364 2354 dum.

242 2476 333 2543 tana.
350 2474 497 2541 tratribus
513 2473 677 2540 Antiatibus
696 2469 854 2550 Brasiliae,
871 2470 979 2554 degea-

278 2571 356 2636 tibue
372 2569 400 2634 ln
412 2568 521 2634 ditione
534 2565 712 2633 carissimae
726 2567 753 2631 in
765 2563 885 2632 clareto
895 2564 979 2631 tiliae

281 2669 402 2730 nostrae
425 2661 540 2727 Mariae
567 2659 752 2726 franciscae
776 2657 979 2741 Ponagatttae

280 2762 311 2823 et
331 2755 533 2840 blgarblornrn
557 2753 680 2835 reginae
703 2752 911 2819 fidelissimae.

491 2938 576 3007 etus
600 2939 658 3005 ΡΡ.
682 2937 726 3006 tt.

451 3128 640 3196 venerabilis
661 3127 768 3205 trater,

272 3226 400 3294 salutern
423 3229 454 3290 at
475 3223 673 3306 apostaticam
697 3221 945 3288 benedictionem.

278 3418 296 3492 ἓ
319 3417 346 3480 l.
368 3416 508 3493 nagnam
530 3412 665 3491 proiecto
691 3427 795 3476 curam
817 3419 847 3473 et
869 3411 980 3486 cogita·

238 3511 355 3573 tionem
375 3507 601 3586 suscipiendam
620 3506 865 3568 existimavimus
879 3506 917 3567 de
931 3520 979 3577 eo,

237 3605 317 3684 quod
338 3603 513 3682 expositum
543 3616 642 3678 nuper
664 3600 751 3661 nobis
775 3607 821 3660 est
843 3597 981 3660 charissi-

237 3715 305 3760 mae
325 3699 358 3759 in
381 3696 502 3759 Christo
524 3692 604 3756 tiliae
626 3701 749 3755 nostrae
763 3692 873 3754 Mariae
887 3691 980 3754 Fran-

236 3792 331 3854 ciscae
351 3788 557 3865 Portugalliae
571 3798 601 3849 et
617 3785 834 3862 algarbtoram
855 3786 980 3862 reginae

236 3883 431 3948 fidelissimae
446 3881 584 3955 nomine,
600 3888 636 3942 ut
651 3879 779 3942 remedii
800 3877 914 3956 aliquid
930 3880 978 3940 ad·

236 3977 414 4039 biberemus
429 3973 573 4036 Brasiliae
584 3973 695 4033 vestris
710 3971 831 4050 populis
841 3971 980 4033 laboran-

238 4072 328 4146 tibus,
352 4087 428 4150 quos
449 4069 553 4142 etiarn,
572 4075 725 4146 tamquam
740 4082 813 4127 oves
834 4082 913 4140 suas,
930 4081 979 4142 pa-

237 4174 355 4227 storum
377 4164 519 4241 princeps
534 4160 621 4223 nohis
642 4160 806 4238 pascendos
823 4169 853 4221 et
868 4160 979 4222 ducen-

237 4259 288 4321 dos
310 4255 549 4320 commendavit.
577 4254 805 4316 Renunciatum
827 4268 898 4314 nam
921 4260 978 4326 est,

237 4353 316 4432 apud
337 4349 405 4411 illos
426 4365 463 4410 ex
479 4355 588 4410 natura
609 4347 759 4420 locorum,
777 4361 835 4424 qua
849 4345 979 4407 familiae

238 4446 330 4510 altera
352 4443 389 4505 ab
409 4443 502 4505 altera
519 4443 641 4519 longius
663 4439 933 4514 disterminantur,
950 4446 980 4501 et

238 4539 419 4603 commercia
434 4553 482 4598 eas
503 4537 585 4598 inter
599 4534 814 4613 prohibentur,
835 4542 927 4612 atque
942 4550 980 4595 ex

239 4635 303 4696 aliis
323 4632 431 4696 multis
452 4631 565 4703 causis,
591 4645 669 4707 quae
690 4626 846 4690 difficilem
868 4628 980 4689 liabent

239 4726 435 4804 explicatum,
455 4723 607 4786 connubia
616 4723 729 4801 passim
739 4721 811 4784 iniri
821 4721 902 4783 inter
915 4737 980 4800 pro·

238 4821 380 4899 piandos,
402 4833 458 4880 nec
478 4817 550 4878 inde
572 4833 622 4879 eos
644 4816 793 4878 deterreri
814 4830 914 4894 posse,
929 4825 980 4880 aut

239 4911 395 4989 religionis
416 4911 586 4984 sanctitate,
603 4916 655 4972 aut
676 4923 846 4986 poenarum
868 4908 904 4970 ab
926 4909 980 4970 Ec-

240 5004 326 5066 clesia
347 5003 573 5082 propositarum
601 5013 699 5076 metu,
722 5011 774 5064 aut
795 5001 980 5064 antistitum

240 5099 418 5162 auctoritate
432 5097 506 5171 nlla,
522 5099 575 5160 sed
589 5097 752 5160 infinitum
774 5096 890 5158 malum
905 5112 980 5174 quo-

241 5193 311 5255 tidie
331 5206 456 5270 serpere
486 5200 516 5252 et
538 5205 662 5251 manare
683 5190 787 5252 latius:
812 5188 980 5266 quominus

240 5303 311 5349 xero
332 5287 369 5347 ab
391 5283 468 5348 Sede
489 5287 543 5346 lrac
563 5291 666 5345 sancta
687 5282 848 5362 apostolica
872 5282 980 5344 identi-

240 5381 307 5443 dem
329 5379 514 5459 dispensatio
536 5383 669 5458 petatur,
692 5385 814 5438 tantum
835 5377 926 5438 maris
948 5393 980 5438 ae

240 5483 393 5536 terrarum
422 5473 554 5552 spatium
586 5470 760 5550 oppositum
791 5487 873 5545 esse;
902 5469 980 5532 illud

240 5577 393 5643 praeterea
415 5567 569 5628 adiectum
584 5566 643 5628 luit
656 5571 847 5626 sacramento
868 5563 979 5623 condr-

241 5660 392 5735 mationis,
409 5677 468 5738 quo
489 5668 523 5722 ut
539 5659 703 5736 baptizatos
719 5658 858 5720 homines
873 5657 980 5719 adver·

241 5770 288 5815 sus
299 5769 482 5817 communes
497 5762 619 5816 nostrae
639 5753 745 5814 salutis
759 5752 862 5812 hostes
882 5765 980 5811 arma-

241 5855 307 5909 rent
321 5865 354 5910 ac
370 5849 543 5921 munirent,
560 5849 632 5909 adeo
654 5846 774 5909 solliciti
797 5853 885 5906 erant
901 5847 980 5921 Apo-

242 5941 318 6017 stoli,
335 5957 372 6004 eo
386 5955 459 6033 sane
475 5941 639 6020 plerosque
653 5941 686 6003 in
701 5939 825 6002 Brasilia
841 5938 977 6012 destitui,

1038 689 1117 768 quod
1138 690 1314 771 Episcopus,
1333 695 1386 771 qui
1408 695 1580 758 ordinarius
1601 697 1667 758 eius
1687 696 1777 758 mini-

1036 791 1099 845 ster
1113 786 1164 859 sit,
1180 801 1221 847 ne
1241 803 1273 848 se
1288 788 1324 849 ad
1338 787 1406 850 illos
1420 787 1558 851 conlerat
1572 789 1606 852 ira
1622 789 1732 852 abditis
1745 807 1779 854 ac

1038 878 1129 939 vastis
1150 887 1181 940 et
1208 880 1383 958 asperrimis
1411 881 1494 958 locis,
1524 883 1589 945 lere
1616 884 1778 962 dispersos,

1037 971 1219 1047 retineatur,
1240 982 1293 1037 aut
1320 981 1419 1039 aetate
1442 975 1559 1050 allecta,
1584 982 1636 1040 aut
1663 976 1780 1040 valetu-

1037 1061 1120 1139 dine,
1142 1073 1194 1126 aut
1216 1066 1411 1143 longitndine
1438 1078 1469 1130 et
1489 1069 1669 1132 difficultate
1689 1069 1781 1133 itine-

1037 1173 1127 1234 rum;
1143 1165 1195 1221 ant
1211 1161 1345 1237 negotiis
1359 1161 1452 1224 otiam
1466 1179 1538 1225 suae
1553 1163 1698 1226 ecclesiae
1713 1179 1781 1240 gra-

1036 1249 1186 1327 vioribus,
1209 1268 1287 1331 quae
1307 1253 1398 1316 illum
1427 1257 1545 1318 tamdiu
1566 1256 1669 1318 abesse
1690 1273 1706 1316 a
1726 1273 1780 1318 sua

1036 1345 1200 1406 catlredrali
1216 1362 1279 1408 non
1299 1348 1419 1411 sinunt.
1442 1348 1523 1424 Quae
1539 1365 1610 1412 cum
1626 1351 1667 1412 ita
1682 1367 1714 1412 se
1728 1353 1780 1410 ha·

1036 1435 1139 1512 beant,
1155 1438 1242 1501 nobis
1263 1439 1401 1503 eiusdem
1422 1443 1525 1518 regiae
1546 1443 1711 1506 maiestatis
1727 1459 1780 1506 no·

1037 1529 1123 1590 mine
1136 1531 1340 1610 supplicatum
1354 1533 1424 1612 luit,
1436 1544 1471 1598 ut
1484 1535 1522 1599 de
1536 1552 1570 1599 ea
1585 1536 1780 1615 plenitudine

1036 1625 1193 1700 potestatis
1214 1625 1328 1701 ligandi
1355 1636 1448 1706 atque
1471 1629 1628 1707 solvendi,
1651 1645 1780 1709 quamn

1036 1717 1167 1780 Domino
1187 1719 1370 1798 accepimus,
1387 1723 1562 1801 prospicere
1577 1722 1666 1786 istius
1681 1724 1780 1799 regio

1037 1810 1085 1872 nis
1106 1811 1213 1874 incolis
1237 1812 1381 1888 velimus,
1403 1831 1461 1894 pro
1485 1815 1598 1896 quibus
1620 1815 1701 1878 idem
1723 1815 1778 1876 llo-

1037 1903 1141 1966 miuus
1162 1905 1258 1967 ultam
1280 1907 1374 1985 ipsam
1397 1908 1544 1987 proludit.
1728 1907 1733 1918 '

1076 1997 1095 2071 ἓ
1116 1997 1143 2058 2.
1166 1996 1227 2060 Nos
1248 1999 1344 2076 igitur
1358 2000 1415 2063 hoc
1431 2007 1491 2064 tam
1513 2000 1702 2079 praeclarum
1715 2009 1781 2064 stu·
1799 2009 1894 2105 adil?
1913 2015 2011 2050 eonces-

1036 2089 1134 2164 dinm,
1150 2093 1290 2170 hancque
1305 2101 1365 2156 tam
1380 2095 1460 2172 piam
1476 2095 1588 2158 blaciae
1602 2097 1780 2159 Franciscae

1036 2185 1162 2262 reginae
1183 2186 1214 2248 in
1236 2203 1307 2250 suos
1328 2188 1522 2252 voluntatem
1545 2191 1602 2268 ipsi
1624 2190 1780 2268 gratulan-

1036 2288 1093 2352 tes,
1137 2279 1257 2358 otisque
1278 2281 1374 2358 ipsius
1388 2291 1540 2362 quantum
1561 2299 1632 2347 cum
1649 2285 1779 2346 Domino

1035 2387 1125 2450 possu
1161 2390 1196 2436 us
1210 2383 1395 2452 annuentes,
1408 2377 1505 2450 vobis,
1516 2377 1707 2440 venerabiles
1721 2375 1779 2438 lra-

1038 2473 1110 2541 tres,
1143 2475 1242 2530 vestra
1271 2469 1422 2532 nimirum
1444 2471 1568 2548 pietate,
1591 2471 1728 2534 doctrina
1748 2479 1780 2533 et

1036 2561 1198 2642 prudentia
1219 2561 1303 2637 iretl,
1320 2571 1355 2624 ut
1369 2563 1401 2625 in
1415 2581 1469 2626 sua
1489 2565 1619 2644 quisque
1640 2573 1779 2628 vestram

1036 2653 1183 2728 dioecesi,
1214 2670 1286 2716 cum
1312 2655 1452 2719 lldelibus
1479 2666 1600 2720 vestrae
1629 2660 1779 2737 cuiusque

1036 2763 1126 2810 curae
1147 2750 1328 2824 commissis,
1351 2766 1556 2830 quocumque,
1579 2761 1699 2831 praeter
1720 2754 1782 2830 pri·

1037 2861 1135 2923 mum,
1151 2847 1447 2924 consanguiunitatis
1462 2855 1524 2910 tam
1541 2848 1572 2910 in
1588 2848 1668 2910 linea
1684 2854 1778 2923 recta,

1037 2955 1128 3019 quam
1151 2949 1334 3015 transuersa,
1357 2948 1540 3020 praeterque
1558 2943 1694 3020 primum
1715 2942 1782 3003 aill-

1037 3035 1142 3097 nitatis
1158 3036 1189 3096 in
1205 3034 1303 3097 lineae
1319 3043 1509 3097 transversae
1524 3036 1630 3112 gradu,
1644 3053 1678 3098 ac
1688 3037 1778 3098 etiam

1035 3129 1061 3189 si
1082 3130 1235 3192 secundus
1256 3126 1356 3191 lineae
1374 3137 1568 3192 transversae
1586 3131 1698 3206 gradus
1712 3131 1779 3191 atti-

1037 3223 1118 3300 gerit
1138 3223 1287 3301 primum,
1304 3223 1355 3285 vel
1369 3224 1404 3286 ad
1420 3224 1615 3286 matrimonia
1637 3224 1780 3304 deinceps

1037 3316 1254 3391 contrahenda,
1278 3316 1328 3378 uel
1349 3318 1385 3380 ad
1406 3318 1651 3396 permanendum
1673 3319 1704 3381 in
1721 3319 1780 3380 iarn

1036 3413 1210 3486 contractis,
1222 3427 1277 3490 pro
1288 3419 1419 3490 utroque
1433 3412 1498 3474 loro
1510 3413 1654 3490 gravibus
1664 3412 1702 3475 de
1712 3429 1782 3476 cau-

1036 3505 1076 3566 sis
1098 3506 1191 3581 gratis
1213 3505 1404 3584 dispensare,
1427 3513 1519 3584 atque
1540 3522 1591 3568 eos
1612 3513 1779 3586 praeterea,

1037 3602 1090 3680 qui
1112 3599 1260 3678 neglectis
1282 3599 1520 3678 propinquitatis
1540 3601 1690 3664 eiusmodi
1713 3617 1781 3680 gra·

1037 3694 1141 3768 dibus,
1165 3701 1270 3755 contra
1293 3691 1375 3769 leges
1402 3691 1635 3770 ecclesiasticas,
1658 3697 1780 3757 tametsi

1035 3789 1185 3862 scienter,
1216 3787 1365 3848 nefariam
1384 3787 1621 3850 matrimonium
1650 3789 1780 3865 iungere

1036 3881 1099 3943 ausi
1121 3881 1248 3955 luerint,
1267 3880 1304 3942 ab
1323 3880 1508 3955 excessibus,
1531 3883 1781 3944 excommunica·

1036 3977 1132 4049 tione,
1154 3973 1281 4052 aliisque
1302 3974 1439 4036 censoris
1460 3981 1491 4037 et
1513 3975 1619 4053 poenis
1641 3977 1778 4038 ecclesia-

1035 4069 1116 4131 sticis
1137 4068 1233 4130 etiam
1254 4082 1309 4144 pro
1330 4074 1462 4146 utroque
1478 4067 1544 4129 lore
1562 4067 1730 4144 absolvere,
1747 4087 1779 4131 ac

1036 4160 1154 4241 prolem
1166 4161 1238 4223 inde
1247 4171 1418 4238 susceptam
1430 4161 1601 4238 legitimam
1613 4161 1777 4239 declarare;

1035 4263 1067 4317 et
1089 4255 1236 4333 quoniam
1257 4255 1462 4318 metuendum
1485 4264 1543 4331 est,
1566 4257 1647 4334 qnod
1669 4257 1779 4318 llentes

1036 4347 1178 4422 dicimus,
1201 4363 1242 4409 ne
1263 4345 1378 4425 aliquot
1399 4364 1455 4408 suo
1477 4347 1591 4412 scelere
1609 4365 1645 4411 eo
1660 4365 1780 4426 proces·

1035 4443 1144 4517 serint,
1162 4450 1196 4505 ut
1217 4440 1364 4503 affinitate
1386 4441 1417 4503 in
1439 4442 1541 4519 primo
1564 4441 1660 4520 gradu
1682 4442 1781 4505 lineae

1037 4543 1137 4598 rectae
1160 4523 1198 4597 ex
1220 4535 1326 4597 illicito
1348 4535 1514 4598 concubitu
1537 4536 1683 4615 implicati
1704 4537 1779 4613 sint,

1036 4645 1108 4706 erga
1136 4632 1190 4692 hos
1219 4645 1360 4709 quoque,
1383 4629 1415 4692 in
1441 4629 1578 4706 occultis,
1602 4639 1633 4693 et
1660 4631 1692 4692 in
1714 4631 1781 4692 loro

1036 4723 1243 4788 conscientiae
1266 4729 1400 4797 tantum,
1415 4724 1583 4787 dummodo
1604 4731 1687 4786 certo
1709 4739 1780 4786 con-

1036 4827 1106 4892 stet,
1129 4818 1209 4895 quod
1232 4816 1346 4878 coniux
1367 4813 1466 4894 proles
1488 4817 1606 4879 nonsit
1627 4817 1664 4878 ab
1684 4816 1781 4879 altero

1036 4911 1287 4973 contrahentium
1303 4909 1418 4984 genita,
1435 4909 1670 4987 dispensationis
1685 4918 1715 4972 et
1730 4910 1780 4972 ab·

1035 5003 1197 5066 solutionis
1219 5011 1474 5065 commemoratae
1490 5003 1639 5066 beneficio
1655 5004 1700 5066 uti
1716 5020 1781 5082 pos·

1035 5099 1101 5159 sitis
1123 5106 1153 5158 et
1174 5096 1301 5158 valeatis
1316 5096 1503 5172 facultatem,
1516 5113 1609 5176 quam
1633 5114 1704 5160 cum
1719 5099 1782 5161 ido·

1037 5192 1101 5255 nels
1124 5191 1310 5267 presbyteris
1331 5191 1580 5265 communicare,
1604 5207 1716 5268 magno
1741 5199 1783 5253 ta·

1036 5301 1108 5346 men
1132 5282 1242 5346 iudicio
1264 5291 1295 5345 et
1316 5283 1437 5346 delectu
1458 5284 1604 5360 adhibito,
1627 5285 1713 5346 vobis
1735 5285 1782 5347 in-

1038 5386 1160 5453 tegrum
1176 5379 1214 5438 sit
1228 5377 1409 5438 auctoritate
1432 5387 1536 5440 nostra
1551 5376 1712 5455 apostolica
1727 5393 1782 5455 per

1036 5480 1211 5548 praesentes
1233 5471 1348 5544 literas,
1364 5487 1442 5548 quae
1457 5472 1491 5534 ad
1508 5471 1620 5548 viginti
1641 5472 1781 5552 quinque

1036 5579 1144 5639 annos,
1159 5581 1216 5627 nec
1230 5563 1322 5638 ultra,
1335 5563 1398 5624 vim
1411 5563 1556 5638 habeant,
1570 5565 1780 5642 impertimur.

1034 5658 1113 5721 illud
1136 5674 1210 5722 vero
1232 5659 1337 5732 etiam,
1361 5667 1394 5719 ut
1417 5659 1637 5738 presbyteram
1652 5664 1704 5721 aut
1718 5675 1781 5722 sae-

1035 5753 1184 5827 cularem,
1201 5761 1253 5814 aut
1267 5751 1404 5814 cuiusvis
1425 5751 1554 5827 ordinis,
1571 5753 1781 5829 congregatio·

1035 5849 1083 5909 nis
1105 5855 1135 5910 et
1156 5847 1302 5922 instituti,
1323 5848 1361 5908 ab
1380 5846 1436 5907 hac
1457 5844 1487 5908 S.
1513 5845 1590 5909 Sede
1612 5845 1779 5924 adprobati,

1035 5941 1223 6018 regularem,
1240 5939 1275 6000 iis
1297 5939 1425 6018 quidem
1448 5939 1635 6001 instructum
1657 5938 1781 6001 virtuti-

1702 559 1761 621 415
1811 561 1864 612 An.
1878 560 1908 614 0.
1930 559 1998 611 1796
