4754 6966
76 615 113 666 in.
122 609 145 659 b.
161 601 220 654 litte

903 609 1045 656 GLEMENS
1066 607 1138 654 xltt.

68 756 131 808 suno
147 748 231 798 unser·
248 727 371 790 lectoris
392 727 483 790 nobis
503 743 597 807 snper
616 731 676 791 hoc
703 727 866 790 humiliter
887 741 994 806 porre-

70 814 160 868 uuionum
186 813 200 847 o

69 867 161 914 samniti

248 821 303 884 ciis
317 820 471 896 inclinati,
488 821 649 884 decretum
665 821 916 899 praeinsertum,
935 837 992 882 au·

247 914 400 977 ctoritate
427 915 616 993 apostoliea,
641 923 748 978 tenore
772 913 992 992 praesentium

246 1005 460 1085 approbamus
482 1015 513 1070 et
541 1010 787 1088 oonfirroemus,
810 1007 922 1085 illique
943 1005 992 1067 in-

246 1098 409 1164 violabilis
430 1102 623 1180 apostolieae
634 1101 804 1180 firmitatis
826 1097 993 1162 roburnd-

245 1194 387 1264 iicimus,
412 1211 576 1273 omnesque
591 1201 621 1256 et
635 1194 782 1275 sinqulos
797 1194 883 1256 iuris
899 1196 929 1252 et
944 1193 961 1270 s
980 1222 994 1236 -

247 1288 292 1348 cti
306 1287 461 1366 desectus,
478 1290 506 1350 si
522 1289 577 1366 qui
593 1289 725 1366 desuper
741 1285 989 1353 inter-uenerint,

245 1380 432 1458 supplemus
443 1389 475 1444 et
489 1397 659 1444 sanamus:
673 1397 707 1444 ac
720 1381 833 1443 dilecto
849 1378 913 1440 lilio
927 1393 994 1439 mo·

245 1475 342 1537 berno
357 1476 512 1553 praelecto
527 1475 664 1553 generali
679 1474 774 1552 ipsius
795 1471 919 1537 Ordinis
940 1487 993 1531 an·

244 1569 386 1630 ctoritate
407 1569 571 1647 apostolica
606 1568 740 1647 praelata
767 1564 993 1629 committimus

244 1669 275 1724 et
296 1663 491 1738 mandamus,
508 1673 542 1727 ut
563 1664 630 1741 ipse
652 1659 928 1722 omnesuooitutes
944 1656 994 1717 iu·

244 1760 351 1816 rectas
383 1762 498 1818 contro
534 1763 673 1818 tenorem
699 1759 730 1816 et
752 1749 992 1829 dispositionem

243 1848 427 1910 eurumdem
449 1849 723 1911 constitutionum
738 1845 852 1908 stetim
868 1841 993 1906 aboleat

243 1945 273 2001 et
296 1939 418 2004 aboleri
449 1942 574 2020 faciat,
599 1957 636 2002 ac
659 1938 794 2002 illarum
828 1934 992 2000 observen-

243 2033 326 2094 tiam
339 2034 582 2113 pristinumque
602 2035 741 2114 oiqorem
763 2031 931 2100 restituet,
954 2044 991 2091 oo

242 2127 380 2189 restitui
400 2133 503 2200 curet,
526 2133 558 2189 et
578 2127 725 2197 merram,
756 2126 797 2188 ita
826 2134 931 2186 tamen
954 2128 989 2182 ut

243 2220 282 2281 de
303 2220 481 2284 huiusmodi
508 2222 615 2283 nostri
643 2219 706 2284 sibi
735 2217 878 2282 iniuncti
901 2231 991 2277 mou-

244 2311 315 2374 dati
349 2315 561 2392 exequutione
592 2315 657 2392 ipse
681 2314 867 2393 praefectus
903 2325 991 2390 qene-

243 2405 337 2479 ralis,
355 2406 406 2469 rel
422 2409 454 2470 in
469 2424 539 2470 casu
554 2408 603 2470 sui
618 2407 731 2480 obitus,
747 2404 878 2468 dilectus
899 2403 992 2464 etiam

244 2497 327 2562 lilius
362 2499 510 2562 Vitorius
544 2498 708 2562 Generalis
739 2498 819 2560 dicti
858 2495 990 2560 Ordinis

242 2593 324 2667 apud
360 2593 509 2655 eumdem
544 2591 751 2654 Emanuelem
782 2591 990 2661 modernum,

241 2697 298 2744 seu
314 2690 390 2746 tunc
405 2685 606 2759 existentem,
632 2683 915 2762 Arcbiepisoopum
931 2679 993 2744 Me-

241 2774 411 2851 aiconum,
443 2784 611 2856 antequam
640 2777 818 2856 proximum
846 2772 991 2851 generale

239 2872 408 2948 saepedicti
446 2870 568 2934 Ordinis
603 2869 775 2948 capitulum
805 2867 883 2931 inibi
910 2881 993 2928 anno

241 2978 439 3039 succurri,
473 2964 676 3027 benedicente
712 2960 842 3024 Domino
876 2959 992 3022 haben·

240 3054 333 3131 dum,
372 3057 565 3131 celebretur,
596 3056 705 3118 dooere
736 3058 902 3123 tencatur,
935 3051 992 3114 sub

241 3149 482 3231 indiqnationis
503 3155 645 3222 nostroe,
661 3167 699 3212 ao
722 3145 920 3226 privationis
942 3145 993 3206 iu

240 3245 289 3306 ris
320 3244 523 3322 praesidendi
545 3245 581 3306 in
602 3243 707 3304 eodem
736 3240 881 3320 capitulo
901 3253 992 3320 qene-

241 3339 309 3401 reli
342 3340 487 3416 promime
521 3337 678 3408 babendo,
711 3343 749 3400 ut
781 3338 989 3417 praefertur,

238 3428 279 3494 ab
301 3434 469 3496 alterutro
491 3431 524 3494 ia
539 3448 601 3494 non
623 3431 829 3509 adimplente,
853 3430 920 3507 ipso
941 3430 992 3508 lo·

239 3535 291 3589 eto
319 3527 530 3591 incurrendis
561 3528 693 3605 poenis,·
714 3541 776 3605 quo
803 3540 873 3586 oesu
905 3524 987 3587 idem

238 3619 509 3700 Arctiepescopus
529 3627 606 3682 tune
627 3619 782 3689 earisteus,
799 3633 897 3696 eoque
914 3626 990 3681 tuno

238 3714 403 3793 impedito,
428 3714 512 3776 illius
537 3712 684 3776 Viearius
707 3713 742 3773 in
757 3707 989 3789 spiritualibus

239 3807 414 3888 quaeratis,
431 3823 487 3870 seu
508 3806 656 3880 alliciatis,
672 3813 704 3867 et
719 3804 747 3882 si
760 3807 847 3868 sedes
863 3807 988 3869 Anchie-

238 3900 402 3981 piscopalis
433 3899 601 3973 Mexioana,
633 3899 714 3976 quod
746 3897 827 3960 Deus
855 3907 985 3976 avertat,

239 4007 318 4062 tunc
338 4013 451 4059 vacans
478 3994 630 4068 extiterit,
654 3992 737 4054 illius
770 3991 915 4055 Viearius
937 4011 988 4057 oo·

238 4091 400 4171 pilularis
423 4087 564 4166 legitime
584 4086 760 4164 deputatus,
784 4085 816 4146 in
838 4084 920 4147 tiieto
936 4103 987 4148 aa·

237 4185 347 4264 pitulo
376 4182 534 4265 peuerell,
560 4183 639 4245 sicut
667 4179 888 4258 praemittitur,
918 4195 988 4258 pro-

238 4280 325 4341 ximo
348 4278 500 4351 babendo,
514 4274 714 4338 auctoritate
728 4281 842 4336 nostra
863 4279 987 4351 aposta·

239 4372 306 4434 lica
327 4370 510 4449 praesideat
516 4390 531 4442 ,·
545 4375 576 4430 et
597 4367 839 4444 circumscriptis
861 4367 986 4444 abroge-

238 4466 341 4543 iisque
371 4462 519 4524 omnibus
547 4457 815 4534 innovationibus,
844 4459 879 4521 ad
912 4461 986 4521 novi

238 4557 397 4639 praefecti
412 4551 572 4634 generalis
586 4551 773 4614 electionem
788 4552 829 4612 ita
844 4549 986 4614 dereniri

237 4650 341 4725 iaciat,
364 4657 401 4711 ut
420 4648 458 4709 ab
478 4663 514 4710 eo
536 4647 679 4722 exigatur
706 4645 929 4707 iuramentum
950 4645 986 4706 iu

239 4746 346 4824 torma
369 4741 455 4804 iuris
475 4740 597 4810 ualido,
619 4753 712 4816 super
736 4737 913 4801 omnimoda
935 4739 985 4802 ob·

238 4836 407 4898 seruantia
421 4834 574 4896 dictarum
589 4831 711 4896 Ordinis
725 4830 903 4894 huiusmodi
914 4847 987 4891 eort-

238 4929 466 5001 stitutionum,
490 4925 674 5006 praesertim
688 4926 725 4987 de
741 4939 805 4986 non
820 4924 984 4987 admitten-

239 5023 285 5086 dis
306 5022 472 5106 {rotribus
499 5018 694 5098 presbyteris
722 5019 758 5080 ad
786 5017 894 5079 munia
916 5034 985 5097 pro-

238 5118 405 5182 lessoribus
427 5132 491 5178 non
517 5114 704 5195 presbyteris
725 5123 897 5190 reservata,
919 5122 984 5177 tam

238 5213 356 5277 scilicet
378 5209 477 5291 quoad
498 5210 725 5290 praelaturos,
750 5207 789 5268 ita
812 5216 847 5270 ut
867 5208 983 5271 solum-

240 5308 329 5370 modo
351 5323 415 5368 esse
441 5305 567 5382 possint
594 5302 728 5364 discreti
757 5310 981 5376 conuentuum,

239 5401 391 5482 maqistri
413 5399 623 5471 novitiorum,
648 5403 678 5460 et
697 5400 884 5461 assistentes
911 5414 984 5477 pro-

239 5497 376 5568 uinciae,
389 5510 483 5575 quam
498 5492 635 5557 vicissim
646 5493 746 5571 quoad
767 5493 826 5554 alia
846 5507 984 5556 munera

239 5605 293 5652 seu
320 5589 422 5668 officio
451 5586 524 5649 solis
553 5587 624 5664 ipsis
654 5584 887 5664 professoribus
918 5603 982 5650 non

240 5681 427 5761 presbyteris
448 5679 542 5742 iaicis
563 5678 781 5755 congruentia,
793 5687 828 5740 ut
843 5686 916 5741 sunt
937 5680 983 5744 io·

240 5776 368 5848 nitoris,
392 5781 445 5837 aut
472 5772 638 5852 claoiqeri,
666 5777 719 5834 aut
745 5772 904 5842 vestiarii,
927 5789 983 5836 seu

1736 586 1775 650 93
1825 579 1880 639 Διι.
1894 584 1924 639 0.
1945 585 2015 638 1763

1049 725 1161 788 similia
1175 726 1375 796 materialia,
1393 741 1471 804 quse
1486 725 1628 802 dignitati
1644 738 1707 786 non
1722 738 1795 786 con·

1049 819 1182 881 veniunt
1203 819 1396 894 sacerdotali,
1414 817 1454 880 ita
1470 824 1505 880 ut
1527 818 1568 879 ad
1583 834 1619 880 eo
1640 818 1795 898 professoss

1051 929 1099 974 res
1120 910 1298 991 presbyteri
1325 929 1388 974 nou
1410 911 1601 992 adigantur.
1632 911 1677 972 Aa
1700 926 1795 990 quem

1049 1005 1193 1068 ellectum
1215 1005 1414 1083 ememploria
1435 1006 1616 1069 earumdem
1639 1006 1795 1068 coustitu-

1050 1099 1176 1162 tiouum
1198 1115 1300 1179 nuper
1322 1100 1353 1162 in
1376 1099 1455 1161 alma
1483 1098 1566 1161 Urbe
1587 1105 1693 1160 nostra
1715 1098 1795 1177 typis

1048 1193 1129 1255 edita
1151 1210 1223 1256 cum
1252 1192 1409 1256 additione
1434 1192 1537 1255 italae
1566 1191 1739 1263 versionis,
1762 1208 1796 1253 ac

1049 1291 1150 1348 textus
1167 1286 1401 1349 resolutiouum
1422 1302 1456 1347 ae
1471 1285 1644 1348 literarum
1671 1292 1794 1363 aposto-

1048 1376 1199 1451 licarum,
1231 1379 1343 1460 quibus
1373 1379 1454 1458 ipsae
1483 1378 1722 1442 constitutiones
1748 1379 1795 1440 ni·

1050 1479 1183 1549 tuntur,
1214 1481 1281 1536 tum
1304 1474 1346 1536 ad
1374 1471 1520 1552 stapulas
1542 1471 1637 1551 ipsius
1662 1471 1794 1535 Ordinis

1048 1574 1232 1637 conuentus,
1251 1576 1317 1629 tum
1333 1567 1367 1629 ad
1390 1565 1671 1644 Arabiopiscopum
1692 1565 1796 1630 Memi-

1048 1676 1165 1722 eauum
1180 1666 1210 1720 et
1225 1659 1398 1723 Limonum
1413 1660 1596 1734 transmitti,
1612 1658 1794 1721 auctoritate

1047 1763 1078 1818 et
1101 1761 1211 1820 tenore
1231 1755 1375 1836 praelatis
1396 1755 1509 1818 debere
1529 1753 1688 1827 volumus,
1708 1766 1794 1831 pree-

1048 1849 1178 1928 cipimus
1200 1857 1231 1912 et
1252 1851 1446 1912 mandamus

1087 1943 1106 2018 ἐ
1127 1944 1155 2006 6.
1181 1943 1399 2017 Decernentes,
1419 1941 1542 2004 easdem
1565 1947 1742 2021 praesentes
1758 1939 1794 2002 li·
1831 1945 1954 1993 clausura
1968 1947 2026 1992 suh·

1049 2044 1129 2098 teras
1151 2037 1275 2109 firmas,
1297 2036 1412 2098 validas
1434 2041 1465 2098 et
1489 2035 1624 2098 efficaces
1659 2034 1793 2097 existere
1812 1998 2025 2100 libitllll‘ib

1048 2139 1079 2192 et
1100 2130 1177 2205 lore,
1200 2146 1335 2209 suosque
1360 2129 1514 2209 plenarios
1537 2137 1567 2191 et
1588 2130 1727 2207 integros
1747 2127 1791 2190 el·
1811 2108 2025 2208 {mmmm

1047 2223 1145 2286 lectus
1166 2223 1272 2285 sortiri
1294 2230 1325 2285 et
1347 2223 1500 2298 obtinere,
1517 2241 1550 2286 sc
1572 2223 1644 2300 illis,
1659 2225 1697 2287 ad
1717 2239 1793 2302 quos

1047 2323 1174 2397 spectat,
1187 2323 1218 2379 et
1230 2331 1286 2393 pro
1299 2323 1437 2394 tempore
1453 2316 1712 2394 quandocumque
1726 2331 1793 2395 spe-

1046 2411 1139 2473 ctabit
1151 2410 1183 2471 in
1196 2408 1351 2484 futurum,
1364 2410 1397 2471 in
1418 2409 1563 2471 omnibus
1577 2416 1609 2470 et
1623 2409 1793 2487 peremnia

1048 2503 1231 2582 plenissime
1250 2502 1424 2579 suflragari,
1447 2509 1477 2564 et
1499 2502 1536 2563 ab
1556 2501 1600 2562 eis
1623 2503 1794 2580 respective

1048 2594 1271 2658 inviolabiliter
1282 2595 1458 2672 observari;
1480 2595 1586 2673 sicque
1600 2595 1632 2656 in
1647 2596 1794 2672 praemis·

1047 2689 1088 2750 sis
1110 2703 1165 2768 per
1186 2703 1401 2767 quoscumque
1423 2688 1540 2749 iudices
1568 2687 1740 2750 ordinarios
1762 2696 1793 2748 et

1048 2780 1219 2857 delegatos,
1243 2780 1335 2842 etiam
1357 2795 1521 2842 causarum
1546 2778 1650 2857 palatii
1672 2786 1793 2859 aposto·

1048 2873 1098 2936 lici
1120 2873 1293 2949 auditores,
1317 2872 1446 2934 iudicari
1467 2879 1498 2933 et
1520 2871 1645 2934 deliniri
1667 2872 1791 2948 debere,

1046 2984 1080 3029 sc
1102 2967 1228 3029 irritum
1250 2974 1282 3028 et
1303 2965 1415 3039 inane,
1437 2963 1463 3025 si
1483 2981 1571 3027 secus
1592 2980 1686 3042 super
1707 2964 1754 3026 liis
1776 2982 1792 3025 a

1046 3074 1214 3138 quoquam,
1236 3058 1345 3136 quavis
1366 3056 1560 3132 auctoritate,
1577 3057 1712 3119 scienter
1740 3057 1790 3118 vel

1047 3155 1228 3232 ignoranter
1254 3151 1422 3227 contigerit
1453 3149 1611 3211 attentari.
1645 3149 1714 3212 Non
1740 3150 1792 3212 ob-

1045 3245 1197 3310 stantibus
1208 3242 1485 3307 constitutionibus
1498 3252 1529 3304 et
1544 3243 1792 3308 ordinationibus

1045 3338 1234 3423 apostolicis:
1258 3337 1450 3414 caeterisque
1476 3337 1639 3398 saumariis
1666 3338 1792 3416 quibus·

1045 3450 1191 3513 cumque.

1085 3531 1196 3592 Datum
1221 3530 1351 3604 Romae,
1379 3524 1459 3605 apud
1485 3526 1515 3591 S.
1544 3525 1671 3589 Mariam
1699 3527 1793 3592 bleic-

1044 3643 1124 3700 rem,
1145 3625 1203 3688 sub
1228 3623 1344 3687 annulo
1366 3622 1537 3695 Piscatoris,
1566 3620 1615 3684 die
1639 3638 1695 3682 vu.
1723 3621 1791 3683 iulii

1043 3735 1224 3782 unccnmu.
1247 3716 1443 3796 pontificatus
1466 3714 1566 3777 nostri
1586 3729 1669 3776 anno
1694 3730 1722 3774 v.

1383 3999 1447 4062 XL.

1048 4186 1205 4262 Quomodo
1227 4185 1455 4264 procedendum
1473 4184 1517 4246 sit
1539 4179 1579 4246 ab
1603 4181 1790 4247 ordinariis

1084 4281 1119 4341 in
1134 4279 1350 4358 confirmando
1365 4279 1413 4340 uel
1428 4276 1610 4356 deneqeudo
1639 4276 1790 4355 reiiqioso
1882 4313 1883 4316 κ

1083 4375 1176 4436 cultu
1199 4374 1241 4434 iis
1254 4369 1368 4450 quibus
1382 4371 1451 4450 {uit
1466 4368 1642 4447 aliquando
1659 4368 1698 4431 ab
1714 4368 1789 4431 uni-

1082 4467 1201 4530 uersali
1224 4464 1428 4526 consensione
1442 4462 1634 4541 populorum
1653 4462 1789 4538 praesti-

1084 4567 1173 4632 tum,
1207 4558 1410 4635 Syracusano
1444 4555 1594 4633 Episcopo
1627 4553 1785 4632 desiqnot,

1082 4668 1139 4712 aee
1160 4667 1224 4712 neon
1246 4667 1340 4713 casus
1363 4651 1398 4711 ia
1420 4645 1535 4727 quibus
1553 4647 1716 4709 Romanae
1739 4645 1789 4708 Se-

1082 4745 1132 4807 dis
1154 4745 1315 4807 iudicium
1335 4748 1383 4805 cst
1400 4741 1627 4820 requirendum
1649 4738 1706 4820 (l).

1120 4927 1292 4996 teneratur
1314 4927 1403 4994 tratri
1426 4925 1552 5009 losepbo
1575 4925 1703 4992 Antonio

1228 5019 1378 5104 Episcopo
1402 5016 1607 5104 Syracusano,

1214 5204 1400 5274 climens
1423 5204 1523 5274 ΡΑΡΑ
1546 5202 1616 5271 ttttt.

1252 5381 1442 5450 venerabilis
1464 5381 1572 5460 trater,

1073 5493 1201 5561 salutem
1223 5497 1256 5560 et
1277 5490 1474 5575 apostolicam
1497 5487 1750 5557 benedictionem.

1080 5680 1149 5756 51.
1181 5678 1350 5756 Efflsgitari
1381 5679 1488 5742 scribis
1519 5680 1557 5741 ab
1586 5677 1786 5757 optimatibus
1840 5691 1938 5737 causa·
1958 5701 2019 5738 ena·
2100 5679 2102 5684 ’

1039 5774 1114 5837 cleri
1142 5782 1174 5836 et
1205 5773 1310 5853 populi
1342 5772 1527 5851 Syracusani
1555 5771 1786 5834 restitutionem
1805 5747 2021 5857 ffifflffitffissl

280 5997 309 6054 (l)
324 5993 387 6040 vide
400 5991 494 6038 Bened.
508 5992 572 6036 XIV.
587 5989 627 6037 lit.
643 5993 711 6036 Cum
725 5993 754 6035 tn
771 5993 979 6043 Conareqattone
993 6013 1019 6021 -
1033 5992 1109 6033 later·
1122 5993 1208 6034 cetero
1221 6011 1248 6021 -
1264 5989 1362 6032 Beatum
1377 5989 1504 6036 Andreas.
