4722 6976
816 580 826 592 “
905 571 977 618 PIUS
997 571 1047 617 1²1³.
1071 570 1125 616 vn.

242 693 321 758 libus
342 694 488 757 iratribus
515 694 627 757 nostris
653 691 854 770 suffraganeis
880 690 984 752 orabo

242 787 327 849 doxis
354 805 388 850 ac
419 787 537 850 dilectis
566 789 659 850 etiam
687 787 758 849 liliis
786 783 928 863 Capitulo
953 789 985 843 et

243 879 384 942 vassallis
413 880 512 944 dictae
542 880 749 960 patriarchalis
780 878 922 940 ecclesiae
951 893 985 938 ac

1038 689 1137 752 tidelis
1158 697 1190 751 et
1211 687 1356 751 obediens
1385 703 1439 750 ero
1464 688 1551 749 beato
1582 686 1684 761 Petro,
1708 685 1782 750 San·

1038 791 1163 860 ctaeque
1185 781 1375 861 apostolicae
1403 783 1557 843 Romanae
1577 779 1729 842 Ecclesiae
1751 784 1782 840 et

1039 876 1169 938 Domino
1184 884 1289 937 nostro
1304 873 1436 936 Domino
1452 874 1504 936 Pio
1519 875 1614 953 Papae
1629 873 1692 936 Vll.
1706 873 1785 935 suis-

242 975 321 1036 clero
336 983 368 1036 et
382 973 495 1054 populo
516 975 614 1036 eidem
637 971 828 1052 patriarchali
841 969 985 1033 ecclesiae
1037 983 1097 1047 que
1111 968 1333 1032 successoribus
1344 968 1490 1030 canonice
1504 967 1702 1031 intrantibus.
1714 965 1783 1030 Non

241 1066 386 1130 subiectis
406 1083 461 1146 per
482 1067 643 1149 apostolica
663 1067 776 1145 scripta
791 1065 982 1138 mandamus,

242 1170 277 1223 ιιι
297 1161 486 1238 saliragauei
513 1161 568 1223 tibi
597 1169 753 1239 tamquam
781 1157 916 1220 membra
939 1173 985 1220 ca·

241 1255 298 1333 piti
319 1254 523 1334 obsequentes
544 1260 575 1316 et
591 1252 729 1332 Capitulo
752 1252 806 1314 tibi
829 1257 984 1330 tamquam

241 1349 320 1429 patri
342 1353 373 1411 et
394 1348 508 1426 pastori
529 1348 703 1410 animarum
717 1361 845 1409 suarum
859 1345 986 1407 humili·

241 1451 290 1506 ter
310 1441 509 1504 intendentes
530 1441 697 1502 exhibeant
711 1439 766 1502 tibi
780 1438 985 1504 obedientiam

241 1553 275 1599 ac
295 1535 502 1598 reverentiam
518 1535 644 1609 debitas,
661 1534 702 1596 ita
722 1535 802 1612 quod
818 1541 924 1595 mutua
940 1533 986 1593 in·

241 1637 290 1692 ter
311 1636 342 1690 tc
363 1635 393 1690 et
421 1629 502 1706 ipsos
522 1627 731 1704 suffraganeos
760 1627 855 1704 gratia
883 1632 985 1702 gratos

240 1721 387 1784 sortiatur
401 1721 539 1796 effectus,
552 1727 582 1782 et
594 1736 650 1782 nos
665 1735 774 1782 eorum
789 1718 985 1782 devotionern

242 1815 394 1894 possimus
409 1821 569 1892 propterea
585 1813 617 1876 in
633 1813 763 1877 Domino
778 1814 890 1876 merito
904 1829 986 1874 com-

242 1908 401 1982 mendare,
424 1923 457 1969 ac
477 1906 577 1968 clerus
599 1916 628 1970 te
649 1923 705 1986 pro
726 1915 829 1971 nostra
851 1913 881 1968 et
907 1906 987 1968 eius·

193 2013 194 2018 ’
242 2003 313 2064 dem
334 2001 414 2064 sedis
435 2000 611 2062 reverentia
632 2001 767 2078 benigne
791 2001 985 2080 recipientes,

57 3787 150 3844 inscipit
160 3789 224 3834 iura-

52 3845 134 3887 ιιιιιιιιι
147 3845 171 3889 et
178 3841 224 3888 ior·

51 3895 118 3940 aulam
130 3896 208 3942 tradit.

242 2104 273 2160 et
288 2093 458 2159 honorilice
472 2100 695 2172 pertractantes
708 2103 759 2156 tua
774 2093 905 2156 salubria
921 2107 986 2154 mo·

242 2191 309 2254 nita
327 2195 358 2252 et
380 2189 520 2250 mandata
535 2185 702 2265 suscipiant
724 2186 885 2249 humiliter
898 2194 929 2248 et
944 2185 987 2248 ei-

242 2283 375 2347 licaciter
389 2280 558 2358 adimplere
571 2287 750 2359 procurent,
766 2280 899 2360 populus
912 2297 987 2342 vero

243 2387 273 2440 te
289 2387 445 2455 tamquam
460 2383 580 2452 patrem
596 2381 625 2436 et
640 2385 794 2452 pastorem
812 2374 986 2437 animarum

242 2485 370 2532 suarum
385 2469 494 2531 devote
514 2466 716 2546 suscipientes
730 2476 761 2529 et
776 2467 876 2529 debita
890 2470 987 2528 bono·

243 2562 395 2626 risrcentia
404 2567 625 2639 prosequentes
637 2561 699 2622 tuis
715 2559 840 2622 monitis
855 2567 887 2622 et
901 2577 987 2624 man·

244 2657 320 2720 datis
348 2655 523 2718 salubribus
552 2653 714 2716 humiliter
741 2654 916 2728 intendant,
946 2655 987 2716 ita

244 2751 325 2829 quod
347 2743 381 2811 t'u
403 2749 435 2810 in
458 2748 502 2810 eis
522 2747 695 2810 devotionis
726 2746 804 2808 salios
824 2753 855 2808 et
876 2747 932 2825 ipsi
954 2747 987 2809 in

245 2849 275 2906 te
295 2857 352 2920 per
372 2856 563 2920 consequens
583 2849 702 2917 patrem
730 2840 920 2904 benevolum
941 2841 989 2904 in-

244 2937 365 2999 venisse
386 2933 554 3012 gaudeatis.
577 2931 705 2996 Vassalli
719 2949 794 2995 vero
816 2933 942 3011 praelati
959 2943 988 2996 te

244 3029 347 3092 debito
361 3029 481 3090 honore
502 3033 722 3105 prosequentes
738 3026 791 3088 tibi
807 3025 986 3088 fidelitatem

242 3123 365 3186 solitam
392 3139 425 3183 ac
454 3127 600 3183 consueta
626 3119 752 3182 servitia
782 3128 812 3182 et
839 3119 905 3182 iura
932 3119 987 3182 tibi

241 3217 280 3278 ab
308 3217 352 3278 eis
383 3214 483 3278 debita
506 3214 630 3290 integre
655 3212 781 3276 exibere
806 3222 985 3291 procurent,

242 3309 379 3390 alioquin
393 3309 582 3370 sententiam
597 3307 663 3368 sive
677 3321 807 3386 poenam
821 3323 913 3385 quam
929 3307 988 3368 rite

242 3403 355 3466 tuleris
374 3418 430 3464 seu
450 3401 595 3464 statueris
617 3401 648 3462 in
667 3399 808 3474 rebelleS,
824 3408 919 3461 ratam
936 3400 987 3462 ha-

241 3497 385 3562 bebimus
416 3502 446 3558 et
479 3494 643 3568 iaciemus,
676 3500 800 3557 auctore
835 3493 984 3566 Domino,

242 3607 342 3670 usque
363 3591 399 3654 ad
419 3589 657 3652 satisfactionem
681 3587 864 3665 condignam
885 3589 986 3650 inrio-

242 3684 378 3747 labiliter
407 3684 574 3746 observari.

284 3779 303 3854 5
324 3778 352 3839 2.
376 3776 528 3840 Volumus
548 3783 654 3838 autem
675 3777 756 3854 quod
772 3783 803 3838 ιιι
819 3784 987 3854 autequam

242 3872 390 3950 regimini
415 3880 447 3933 et
466 3869 722 3933 administrationi
745 3869 842 3932 dictae
862 3871 988 3950 patriar-

242 3966 338 4030 ctaalis
359 3964 502 4028 ecclesiae
526 3964 711 4026 Antiochen.
735 3963 868 4026 nationis
891 3963 987 4026 ltlaro·

242 4063 382 4124 nitarum
397 4067 427 4121 te
441 4060 473 4120 in
486 4058 587 4136 aliquo
600 4057 782 4132 immisceas,
796 4058 828 4119 in
844 4057 986 4120 manibus

242 4158 378 4222 duorum
400 4154 625 4218 venerabilium
653 4153 784 4215 fratrum
806 4161 987 4215 nostrorum

242 4252 550 4331 chbiepiscoporum
561 4247 613 4308 vel
623 4247 844 4325 Episcoporum
856 4245 986 4322 gratiam

242 4355 275 4408 et
295 4343 549 4408 communionem
570 4340 860 4417 sedisapostolicae
876 4338 987 4400 haben·

242 4440 324 4502 tium
345 4445 375 4500 et
398 4438 433 4499 in
454 4436 526 4514 ipsis
553 4434 689 4514 partibus
715 4433 909 4509 degentium,
932 4449 987 4494 seu

242 4532 370 4596 alterius
395 4545 518 4602 eorum,
543 4527 696 4590 fidelitatis
716 4527 835 4588 debitae
861 4525 986 4588 solitum

242 4631 377 4704 praestes
399 4624 612 4687 iuramentum
640 4622 724 4684 iuxta
745 4620 877 4683 lormam
901 4635 986 4698 prae-

240 4718 381 4782 sentibus
401 4717 588 4791 adnotatam,
605 4722 635 4777 et
649 4715 692 4777 sic
712 4721 772 4776 ate
789 4715 925 4794 praestiti
940 4715 986 4778 iu·

242 4811 376 4876 ramenti
397 4810 529 4873 lormam
549 4810 583 4871 ad
606 4810 744 4872 eamdem
768 4809 987 4885 congregatio-

242 4922 317 4970 nem
338 4907 375 4970 de
396 4904 591 4982 Propaganda
612 4901 687 4966 Fide
700 4903 737 4964 de
757 4902 851 4965 verbo
866 4904 902 4964 ad
917 4917 984 4964 ver-

241 5001 317 5063 bum
339 5015 394 5078 per
423 5004 489 5060 tuas
518 5005 656 5074 patentes
677 4995 780 5058 literas
810 5002 863 5058 tuo
884 4995 986 5073 sigillo

242 5093 378 5156 munitas
399 5107 453 5170 per
474 5090 635 5169 proprium
657 5088 808 5152 nuncium
830 5088 986 5168 quantoci-

241 5189 304 5251 tius
326 5185 539 5250 transmittere
560 5182 691 5245 omnino
714 5182 857 5257 tenearis,
875 5183 986 5261 quibus

242 5290 404 5344 eteorum
434 5277 560 5342 cuilibet
582 5292 639 5355 per
663 5278 783 5338 easdem
811 5284 986 5356 praesentes

241 5374 357 5456 pariter
378 5373 560 5434 mandamus
581 5379 616 5432 ιιι
637 5369 694 5448 ipsi
715 5369 765 5430 vel
785 5385 894 5432 eorum
909 5371 987 5432 alter

242 5487 258 5531 a
280 5477 311 5533 te
331 5475 438 5530 nostro
459 5476 490 5528 et
511 5464 664 5528 Romanae
687 5463 838 5526 Ecclesiae
860 5463 987 5525 nomine

242 5563 454 5625 iuramentum
471 5557 647 5622 huiusmodi
664 5559 749 5620 iuxta
770 5556 911 5618 eamdem
926 5556 986 5619 lor-

1038 1077 1091 1122 ero
1112 1062 1144 1124 in
1166 1062 1307 1134 concilio,
1330 1069 1383 1123 aut
1404 1077 1556 1124 consensu
1578 1060 1627 1122 vel
1649 1059 1726 1124 lacto
1748 1067 1783 1122 ut

1039 1156 1135 1216 vitam
1150 1157 1279 1234 perdant
1291 1163 1343 1217 aut
1356 1154 1546 1230 membrum,
1557 1169 1612 1216 seu
1623 1154 1784 1232 capiantur

1039 1249 1117 1310 mala
1139 1249 1278 1325 captione
1299 1256 1351 1311 aut
1373 1248 1405 1310 in
1427 1263 1478 1309 eos
1492 1247 1648 1310 violenter
1671 1263 1784 1310 manus

1039 1341 1267 1421 quomodolibet
1289 1341 1483 1420 ingerantur,
1506 1341 1557 1404 rel
1578 1341 1710 1404 iniuriae
1731 1341 1784 1402 ιιι·

1039 1451 1117 1514 quae
1150 1435 1326 1498 inlerantur
1358 1436 1467 1515 quovis
1498 1436 1635 1514 quaesito
1667 1435 1782 1498 colore.

1040 1529 1210 1593 Consilium
1232 1545 1307 1591 vero
1334 1528 1416 1606 quod
1437 1529 1514 1591 milri
1542 1528 1689 1591 credituri
1710 1537 1784 1592 suut

1040 1636 1094 1699 per
1114 1638 1146 1684 se
1166 1630 1220 1685 aut
1241 1623 1371 1685 nuncios
1392 1638 1447 1684 seu
1468 1621 1600 1697 litteras,
1616 1621 1651 1682 ad
1675 1637 1784 1684 eorum

1039 1715 1187 1779 damnum
1208 1731 1259 1777 me
1279 1716 1396 1779 sciente
1419 1715 1539 1778 nemini
1560 1716 1702 1792 pandam.
1732 1715 1786 1777 Pa·

1040 1816 1146 1888 patum
1175 1810 1350 1872 Romanum
1372 1817 1402 1872 et
1424 1809 1546 1886 Regalia
1576 1809 1680 1873 Sancti
1702 1811 1784 1874 Petri

1040 1901 1161 1964 adiutor
1181 1903 1224 1964 eis
1239 1919 1292 1964 ero
1306 1905 1341 1968 ad
1357 1903 1557 1966 retinendum
1572 1911 1602 1964 et
1618 1901 1785 1966 detenden-

1040 1997 1114 2058 dum
1144 2005 1251 2060 contra
1275 2013 1401 2060 omnem
1430 1996 1600 2059 bominem.
1633 1996 1785 2074 Legatum

1040 2089 1228 2168 apostolicae
1250 2090 1334 2155 Sedis
1350 2091 1381 2153 in
1396 2090 1498 2154 eundo
1512 2099 1543 2153 et
1557 2091 1717 2154 redeundo
1732 2090 1785 2154 lao-

1042 2184 1166 2246 norilice
1190 2185 1334 2259 tractabo,
1358 2192 1389 2246 et
1409 2185 1442 2246 in
1463 2185 1527 2246 suis
1552 2186 1783 2248 necessitatibus

1041 2275 1200 2339 adiuvabo.
1224 2279 1305 2354 lura,
1328 2279 1471 2354 honores,
1497 2278 1658 2356 privilegia
1679 2287 1710 2342 et
1732 2295 1785 2342 aa·

1041 2367 1215 2434 ctorita'tem
1235 2371 1392 2434 Romanae
1412 2371 1575 2448 Ecclesiae,
1592 2373 1714 2436 Domini
1730 2389 1785 2435 no·

1040 2464 1095 2526 stri
1125 2464 1239 2542 Papae,
1270 2481 1287 2527 e
1314 2482 1525 2529 successorum
1556 2465 1783 2546 praedictorum

1041 2573 1236 2632 conseruare,
1249 2557 1422 2637 defendere,
1433 2575 1547 2638 augere
1558 2566 1588 2622 et
1600 2576 1784 2640 promovere

1041 2649 1164 2712 curabo.
1188 2649 1256 2712 Non
1279 2668 1331 2714 ero
1352 2653 1385 2714 in
1400 2653 1540 2728 consilio,
1559 2653 1638 2715 lacto
1659 2653 1710 2715 rel
1727 2661 1786 2716 tra-

1041 2753 1124 2808 ctatu
1147 2745 1179 2806 in
1208 2747 1318 2824 quibus
1350 2756 1456 2809 contra
1478 2748 1579 2826 ipsum
1609 2748 1782 2811 dominium

1042 2846 1184 2901 nostrum
1200 2840 1250 2901 vel
1265 2840 1404 2902 eamdem
1426 2843 1594 2904 Romanam
1616 2843 1782 2905 Ecclesiam

1040 2931 1140 3011 aliqua
1160 2933 1284 2996 sinistra
1305 2935 1356 2996 vel
1376 2935 1601 3014 praeiudicialia
1622 2951 1782 3016 personae,

1042 3025 1129 3100 iuris,
1153 3028 1294 3102 lionoris,
1317 3035 1413 3102 status
1433 3037 1464 3089 et
1485 3028 1644 3107 potestatis
1672 3045 1783 3092 eorum

1042 3119 1277 3196 machinentur,
1299 3123 1376 3184 etsi
1407 3122 1477 3186 talia
1498 3139 1513 3184 a
1535 3123 1784 3202 quibuscumque

1042 3215 1197 3288 procurari
1210 3229 1327 3277 novero
1337 3215 1387 3277 rel
1403 3216 1537 3290 tractari,
1549 3215 1716 3296 impediam
1728 3218 1785 3279 hoc

1042 3319 1097 3382 pro
1113 3319 1199 3384 posse
1213 3314 1255 3384 et,
1268 3309 1477 3386 quantocitius
1492 3311 1653 3373 commode
1664 3318 1781 3390 potero,

1041 3398 1220 3475 significabo
1241 3402 1342 3464 eidem
1353 3402 1486 3465 Domino
1508 3410 1613 3465 nostro
1628 3402 1677 3466 vel
1693 3405 1784 3466 alteri

1042 3509 1211 3572 perquem
1232 3495 1267 3558 ad
1291 3493 1386 3572 ipsius
1408 3495 1552 3559 notitiam
1578 3499 1692 3574 poterit
1714 3514 1784 3577 per-

1041 3587 1160 3648 venire.
1194 3587 1326 3665 Regulas
1351 3586 1535 3652 Sanctorum
1566 3590 1704 3666 Petrum,
1734 3590 1785 3652 de-

1040 3687 1134 3754 creta,
1156 3681 1379 3758 ordinationes,
1400 3685 1569 3746 sententias
1591 3693 1621 3746 et
1643 3686 1785 3748 mandata

1042 3776 1204 3852 apostolica
1227 3779 1297 3842 totis
1313 3779 1433 3841 viribus
1448 3779 1615 3841 observabo
1630 3788 1661 3841 et
1676 3779 1784 3842 faciam

1041 3871 1078 3930 ab
1099 3869 1165 3931 aliis
1179 3871 1345 3934 observari.
1370 3873 1554 3947 Haereticos‚
1571 3874 1785 3938 schismaticos
1821 3939 1824 3946 Ι

1041 3969 1071 4026 et
1093 3964 1232 4026 Rebelles
1246 3967 1377 4029 Domino
1393 3976 1497 4030 nostro
1511 3978 1544 4031 et
1556 3967 1783 4032 successoribus

1041 4059 1181 4138 praelatis
1197 4076 1252 4140 pro
1264 4077 1350 4140 posse
1361 4077 1528 4141 persequar
1538 4070 1569 4124 et
1583 4061 1781 4141 impugnabo.

1042 4152 1173 4217 Vocatus
1195 4155 1231 4214 ad
1252 4158 1405 4232 synodum
1427 4155 1562 4230 veniam,
1578 4155 1637 4217 nisi
1658 4171 1783 4235 praepe·
1855 4219 1857 4226 ,

1041 4247 1121 4309 ditus
1133 4246 1220 4310 luero
1235 4240 1379 4312 canonica
1394 4250 1633 4330 praepeditione.
1657 4250 1786 4328 Aposto-

1041 4341 1144 4404 lorum
1165 4341 1287 4404 Limina
1308 4343 1441 4420 singulis
1461 4344 1684 4422 quinquenniis
1716 4360 1787 4423 per·

1040 4435 1187 4498 sonaliter
1208 4445 1239 4500 et
1259 4452 1314 4514 per
1337 4453 1387 4498 me
1409 4439 1510 4516 ipsum
1531 4437 1661 4500 visitabo
1682 4445 1712 4500 et
1726 4440 1784 4501 lto-

1042 4533 1128 4594 mino
1150 4539 1255 4594 nostro
1276 4537 1307 4592 et
1328 4530 1553 4594 successoribus
1574 4532 1717 4609 praelatis
1739 4549 1785 4594 ra·

1042 4625 1160 4687 tionem
1181 4624 1304 4686 reddam
1327 4623 1365 4686 de
1388 4630 1450 4686 toto
1471 4641 1541 4686 meo
1555 4625 1698 4705 pastorali
1720 4625 1786 4688 offi-

1040 4720 1086 4782 cio
1107 4721 1207 4796 deque
1236 4717 1327 4780 rebus
1352 4717 1495 4780 omnibus
1515 4719 1551 4780 ad
1574 4717 1784 4782 Patriarcbalis

1043 4813 1193 4876 Ecclesiae
1214 4829 1300 4874 meae
1325 4818 1452 4886 statum,
1470 4815 1504 4876 ad
1526 4813 1601 4876 cleri
1623 4823 1654 4876 et
1676 4813 1783 4892 populi

1040 4908 1244 4986 disciplinam,
1260 4905 1295 4968 ad
1317 4907 1491 4969 animarum
1513 4923 1590 4986 quae
1612 4923 1698 4970 meae
1713 4907 1783 4969 lrdei

1039 5001 1173 5064 creditae
1193 5007 1267 5062 sunt
1288 5000 1432 5076 salutem,
1450 4999 1667 5079 quoquomodo
1689 4999 1782 5078 perti·

1041 5095 1210 5170 uentibus3
1242 5103 1273 5157 et
1295 5094 1430 5156 vicissim
1457 5096 1598 5182 mandata
1622 5093 1782 5172 apostolica

1040 5189 1193 5266 praedicta
1218 5187 1380 5250 humiliter·
1407 5187 1551 5266 recipiam
1573 5196 1604 5249 et
1625 5203 1717 5264 quam
1740 5186 1784 5249 di·

1041 5282 1244 5358 ligentissime
1266 5296 1411 5359 exequar.
1427 5280 1552 5355 Quodsi
1571 5280 1710 5356 legitimo
1727 5280 1784 5341 im-

1041 5376 1219 5455 pedimento
1240 5375 1386 5450 detentus
1410 5375 1509 5452 luero,
1526 5373 1659 5454 praelata
1680 5375 1784 5436 omnia

1041 5468 1213 5545 adimplebo
1228 5484 1282 5546 per
1296 5477 1417 5530 certum
1431 5468 1583 5531 nuncium
1597 5468 1632 5529 ad
1646 5467 1703 5528 hoc
1717 5483 1785 5544 spe·

1041 5561 1115 5624 ciale
1136 5565 1316 5626 mandatum
1338 5562 1501 5623 nabentem
1526 5561 1564 5623 de
1586 5561 1705 5639 gremio
1728 5559 1784 5622 Ga·

60 5659 175 5714 soranam
189 5669 224 5716 ru·
243 5671 327 5720 mam
348 5655 496 5733 recipiant
516 5669 571 5716 seu
598 5651 735 5730 recipiat.
753 5651 915 5712 -Forma
936 5668 988 5712 au·
1041 5656 1131 5733 pituli
1152 5657 1214 5718 mei
1235 5664 1287 5718 aut
1309 5655 1404 5717 alium
1426 5655 1625 5732 indignitate
1646 5655 1784 5718 ecclesia·

51 5719 132 5764 lamenti
145 5724 222 5770 tradit.

244 5758 309 5813 tem
331 5748 497 5812 iuramenti
519 5745 600 5826 quod
627 5744 803 5825 praestabis,
830 5744 897 5806 talis
922 5752 984 5806 est:

244 5844 339 5921 «Ego
354 5843 482 5906 loannes
497 5841 598 5917 Dolce,
614 5839 786 5902 Patriarcha
802 5838 985 5900 Antiochen.

244 5937 379 6000 nationis
400 5935 621 5999 Maronitarum
636 5934 673 5996 ab
687 5933 741 5996 hac
762 5935 835 5995 liora
849 5932 882 5993 in
897 5939 988 5996 antea

1041 5751 1115 5812 stica
1146 5750 1367 5824 constitutum,
1397 5766 1452 5811 seu
1482 5748 1554 5810 alias
1585 5756 1785 5826 personatum

1041 5843 1220 5918 habentem,
1236 5851 1300 5919 aut,
1323 5843 1370 5904 his
1392 5842 1468 5904 milri
1490 5841 1713 5916 deficientibus,
1730 5857 1785 5918 per

1041 5933 1786 6010 dioecesanumsacerdotem,et,clerodeliciente

1705 489 1765 612 Bit]
1815 550 1868 604 Aa.
1883 550 1913 604 0.
1934 547 2004 603 1814
