4740 6962
64 559 99 610 ln.
108 553 130 603 c.
147 535 205 598 1773

889 541 1033 599 caeneus
1055 539 1119 600 xrtl.

233 671 414 736 venerabilis
431 668 533 736 fratris
555 670 783 754 Archiepiscopi
806 674 970 737 Coloczen.

232 767 273 830 uti
292 767 506 844 sullraganeae
526 768 681 830 subiectae
702 768 847 830 existant.

1029 672 1173 750 singulis,
1191 671 1308 736 etiamsi
1330 685 1385 754 pro
1407 667 1533 736 illorum
1548 671 1714 736 sufficienti
1729 675 1779 736 de·

1031 765 1190 843 rogatione
1210 766 1360 844 specialis,
1376 765 1497 844 spelaca,
1521 781 1662 844 expressa
1684 775 1715 828 et
1731 766 1777 829 in·
1872 827 1873 830 ,

68 883 77 925 s
108 873 215 926 rusam
267 859 335 934 §h
359 859 511 922 Volumus
541 867 659 936 autem,
682 868 717 922 ut
749 861 886 924 redditus
907 861 975 940 qui·
1031 857 1165 934 dividua,
1190 874 1253 920 non
1275 866 1380 920 autem
1402 873 1456 938 per
1478 858 1628 920 clausulas
1650 875 1777 935 genera·

61 929 142 980 tartha
160 933 216 979 aquo-

60 991 78 1035 at
87 981 169 1028 redditus
178 977 215 1020 bo·

62 1047 122 1086 aarum

29 2253 31 2282 ³
75 2268 213 2328 thusalaesa·

62 2332 121 2373 {tarn
132 2329 150 2367 ct
167 2329 213 2366 πη-

29 2429 30 2432 ,
61 2387 117 2426 tentet

231 969 361 1032 cumque
382 955 417 1015 ad
441 954 551 1016 dictam
572 953 732 1016 ecclesiam
761 954 974 1033 syrmiensem

229 1052 397 1125 spectantes
418 1048 663 1124 (comprehensis
683 1049 776 1108 etiam
800 1048 847 1123 iis,
870 1047 922 1126 qui
938 1047 975 1109 ab

230 1140 342 1200 aerario
364 1140 450 1216 regio
465 1140 703 1222 persolvuntur)
725 1142 849 1217 integre
863 1149 894 1202 et
910 1141 976 1202 abs-

230 1248 288 1309 que
303 1232 363 1294 ulla
379 1233 585 1295 diminutione
607 1234 802 1312 applicentur
823 1232 975 1312 praefatae

231 1327 381 1390 Ecclesiae
408 1326 577 1402 Bosnensi,
607 1327 694 1390 cuius
722 1335 885 1405 propterea
907 1334 974 1388 taxa

230 1429 369 1499 respectu
392 1420 604 1500 applicationis
625 1409 803 1483 hiusmodi
825 1423 975 1496 augeatur

232 1515 262 1580 iu
283 1514 410 1576 llorenis
431 1522 558 1576 centum
581 1514 709 1589 triginta
732 1513 841 1587 tribuS,
865 1528 897 1572 ac
912 1527 976 1572 uno

233 1608 333 1682 tertio,
349 1609 385 1670 ad
400 1624 477 1686 quos
491 1615 661 1670 memorata
676 1607 801 1668 ccclesia
817 1605 976 1684 syrmien-

230 1705 270 1764 sis
293 1707 390 1764 taxata
411 1709 548 1780 apparet,
570 1699 726 1777 salvisque
752 1707 908 1776 praeterea
931 1698 977 1758 iu-

232 1799 328 1872 ribus,
348 1797 374 1856 si
396 1812 475 1874 quae
496 1795 588 1856 hahet
609 1793 735 1855 ecclesia
755 1790 976 1871 Qtiiuqueccle-

231 1891 355 1966 siensis,
386 1891 419 1952 in
441 1895 600 1968 posterum
622 1888 800 1965 episcopum
822 1900 877 1962 pro
898 1894 976 1946 tem-

231 2001 304 2064 pore
314 1985 506 2046 Bosnensem
517 1981 610 2042 etiam
623 1979 807 2058 Episcopum
817 1977 976 2057 syrmien-

230 2093 296 2141 sem
318 2076 491 2154 uuncupaci
502 2075 616 2138 debere
628 2075 810 2136 auctoritate
822 2082 854 2134 et
867 2081 976 2134 tenore

229 2172 390 2254 praedictis
411 2169 614 2249 praecipimus
635 2174 666 2229 et
687 2166 880 2228 mandamus.

270 2268 289 2342 5
308 2266 338 2326 5.
358 2267 565 2328 Decernentes
588 2263 665 2339 ipsas
686 2267 863 2339 praesentes
873 2258 977 2320 literas

231 2363 346 2435 sirmas,
369 2358 484 2420 validas
500 2361 531 2417 et
545 2355 681 2417 efficaces
703 2355 837 2415 existere
852 2359 883 2414 et
898 2352 975 2426 lore,

229 2469 363 2532 suosque
383 2451 538 2530 plenarios
561 2457 592 2510 et
614 2449 751 2524 integros
771 2447 899 2508 eftectus
912 2461 977 2508 sor·

230 2550 283 2612 tiri
304 2557 335 2608 et
357 2546 511 2619 obtinere,
538 2561 571 2606 ac
591 2543 664 2618 illis,
686 2543 722 2603 ad
750 2559 827 2620 quos
847 2547 975 2619 spectat,

229 2651 260 2704 et
275 2657 330 2720 pro
347 2649 487 2718 tempore
501 2637 759 2714 quandocumque
773 2633 930 2713 spectabit,
944 2633 976 2692 in

229 2735 376 2798 omnibus
404 2739 434 2793 et
465 2746 521 2809 per
541 2729 646 2790 omnia
670 2727 849 2806 plenissime
870 2725 977 2789 sullra·

229 2829 307 2906 gari,
330 2834 362 2888 et
382 2826 420 2887 ab
440 2823 483 2886 eis
505 2822 671 2902 respectice
690 2820 911 2882 inviolabiliter
925 2818 976 2880 ob

228 2922 357 2985 servari.
382 2920 494 2998 Sicque
509 2919 541 2979 in
555 2916 728 2996 praemissis
743 2931 799 2994 per
813 2931 978 2993 quoscum·

229 3031 291 3094 que
309 3013 425 3076 indices
439 3011 612 3074 ordinarios
626 3018 657 3072 et
672 3010 837 3086 delegatos,
854 3025 888 3070 ac
903 3009 977 3071 San-

229 3117 297 3170 otae
318 3107 476 3168 Romanae
498 3103 649 3166 Ecclesiae
668 3101 860 3177 cardinales,
883 3103 977 3164 etiam

229 3203 268 3264 de
278 3202 375 3262 latere
389 3199 530 3274 Legatos,
542 3213 576 3258 ao
591 3196 676 3260 Sedis
690 3195 882 3274 spostolicae
897 3211 977 3257 nun·

232 3296 301 3370 tios,
319 3293 446 3356 iudicari
467 3299 498 3352 et
517 3289 642 3353 deliniri
663 3289 787 3364 dehere,
804 3305 837 3350 ac
852 3289 978 3351 irritum

229 3397 262 3450 et
286 3389 390 3462 inane,
420 3385 446 3447 si
466 3401 554 3447 secus
578 3398 672 3463 super
692 3382 741 3444 his
765 3399 780 3443 a
809 3398 977 3460 quoquam,

231 3483 340 3561 quavis
364 3481 558 3553 auctoritate,
579 3481 714 3542 scienter
732 3478 782 3540 vel
799 3479 979 3555 ignoranter

230 3577 398 3653 contigerit
425 3576 583 3636 attentari.

1032 951 1075 1014 les
1106 952 1187 1013 idem
1210 951 1420 1030 imponantes,
1451 952 1571 1013 mentio
1597 962 1651 1014 aut
1676 953 1777 1030 aliqua

1032 1044 1182 1122 exquisita
1204 1043 1302 1106 forma
1323 1045 1359 1106 ad
1383 1043 1411 1104 id
1433 1044 1583 1124 servanda
1604 1043 1694 1119 foret,
1711 1045 1779 1106 illo-

1033 1151 1103 1198 rum
1127 1145 1249 1199 tenores
1261 1137 1474 1214 praesentibus
1489 1153 1543 1215 pro
1559 1137 1650 1217 plene
1671 1144 1702 1198 et
1716 1138 1778 1198 sul-

1034 1229 1174 1292 licienter
1195 1229 1358 1308 expressis,
1371 1247 1404 1292 ac
1419 1231 1456 1292 de
1477 1231 1572 1292 verbo
1588 1231 1623 1290 ad
1645 1232 1778 1294 verbum

1033 1323 1156 1386 insertis
1177 1323 1336 1399 habentes,
1360 1323 1421 1385 illis
1442 1324 1514 1386 alias
1535 1325 1568 1385 in
1590 1341 1647 1387 suo
1668 1325 1779 1387 robore

1033 1419 1258 1496 permansuriS,
1286 1417 1321 1479 ad
1349 1417 1590 1495 praemissorum
1616 1417 1778 1493 ellectum,

1033 1511 1089 1574 hac
1117 1511 1185 1574 vice
1210 1513 1369 1574 dumtaxat
1391 1511 1565 1590 specialiter
1585 1519 1616 1572 et
1638 1526 1779 1590 expresse

1033 1603 1228 1680 derogamus,
1252 1603 1442 1682 caeterisque
1463 1602 1627 1664 contrariis
1652 1603 1779 1679 quibus-

1033 1713 1177 1776 cumque.

1073 1792 1185 1853 Datum
1214 1791 1343 1866 Romae,
1371 1793 1450 1870 apud
1479 1792 1510 1854 S.
1536 1790 1663 1852 Mariam
1688 1791 1781 1853 ltlaio-

1034 1901 1113 1959 rem,
1136 1885 1194 1946 suh
1221 1884 1337 1946 annulo
1366 1885 1538 1959 Piscatoris,
1565 1885 1614 1946 die
1643 1900 1687 1944 rx.
1713 1884 1779 1944 iulii

1035 1993 1248 2051 unccuxxrn,
1272 1978 1469 2055 pontificatus
1485 1979 1583 2039 nostri
1604 1995 1687 2040 anno
1710 1995 1737 2036 v.

1353 2263 1466 2327 xxxx.

1034 2449 1181 2530 Indulget
1194 2457 1233 2511 att
1246 2449 1371 2513 alumni
1388 2449 1512 2530 collegii
1529 2449 1696 2512 Scotorum
1714 2448 1783 2511 isdi-

1075 2541 1264 2613 lisoletunoc
1279 2544 1315 2606 dc
1330 2559 1484 2609 consensa
1506 2543 1640 2604 lactoris
1663 2541 1704 2628 od
1719 2559 1782 2606 ont-

1073 2653 1127 2698 oes
1149 2655 1255 2699 sacros
1280 2637 1413 2700 Ordines
1440 2637 1617 2714 praedoceri
1639 2635 1779 2697 catenat.

1035 2824 1153 2892 Dilecto
1174 2824 1238 2891 tilio
1261 2822 1361 2891 loanni
1384 2821 1502 2889 Gaudes
1525 2822 1666 2888 moderno
1683 2827 1714 2888 et
1730 2839 1782 2906 pro

1073 2924 1211 3003 tenpore
1233 2919 1375 2985 existenti
1398 2918 1510 2983 rectori
1528 2915 1647 3001 collegii
1671 2913 1783 2983 Scoto-

1076 3030 1136 3080 run
1160 3011 1456 3091 vallisoletanensia

1226 3197 1493 3268 electenses.
1518 3197 1589 3267 lllll.

1316 3389 1433 3456 [illecto
1455 3388 1509 3468 iili,

1049 3484 1197 3551 salutem
1220 3489 1252 3550 et
1273 3483 1470 3568 apostolicam
1495 3481 1745 3549 benedictionem.

1669 525 1683 548 ’
1702 523 1758 598 {95
1809 535 1862 590 Au.
1877 540 1907 592 0.
1928 528 1996 592 1773

91 3684 213 3730 sclavosin
272 3673 291 3747 ς
311 3671 341 3732 d.
365 3669 435 3730 Non
457 3669 650 3731 obstantibus
670 3668 835 3730 nostriset
854 3667 980 3729 Cancel-

73 3737 215 3836 fflssssl
232 3767 326 3828 lariae
346 3763 539 3842 spostolicae
560 3762 678 3838 regulis
700 3763 737 3823 de
760 3761 827 3823 iure
842 3761 981 3840 quaesito

72 3855 116 3900 aaa.
232 3876 296 3922 non
319 3859 468 3931 tollendo,
480 3873 513 3919 ac
534 3859 571 3919 de
593 3856 762 3918 unionibus
782 3854 980 3917 committen-

1076 3677 1095 3750 ἓ
1118 3676 1144 3736 l.
1170 3676 1212 3737 lle
1234 3684 1285 3736 tua
1306 3673 1457 3750 singulari
1479 3673 1550 3747 sade,
1573 3671 1735 3749 prudentia
1750 3677 1783 3733 et
1829 3683 1901 3730 narro
1916 3695 2016 3732 concas-

1036 3767 1174 3830 doctrina
1193 3768 1365 3844 plurimum
1383 3769 1414 3828 in
1430 3767 1562 3828 Domino
1576 3765 1780 3839 confidentes,
1801 3737 2015 3891 {lssssssZf‘fssa'ffiig

1037 3879 1070 3923 ea
1093 3862 1147 3923 tibi
1174 3860 1367 3923 concedenda
1399 3860 1562 3932 duximus,
1589 3874 1668 3936 quae
1690 3857 1784 3918 inlra·
1801 3844 1884 3943 {ggii
1909 3847 2015 3902 augam

231 3956 278 4018 dis
298 3953 335 4016 ad
356 3959 470 4031 partes,
492 3951 592 4012 citatis
617 3965 751 4028 quorum
778 3950 924 4024 interest,
947 3965 981 4010 ae

232 4047 447 4110 Lateranensis
479 4043 608 4107 Consilii
640 4043 808 4104 novissime
836 4041 979 4106 celebrati

233 4141 367 4204 uniones
397 4135 560 4218 perpetuas
588 4136 648 4197 nisi
672 4137 705 4198 in
735 4137 853 4198 casibus
874 4153 889 4197 a
912 4138 980 4199 iure

232 4234 390 4314 permissis
412 4232 479 4293 fieri
501 4229 707 4309 prohibentis,
720 4247 777 4292 nec
799 4245 863 4292 non
885 4229 981 4292 felicis

232 4326 456 4390 recordationis
482 4323 639 4386 Benedicti
662 4324 717 4385 ΡΡ.
749 4323 830 4387 XlV.
855 4325 979 4404 praede-

231 4420 358 4482 cessoris
370 4419 469 4482 nostri
490 4434 584 4497 super
597 4417 749 4479 divisione
765 4417 979 4492 materiarum,

231 4515 360 4593 aliisque
389 4513 553 4592 quibusvis
581 4511 763 4590 apostolicis,
790 4512 881 4573 acin
912 4510 980 4574 uui-

233 4609 404 4672 versalibus
436 4605 741 4685 provincialibusque
771 4615 803 4667 et
828 4604 980 4683 synodali-

233 4706 289 4766 bus
309 4701 448 4765 conciliis
463 4699 553 4761 editis
575 4699 772 4776 generalibus
796 4699 846 4760 vel
867 4699 980 4778 specia-

233 4797 312 4859 libus
342 4793 618 4857 constitutionibus
650 4800 680 4854 et
712 4793 979 4868 ordinationibus,

233 4889 449 4966 dictarumque
466 4886 665 4949 ecclesiarum
681 4886 776 4948 etiam
792 4886 979 4962 iuramento,

233 4983 467 5046 confirmatione
488 4979 662 5059 apostolica,
689 4979 738 5041 vel
759 4981 867 5058 quavis
884 4982 981 5043 drmi-

235 5084 296 5140 tate
322 5076 381 5137 alia
404 5073 553 5138 roboratis
579 5074 703 5136 statutis
727 5082 758 5136 et
784 5075 981 5138 consuetudi·

234 5172 335 5246 nibus,
348 5168 520 5249 privilegiis
535 5183 671 5246 quoque,
683 5167 812 5230 indultis
823 5176 854 5230 et
870 5169 981 5230 litteris

234 5264 406 5342 apostolicis
420 5262 630 5340 superioribus
645 5269 676 5323 et
687 5262 827 5338 personis
842 5262 901 5324 sub
915 5261 982 5340 qui-

235 5360 428 5438 buscumque
455 5356 616 5419 tenoribus
644 5362 676 5416 et
704 5356 828 5432 formis,
855 5372 888 5418 ao
910 5371 980 5417 cum

236 5455 395 5532 quibusvis
416 5451 512 5516 etiam
534 5449 799 5526 derogatoriarum
821 5449 981 5526 derogato-

236 5546 299 5622 riis‚
322 5547 451 5624 aliisque
473 5542 705 5616 efficacioribus,
721 5541 935 5603 efficacissimis
949 5558 982 5604 ac

238 5638 368 5702 insolitis
388 5637 545 5711 clausulis,
569 5635 838 5712 irritantibusque,
862 5643 893 5697 et
915 5633 982 5695 aliis

239 5733 366 5794 decretis
387 5731 419 5792 in
449 5745 563 5808 genere
584 5729 636 5790 vel
665 5728 699 5790 in
721 5728 833 5807 specie,
855 5745 888 5790 ac
916 5727 983 5788 aliis

239 5825 269 5886 in
284 5824 475 5888 contrarium
496 5822 728 5902 quomodolibet
748 5819 911 5896 concessis,
933 5837 982 5900 ap

240 5919 371 5998 probatis
392 5927 423 5980 et
446 5916 610 5980 innovatis.
642 5916 759 5992 Quibus
785 5913 930 5976 omnibus
953 5920 983 5976 et

1035 3955 1141 4034 scripti
1158 3953 1279 4030 collegii
1293 3961 1324 4014 et
1338 3953 1538 4016 alumnorum
1554 3951 1636 4014 illius
1647 3967 1783 4014 commo·

1036 4047 1075 4108 do
1090 4054 1120 4108 et
1137 4047 1263 4109 utilitati
1278 4045 1476 4124 profuturum
1489 4061 1554 4107 esse
1565 4045 1780 4122 cognovimus.

1037 4140 1141 4218 ltaque
1154 4143 1191 4203 de
1203 4155 1299 4202 venu.
1312 4140 1445 4202 fratrum
1461 4145 1638 4200 nostrorum
1655 4139 1686 4202 S.
1697 4139 1732 4199 tt.
1744 4139 1781 4200 E.

1038 4234 1249 4298 cardinalium
1285 4233 1418 4310 negotiis
1449 4231 1664 4309 Propagandae
1698 4231 1782 4294 Eidei

1037 4329 1283 4408 praepositorum
1311 4327 1457 4402 consilio,
1481 4325 1535 4388 tibi
1564 4325 1728 4400 moderno,
1751 4333 1784 4387 et

1037 4438 1093 4502 pro
1109 4430 1248 4500 tempore
1263 4421 1409 4484 existenti
1427 4419 1549 4494 rectori,
1563 4421 1597 4482 ad
1611 4421 1783 4482 triennium

1037 4517 1217 4594 proximum
1247 4524 1388 4591 tantum,
1417 4522 1448 4577 et
1478 4513 1607 4576 interim
1636 4513 1784 4592 quamdiu

1037 4610 1164 4672 rectoris
1186 4625 1318 4672 munere
1339 4609 1372 4672 in
1394 4611 1453 4671 isto
1474 4609 1604 4686 collegio
1620 4608 1783 4672 Scotorum

1037 4702 1274 4767 Vallisoletanae
1301 4702 1453 4779 fungeris,
1476 4719 1530 4764 seu
1556 4708 1657 4764 rector
1677 4699 1785 4762 huius·

1038 4797 1120 4859 modi
1142 4812 1198 4875 pro
1219 4802 1359 4873 tempore
1382 4796 1516 4858 existens
1538 4793 1699 4870 iungetur,
1723 4809 1785 4872 quo

1037 4889 1133 4967 ipsius
1154 4887 1307 4950 scholares
1328 4886 1444 4950 alumni
1460 4895 1527 4965 post
1548 4887 1784 4962 longosstudio-

1037 4981 1161 5045 diorum
1183 4982 1302 5044 labores
1326 4981 1504 5045 sacerdotali
1533 4980 1708 5042 ministerio
1729 4996 1785 5058 pro

1037 5073 1096 5135 loci
1118 5080 1149 5136 et
1170 5075 1319 5152 temporis
1340 5075 1520 5138 necessitate
1540 5073 1639 5150 iungi,
1664 5078 1694 5134 et
1716 5071 1785 5134 lun·

1038 5169 1191 5232 ctionibus
1210 5169 1302 5231 sacris
1323 5184 1506 5243 assuescere,
1523 5185 1555 5229 ac
1576 5167 1722 5229 ecclesiae
1743 5165 1787 5227 di·

1038 5263 1079 5326 cti
1100 5262 1224 5340 collegii
1247 5263 1344 5325 officia
1361 5263 1464 5324 divina
1484 5268 1652 5340 praestare,
1669 5275 1724 5321 seu
1739 5259 1785 5321 uti

1038 5357 1171 5436 operarii
1193 5354 1382 5418 damnosius
1404 5355 1486 5417 mitti
1509 5354 1645 5428 valeant,
1668 5353 1785 5414 eisdem

1038 5449 1185 5523 alumnis,
1202 5438 1370 5512 dummodo
1386 5447 1442 5525 ipsi
1463 5449 1678 5510 iuramentum
1700 5461 1787 5526 prae-

1038 5544 1112 5605 stari
1133 5541 1261 5604 solitum
1276 5541 1313 5602 ab
1328 5540 1462 5603 alumnis
1483 5539 1689 5616 collegiorum
1710 5554 1786 5617 pon·

1040 5635 1207 5698 tificiorum
1230 5633 1422 5710 huiusmodi,
1450 5650 1482 5695 ac
1514 5633 1696 5712 praesertim
1719 5634 1785 5695 red-

1039 5729 1135 5792 eundi
1157 5729 1189 5791 in
1212 5727 1358 5802 scotiam,
1388 5733 1557 5804 praestent,
1581 5725 1618 5788 de
1640 5734 1694 5788 tuo
1714 5741 1785 5788 con-

1040 5838 1133 5885 sensu
1163 5829 1193 5882 ct
1214 5820 1359 5882 examine
1379 5820 1588 5898 praecedenti,
1611 5828 1646 5881 ut
1673 5819 1787 5897 absque

1040 5915 1139 5977 literis
1151 5913 1332 5976 dimissoriis
1342 5929 1470 5978 suorum
1482 5912 1715 5977 ordinariorum
1726 5911 1787 5976 ole-
