4808 6988
60 567 109 622 An.
122 565 154 621 0.
176 568 248 621 teas

946 591 1017 638 Plus
1037 592 1087 636 1³1³.
1112 592 1168 638 vlt.

278 697 443 770 carissimo
465 703 493 771 in
515 703 635 774 christo
654 706 718 774 lilio
735 713 839 776 nostro
856 705 956 775 loanni
977 722 1024 774 ra·

318 796 367 878 poi
390 797 461 864 uuiti
478 797 692 883 Portupalliae,
708 799 856 869 Brasiliae
872 807 905 869 cl
920 801 1023 884 11911-

318 887 430 956 biorurn
453 889 527 976 ssepi
549 893 736 974 tidelissino,

523 1076 609 1146 etus
632 1079 693 1148 ΡΡ.
714 1068 775 1148 tlt.

370 1261 533 1332 Gariaslne
557 1267 584 1334 in
606 1266 726 1337 christo
748 1268 792 1336 till
816 1274 930 1348 noster,

310 1355 492 1426 salutemet
512 1360 710 1442 apostolicare
736 1362 986 1431 benedictionem.

316 1545 380 1607 Etsi
401 1554 558 1626 perspecta
574 1550 741 1612 maiestatis
758 1560 828 1614 tuae
843 1552 943 1615 virtus
959 1567 1022 1613 mo-

276 1639 349 1702 nitis
369 1648 463 1718 atque
492 1641 718 1706 hortationibus
750 1645 864 1707 nostris
894 1645 1024 1707 minime

277 1731 417 1808 indigere
437 1733 571 1809 videtur,
596 1737 657 1813 ipsa
681 1743 783 1799 tamen
806 1737 966 1814 religionis
983 1739 1021 1799 si-

275 1825 342 1887 mul
362 1831 455 1904 atque
468 1829 669 1890 humanitatis
685 1830 762 1892 ratio
778 1848 833 1893 nos
848 1832 970 1907 excitat,
987 1841 1022 1893 ut

277 1923 366 1981 tuum
387 1920 568 1994 gravissima
590 1921 622 1984 in
645 1937 677 1984 re
692 1924 831 1986 studium
845 1931 936 2003 atque
951 1941 1021 2004 ope·

275 2027 341 2072 ram
353 2013 556 2089 requiramus.
569 2015 654 2088 Quod
671 2016 795 2094 quidem
812 2017 947 2079 officium
959 2019 1021 2095 pic-

275 2104 345 2167 tatis
364 2118 421 2181 per
441 2123 474 2168 se
495 2109 719 2186 aequitatisque
746 2110 963 2187 plenissimum
985 2127 1021 2172 eo

275 2196 422 2260 libentius
443 2201 523 2277 apud
542 2202 731 2264 maiestatem
749 2209 833 2266 tuam
847 2205 1021 2280 gerendum

274 2291 468 2368 suscipimus,
490 2293 571 2371 quod
594 2301 625 2356 et
646 2295 858 2370 gratissimum
881 2295 934 2358 tibi
957 2295 1021 2358 iore

274 2384 470 2461 confidimus,
493 2395 524 2446 et
545 2402 608 2448 non
628 2403 737 2466 parum
754 2389 858 2465 etiam,
876 2389 929 2450 ubi
944 2389 1021 2452 illud

274 2492 329 2555 pro
353 2479 403 2538 tud
424 2481 542 2542 virtute
563 2479 660 2542 lucris
680 2489 814 2556 secutus,
832 2482 974 2544 utilitatis
989 2498 1022 2544 ac

275 2569 389 2647 gloriae
421 2573 500 2649 apud
532 2583 598 2634 tuas
629 2581 813 2653 exterasque
834 2582 943 2652 gentes
965 2575 1021 2636 tibi

274 2673 536 2744 comparaturum.

315 2757 445 2820 Summo
466 2775 539 2821 cum
559 2760 655 2822 animi
683 2762 782 2824 nostri
811 2777 953 2824 moerore
974 2779 1021 2824 ac·

274 2850 423 2929 cepimus,
446 2851 639 2930 Nigritarurn
671 2855 906 2930 commercium,
938 2857 1020 2934 quod

274 2943 307 3004 in
329 2946 414 3007 tantal
429 2947 670 3010 christianorum
685 2949 863 3029 principum
879 2949 1022 3011 humani·

275 3043 336 3099 tate
357 3055 390 3101 ac
410 3039 559 3116 sapientia
588 3041 746 3104 sublatum
778 3044 903 3120 penitus
930 3049 1022 3121 atque

274 3131 446 3195 extinctum
480 3135 672 3211 putabamus,
695 3137 727 3197 in
750 3135 912 3198 nonnuliis
934 3136 1021 3198 ditio-

274 3241 352 3288 num
365 3232 488 3289 tuarum
501 3228 638 3305 partibus
648 3229 798 3292 acerbiori
810 3230 913 3306 etiant,
928 3245 1021 3309 quam

272 3327 372 3392 antea,
394 3321 513 3382 ratione
534 3319 633 3382 adhuc
654 3323 804 3385 exerceri.
828 3323 1020 3402 Quamquam

274 3413 360 3475 enim
380 3429 397 3473 a
413 3413 570 3474 maiestate
588 3413 639 3476 tud
653 3413 697 3495 (id
712 3418 793 3493 quod
809 3431 949 3480 summae
965 3417 1020 3479 tihi

274 3506 354 3568 laudi
377 3506 579 3588 vertendum)
600 3508 771 3571 nonnullae
793 3511 1020 3589 cumpluribus

273 3599 414 3678 Europae
446 3601 636 3679 principibus
670 3603 892 3665 conventiones
924 3605 1020 3667 initae

272 3694 391 3756 luerint
410 3693 446 3756 ad
469 3695 673 3756 miserrimam
694 3694 888 3771 Nigritarum
902 3706 1019 3759 sortem

271 3787 475 3863 allevandum,
497 3803 530 3849 ao
552 3786 634 3862 leges
648 3789 742 3850 etiam
758 3788 877 3868 aliquae
892 3805 1020 3868 poenae·

273 3899 334 3962 que
353 3881 498 3955 sancitae,
514 3881 626 3958 quibus
642 3881 780 3958 ipsorum
796 3886 1018 3948 commercium

273 3983 407 4049 vetatur,
419 3991 468 4035 eas
484 3981 588 4035 tamen
602 3973 820 4038 saluberrimas
832 3977 937 4053 legum
951 3993 1019 4039 san-

273 4070 390 4132 ctiones
407 4083 469 4130 non
485 4083 593 4128 omnes
607 4067 760 4130 ditionum
778 4077 902 4132 tuarum
918 4080 1019 4148 partes

272 4179 369 4241 aeque
395 4161 539 4238 amplecti
559 4177 593 4222 ac
614 4162 778 4224 devincere
803 4165 1017 4239 eognovimus.

294 4255 421 4334 'Neque
448 4268 523 4314 vero
553 4252 783 4316 solicitudinem
814 4265 949 4319 nostram
973 4259 1021 4320 io-

274 4368 345 4429 gare
366 4356 537 4428 potuerunt
558 4347 753 4408 acerbissima
775 4351 968 4414 cruciatuum
987 4370 1019 4415 ac

273 4444 486 4508 molestiarum
509 4456 633 4518 genera,
655 4441 767 4519 quibus
791 4445 902 4520 perditi
925 4461 1019 4522 nego-

273 4537 408 4611 tiatores,
431 4549 558 4594 omnem
581 4549 706 4610 prorsus
728 4534 929 4600 humanitatis
950 4555 1019 4599 sen-

272 4646 342 4692 sum
363 4635 525 4700 exuentes,
548 4625 681 4700 Nigritas
706 4627 785 4702 ipsos
808 4629 1019 4694 miserandum

272 4723 305 4786 in
327 4721 454 4784 medum
475 4719 640 4780 solicitant.
663 4719 779 4794 Quibus
799 4737 874 4782 sane
895 4723 1018 4800 auditiS,

272 4816 375 4878 animo
397 4814 602 4874 vehementer
622 4813 782 4886 commoti,
804 4831 836 4874 ac
856 4816 1018 4880 nobiseum

272 4911 364 4972 etiam
386 4915 566 4984 reputantes
588 4913 740 4983 quantum
768 4908 942 4972 decessores
964 4929 1019 4976 uo·

271 5003 340 5078 stri,
362 5001 501 5063 doctrind
523 5015 586 5061 non
603 4999 708 5060 minus
723 5015 817 5077 quam
832 5002 946 5078 pietate
961 5005 1019 5066 cla·

272 5095 397 5168 rissimi,
413 5093 560 5155 nelariam
583 5093 760 5154 huiusmodi
776 5094 941 5158 hominum
956 5115 1018 5160 ser·

272 5189 417 5263 vitutem,
437 5193 545 5264 utpote
566 5186 711 5262 religioni
726 5194 818 5264 atque
832 5190 1019 5254 humanitati

273 5283 305 5344 in
335 5280 443 5361 primis
473 5280 646 5354 intensam,
679 5281 927 5344 constantissime
956 5285 1019 5346 sint

271 5375 412 5449 aversati,
436 5372 610 5452 pontificiae
632 5378 755 5434 nostrae
779 5374 898 5435 caritati
920 5385 1019 5454 pater-

272 5483 375 5547 noque
396 5465 494 5528 amori
517 5465 645 5525 omnino
666 5479 840 5542 congruere
858 5468 1016 5545 duximus,

271 5578 288 5622 a
311 5570 355 5623 tot
371 5559 524 5638 tantisque
540 5559 627 5619 malis
644 5559 850 5620 miserrimam
865 5559 951 5624 illam
966 5566 1018 5623 ho-

271 5655 394 5718 minum
428 5663 558 5733 partem,
580 5652 828 5731 quibuscumque
857 5667 1019 5730 possumus

270 5750 393 5822 mediis,
415 5749 548 5824 eripere.

1119 709 1224 788 ltaque
1245 711 1280 772 ad
1302 713 1493 776 maiestatem
1518 721 1614 788 tuam,
1636 714 1723 776 cuius
1738 727 1826 790 egre·

1080 803 1160 878 giam
1188 815 1259 880 erga
1283 821 1338 867 nos
1367 804 1563 868 voluntatem
1592 807 1746 882 cognitam
1775 821 1829 884 pe·

1080 895 1164 956 nitus
1193 897 1346 976 planeque
1372 907 1566 976 perspectam
1593 899 1754 973 habemus,
1779 915 1828 977 pa-

1079 980 1255 1051 ternahaec
1270 990 1367 1052 ellicia
1383 991 1558 1067 dirigimus,
1570 1006 1699 1068 eamque
1716 990 1827 1052 intimo

1078 1079 1179 1142 cordis
1199 1081 1309 1144 allecto
1340 1084 1502 1146 hortamur
1524 1085 1554 1145 in
1576 1083 1709 1145 Domino
1734 1088 1828 1160 atque

1078 1174 1284 1250 obsecramus,
1309 1184 1354 1251 ut,
1376 1175 1528 1253 singulari
1544 1176 1598 1238 sud
1614 1176 1779 1253 prudentia
1794 1176 1826 1238 iu

1078 1270 1242 1332 consilium
1272 1269 1427 1346 advocata,
1449 1287 1576 1334 ornnem
1607 1273 1659 1334 det
1687 1285 1825 1348 operam,

1078 1363 1124 1423 uti
1146 1370 1338 1442 opportunae
1360 1364 1430 1427 illae
1452 1367 1507 1426 hac
1528 1367 1565 1428 de
1586 1381 1619 1426 re
1635 1365 1740 1440 legum
1756 1379 1826 1441 poe-

1078 1471 1252 1534 narumque
1273 1458 1447 1519 sanctiones
1470 1457 1502 1518 in
1525 1456 1671 1520 omnibus
1685 1471 1825 1532 suarum,

1078 1567 1137 1628 qua
1158 1550 1218 1612 late
1247 1559 1365 1630 patent,
1388 1551 1542 1614 ditionum
1574 1551 1711 1628 partibus
1740 1565 1826 1611 accu-

1078 1651 1142 1706 rate
1164 1653 1341 1720 serventur,
1364 1661 1397 1706 ac
1419 1639 1603 1722 probrosum
1624 1646 1751 1706 demum
1773 1641 1827 1704 Ni·

1078 1738 1230 1813 gritarum
1244 1729 1465 1800 commercium
1481 1753 1602 1802 summo
1618 1751 1688 1798 corn
1701 1735 1827 1812 religio-

1077 1830 1125 1892 nis
1146 1837 1237 1908 atque
1260 1829 1389 1893 humani
1412 1831 1536 1907 generis
1563 1829 1726 1892 commodo
1748 1828 1825 1890 radi-

1076 1924 1155 1986 citus
1187 1923 1371 2002 extirpetur.
1403 1925 1469 2000 Quo
1496 1923 1739 2002 praeclarissimo
1760 1921 1826 2000 qui·

1076 2018 1147 2080 dem
1168 2032 1262 2095 opere
1276 2017 1356 2080 nihil
1370 2018 1429 2080 erit
1444 2016 1611 2078 maiestatis
1625 2023 1695 2078 tuae
1709 2015 1826 2076 virtute

1077 2111 1211 2186 dignius,
1241 2109 1321 2172 nihil
1341 2109 1376 2170 ad
1400 2117 1484 2172 tuam
1515 2109 1662 2188 pietatem
1690 2107 1825 2184 aequita-

1078 2211 1203 2280 temque
1225 2201 1414 2280 prodendam
1436 2208 1528 2280 atque
1543 2210 1722 2263 exterarum
1738 2214 1825 2277 prae·

1075 2297 1184 2358 sertim
1205 2296 1348 2372 gentium
1368 2293 1468 2356 studia
1485 2295 1539 2357 tihi
1555 2291 1757 2358 devincienda
1772 2308 1825 2372 op·

1076 2390 1254 2469 portunius.

1116 2485 1297 2546 infirmam
1327 2483 1428 2560 itaque
1457 2498 1544 2560 spem
1573 2483 1725 2560 erigimur
1747 2480 1824 2556 lore,

1078 2586 1112 2640 ut
1134 2577 1275 2638 maiestas
1296 2582 1349 2637 tna
1370 2576 1405 2636 ad
1428 2581 1491 2637 tam
1507 2575 1658 2638 eximium
1675 2591 1764 2654 epus,
1779 2591 1825 2636 sa·

1077 2672 1115 2734 tis
1136 2672 1197 2732 iam
1218 2669 1272 2731 sub
1293 2675 1403 2748 sponte
1434 2669 1575 2744 excitata,
1599 2669 1711 2732 nostris
1733 2668 1824 2730 modo

1077 2765 1158 2828 hisce
1172 2763 1387 2825 accedentibus
1403 2761 1494 2836 votis,
1511 2778 1566 2839 pro
1582 2762 1668 2824 filiali
1683 2762 1738 2823 sual
1752 2775 1824 2836 erga

1077 2875 1132 2920 nos
1154 2865 1185 2918 et
1206 2855 1412 2933 Apostolicam
1433 2856 1512 2917 hanc
1534 2852 1644 2918 Sedem
1660 2855 1825 2916 observan-

1077 2952 1128 3026 tia,
1152 2949 1181 3010 id
1203 2949 1306 3026 ipsum
1328 2948 1457 3010 alacrius
1479 2949 1572 3008 etiam
1593 2957 1685 3026 atque
1701 2946 1824 3010 enixius

1077 3058 1190 3120 urgere
1211 3041 1297 3103 velit.
1320 3041 1419 3116 Quare
1434 3055 1500 3117 age,
1517 3041 1673 3104 carissime
1689 3042 1720 3102 iu
1736 3040 1825 3103 Chri·

1075 3145 1122 3200 sto
1139 3135 1181 3198 tili
1197 3143 1315 3207 noster,
1328 3133 1438 3195 insitae
1453 3133 1486 3196 in
1503 3134 1589 3210 regio
1605 3141 1659 3197 tuo
1672 3136 1825 3212 sanguine

1076 3231 1182 3309 pietati
1204 3245 1237 3290 11
1258 3227 1369 3289 virtuti
1391 3227 1571 3305 obsequere,
1588 3227 1709 3289 foedam
1731 3243 1823 3304 nego-

1077 3325 1224 3385 tiatorum
1246 3319 1459 3397 cupiditatem,
1481 3320 1534 3397 qui
1563 3320 1667 3382 omnia
1688 3321 1824 3386 iustitiae

1076 3425 1168 3494 utque
1199 3413 1401 3476 humanitatis
1433 3415 1499 3475 iura
1531 3412 1650 3475 nelarie
1681 3415 1823 3492 quaestui

1075 3517 1284 3589 postponunt,
1312 3507 1469 3585 sapienter
1499 3523 1675 3586 compesce,
1706 3507 1825 3587 tibique

1074 3604 1203 3667 omnino
1225 3601 1383 3679 persuade,
1410 3610 1439 3662 te
1461 3600 1493 3661 in
1517 3601 1573 3663 hoc
1587 3602 1823 3664 strenuesusci-

1077 3698 1187 3775 piendo
1208 3693 1347 3771 negotio,
1369 3701 1462 3771 atque
1483 3694 1517 3755 ad
1540 3701 1679 3772 optatum
1702 3695 1823 3756 exitum

1076 3789 1282 3869 perducendo,
1306 3803 1373 3848 rem
1395 3786 1522 3864 quidem
1545 3787 1606 3848 lieo
1622 3787 1762 3866 primum
1776 3804 1823 3849 ac-

1074 3891 1207 3962 ceptam,
1221 3879 1474 3943 iucundissimam
1490 3879 1589 3954 nobis,
1602 3880 1657 3941 tibi
1671 3897 1745 3941 vero
1761 3897 1823 3942 ma·

1075 3978 1159 4041 xime
1174 3974 1340 4052 gloriosam
1354 3988 1420 4033 esse
1434 3971 1600 4033 iacturum.
1620 3971 1680 4034 Nos
1695 3973 1823 4034 interim

1074 4072 1253 4133 diuturnam
1276 4067 1331 4128 tibi
1354 4065 1602 4128 incolumitatem
1631 4065 1822 4128 felicitatem-

1074 4179 1134 4242 que
1156 4161 1354 4239 adprecantes
1375 4173 1392 4217 a
1415 4157 1546 4219 llomino
1567 4173 1640 4219 cum
1662 4158 1823 4236 peculiari-

1075 4257 1131 4318 bus
1153 4262 1298 4332 paternae
1319 4249 1453 4312 oaritatis
1476 4257 1609 4324 nostrae
1625 4251 1822 4326 significatio·

1075 4350 1167 4412 uihos
1187 4343 1385 4424 apostolicam
1401 4342 1650 4404 benedictionem
1667 4343 1822 4406 honorum

1075 4441 1216 4504 omnium
1247 4435 1401 4514 auspicem
1434 4435 1500 4509 tibi,
1524 4435 1680 4498 carissime
1704 4438 1747 4498 tili
1768 4453 1823 4500 no-

1073 4545 1148 4608 ster,
1171 4529 1382 4592 amantissime
1405 4529 1613 4608 impertimur.

1115 4629 1228 4688 Datum
1258 4623 1385 4695 Romae,
1415 4619 1495 4697 apud
1524 4620 1553 4682 S.
1584 4620 1710 4682 Mariana
1732 4622 1822 4685 11111-

1075 4735 1152 4793 11111,
1169 4717 1227 4778 suh
1247 4713 1364 4775 annulo
1387 4713 1557 4786 Piscatoris,
1574 4712 1624 4776 die
1645 4729 1696 4774 xv.
1719 4715 1823 4778 martii

1075 4825 1293 4882 uocooxxrrr,
1310 4807 1506 4885 pontilicatus
1522 4805 1620 4867 nostri
1635 4822 1717 4868 anno
1733 4823 1820 4870 xxxv.

1328 5095 1567 5109 ..ι-ψ

1393 5369 1499 5433 dxlv.

1075 5561 1284 5626 Franciscent
1310 5559 1440 5624 Gbossut
1462 5555 1608 5634 leestpt.
1634 5559 1729 5638 Cocp.
1748 5559 1822 5622 Mis·

1112 5655 1212 5716 sionis
1238 5655 1299 5714 l'ic.
1325 5657 1381 5730 Ap.
1408 5652 1570 5717 Missiorris
1599 5651 1703 5714 lutiae
1731 5649 1821 5714 Cese-

1103 5765 1185 5812 1111
1207 5747 1381 5808 cortstiteit
1402 5745 1459 5825 (l).

312 5963 343 6018 (1)
358 5964 396 6008 Ex
410 5961 470 6008 Tab.
486 5965 563 6018 cong.
579 5965 643 6018 Rog.
658 5961 699 6006 dei
713 5963 790 6008 Brevi
804 5963 854 6010 vol.
869 5965 909 6018 ll.,
923 5973 983 6036 pag.
998 5966 1045 6008 250.
1069 6029 1071 6032 Ι

377 6086 430 6132 latr.
448 6085 517 6130 Pont.
532 6083 563 6131 de
579 6085 652 6145 Prop.
668 6085 730 6132 Fide
745 6085 827 6132 Partis
841 6087 858 6132 l.
875 6085 928 6131 vol.
945 6089 983 6132 lv.

1750 575 1808 640 633
1859 576 1915 631 An.
1927 579 1958 630 G.
1979 578 2048 632 1823
