4776 6974
951 558 1022 604 urus
1043 557 1092 604 rr.
1117 555 1159 602 vr.
1749 523 1810 595 359
1858 523 2047 578 dummoc

284 677 365 739 licite
381 678 504 742 valeam
517 677 702 758 dispensare,
718 677 837 759 prolem
853 677 965 740 exinde
978 693 1028 739 su·
1370 672 1534 738 LXXXlX.

282 771 470 852 scipiendam
491 773 662 850 legitimam
684 775 841 847 nuntiare,
863 777 955 853 atque
976 772 1029 834 lai-

282 880 388 928 corum
404 881 495 944 opem
510 866 541 929 in
557 866 677 931 deiectu
692 867 910 947 religiosorum
925 867 1026 942 (dum-
1082 861 1232 942 indulget
1249 870 1287 926 ot
1302 862 1342 926 ob
1357 869 1493 940 utroquo
1507 861 1588 924 clero
1604 861 1751 924 civitatis
1767 860 1827 926 Mc·

282 957 371 1019 modo
387 959 423 1020 de
440 973 549 1021 eorum
563 959 596 1020 in
613 961 673 1022 fide
687 961 843 1035 catholica,
856 958 1027 1022 constantia
1122 956 1259 1018 ciconoc
1282 956 1416 1037 officinm
1431 955 1546 1018 Sancti
1562 953 1664 1034 ncipit
1680 953 1829 1032 Episcopi

282 1059 311 1114 et
332 1053 471 1117 doctriua
494 1053 534 1115 ita
555 1055 631 1116 certi
657 1054 732 1130 sint,
756 1062 792 1117 ut
813 1053 918 1116 nullus
938 1068 1027 1116 error·
1122 1047 1180 1112 rub
1203 1051 1275 1112 rt'ttc
1296 1051 1371 1129 dcp.
1396 1050 1516 1113 minori
1538 1064 1610 1111 cum
1628 1047 1726 1110 misso
1740 1055 1769 1108 ct
1787 1045 1829 1108 lc·

282 1146 318 1207 ab
336 1146 412 1226 ipsis
433 1145 590 1210 timendus
610 1145 664 1227 sit)
685 1149 718 1210 in
734 1147 822 1210 verbi
837 1147 890 1210 Dei
909 1145 1026 1226 praedi·
1123 1141 1284 1206 ottonibus
1304 1143 1445 1222 propriis
1467 1142 1532 1204 inm
1548 1140 1734 1220 approbatis
1749 1140 1827 1201 rcci-

281 1240 452 1304 cationibus
470 1254 525 1302 seu
546 1241 813 1304 exhortationibus
835 1239 981 1320 privatim
996 1247 1027 1302 et
1123 1237 1191 1299 tori
1211 1238 1311 1315 possit
1333 1234 1388 1318 (l).

281 1342 398 1396 secreto
419 1349 491 1397 cum
512 1331 617 1398 iructu
639 1335 707 1397 fieri
731 1333 840 1410 solitis,
864 1333 909 1396 uti
932 1333 1026 1395 libere

281 1445 313 1490 ac
333 1427 418 1490 licite
445 1427 581 1491 valeant:
609 1428 754 1507 quodque
783 1427 871 1491 liceat
893 1426 953 1488 illis
974 1427 1026 1487 luo·
1336 1405 1423 1476 ΡΙυθ
1446 1409 1505 1478 ΡΡ.
1528 1407 1573 1478 Vl·

282 1523 352 1584 bere
372 1521 469 1585 altare
490 1523 634 1602 portatile
649 1537 722 1584 cum
737 1521 847 1584 debitis
861 1524 980 1583 honore
995 1525 1025 1582 et
1221 1532 1257 1600 gg
1278 1531 1409 1600 futuram
1432 1533 1475 1599 ,eq
1505 1533 1684 1601 mmm,

282 1617 467 1691 reverentia,
490 1630 584 1694 super
605 1633 667 1695 quo
687 1617 720 1678 in
743 1616 816 1679 locis
830 1614 866 1676 ad
882 1615 939 1677 boo
954 1629 1026 1676 con·

283 1711 463 1788 gruentibus
491 1720 522 1774 et
552 1711 701 1786 honestis,
732 1720 898 1790 antequam
919 1725 937 1772 e
958 1707 1025 1772 luce
1120 1709 1189 1784 51.
1213 1710 1333 1788 Exponi
1357 1711 1445 1773 nobis
1466 1725 1567 1789 nuper
1581 1709 1653 1772 iecit
1667 1709 1828 1772 venerabi-

282 1805 354 1880 dies,
376 1821 450 1868 cum
475 1821 561 1868 casus
591 1805 782 1866 necessitatis
809 1803 1024 1883 postulaverit,
1081 1803 1117 1864 lis
1137 1803 1232 1865 irater
1247 1803 1415 1866 modernus
1429 1805 1683 1883 fircbiepiscopus
1699 1804 1827 1866 blexica·

282 1898 385 1960 missas
405 1899 562 1961 celebrare
576 1900 711 1974 valeant,
728 1900 872 1979 quodque
886 1899 943 1978 ipsi
959 1897 1024 1958 aliis
1082 1914 1151 1972 nus,
1174 1898 1253 1975 quod
1276 1899 1341 1976 ipse
1360 1897 1395 1960 ad
1417 1899 1592 1976 aagendam
1614 1913 1686 1975 erga
1708 1897 1739 1963 S.
1765 1897 1827 1960 Eli-

282 1991 403 2054 illarum
425 1992 558 2070 partium
585 1993 793 2056 sacerdotibus
821 1995 961 2056 eamdem
983 1991 1025 2052 la·
1081 1989 1169 2066 giam
1199 1989 1398 2053 devotionem
1419 1999 1450 2055 et
1479 1991 1612 2065 cultum,
1635 1999 1670 2054 ut
1690 1991 1826 2054 officium

281 2085 428 2147 cultatem
449 2084 581 2147 habendi
603 2086 698 2148 altare
718 2085 862 2164 portatile
881 2101 937 2164 pro
952 2085 1024 2146 mis·
1081 2084 1117 2146 de
1137 2098 1216 2146 com.
1236 2083 1372 2147 Conless.
1389 2085 1478 2147 Pont.
1495 2085 1553 2147 sub
1567 2087 1629 2147 ritu
1645 2085 1729 2163 dupl.
1745 2085 1823 2147 min.

1872 1715 2042 1765 Prooemium.

121 2475 266 2539 1111111111-

113 2536 213 2576 suanorum.

281 2179 319 2239 sis
339 2177 430 2240 modo
452 2179 607 2257 praedicto
627 2187 658 2241 et
679 2179 871 2250 necessitate,
889 2187 923 2240 ut
939 2194 1023 2257 prae-

282 2272 388 2347 lertur,
411 2281 556 2350 urgente,
571 2272 761 2336 celebrandis
774 2272 943 2336 concedere
957 2287 1024 2352 pos·

282 2369 349 2430 sint.

319 2465 338 2539 ἓ
358 2463 388 2526 ².
411 2463 479 2526 Non
499 2462 690 2525 obstantibus
704 2463 979 2526 constitutionibus
993 2470 1024 2526 et

283 2557 524 2620 ordinationibus
544 2554 729 2634 apostolicis,
759 2574 792 2618 ac
822 2557 1023 2619 monasterio·

282 2667 350 2715 rum
371 2657 402 2712 et
423 2649 562 2711 locorum
584 2649 707 2729 piorum
728 2651 968 2728 praedictorum,
988 2651 1025 2714 il-

284 2746 442 2823 lorumque
464 2743 607 2806 ordinum
630 2745 721 2806 etiam
745 2745 932 2820 iuramento,
952 2761 1023 2808 con·

283 2839 454 2901 firmatione
474 2837 647 2916 apostolica,
670 2836 720 2900 vel
744 2837 850 2915 quavis
877 2839 1024 2900 firmitate

283 2933 334 2994 alia
356 2931 505 2994 roboratis
532 2931 655 2992 statutis
675 2939 706 2993 et
727 2931 1021 3009 consuetudinibus3

282 3027 446 3107 privilegiis
471 3023 606 3106 queque,
633 3025 762 3089 indultis
782 3033 814 3088 et
836 3027 933 3089 literis
954 3043 1024 3108 apo-

281 3121 390 3183 stolicis
416 3119 626 3198 superioribus
653 3125 685 3182 et
709 3121 848 3199 personis
874 3121 932 3184 sub
956 3122 1022 3200 qui·

282 3216 468 3293 buscumquo
497 3212 657 3276 tenoribus
685 3221 716 3275 et
741 3213 866 3288 formis,
896 3231 929 3276 ac
950 3231 1022 3277 cum

282 3308 435 3387 quibusvis
456 3307 550 3369 etiam
571 3307 836 3384 derogatoriarum
864 3308 1022 3384 derogato-

281 3401 342 3477 riis,
363 3400 491 3478 aliisque
513 3399 743 3475 efficacioribus,
759 3399 974 3463 efficacissimis
989 3418 1022 3464 ac

282 3496 409 3559 insolitis
431 3496 597 3573 clausulis,
624 3497 878 3576 irritantibusque
903 3505 936 3560 et
955 3498 1022 3560 aliis

282 3589 405 3654 decretis
426 3590 458 3651 in
481 3604 596 3666 genere
621 3589 672 3650 vel
699 3590 730 3651 in
752 3591 874 3666 specie,
902 3607 936 3652 ac
956 3591 1023 3653 aliis

282 3684 310 3745 in
324 3682 513 3746 contrarium
536 3681 767 3759 quomodolibet
788 3685 949 3758 concessis,
972 3700 1023 3762 ap-

281 3776 409 3856 probatis
435 3783 466 3837 et
488 3775 655 3837 innovatis.
678 3776 792 3852 Quibus
817 3777 964 3839 omnibus
991 3787 1022 3842 et

282 3869 407 3946 singulis
436 3868 564 3931 illorum
586 3878 710 3932 tenores
731 3871 944 3948 praesentibus
966 3889 1021 3950 pro

282 3964 366 4042 plene
386 3971 417 4025 et
429 3962 621 4027 sufficienter
636 3965 799 4042 expressis,
821 3981 854 4028 ac
869 3966 907 4028 de
927 3967 1022 4029 verbo

281 4056 464 4121 adverbum
486 4057 608 4118 insertis
630 4057 789 4134 babentes,
812 4059 874 4122 illis
895 4061 967 4122 alias
988 4061 1021 4123 in

279 4167 330 4216 suo
352 4151 462 4214 robore
481 4152 702 4230 permansuris,
725 4152 760 4213 ad
783 4155 1019 4231 praemissorum

278 4245 418 4307 ellectum
444 4247 498 4306 bac
525 4244 594 4305 vice
613 4243 773 4307 dumtaxat
797 4249 970 4326 specialiter
990 4261 1021 4314 et

277 4355 416 4419 expresse
437 4340 632 4416 derogamus,
655 4341 843 4420 caeterisque
858 4345 1020 4407 contrariis

274 4435 530 4511 quibuscumque.

312 4529 332 4603 ἓ
352 4527 381 4589 3.
406 4526 559 4590 Volumus
579 4534 684 4589 autem
699 4527 779 4607 quod
795 4528 821 4590 si
837 4535 882 4604 tu,
899 4541 951 4593 aut
966 4533 1019 4594 ali·

1080 2177 1112 2240 iu
1134 2178 1283 2240 bonorem
1306 2177 1443 2240 eiusdem
1465 2178 1496 2241 S.
1521 2179 1614 2257 Eligii
1632 2195 1706 2242 cum
1721 2179 1826 2243 lectio-

1080 2271 1172 2334 nibus
1192 2273 1320 2335 secundi
1342 2282 1373 2335 et
1396 2273 1479 2335 tertii
1501 2274 1659 2349 nocturni,
1682 2291 1715 2337 ac
1736 2273 1826 2336 missa

1081 2367 1221 2444 propriis,
1245 2367 1305 2428 iam
1325 2383 1381 2446 pro
1408 2369 1544 2446 capitulo
1564 2375 1595 2431 et
1622 2367 1827 2431 universitate

1079 2458 1239 2522 aurificum
1262 2457 1294 2521 S.
1318 2460 1429 2522 llariae
1451 2461 1615 2523 vinearum
1636 2460 1769 2522 civitatis
1785 2461 1826 2523 la-

1079 2554 1208 2615 nuensis
1238 2554 1323 2628 alias,
1350 2569 1462 2632 nempe
1492 2555 1543 2617 die
1574 2570 1631 2616 xn.
1656 2555 1826 2618 decembris

1079 2662 1311 2722 necotxxxvr,
1321 2647 1506 2725 adprobatis,
1517 2649 1684 2726 quotannis
1699 2650 1749 2711 die
1764 2650 1825 2726 pri·

1078 2756 1128 2801 ma
1149 2739 1319 2802 decembris
1342 2741 1379 2803 ab
1400 2750 1533 2822 utroque
1555 2741 1638 2804 clero
1658 2758 1730 2804 suae
1751 2743 1827 2804 civi-

1080 2833 1149 2894 tatis
1170 2833 1345 2896 llexicanae
1367 2835 1488 2897 recitari
1509 2843 1540 2897 et
1562 2836 1734 2915 respective
1748 2835 1825 2898 cele·

1079 2928 1159 2990 brari
1175 2928 1279 3006 possit,
1295 2913 1495 3007 summopere
1515 2929 1634 3008 cupiat,
1652 2929 1741 2991 nobis
1755 2945 1825 3008 pro-

1079 3027 1181 3100 pterea
1212 3019 1374 3083 humiliter
1403 3021 1611 3100 supplicatum
1642 3021 1712 3099 luit,
1736 3032 1771 3086 ut
1793 3023 1825 3085 in

1077 3115 1252 3193 praemissis
1270 3123 1444 3194 opportune
1458 3117 1633 3195 providere,
1650 3124 1681 3180 et
1696 3124 1731 3180 ut
1745 3115 1825 3181 inira

1077 3209 1241 3286 indulgere
1261 3211 1299 3272 de
1319 3211 1511 3289 benignitate
1534 3212 1696 3291 apostolica
1718 3213 1825 3291 digna·

1077 3320 1194 3367 remur.

1116 3402 1135 3477 ἓ
1156 3402 1186 3463 2.
1209 3400 1270 3464 Nos
1287 3403 1386 3479 igitur
1401 3403 1519 3468 dictum
1533 3412 1744 3482 exponentem
1757 3423 1824 3486 spe·
1843 3409 1944 3508 eiiii?
1957 3417 2055 3454 conecc-

1077 3498 1204 3561 cialibus
1223 3499 1328 3576 gratiis
1342 3507 1374 3561 el
1388 3499 1543 3563 favoribus
1558 3503 1701 3580 prosequi
1717 3503 1825 3566 volen-

1079 3599 1134 3665 tes,
1157 3600 1224 3654 eta
1253 3592 1412 3672 quibusvis
1439 3595 1767 3659 excommunicationis
1793 3607 1823 3662 et

1077 3684 1250 3760 interdicti,
1280 3685 1406 3764 aliisque
1438 3687 1645 3750 ecclesiasticis
1672 3690 1830 3780 censuris,

1077 3780 1239 3841 sententiis
1260 3788 1291 3842 et
1312 3780 1420 3858 poenis
1445 3781 1556 3859 quovis
1581 3785 1670 3847 modo
1696 3796 1727 3846 et
1749 3803 1823 3864 ‚qua-

1077 3887 1211 3951 cumque
1230 3871 1267 3934 de
1288 3888 1374 3934 causa
1396 3873 1475 3948 latis,
1490 3875 1516 3935 si
1538 3893 1611 3954 quas
1628 3876 1705 3940 iorte
1720 3879 1822 3942 incur·

1077 3965 1166 4039 rerit,
1187 3967 1280 4029 buius
1302 3976 1424 4031 tantum
1444 3968 1490 4030 rei
1511 3971 1608 4046 gratia
1630 3970 1823 4036 absolventes

1077 4069 1107 4123 et
1128 4059 1303 4123 absolutum
1322 4060 1388 4123 iore
1403 4071 1577 4140 censentes,
1594 4064 1822 4143 supplicationi-

1076 4158 1133 4222 bus
1154 4157 1220 4219 eius
1241 4157 1368 4219 nomine
1390 4157 1477 4218 nobis
1499 4156 1660 4222 humiliter
1674 4163 1823 4238 porrectis

1076 4252 1231 4314 inclinati:
1255 4256 1370 4312 attenta
1393 4249 1542 4313 relatione
1563 4252 1666 4315 dilecti
1688 4253 1744 4316 filii
1760 4271 1822 4316 ma-

1076 4347 1163 4424 gistri
1185 4345 1288 4409 Karoli
1310 4343 1442 4407 Erskinc
1464 4345 1534 4407 fidei
1561 4351 1763 4425 promotoris:
1788 4359 1823 4414 ut

1076 4441 1278 4518 imposterum
1300 4439 1337 4500 ab
1358 4446 1493 4518 utroque
1513 4439 1596 4502 clero
1617 4441 1749 4506 civitatis
1763 4444 1824 4506 lle-

1076 4534 1199 4595 xicauae
1221 4534 1388 4613 quotannis
1408 4533 1457 4598 die
1477 4535 1576 4611 prima
1592 4534 1763 4600 decembris
1778 4540 1822 4600 oi·

272 4623 325 4702 qui
341 4635 468 4694 eornm,
491 4621 544 4697 qui
566 4637 582 4681 a
605 4629 634 4682 te
655 4619 690 4682 ad
713 4622 770 4685 boc
793 4622 931 4700 deputati
954 4624 1018 4688 iue-
1075 4627 1180 4690 ficium
1202 4628 1239 4688 de
1258 4641 1339 4688 com.
1364 4625 1452 4688 Coni.
1478 4626 1567 4687 Pont.
1583 4626 1640 4689 sub
1654 4629 1717 4691 ritu
1733 4631 1819 4709 dupl.

272 4716 347 4788 rint,
370 4721 404 4776 ut
430 4712 615 4791 praeiertur,
638 4714 756 4777 ratione
777 4717 1017 4794 praemissorum
1075 4722 1151 4784 min.
1177 4722 1209 4783 iu
1231 4720 1383 4784 bonorem
1404 4721 1435 4786 S.
1460 4721 1551 4798 Eligii
1578 4723 1726 4801 preedtoti
1748 4741 1820 4786 cnm

271 4807 385 4886 aliquid
408 4807 548 4870 muneris
569 4807 782 4902 autupraemii,
798 4809 892 4872 etiam
908 4820 1019 4890 sponte
1073 4815 1257 4878 lectionibus
1280 4813 1408 4877 secundi
1431 4821 1461 4877 et
1484 4817 1568 4878 tertii
1596 4820 1753 4892 nocturni,
1777 4825 1820 4878 at-

271 4900 376 4978 oblati,
402 4900 553 4980 recipere,
576 4900 713 4977 exigere,
736 4911 788 4964 aut
819 4909 923 4980 petere
952 4907 1017 4970 ansi
1073 4925 1134 4988 que
1148 4909 1238 4970 missa
1253 4910 1382 4988 propriis
1400 4925 1444 4982 ac,
1461 4917 1496 4971 ut
1510 4909 1695 4987 praefertur,
1712 4911 1819 4989 adpro-

272 4993 403 5068 lueritis,
425 5009 462 5055 eo
490 4994 555 5071 ipso
585 4995 913 5059 excommunicationis
940 4998 1017 5062 latae
1072 5004 1161 5080 batis,
1184 5003 1306 5065 recitari
1327 5011 1358 5066 et
1386 5003 1557 5082 respective
1584 5005 1732 5066 celebrari
1753 5020 1819 5082 pos·

270 5088 439 5150 sententiae
460 5103 591 5167 poenam
612 5087 790 5166 incurratis,
806 5099 838 5154 et
860 5093 1017 5154 nibilomi·
1071 5097 1110 5159 sit
1131 5115 1165 5161 ac
1186 5098 1298 5174 valeat,
1320 5099 1503 5161 auctoritate
1527 5101 1688 5177 apostolica
1711 5106 1820 5162 tenore

271 5197 329 5244 nus
343 5181 492 5260 quidquid
507 5197 561 5260 par
576 5195 630 5244 vos
645 5190 768 5258 gestum
782 5183 877 5247 luerit
891 5185 1016 5249 irritum
1072 5192 1281 5269 praesentium
1302 5194 1499 5256 concedimus
1520 5201 1552 5255 et
1572 5194 1783 5271 indulgemus.

270 5281 301 5336 et
321 5274 413 5337 inane
434 5277 555 5336 existat.
1110 5284 1129 5359 ἓ
1150 5285 1179 5346 3.
1203 5283 1273 5347 Non
1302 5285 1495 5348 obstantibus
1525 5287 1707 5364 apostolicis,
1730 5304 1764 5348 ac
1787 5287 1818 5348 in
1850 5297 2052 5354 oarosatloeon·

310 5368 420 5429 fiatum
436 5367 561 5442 Romae,
574 5367 652 5446 apud
669 5369 699 5432 S.
715 5369 840 5432 blaciam
856 5371 1014 5449 blaiorem,
1072 5379 1298 5442 universalibus
1320 5380 1575 5454 ordinationibus,
1596 5382 1756 5459 dictaeque
1776 5382 1818 5445 ci·
1837 5350 1984 5399 suariorum.

272 5460 326 5522 sub
355 5459 474 5522 annulo
506 5460 681 5536 Piscatoris,
711 5464 761 5524 die
789 5477 860 5525 11111.
890 5467 1014 5543 augusti
1070 5472 1184 5547 vitatis,
1199 5474 1327 5552 eiusque
1341 5472 1417 5537 cleri
1433 5475 1526 5535 etiam
1542 5477 1728 5550 iuramento,
1746 5493 1818 5538 con-

274 5568 424 5629 111111,
445 5553 642 5634 pontificatus
664 5557 762 5618 nostri
783 5573 866 5620 anno
888 5575 952 5620 xvr.
1071 5565 1245 5629 firmatione
1269 5567 1441 5645 apostolica,
1469 5569 1517 5630 vel
1543 5569 1649 5647 quavis
1671 5569 1818 5632 firmitate

1068 5657 1125 5720 alia
1154 5659 1303 5722 roboratis
1324 5663 1446 5723 statutis
1466 5669 1498 5722 et
1518 5663 1816 5740 consuetudinibus3

1069 5751 1239 5830 privilegiis
1252 5769 1387 5834 quoque,
1399 5754 1527 5818 indultis
1541 5763 1573 5817 et
1587 5755 1685 5818 literis
1700 5764 1817 5836 aposto·

310 5955 337 6014 il)
353 5957 491 6005 subdier.
507 5960 621 6007 octobris
636 5963 752 6009 extendit
767 5964 900 6010 indultum
915 5965 948 6012 ad
963 5965 1116 6013 universam
1130 5967 1270 6016 dioecesim
1285 5969 1453 6018 Maricanam.
