4734 7004
346 503 399 558 An.
413 505 444 559 0.
465 505 533 559 1759
582 501 621 571 34

752 694 936 763 clemens
960 694 1018 761 ΡΡ.
1043 694 1112 763 ΧΙΙΙ.

701 834 1162 904 mmmmmwm

372 1031 518 1080 uxoratum.
601 1028 619 1102 §
643 1027 669 1088 l.
693 1027 826 1090 lniuncti
845 1027 931 1089 nabis
954 1043 1006 1106 per
1027 1027 1245 1090 abundantiam
1260 1027 1304 1088 di-

563 1120 654 1184 vinae
685 1123 800 1198 gratiae
828 1119 984 1200 pastoralis
1009 1119 1101 1181 officii
1130 1119 1303 1182 sollicitudo

562 1213 695 1292 postulat
717 1221 809 1292 atque
830 1213 937 1289 exigit,
962 1220 995 1275 ut
1016 1214 1047 1274 in
1068 1213 1127 1288 his,
1152 1229 1205 1290 per
1226 1229 1303 1291 quae

562 1306 815 1368 Cbristilidelium
847 1307 904 1368 sub
931 1307 1016 1368 suavi
1043 1305 1203 1383 religionis
1229 1307 1302 1382 iugo

561 1399 717 1460 altissimo
733 1398 948 1461 famulantium
965 1414 1109 1478 prospero
1123 1400 1216 1463 statui
1231 1415 1301 1461 con-

559 1493 685 1567 sulitur,
701 1493 839 1555 eiusdem
854 1493 945 1555 officii
966 1504 1066 1572 partes
1079 1492 1186 1554 sedulo
1202 1493 1303 1554 inten-

561 1590 679 1662 damus,
704 1595 794 1665 prout
821 1587 1026 1666 conspicimus
1050 1589 1080 1649 in
1103 1587 1235 1649 Domino
1256 1603 1302 1648 sa-

560 1682 691 1745 lubriter
713 1682 870 1761 expedire.

329 1773 541 1876 dssssssgslus‘sgnffi
598 1777 667 1851 52.
692 1776 857 1838 Emanavit
885 1791 1021 1853 nupera
1050 1775 1300 1851 congregatione

284 1919 296 1942 ,
329 1841 486 1936 erogationis
498 1843 541 1931 ⁰5¹6
561 1872 785 1932 venerabiiium
809 1870 937 1932 irati-um
961 1877 1139 1932 nostrorum
1162 1866 1192 1929 S.
1209 1870 1242 1930 ll.
1263 1869 1296 1930 Ε.

328 1937 433 1992 propag.
450 1937 516 1983 Μ’
559 1963 768 2026 Cardinalium
802 1965 934 2040 negotiis
968 1964 1181 2040 Propagandae
1215 1964 1299 2025 Fidei

558 2045 802 2134 praepositorum
816 2057 975 2118 decretum
992 2057 1107 2118 tenoris
1127 2061 1297 2133 sequentis,

558 2151 717 2213 videlieet:
744 2151 924 2232 (Decretum
955 2167 1057 2212 sacrae
1079 2151 1298 2227 congregatio-

558 2248 605 2308 nis
637 2248 788 2324 generalis
816 2248 853 2307 de
879 2243 1074 2323 Propaganda
1100 2245 1172 2306 Fide
1198 2244 1298 2304 habim

557 2343 606 2403 die
620 2357 671 2402 xx.
686 2339 807 2416 augusti
822 2337 990 2418 unacum.)
1005 2338 1199 2400 «deserente
1215 2337 1298 2398 Emi-

556 2435 740 2496 nentissimo
756 2433 1065 2496 etllevereudissimo
1081 2433 1211 2494 Domino
1228 2431 1298 2494 Gar-

555 2527 649 2589 dinali
665 2529 786 2590 Ferono
800 2543 905 2606 preces
919 2526 1125 2604 procuratoris
1146 2523 1298 2602 generalis

555 2621 676 2684 Ordinis
704 2620 833 2682 fratrum
857 2620 1110 2682 Excalceatorum
1139 2618 1298 2682 Sanctissi-

556 2732 624 2777 mae
646 2713 805 2776 Trinitatis
832 2714 1063 2791 Redemptionis
1090 2714 1295 2792 captivarum,

554 2811 667 2889 quibus
688 2809 817 2871 nomine
839 2809 932 2870 tatius
952 2807 1001 2868 sui
1024 2808 1141 2894 ordinis
1162 2807 1297 2886 postula-

554 2905 616 2980 bat,
639 2912 674 2966 ut
695 2919 777 2964 sacra
799 2903 1006 2979 congregatio
1023 2901 1205 2978 dignaretur
1225 2917 1297 2963 con·

555 2997 679 3060 firmare
707 2999 867 3059 decretum
893 2997 1012 3058 editum
1034 2996 1067 3056 in
1092 2995 1224 3057 comitiis
1246 3011 1295 3071 ge-

554 3091 708 3152 neralibus
731 3089 1061 3154 celebratislllediolani
1074 3090 1122 3152 die
1135 3105 1192 3150 xu.
1209 3105 1297 3150 men-

552 3187 592 3247 sis
613 3185 685 3247 maii
707 3185 860 3248 currentis
881 3186 951 3246 anni
975 3185 1054 3246 circa
1074 3183 1216 3260 regimen
1237 3184 1296 3245 col·

553 3279 628 3356 legii
647 3280 714 3340 sive
734 3279 892 3342 seminarii
918 3278 951 3339 B.
977 3279 1014 3340 bl.
1033 3277 1070 3340 V.
1088 3280 1123 3339 ad
1145 3277 1295 3338 Fornaces

553 3389 649 3452 prope
670 3381 700 3436 et
722 3381 808 3435 extra
830 3374 949 3434 maenia
971 3372 1073 3447 Urbis,
1089 3374 1169 3452 quod
1190 3380 1237 3433 est
1253 3381 1295 3434 te·

335 3471 536 3571 nerlcrpprqanor
554 3468 638 3528 noris
652 3470 820 3547 sequentis,
838 3467 981 3530 videlicet
996 3501 1033 3514 -
1045 3467 1187 3530 Decrevit
1202 3485 1295 3531 vene-

322 3536 406 3642 {fiffiti
420 3537 536 3637 11311113
554 3561 649 3623 rabile
661 3563 830 3641 capitulum
847 3562 990 3638 generale
1007 3563 1134 3638 ordinis,
1151 3563 1295 3624 omnibus

321 3631 361 3678 ¹¹⁵·
552 3656 723 3734 suffragiis,
751 3657 830 3734 quod
860 3655 1034 3732 Collegium
1062 3655 1236 3718 Romanum
1258 3657 1296 3718 de

553 3751 748 3830 Propaganda
771 3748 843 3812 Fide
858 3750 892 3811 B.
912 3749 949 3812 bt.
968 3749 1104 3826 Virginis
1125 3751 1160 3812 ad
1182 3752 1293 3813 Forna-

552 3861 600 3905 ces
622 3853 810 3920 aggregetur
830 3844 973 3906 Familiae
995 3845 1098 3905 blatris
1112 3843 1296 3923 Redempto-

552 3938 593 3998 ris
614 3937 657 4017 (id
673 3946 730 4012 est,
747 3947 833 3999 extra
849 3937 1037 4016 Hispanam),
1053 3947 1083 4001 et
1099 3940 1136 4000 ab
1157 3941 1229 4001 binc
1244 3941 1294 4002 de-

550 4031 681 4109 pendeat
702 4048 717 4092 a
738 4030 897 4108 superiore
919 4031 1056 4108 generali
1078 4032 1174 4095 dictae
1195 4034 1294 4096 Fami-

553 4124 620 4199 liae,
643 4125 696 4202 qui
719 4140 825 4186 curam
846 4131 878 4185 et
899 4125 1141 4186 sollicitudiuem
1156 4126 1291 4203 babebit,

550 4235 622 4280 aum
650 4235 703 4282 sua
732 4217 874 4292 Familia,
902 4225 937 4278 ut
963 4218 1062 4279 debita
1090 4219 1291 4295 exolvantur,

551 4312 746 4373 exonerando
767 4311 805 4372 ab
825 4311 871 4371 bis
893 4310 1052 4373 Familiam
1075 4311 1144 4372 lesu
1163 4310 1293 4374 Redem-

551 4404 647 4483 ptoris
675 4403 767 4485 (idest
789 4405 870 4465 iutra
892 4402 1086 4482 Hispanam),
1108 4405 1237 4465 servatis
1260 4405 1291 4466 in

549 4513 605 4560 suo
626 4499 737 4573 robore
760 4497 890 4560 decretis
911 4512 1012 4558 sacrae
1037 4496 1294 4574 Gangregadonis

550 4593 587 4656 de
609 4593 802 4670 Propaganda
829 4591 902 4654 Fide
918 4623 955 4637 -·
971 4591 1219 4654 Eminentissimi
1240 4593 1294 4654 Pa·

551 4693 613 4747 tres
644 4685 886 4764 responderunt:
917 4685 974 4746 Pro
1005 4686 1225 4764 approbatione
1246 4703 1293 4750 re·

549 4778 712 4841 solutionis
743 4777 837 4841 iactae
858 4795 915 4856 per
939 4779 1108 4856 capitulum
1135 4780 1309 4856 generale„

486 4899 488 4902 ·
551 4871 630 4934 iacto
650 4872 745 4934 verbo
767 4889 836 4934 cum
860 4873 1105 4936 sanctissimo.»

319 4973 477 5070 „Effffmm
492 4973 533 5020 sa·
591 4969 609 5042 g
630 4966 659 5028 3.
684 4967 761 5029 llinc
782 4969 923 5046 estquod
938 4969 1033 5030 relata
1048 4969 1135 5031 nobis
1150 4985 1204 5048 per
1218 4968 1291 5030 dile·

318 5079 398 5124 nonxs
412 5037 533 5144 1118ῗῖἒὶ
551 5051 641 5125 ctum'
652 5061 750 5123 lilium
764 5062 945 5138 magistrum
961 5061 1121 5124 Nicolaum
1134 5062 1292 5125 antonelli

319 5131 533 5283 Efflffinffi‘ssffffiz
550 5155 749 5218 secretarium
761 5155 1018 5231 congregationis
1029 5159 1209 5218 earumdem
1222 5159 1292 5221 Car-

318 5237 532 5338 ggffigwffiflfl‘·
551 5247 700 5310 dinalium
726 5248 810 5311 illius
837 5248 1008 5322 sententia,
1039 5264 1093 5309 nos
1121 5249 1293 5312 inviolabili

551 5342 688 5404 eiusdem
710 5341 823 5404 decreti
848 5341 950 5402 robori
971 5349 1002 5404 et
1023 5341 1172 5405 efficaciae
1189 5346 1293 5420 prori-

550 5435 621 5496 dere
644 5435 793 5510 volentes,
815 5435 1088 5514 supplicationibus
1110 5436 1291 5498 eorumdem

551 5528 759 5592 Cardinalium
771 5529 860 5590 nobis
874 5545 967 5608 super
983 5530 1040 5590 boc
1049 5529 1211 5591 humiliter
1223 5545 1293 5608 por-

549 5623 640 5684 rectis
656 5623 791 5699 beuigne
806 5622 956 5698 inclinati,
970 5623 1197 5701 praeinsertum
1213 5625 1291 5685 eius·

549 5716 620 5777 dem
632 5715 842 5778 Cardinalium
855 5716 1109 5792 congregationis
1120 5716 1289 5790 decretum,

548 5826 581 5871 ac
602 5811 704 5872 omnia
727 5820 757 5872 et
778 5810 898 5888 singula
917 5810 948 5870 in
964 5825 1000 5870 eo
1016 5819 1171 5886 contenta,
1187 5821 1291 5874 aucto-

548 5904 639 5965 ritate
660 5903 821 5984 apostolica
835 5911 941 5966 tenore
957 5903 1167 5981 praesentium
1182 5907 1292 5968 contir-

1084 525 1149 572 litu.
1173 527 1263 572 PON'F·
1286 528 1326 573 bn
1348 527 1376 572 P·
1400 527 1429 573 F·
1453 527 1534 573 PARS
1556 527 1577 572 1.

2131 505 2310 570 An.0.1rtt
2337 551 2338 556 1

1360 663 1480 708 mamus
1495 654 1525 709 et
1540 647 1754 726 approbamus,
1770 647 1893 726 illisque
1914 645 2100 708 inviolabilis

1359 741 1537 818 apostolicae
1561 742 1715 804 tirmitatis
1735 742 1829 804 robur
1850 741 2020 815 adiicimus,
2036 755 2101 802 om·
2339 795 2340 802 ,

1360 851 1476 914 nesque
1497 844 1529 898 et
1550 836 1689 912 singulos
1711 837 1787 898 iuris
1809 843 1839 898 et
1861 836 1930 898 lacti
1951 835 2098 910 deiectus,

1360 928 1384 988 si
1405 927 1459 1007 qui
1481 931 1612 1008 desuper
1626 931 1658 992 in
1675 940 1845 992 memorato
1859 930 1985 1009 capituli
2007 947 2100 1008 geue·

1361 1022 1432 1085 ralis
1446 1024 1517 1086 dicti
1534 1025 1649 1086 ordinis
1664 1025 1787 1088 decreto
1808 1025 2039 1103 quomodolibet
2053 1026 2099 1087 iu-

1362 1117 1572 1192 tcrvenerint,
1603 1117 1783 1195 supplemus
1816 1127 1847 1181 et
1879 1134 2038 1194 sanamus,
2067 1135 2101 1182 ac

1360 1209 1520 1274 literarum
1543 1212 1596 1274 iel.-
1615 1229 1675 1274 rec.
1700 1213 1868 1276 Clementis
1890 1215 1940 1278 xl.
1958 1214 1987 1275 di
2028 1231 2096 1275 vrn.

1360 1305 1538 1367 novembris
1549 1321 1705 1382 nuacxx,
1719 1315 1749 1370 et
1763 1308 1936 1370 lnnocentii
1947 1229 2025 1372 1111.
2043 1309 2100 1370 Ra-

1360 1414 1521 1460 mauorum
1545 1399 1728 1463 Pontificum
1756 1403 2023 1480 praedecessorum
2046 1417 2100 1463 no·

1360 1501 1495 1554 strorum
1518 1493 1565 1555 die
1589 1511 1631 1554 xv.
1649 1495 1772 1571 augusti
1788 1511 1944 1558 uuacxxr.
1960 1496 1988 1557 iu
2004 1495 2099 1559 simili

1358 1585 1455 1647 lorma
1470 1586 1577 1648 Brevis
1599 1590 1768 1667 respective
1788 1589 2015 1652 observantiam
2034 1605 2100 1652 om-

1359 1678 1432 1739 nino
1455 1681 1658 1757 praecipimus
1680 1688 1710 1744 et
1733 1685 1929 1759 mandamus3
1951 1684 2033 1745 salva
2057 1679 2101 1747 ta·'

1359 1787 1429 1833 men
1452 1790 1573 1851 semper
1589 1774 1619 1834 in
1632 1775 1805 1853 praemissis
1817 1777 1999 1838 auctoritate
2013 1793 2099 1855 prae·

1356 1866 1455 1926 dietae
1476 1867 1730 1943 congregationis
1753 1869 1972 1932 Cardinalium.

1396 1959 1464 2034 §lu
1489 1960 1695 2023 [decernentes
1717 1963 1839 2023 easdem
1865 1972 2042 2040 praesentes
2064 1964 2098 2026 li·
2138 1969 2345 2022 arcusarcus-2

1357 2061 1436 2115 teras
1463 2069 1586 2130 semper
1616 2055 1737 2129 firmas,
1764 2056 1876 2118 validas
1904 2064 1936 2117 et
1963 2057 2098 2120 efficaces
2116 2024 2175 2124 1111
2191 2023 2325 2126 &ffl-

1356 2148 1487 2209 existere
1508 2155 1538 2210 et
1560 2148 1636 2222 lore,
1652 2163 1784 2226 suosque
1806 2150 1959 2226 plenarios
1974 2157 2004 2211 et
2020 2151 2100 2213 inte-

1355 2255 1425 2316 gros
1447 2240 1573 2302 ollactus
1594 2242 1697 2302 sortiri
1719 2250 1750 2302 et
1764 2242 1916 2317 obtinere,
1933 2259 1966 2306 ac
1981 2243 2041 2304 illis
2062 2246 2097 2307 ad

1355 2351 1429 2411 quas
1450 2341 1576 2410 spectat,
1592 2342 1623 2396 et
1638 2350 1694 2413 pro
1711 2342 1849 2414 tempore
1864 2338 2098 2416 quandocumqe

1354 2427 1501 2504 spectabit
1523 2428 1700 2505 plenissime
1714 2429 1884 2505 suflragari,
1896 2438 1927 2491 et
1941 2431 1979 2490 ab
1992 2432 2035 2492 eis
2052 2448 2097 2492 re-

1353 2522 1491 2598 spective
1512 2521 1733 2583 inviolabiliter
1755 2523 1923 2598 observari,
1945 2523 2049 2604 sicque
2064 2525 2096 2586 in

1353 2615 1529 2691 praemissis
1554 2632 1608 2694 per
1635 2631 1848 2694 quoscumque
1875 2617 1989 2680 iudices
2016 2618 2098 2680 ordi·

1355 2709 1456 2770 uarios
1471 2719 1501 2772 et
1516 2711 1682 2787 delegatos,
1701 2713 1794 2772 etiam
1812 2727 1972 2774 causarum
1994 2711 2097 2791 palatii

1353 2802 1510 2880 apostolici
1531 2804 1697 2880 auditores,
1720 2804 1846 2867 iudicari
1862 2813 1892 2866 et
1906 2805 2029 2866 deliniri
2044 2806 2097 2868 de-

1354 2897 1437 2974 bere,
1453 2915 1485 2960 ac
1501 2897 1626 2959 irritum
1647 2904 1678 2959 et
1693 2899 1785 2961 inune
1799 2899 1825 2960 si
1838 2915 1925 2960 secus
1939 2915 2033 2976 super
2048 2900 2095 2961 bis

1353 3008 1546 3071 equaquam,
1564 2993 1672 3069 quavis
1693 2993 1885 3067 auctoritate,
1901 2991 2034 3055 scienter
2045 2994 2095 3055 vel

1354 3091 1535 3164 ignoranter
1556 3087 1722 3164 contigerit
1745 3086 1899 3148 attentari.

1392 3179 1410 3254 ς
1431 3181 1459 3240 5.
1477 3179 1544 3241 Non
1567 3180 1769 3254 obstantibus,
1785 3186 1937 3260 quatenus
1952 3197 2028 3259 opus
2041 3182 2092 3257 sit,
2121 3195 2321 3251 oerogauocon·

1353 3282 1457 3336 nostra
1489 3281 1520 3334 et
1547 3273 1753 3336 cancellariae
1778 3273 1967 3351 apostolicae
1988 3275 2094 3350 regula
2113 3248 2260 3296 ¹¹⁸¹¹⁰¹¹¹¹²

1353 3368 1389 3429 de
1411 3367 1479 3428 iure
1499 3367 1636 3444 quaesita
1652 3383 1715 3427 uon
1732 3366 1880 3442 tollendo,
1893 3384 1926 3430 ac
1946 3372 2095 3432 constitu·

1353 3460 1488 3522 tionibus
1510 3465 1539 3521 et
1561 3459 1809 3522 ordinationibus
1831 3460 2013 3539 apostolicis,
2038 3479 2095 3526 nec

1352 3569 1416 3616 non
1438 3551 1571 3629 collegii,
1594 3553 1710 3614 ordinis
1730 3561 1760 3614 et
1775 3555 2023 3632 congregationis
2038 3556 2096 3618 bu·

1353 3645 1500 3720 iusmodi,
1526 3647 1619 3708 etiam
1646 3646 1836 3722 iuramento,
1862 3649 2095 3711 confirmatione

1351 3741 1524 3817 apostolica,
1542 3740 1590 3800 vel
1611 3741 1718 3818 quavis
1739 3741 1887 3803 firmitate
1901 3742 1958 3803 alia
1974 3743 2096 3805 robara-

1305 3845 1307 3849 ’
1353 3835 1402 3908 tis,
1417 3835 1540 3896 statutis
1562 3841 1592 3895 et
1614 3835 1899 3910 consuetudinibus,
1924 3835 2094 3914 privilegiis

1351 3926 1624 4006 quoque,indultis
1635 3936 1666 3989 et
1679 3927 1789 3988 litteris
1800 3929 1971 4005 apostolicis
1981 3929 2014 3991 in
2025 3944 2096 3991 con·

1351 4023 1482 4082 tracium
1504 4022 1743 4099 praemissorum
1770 4023 2001 4099 quomodolibet
2023 4039 2094 4086 oon·

1351 4115 1452 4189 cessis,
1476 4114 1665 4176 confirmatis
1686 4121 1717 4176 et
1739 4114 1907 4192 innovatis;
1930 4117 2042 4194 quibus
2063 4133 2095 4178 o-

1351 4208 1476 4270 muibus
1498 4215 1528 4269 et
1551 4207 1681 4283 siugulis
1710 4207 1835 4270 illorum
1862 4215 1986 4272 tenores
2009 4227 2094 4290 prae·

1349 4301 1489 4362 sentibus
1505 4317 1559 4378 pro
1574 4300 1664 4379 plene
1682 4309 1713 4362 et
1733 4302 1923 4364 sufficienter
1942 4305 2094 4383 expressis

1350 4411 1383 4455 ac
1404 4395 1441 4454 de
1464 4394 1555 4454 verbo
1576 4395 1612 4455 ad
1636 4394 1766 4457 verbum
1787 4395 1911 4457 insertis
1933 4397 2092 4474 babentes

1350 4485 1411 4547 illis
1432 4486 1504 4547 alias
1526 4486 1558 4547 in
1586 4503 1641 4549 suo
1668 4488 1779 4549 robore
1805 4492 2025 4568 permansuris,
2057 4495 2094 4555 ad

1350 4580 1590 4658 praemissorum
1612 4579 1755 4642 eliectum
1771 4583 1826 4642 bac
1846 4585 1912 4644 rice
1933 4583 2092 4646 dumtaxat

1349 4672 1522 4751 specialiter
1549 4680 1581 4734 et
1608 4687 1750 4750 expresse
1779 4674 1973 4752 derogamus,
1996 4686 2094 4740 caete-

1349 4766 1453 4842 risque
1474 4766 1636 4828 contrariis
1657 4766 1915 4845 quibuscumque.

1389 4861 1499 4922 Datum
1515 4858 1641 4933 Romae,
1657 4861 1736 4937 apud
1753 4860 1783 4923 S.
1797 4861 1922 4924 uariam
1935 4863 2091 4940 llaiorem,

1348 4955 1406 5016 sub
1425 4953 1542 5016 annulo
1558 4953 1729 5027 Piscatoris,
1746 4954 1795 5015 die
1811 4969 1889 5015 xvrr.
1907 4957 2091 5034 septembris

1349 5063 1515 5124 unacum„
1538 5045 1648 5126 pontii.
1674 5047 1771 5107 nostri
1787 5063 1868 5108 anno
1890 5065 1927 5111 n.

1603 5301 1840 5309 .—.—-—-.

1686 5612 1750 5676 xil.

1347 5799 1587 5864 Praestandum
1618 5809 1649 5862 et
1677 5802 1859 5865 utilitatem
1884 5805 2090 5882 spiritualem

1390 5893 1661 5972 Claristifidatibas
1683 5911 1722 5956 aaa
1741 5896 1863 5958 idataio
1880 5899 2089 5972 derivantem,
