4722 6976
350 554 405 620 Αιι.
419 566 449 620 ιι.
470 555 540 619 tabo
588 557 649 634 490

569 702 666 766 insius
681 705 833 768 contineri
855 707 1046 784 perhibetur.
1070 704 1253 782 Accepimus
1267 702 1317 764 iti·

569 797 653 872 dem,
676 795 746 858 bina
768 797 825 860 alia
845 799 978 861 subinde
998 799 1035 860 ab
1055 798 1164 860 eodem
1186 796 1315 858 Patriar-

568 889 624 951 cha
648 889 768 952 condita
798 895 981 953 testamenta
1003 891 1112 964 luisse,
1137 905 1170 950 ac
1190 889 1314 950 eosdem

568 982 764 1058 Cardinales,
798 984 910 1064 quibus
938 983 1106 1062 posteriora
1137 984 1192 1043 ista
1223 989 1315 1043 testa·

568 1083 674 1137 menta
695 1091 750 1154 pro
778 1092 889 1138 eornm
917 1075 1153 1139 confirmatione
1180 1079 1233 1136 aut
1258 1073 1314 1135 im-

567 1167 742 1229 mutatione
757 1168 807 1230 vel
818 1168 1023 1231 declaratione
1032 1167 1133 1248 aliqui
1144 1167 1232 1230 luere
1246 1174 1315 1244 post

568 1260 721 1321 testatoris
743 1270 878 1322 mortem
903 1261 1055 1337 exhibita,
1083 1267 1205 1323 mature
1231 1259 1315 1321 hisce

569 1351 662 1413 etiam
697 1354 862 1431 perspectis
896 1354 1045 1416 iudicasse
1078 1369 1111 1416 ac
1141 1354 1314 1416 decrevisse

567 1450 629 1506 rata
650 1451 682 1506 et
703 1445 791 1507 tirma
814 1447 846 1507 in
868 1445 1014 1509 omnibus
1035 1447 1090 1508 ista
1108 1461 1231 1525 quoque
1245 1461 1314 1522 per·

566 1537 638 1601 inde
649 1556 683 1602 ac
694 1540 751 1602 alia
762 1542 823 1602 duo
834 1540 948 1619 priora,
963 1539 1098 1603 habenda
1114 1555 1190 1602 esso.
1202 1540 1312 1615 Quam·

566 1647 659 1709 quam
681 1647 756 1698 vero
777 1633 886 1695 iisdem
909 1633 942 1694 in
966 1633 1159 1696 testamentis
1187 1641 1313 1694 cautum

566 1725 657 1795 esset,
681 1728 717 1784 ιιι
737 1724 799 1785 duo
819 1723 916 1800 capita
938 1723 1142 1802 pecuniarum
1167 1721 1312 1786 collocata

565 1829 581 1872 a
603 1814 773 1877 Patriarcha
794 1816 948 1895 praedicto
970 1815 1001 1876 in
1023 1816 1077 1878 hac
1092 1813 1175 1877 Urbe
1196 1822 1310 1889 nostra,

564 1905 697 1968 alterum
712 1908 828 1970 scilicet
842 1919 1003 1971 scutorum
1020 1909 1114 1970 trium
1132 1907 1266 1968 millium
1281 1913 1313 1970 et

564 1999 817 2076 octingentorum
830 2016 923 2078 penos
935 2016 1077 2063 annonae
1092 2001 1312 2063 frumentariae

564 2109 729 2169 cameram,
751 2093 884 2156 alterum
914 2110 988 2156 vero
1008 2102 1200 2176 scutatorum
1225 2093 1311 2155 mille

564 2193 595 2246 et
615 2185 862 2263 quingentorum
884 2186 962 2264 apud
990 2185 1204 2263 Propagandae
1225 2184 1311 2248 Fidei

564 2277 864 2354 Congregationem,
891 2279 1077 2340 tumeliam
1107 2293 1311 2340 nummorum

564 2370 741 2434 huiusmodi
763 2371 859 2432 annui
884 2371 1004 2434 tructus
1025 2373 1061 2434 ad
1086 2370 1310 2434 monasterium

563 2463 595 2526 S·
618 2463 729 2526 itariae
751 2463 945 2527 Liberatricis
967 2464 998 2524 ιιι
1021 2465 1195 2526 llcrsroano
1213 2463 1310 2525 libere

562 2557 775 2633 pertinerent3
799 2556 1004 2618 nihilominus
1023 2555 1109 2616 nulla
1131 2555 1219 2617 nobis
1234 2554 1309 2616 iacti

563 2652 723 2712 mentione
738 2651 775 2712 de
785 2650 966 2727 supradictis
982 2648 1185 2724 testamentis,
1202 2647 1312 2710 obten-

563 2751 628 2804 tum
658 2742 717 2805 luit
738 2745 787 2805 die
810 2759 900 2805 ιιιιιιι.
925 2742 1057 2806 octobris
1085 2758 1239 2804 uncccrr.
1262 2757 1311 2802 re·

560 2836 712 2914 scriptum
734 2843 888 2911 nostrum,
911 2853 972 2915 quo
993 2835 1144 2898 recensita
1166 2832 1309 2912 pecunia·

563 2944 634 2991 rum
655 2930 752 3007 capita
779 2931 923 2991 adversus
950 2937 1088 3006 apertam
1112 2927 1309 2990 uoluntatem

562 3021 752 3083 Patriarchae
774 3022 926 3083 testatoris
954 3019 1190 3098 praecedentem
1211 3019 1310 3082 decla-

562 3123 648 3177 ratur
668 3124 823 3194 spectarc;
855 3115 943 3176 nobis
965 3115 1077 3177 idcirco
1102 3111 1307 3190 supplicatum

562 3207 722 3268 humiliter
743 3216 800 3282 est,
816 3216 851 3270 ut
872 3214 1046 3284 opportune
1065 3206 1120 3268 hac
1142 3207 1174 3266 in
1189 3221 1224 3266 re
1239 3220 1309 3283 pro·

560 3300 667 3362 ridere
687 3316 721 3362 ac
741 3299 888 3376 benigne,
911 3306 946 3362 ut
966 3298 1058 3375 intra,
1081 3297 1245 3375 indulgere
1263 3298 1309 3360 di·

561 3408 741 3469 gnaremur.

558 3592 640 3639 etiam
655 3595 736 3650 atque
750 3591 832 3639 etiam
853 3595 931 3649 rogat
945 3593 975 3638 ut
995 3593 1186 3639 monasterium
1201 3603 1250 3638 suo
1264 3603 1306 3650 pa·

559 3660 671 3706 trocinio
684 3659 776 3708 torcat.

585 3797 680 3838 Dilecto
698 3797 754 3848 pcto
768 3797 853 3838 Nobttt
875 3795 935 3840 Vtro
950 3791 1073 3847 Prdnetpt
1088 3795 1179 3838 Emtro
1194 3795 1279 3837 Btsctr

735 3865 833 3906 monto
849 3865 941 3906 Ltbant
955 3864 1125 3908 Moderatort.

814 3998 883 4041 Pius
898 3997 978 4039 Phra
993 3998 1044 4040 vti.

760 4132 854 4174 Dilecta
867 4131 918 4174 Ftlt
931 4131 1030 4174 Nodttts
1047 4131 1099 4178 Vtr,

643 4201 758 4242 salutem
771 4201 796 4240 et
809 4199 983 4250 apostoticam
1002 4198 1213 4241 denedtottonem.

492 4353 497 4362 ·
595 4329 768 4387 Exploratum
783 4327 833 4373 tibi
847 4327 908 4382 erit,
922 4327 1017 4372 dilecte
1033 4325 1071 4371 illi
1086 4325 1183 4371 Nobilis
1198 4327 1252 4382 vir,
1262 4325 1304 4371 da-

555 4396 674 4442 iunctum
689 4398 817 4452 Syrorum
838 4393 1020 4440 patriarcham
1042 4392 1175 4449 ignatium
1194 4392 1304 4438 Michae-

555 4463 607 4508 lem
622 4462 716 4508 uiarve
731 4465 846 4518 quatuor
859 4459 1007 4508 condidisse
1022 4461 1191 4513 testamenta,
1205 4459 1233 4504 in
1247 4459 1303 4515 qui-

556 4529 604 4575 bus
617 4529 785 4574 fortunarum
800 4537 910 4573 suarum
925 4525 1066 4572 haeredem
1081 4525 1200 4570 instituit
1215 4536 1302 4572 mona·

555 4596 667 4642 sterium
683 4597 706 4640 S.
722 4595 821 4640 itariae
835 4592 1006 4639 liberatricis
1020 4591 1047 4636 in
1060 4593 1220 4636 castrovano
1229 4593 1263 4638 eb
1272 4603 1302 4638 eo

554 4663 656 4721 pridem
681 4664 812 4717 erectum;
835 4663 915 4716 atque
936 4662 967 4704 ιιι
987 4657 1117 4703 eiusmodi
1141 4660 1303 4705 testamenta

555 4729 642 4774 malus
656 4728 737 4774 etiam
752 4728 834 4772 robur
847 4737 878 4772 ac
892 4723 1068 4772 stabilitatem
1082 4723 1261 4780 acquirerent,
1271 4735 1303 4772 ea

554 4795 654 4841 litteris
666 4794 819 4852 apostolicis
833 4793 902 4839 datis
917 4793 960 4838 die
970 4803 1035 4838 xxn.
1047 4790 1139 4837 martii
1149 4803 1300 4839 unccxcvrr.

553 4863 710 4908 confirmata
724 4861 812 4907 luisse.
828 4865 891 4906 cum
906 4863 997 4905 autem
1011 4871 1068 4904 ven.
1084 4860 1167 4907 irater
1181 4859 1301 4916 ignatius

554 4929 666 4975 Michaal
677 4927 762 4974 behor
771 4926 855 4984 ipsius
865 4927 1035 4972 Patriarchae
1045 4937 1180 4973 successor
1189 4929 1300 4972 Romam

553 5007 582 5042 se
595 4995 717 5050 contulit,
730 4993 882 5051 aliquorum
897 5003 1025 5039 censuum
1036 4993 1147 5049 tructus,
1157 4993 1202 5050 qui
1213 4994 1240 5038 ιιι
1253 4994 1301 5040 hac

553 5063 619 5108 urbe
633 5066 725 5108 nostra
738 5061 822 5106 creati
836 5059 949 5115 inerant,
964 5059 1082 5105 eiusdem
1092 5059 1247 5108 monasterii
1257 5071 1301 5106 no·

553 5131 624 5176 mine
638 5131 737 5186 exegit:
754 5139 800 5173 nec
814 5127 881 5173 satis
894 5127 934 5172 illi
949 5127 997 5172 hoc
1011 5127 1074 5176 luit:
1089 5127 1134 5172 sed
1148 5127 1222 5173 nulla
1231 5127 1300 5173 taeta

553 5197 687 5244 mentione
701 5195 854 5241 eorumdem
865 5195 1087 5240 testamentorum
1097 5194 1139 5238 die
1149 5205 1221 5240 xxxr.
1233 5195 1301 5239 octo·

553 5265 609 5310 bris
628 5273 751 5309 uncccrv.
768 5261 929 5318 rescriptum
950 5260 1045 5306 retulit
1059 5271 1075 5306 a
1089 5259 1172 5316 nobis,
1193 5271 1245 5316 quo
1260 5259 1301 5306 de·

552 5332 684 5376 claretum
699 5330 739 5374 est
754 5326 883 5373 eiusmodi
892 5337 987 5373 census
997 5326 1030 5372 ad
1039 5326 1245 5382 patriarchalem
1256 5329 1300 5383 Sy-

551 5406 644 5442 rorum
660 5395 748 5441 sedam
762 5393 845 5439 libere
861 5391 1007 5449 pertinere:
1023 5393 1068 5438 sed
1083 5404 1112 5438 re
1125 5393 1219 5438 deinde
1232 5403 1300 5438 com·

552 5467 637 5522 perta,
658 5465 809 5509 revocatum
828 5472 844 5506 a
863 5459 938 5506 nobis
959 5459 1009 5506 mit
1028 5463 1165 5516 tamquam
1187 5461 1300 5516 obrepti-

554 5531 621 5576 tium
640 5539 671 5576 ac
684 5527 875 5585 subreptitium
897 5527 1056 5584 rescriptum
1078 5526 1145 5571 illud
1164 5538 1210 5584 per
1229 5527 1300 5573 litte-

553 5609 597 5644 ras
612 5600 717 5643 nostras
731 5596 807 5642 datas
821 5595 863 5640 die
878 5607 894 5641 ι.
909 5593 1003 5651 aprilis
1016 5594 1080 5639 anni
1099 5605 1230 5646 sinemur..
1244 5595 1299 5651 qui·

552 5664 602 5709 bus
621 5662 823 5717 declaravimus,
845 5665 901 5708 tam
922 5667 1016 5714 sortes,
1037 5671 1117 5717 quam
1139 5661 1241 5706 ductus
1259 5673 1299 5706 eo-

480 5777 483 5786 ,
553 5729 675 5774 rumdam
689 5738 816 5774 censuum
831 5728 865 5773 ad
879 5727 1072 5774 monasterium
1086 5730 1109 5771 s.
1122 5727 1220 5773 itariae
1230 5727 1300 5774 bibe·

553 5796 660 5842 natricis
681 5796 756 5841 iuxta
777 5795 914 5842 testatoris
937 5796 1102 5840 voluntatem
1124 5795 1231 5843 omnino
1245 5807 1299 5852 spe·

552 5865 633 5910 ctare.
648 5865 703 5908 lam
718 5871 781 5908 vero
794 5862 921 5908 certiores
936 5863 997 5907 iacti
1010 5873 1111 5917 sumus,
1123 5863 1245 5908 eumdem
1256 5865 1300 5908 Pe-

553 5930 699 5980 triarcham
715 5929 849 5988 ignatium
861 5929 1014 5976 blichaelem
1024 5930 1110 5976 Daher
1119 5929 1250 5974 eiusmodi
1259 5929 1300 5974 lit·

1093 582 1158 634 itin.
1181 583 1272 633 Portu.
1295 580 1335 630 DE
1357 585 1386 630 P·
1410 579 1441 632 Β.
1465 547 1548 633 PAR-s
1570 580 1592 632 1·

1411 693 1480 777 δι’.
1504 703 1565 766 Nos
1586 704 1683 779 igitur
1704 710 1780 778 toto,
1802 718 1957 782 quocum
1985 702 2118 765 Domino

1371 811 1550 874 possumus,
1580 795 1683 859 studio
1710 795 1920 874 uniuscusque
1944 796 2011 858 iura
2038 804 2118 858 sarta

1372 893 1449 949 tecta
1469 889 1593 951 serrare
1613 897 1644 952 et
1664 889 1702 950 ab
1725 887 1812 951 omni
1843 888 1938 950 etiam
1958 888 2067 952 lraude
2087 895 2118 950 et

1370 979 1504 1042 laesione
1524 980 1683 1043 uindicare
1704 983 1877 1059 cupientes
1890 982 1928 1044 de
1947 980 2119 1060 praedicto-

1369 1087 1442 1135 rum
1456 1089 1552 1136 venn.
1566 1073 1697 1137 iratrum
1713 1075 1853 1149 consilio,
1864 1076 1988 1154 praevii
2000 1091 2118 1138 memo·

1369 1167 1427 1229 rati
1449 1167 1603 1244 rescripti,
1626 1173 1732 1244 utpote
1754 1167 1943 1247 obreptionis
1964 1177 1995 1231 et
2009 1169 2117 1232 subre-

1369 1257 1483 1337 ptionis
1497 1259 1768 1334 vitio-laborantis,
1786 1260 1997 1336 abrogatione,
2010 1277 2117 1340 quem·

1368 1353 1534 1414 admodum
1570 1351 1753 1415 auctoritate
1787 1352 1971 1430 apostolici,
2009 1362 2116 1416 tenore

1368 1444 1593 1520 praesentium,
1615 1444 1691 1506 illud
1720 1444 1903 1520 abrogamus
1928 1443 2117 1524 nullumque

1368 1551 1401 1598 ac
1422 1536 1549 1598 irritum
1570 1535 1698 1599 iacimus
1720 1542 1751 1598 et
1771 1535 1978 1614 declaramus,
2005 1537 2117 1599 deinde

1368 1633 1403 1688 ut
1424 1643 1462 1689 eo
1483 1628 1613 1690 minime
1641 1629 1782 1691 obstante
1807 1628 1961 1707 praedicta
1983 1631 2044 1694 duo
2065 1643 2116 1708 pe·

1368 1721 1531 1783 cuniarum
1552 1723 1649 1799 capita
1671 1721 1702 1783 in
1725 1722 1870 1785 omnibus
1884 1731 1915 1786 et
1936 1738 1992 1800 per
2012 1725 2115 1786 omnia

1367 1811 1452 1876 iuxta
1479 1813 1672 1892 disponentis
1702 1823 1841 1878 mentem
1870 1815 2024 1892 praedicto
2051 1833 2115 1880 mo

1367 1906 1503 1968 nasterio
1519 1906 1550 1969 S.
1561 1905 1673 1969 llariae
1687 1907 1883 1969 Liberatricis
1898 1908 1931 1969 in
1943 1909 2116 1972 llersroano

1366 2005 1518 2076 perpetuo
1539 2000 1672 2061 tirmiter
1687 2015 1720 2062 ac
1735 1999 1864 2062 omnino
1882 1999 1980 2063 libere
1999 2003 2115 2066 addicta

1367 2098 1513 2152 maneant
1532 2099 1623 2170 atque
1645 2107 1775 2154 manere
1789 2093 1930 2170 debeant,
1947 2101 2045 2172 utque
2060 2112 2115 2158 an·

1366 2199 1445 2247 nuos
1471 2183 1607 2246 illorum·
1626 2183 1745 2247 tructus
1765 2185 1800 2260 ii,
1823 2186 1859 2247 ad
1880 2201 1956 2263 quos
1977 2187 2114 2264 pertinet

1366 2284 1418 2339 aut
1450 2275 1619 2354 pertinebit
1650 2291 1707 2354 pro
1739 2285 1890 2355 tempore,
1919 2277 2058 2355 plenarie
2078 2282 2114 2344 ad

1365 2368 1498 2431 lormam
1526 2368 1773 2432 testamentariae
1798 2369 2007 2447 dispositionis
2034 2373 2114 2436 eius·

1366 2463 1437 2524 dem
1468 2461 1660 2524 Patriarchae
1692 2463 1835 2538 erigant,
1869 2464 2052 2528 auctoritate
2083 2473 2114 2528 et

1366 2563 1474 2616 tenore
1494 2553 1655 2631 praedictis
1676 2554 1885 2630 concedimus,
1909 2556 2054 2620 volumus
2069 2567 2113 2620 at·

1365 2663 1426 2726 que
1442 2647 1651 2711 decernimus.
1675 2647 1709 2709 ln
1724 2649 1917 2709 contrarium
1932 2648 2112 2714 iacientibus

1365 2755 1429 2802 non
1451 2739 1643 2801 obstantibus
1664 2739 1921 2819 quibuscumque.

1405 2832 1518 2894 Datum
1552 2831 1666 2893 Romae
1698 2831 1779 2908 apud
1808 2831 1839 2895 S.
1866 2833 1991 2897 Mariam
2022 2837 2111 2900 llaio·

1364 2940 1444 3000 rem,
1466 2923 1524 2985 sub
1547 2923 1663 2984 annulo
1692 2923 1850 3000 piscatoris
1882 2926 1932 2988 die
1956 2943 1978 2988 r.
2007 2931 2111 3006 aprilis

1364 3032 1531 3091 unocurt,
1554 3016 1751 3094 pontificatus
1773 3017 1871 3079 nostri
1892 3034 1974 3081 anno
1992 3039 2047 3084 vu.

1619 3269 1858 3280 ——u—

1360 3589 1425 3634 teris
1440 3589 1538 3636 nostris
1559 3590 1668 3636 minime
1682 3589 1892 3648 acquiescentem
1911 3590 2046 3638 arbitratu
2061 3605 2109 3639 suo

1359 3656 1390 3701 de
1405 3657 1535 3702 reditibus
1555 3657 1620 3714 ipsis
1641 3657 1789 3716 disponere,
1804 3668 1888 3714 neque
1910 3661 2047 3716 perceptos
2061 3661 2109 3704 Ro·

1359 3731 1417 3768 mae
1431 3723 1534 3768 fructus
1555 3723 1717 3769 monasterio
1737 3724 1883 3769 restituere
1902 3725 1981 3780 relle;
2001 3736 2054 3782 quo
2069 3724 2107 3780 dt,

1359 3795 1389 3836 ut
1404 3791 1527 3836 monachi
1540 3801 1592 3836 non
1606 3791 1691 3836 levem
1705 3791 1745 3836 rei
1759 3790 1918 3838 domesticae
1932 3790 2050 3849 inopiam
2065 3803 2108 3850 pa·

1358 3857 1469 3903 tiantur.
1484 3860 1517 3903 ut
1530 3857 1622 3915 itaque
1636 3859 1743 3914 praesul
1756 3857 1807 3903 ista
1821 3857 1854 3904 ad
1873 3857 1987 3904 odicium
2007 3859 2108 3916 rediga·

1357 3926 1411 3978 tur,
1425 3924 1570 3980 apostolica
1584 3924 1745 3970 auctoritate
1760 3926 1851 3970 nostra
1861 3923 1984 3981 delegare
1993 3926 2108 3972 decrevi·

1358 3999 1418 4036 mus
1431 3989 1559 4036 dilectum
1581 3991 1666 4037 illlum
1681 3991 1817 4047 aloysium
1839 3992 1958 4038 (landold
1973 3993 2108 4050 presbyte

1357 4067 1418 4102 rum
1432 4057 1647 4114 congregationis
1668 4057 1802 4104 missionis
1823 4059 1876 4106 iam
1895 4058 2048 4116 delegatum
2064 4071 2106 4106 no

1357 4126 1445 4168 strum
1466 4134 1513 4180 pro
1527 4123 1607 4170 rebus
1629 4125 1831 4181 Maronitarum,
1851 4126 1906 4184 qui,
1920 4127 2038 4173 sublatis
2051 4139 2108 4173 con-

1358 4190 1534 4246 tentionibus,
1556 4189 1672 4236 defuncti
1692 4191 1864 4238 i’atriarohae
1884 4195 2046 4241 testamnta
2065 4195 2109 4240 lit-

1358 4259 1482 4313 cerasque
1501 4257 1659 4313 apostolicas
1681 4259 1752 4304 circa
1774 4259 1822 4304 illa
1843 4259 1993 4316 expeditas,
2014 4260 2108 4318 plenas

1357 4328 1547 4381 promptaeque
1561 4325 1731 4382 exequutioni
1746 4325 1867 4372 mandari
1881 4331 1964 4381 curet,
1975 4330 2055 4384 prout
2065 4339 2107 4373 aa·

1356 4390 1444 4447 quitas
1464 4391 1549 4447 iubet,
1571 4391 1727 4449 efficiatque,
1743 4395 1772 4437 nt
1792 4392 1937 4438 hodiernus
1951 4393 2107 4441 rati-larcia

1356 4459 1443 4503 Daher
1457 4457 1580 4515 pecunias
1590 4459 1618 4503 in
1628 4458 1693 4504 urba
1703 4462 1840 4515 perceptas
1850 4461 2014 4506 monasterio
2023 4465 2048 4506 s.
2058 4463 2108 4508 ita·

1356 4525 1413 4571 riae
1428 4524 1599 4571 liberatricis
1619 4525 1725 4582 penitus
1743 4536 1775 4570 ac
1795 4527 1852 4571 sine
1873 4536 1948 4572 mora
1971 4527 2106 4574 restituat.

1357 4593 1484 4643 Quoniam
1500 4604 1561 4640 vero
1575 4593 1608 4638 ad
1622 4603 1679 4637 ram
1695 4592 1880 4650 perficiendam
1891 4593 2039 4649 plurimum
2050 4607 2108 4641 con·

1357 4659 1426 4704 terre
1440 4661 1538 4716 poterit
1552 4660 1675 4717 delegato
1688 4661 1780 4704 nostro
1801 4659 1963 4716 praesidium
1979 4664 2005 4706 et
2019 4661 2108 4719 gratia

1356 4730 1418 4782 tua,
1434 4728 1531 4773 idcirco
1545 4728 1622 4774 illurn
1643 4728 1732 4774 studio
1750 4737 1781 4773 ac
1794 4726 1928 4784 potentiae
1948 4733 2011 4778 tuae
2030 4730 2107 4776 enixe

1356 4794 1582 4848 commendamus,
1597 4797 1726 4851 optantes,
1742 4797 1773 4840 ιιι
1787 4793 1815 4840 in
1828 4795 1971 4840 commisso
1987 4796 2038 4842 sibi
2053 4808 2108 4843 mu-

1356 4871 1420 4906 nera
1431 4859 1558 4916 explendo
1567 4859 1645 4905 illurn
1655 4863 1779 4917 protegas
1790 4871 1821 4906 ac
1831 4863 1931 4907 tueare.
1942 4860 2010 4907 illud
2025 4863 2107 4908 etiam

1355 4927 1402 4973 abs
1426 4931 1452 4972 te
1475 4926 1646 4972 vehementer
1669 4927 1835 4983 expetimus,
1860 4931 1889 4972 ut
1913 4929 2107 4974 monasterium

1356 4997 1380 5038 S.
1396 4993 1495 5040 Mariae
1517 4993 1686 5040 Liberatricis
1707 4993 1871 5040 validissimo
1892 4999 1938 5040 tuo
1957 4995 2106 5052 patrocinio

1356 5061 1534 5117 prosequaris,
1550 5058 1671 5116 idemque
1686 5061 1761 5105 iuxta
1778 5060 1889 5106 consilia
1904 5064 1931 5105 et
1948 5059 2107 5108 excitamen-

1356 5129 1392 5182 ta,
1407 5137 1474 5184 quae
1489 5125 1540 5172 tibi
1553 5127 1689 5183 praebebit
1703 5126 1842 5183 delegatus
1852 5131 1950 5183 noster,
1961 5127 1995 5173 ab
2005 5127 2107 5175 iniusta

1356 5193 1428 5238 omni
1441 5193 1619 5250 oppressione,
1633 5193 1796 5250 gravamine.
1806 5193 1847 5238 vel
1863 5193 1985 5240 molestia
1998 5194 2037 5241 ita
2051 5195 2107 5241 vin-

1355 5259 1434 5315 dicas,
1454 5264 1485 5305 ut
1504 5259 1612 5318 pacifice
1631 5259 1658 5304 in
1677 5258 1775 5316 pietate
1795 5263 1874 5317 atque
1895 5260 2028 5308 institutis
2050 5263 2106 5310 suis

1356 5325 1517 5372 efflorescere
1532 5325 1623 5382 possit,
1638 5329 1665 5371 et
1679 5325 1795 5381 inclytae
1810 5329 1871 5372 tuae
1886 5327 1988 5374 nationi
2003 5329 2106 5376 utilita-

1356 5396 1410 5438 tem
1425 5391 1528 5438 afferre.
1545 5393 1616 5443 Quod
1630 5393 1694 5438 dum
1709 5401 1757 5448 pro
1775 5403 1882 5439 summa
1903 5401 1951 5440 tua
1966 5395 2105 5453 religione,

1354 5464 1435 5517 atque
1450 5460 1477 5505 ιιι
1492 5461 1559 5506 hanc
1575 5459 1757 5516 apostoticam,
1773 5459 1865 5504 sedem
1886 5459 2064 5516 observantia,
2080 5468 2106 5508 te

1355 5527 1531 5573 libentissime
1545 5526 1739 5584 praestiturum
1756 5525 1922 5583 confidimus,
1937 5528 1995 5584 tibi,
2010 5528 2105 5575 dilecta

1356 5593 1394 5639 dli
1409 5593 1506 5639 Nobilis
1521 5593 1574 5648 vir,
1589 5593 1616 5637 ιιι
1632 5593 1729 5650 pignus
1749 5593 1891 5639 benevolae
1912 5598 2019 5640 nostrae
2041 5607 2105 5652 erga

1355 5665 1381 5707 te
1395 5660 1541 5707 voluntatis
1554 5660 1728 5718 apostolicam
1743 5659 1952 5706 benedictionem
1968 5673 2106 5719 peraman-

1356 5732 1397 5775 ter
1412 5728 1589 5785 impertimur.

1395 5799 1490 5840 Datum
1512 5798 1618 5851 Romam,
1633 5793 1703 5852 apud
1725 5797 1748 5838 S.
1773 5793 1883 5840 Mariam
1907 5794 2042 5852 Maiorem,
2056 5796 2105 5842 sub

1354 5863 1453 5908 annulo
1467 5861 1617 5916 Piscatoris,
1632 5861 1674 5907 die
1688 5871 1744 5907 vui.
1756 5860 1873 5908 octobris
1883 5871 2036 5919 hoscorum,
2046 5873 2106 5920 pon·

1356 5928 1473 5974 titicatus
1488 5927 1573 5972 nostri
1587 5939 1656 5974 anno
1670 5939 1705 5975 rx.
