4808 6988
951 607 1022 656 arus
1042 609 1092 656 rr.
1116 609 1171 656 vrr.
1753 583 1813 650 625
1861 579 1961 640 11111.
1982 581 2052 636 teau

287 732 366 796 beati
387 731 469 796 Petri
492 733 603 798 Sedena
630 733 731 797 studio
752 750 786 798 ac
806 733 919 814 pietate
942 737 1031 795 antea
1085 730 1256 807 ciebantur,
1279 729 1498 794 institueretur
1518 745 1553 792 ac
1569 744 1607 791 ex
1628 723 1721 790 sacris
1742 739 1831 790 cano-

287 824 514 889 floridissimam
542 839 628 904 nunc
649 826 681 888 in
704 841 777 889 eum
804 833 918 888 statum
939 825 1032 888 deve-
1086 824 1177 885 nibus
1191 825 1224 886 in
1240 837 1314 888 eurn
1335 823 1645 886 animadverteretur.
1668 819 1702 884 Si
1716 819 1770 882 ille
1783 833 1832 881 ae·

287 918 382 994 nisse,
404 926 440 982 ut
460 920 666 984 metuendum
691 919 843 996 videatur,
866 933 906 982 ne
927 919 1031 998 plures
1085 917 1270 995 quissimum
1281 915 1479 980 abdicationis
1491 915 1654 979 consilium
1670 913 1831 993 amplexus

287 1025 325 1074 ex
345 1011 401 1086 ils,
430 1025 538 1076 rerutn
566 1012 733 1078 meliorum
763 1013 975 1092 desperatione
1000 1018 1032 1073 et
1085 1016 1176 1086 esset,
1199 1027 1248 1073 res
1269 1011 1370 1074 omnis
1392 1009 1523 1074 feliciter
1539 1016 1570 1096 et
1591 1025 1629 1072 ex
1644 1009 1710 1071 eius
1732 1005 1831 1084 digni·

287 1104 319 1167 in
342 1104 528 1184 Episcopum
543 1121 635 1168 suum
650 1105 719 1168 odio
733 1106 864 1182 adducti,
877 1103 1031 1184 novopla·
1087 1109 1149 1168 tate
1169 1105 1336 1182 composita
1357 1103 1475 1166 luisset.
1500 1102 1539 1166 dt
1560 1116 1734 1180 numquam
1748 1100 1783 1163 ad
1800 1101 1829 1162 id

287 1212 328 1260 ne
346 1205 379 1262 et
400 1200 547 1262 hactenus
574 1198 712 1262 inaudito
733 1199 875 1277 exemplo
903 1200 938 1261 ad
953 1198 1031 1261 schi-
1085 1195 1166 1258 decli
1188 1197 1300 1276 potuit.
1323 1196 1400 1260 lllud
1416 1197 1512 1273 igitur
1527 1201 1648 1258 tantum
1664 1201 1758 1256 restat
1773 1192 1831 1256 mi-

286 1290 429 1354 smaticos
450 1291 601 1356 dederant.
620 1291 735 1355 Earum
750 1293 904 1371 siquidem
925 1299 1031 1355 auctor
1084 1305 1190 1352 serum
1211 1305 1284 1353 sane
1305 1307 1339 1352 ac
1360 1290 1448 1352 nobis
1462 1289 1651 1362 luctuosum,
1666 1288 1718 1350 scd
1733 1285 1829 1348 eccle·

286 1382 504 1459 calamitatum,
522 1385 602 1464 quod
618 1383 761 1448 dolenter
775 1384 918 1460 dicimus,
939 1384 1031 1446 babe-
1084 1382 1146 1444 siae
1167 1382 1251 1445 illius
1278 1382 1370 1446 saluti
1391 1383 1518 1445 omnino
1546 1382 1771 1456 necessarium,
1795 1387 1831 1442 ut

287 1484 338 1538 tur
359 1476 544 1540 venerabilis
565 1477 659 1539 irater
679 1478 807 1540 loannes
829 1477 960 1555 Baptista
976 1476 1032 1556 Sy·
1085 1487 1197 1552 nempe
1226 1474 1365 1554 legitima
1393 1474 1530 1554 quaestio
1551 1475 1589 1536 de
1613 1473 1761 1552 Episcopo
1783 1473 1831 1534 in·

285 1569 384 1633 rensis
406 1569 584 1649 Episcopus,
600 1585 693 1649 quem
714 1570 856 1650 plerique
876 1577 1029 1644 accusant,
1083 1568 1240 1631 stituatur.
1265 1569 1340 1632 Huic
1355 1569 1525 1648 quaestioni
1541 1573 1573 1630 te
1586 1565 1829 1645 praeficiendum

286 1663 372 1742 quasi
392 1663 425 1726 in
449 1679 484 1726 ea
512 1663 712 1739 gubernanda
744 1663 868 1727 ecclesia
896 1678 970 1724 usus
990 1663 1030 1724 sit
1084 1661 1285 1739 arbitramur,
1307 1662 1493 1726 venerabilis
1508 1661 1614 1738 irater,
1630 1663 1682 1741 qui
1705 1676 1777 1724 cum
1792 1672 1828 1721 eo

285 1757 417 1833 ratione,
439 1773 516 1837 quae
536 1773 609 1820 cum
630 1757 810 1820 adversetur
826 1755 919 1818 sacris
940 1769 1030 1816 cano-
1085 1769 1225 1832 munere,
1248 1758 1327 1834 quod
1345 1758 1403 1817 iam
1419 1755 1636 1832 indicavimus,
1651 1756 1684 1818 in
1701 1751 1829 1834 Syrensi

285 1849 387 1927 nibus,
397 1850 536 1930 Episcopi
547 1851 665 1926 officiis,
675 1850 872 1928 iustitiaeque
883 1847 1028 1928 praescri·
1085 1846 1216 1911 Ecclesia
1238 1849 1388 1926 iungaris,
1404 1857 1436 1912 et
1449 1847 1601 1927 singulari
1623 1855 1756 1928 praestas
1776 1846 1829 1909 do-

284 1943 455 2023 ptionibus,
478 1942 542 2006 lere
562 1944 703 2007 omniurn
724 1944 843 2005 animos
857 1943 895 2005 ab
907 1958 943 2006 eo
957 1941 1029 2004 alie·
1083 1941 1192 2016 ctrina,
1209 1941 1393 2004 dexteritate
1414 1949 1444 2004 et
1467 1943 1646 2019 integritate
1666 1942 1699 2004 in
1720 1939 1829 2018 primis

285 2037 431 2112 uarices
452 2036 535 2098 vitae
555 2051 742 2116 morumque
763 2036 954 2113 disciplinam
976 2051 1028 2097 ve·
1083 2039 1172 2110 aptus
1192 2035 1308 2098 videris
1328 2035 1509 2113 gravissimo
1524 2035 1597 2098 huic
1613 2033 1740 2122 negotio
1760 2046 1829 2111 per·

284 2130 449 2192 bementer
478 2127 679 2191 labefactavit.
710 2129 886 2192 Plurimum
907 2144 963 2191 nos
988 2127 1030 2191 la·
1083 2124 1225 2190 dciendo.

284 2221 473 2297 beravimus,
489 2231 524 2284 ut
540 2223 722 2298 gravissimo
743 2223 815 2285 buic
836 2221 918 2283 malo
929 2237 1029 2283 reme·
1122 2219 1142 2296 9
1162 2222 1191 2284 3.
1215 2221 1320 2301 ltaque
1335 2231 1365 2286 le
1380 2223 1567 2301 aquibusvis
1582 2221 1830 2287 excommunica·
1859 2231 1943 2275 aanor
1957 2223 2058 2276 11111111.

284 2313 370 2376 dium
397 2311 519 2392 aliquod
547 2314 744 2389 aberremus,
769 2320 802 2376 et
825 2314 1027 2392 Episcopum,
1083 2314 1189 2390 tionis,
1214 2317 1425 2394 suspensionis
1449 2326 1480 2380 et
1505 2317 1673 2392 interdicti,
1698 2315 1828 2394 aliisque

285 2415 352 2469 tum
374 2421 490 2482 coram,
515 2423 589 2470 cum
616 2407 730 2470 Romae
750 2415 848 2483 esset,
871 2422 933 2485 qno
953 2421 1029 2470 eum
1083 2406 1292 2471 ecclesiasticis
1313 2411 1464 2486 censuris,
1485 2409 1651 2473 sententiis
1670 2416 1701 2472 et
1722 2409 1828 2488 poenis

284 2512 524 2576 vocaveramus,
558 2509 626 2563 tum
655 2500 813 2562 absentem
840 2513 895 2578 per
926 2499 1028 2562 literas
1083 2515 1192 2578 quovts
1213 2501 1305 2564 modo
1326 2510 1357 2565 et
1378 2519 1573 2583 quacumque
1591 2501 1827 2575 decausalatis,

285 2594 539 2671 congregationis
560 2593 598 2656 de
619 2594 813 2672 Propaganda
833 2594 918 2669 Eide,
940 2609 1029 2672 saepe
1082 2593 1108 2654 si
1129 2610 1202 2672 quas
1223 2594 1303 2656 lorte
1324 2595 1496 2672 incurristi,
1520 2595 1612 2674 buius
1638 2601 1761 2658 tantum
1782 2593 1828 2655 rei

283 2687 455 2762 arguimus,
486 2687 731 2762 obsecravimus,
760 2685 973 2764 increpuimus
994 2685 1026 2747 in
1084 2686 1180 2764 gratia
1201 2687 1394 2751 absolventes
1416 2695 1448 2752 et
1475 2687 1649 2751 absolutum
1671 2687 1736 2750 lore
1757 2701 1828 2749 cen·

283 2779 367 2841 omni
397 2779 545 2858 patientia
566 2785 597 2841 et
618 2780 767 2852 doctrina,
791 2787 825 2842 ut
850 2795 883 2841 se
904 2779 1027 2842 tandem
1082 2786 1197 2856 sentes,
1214 2781 1268 2843 tibi
1284 2777 1441 2844 facultates
1463 2781 1645 2846 necessarias
1666 2788 1697 2843 et
1719 2795 1827 2858 oppor-

284 2871 446 2950 reciperet,
467 2872 502 2934 ad
524 2886 624 2934 sacros
645 2886 776 2935 canones
792 2886 920 2934 omnem
940 2887 1027 2932 suam
1084 2880 1174 2936 tunes
1188 2875 1350 2954 apostolica
1364 2877 1544 2939 auctoritate
1558 2875 1767 2952 concedimus,
1779 2883 1826 2953 ut,

282 2965 379 3027 vitam
389 2963 606 3040 conformaret,
614 2980 744 3044 eamque
752 2966 922 3042 susciperet
932 2965 964 3026 in
974 2981 1029 3026 sua
1082 2977 1202 3030 servata
1222 2969 1332 3032 saltem
1346 2970 1379 3032 in
1394 2970 1431 3032 ils
1445 2986 1524 3050 quae
1544 2969 1746 3034 substantiam
1760 2984 1827 3049 spe·

217 3085 228 3104 ·
283 3057 406 3122 ecclesia
426 3055 666 3122 administranda
686 3058 850 3133 ratlonem,
867 3074 944 3137 quae
958 3057 1028 3119 sub-
1083 3066 1179 3137 ctam,
1195 3072 1226 3124 et
1241 3065 1339 3141 quoad
1355 3071 1543 3140 temporum,
1559 3061 1698 3125 locorum
1713 3070 1744 3125 et
1759 3079 1827 3141 per·

283 3151 342 3214 lata
362 3152 450 3214 omni
470 3149 649 3215 offensionis
669 3168 758 3216 causa
773 3151 923 3230 Syrenses
937 3150 966 3212 ei
980 3166 1029 3211 re-
1082 3169 1229 3216 sonarem
1258 3155 1507 3218 circumstantiae
1534 3156 1704 3236 patientur,
1729 3155 1827 3217 iorma

283 3243 468 3307 conciliaret.
485 3243 602 3309 Verum
615 3245 693 3308 nibil
706 3245 904 3324 proiecimus,
920 3257 1030 3323 quem·
1082 3263 1161 3325 quae
1174 3264 1190 3309 a
1204 3248 1296 3311 sacris
1313 3249 1481 3311 canonibus
1501 3256 1533 3312 et
1555 3248 1827 3312 constitutionibus

282 3337 447 3402 admodum
473 3353 491 3400 a
515 3337 722 3417 probabilibus
748 3345 779 3401 et
804 3338 948 3417 gravibus
975 3351 1028 3398 au·
1082 3338 1252 3417 apostolicis
1265 3348 1379 3404 statuta
1390 3347 1449 3418 est,
1460 3343 1660 3406 summarium
1675 3356 1730 3421 per
1744 3342 1827 3403 viam

283 3432 418 3496 ctoribus
441 3441 611 3495 memorata
637 3434 843 3511 congregatio
863 3435 1026 3512 accepite
1080 3432 1217 3511 specialis
1227 3433 1439 3511 inquisitionis
1452 3435 1601 3498 iudicialis
1612 3437 1826 3515 quaestionem

282 3527 394 3606 quibus
415 3525 594 3591 nunciatum
617 3533 662 3589 est
685 3527 871 3607 Episcopum
893 3535 959 3608 post
980 3545 1028 3592 re-
1081 3525 1120 3589 de
1139 3526 1333 3600 criminibus,
1350 3543 1428 3607 quae
1443 3529 1594 3609 Episcopo
1608 3529 1735 3608 Syrensi
1750 3529 1826 3592 obii·

283 3621 382 3685 ditum
398 3621 432 3684 in
446 3637 533 3683 suam
554 3621 717 3685 dioecesim
731 3621 839 3704 (quem
857 3632 960 3685 nostra
975 3623 1027 3686 be·
1081 3621 1218 3696 ciuntur,
1242 3621 1397 3697 instituas,
1414 3623 1566 3686 rationem
1587 3638 1731 3702 sequens,
1747 3639 1827 3702 quae

283 3714 437 3792 nignitate
457 3713 691 3795 impetraverat)
712 3715 792 3778 nibil
808 3717 845 3778 de
860 3717 958 3778 veteri
974 3714 1026 3776 illa
1081 3715 1114 3776 in
1132 3715 1338 3779 instructione
1354 3717 1390 3778 ab
1402 3716 1510 3780 eadem
1527 3717 1774 3794 congregatione
1788 3716 1826 3780 de

281 3825 335 3872 sua
356 3808 475 3871 ratione
489 3809 655 3882 remisisse,
671 3809 768 3871 immo
789 3807 1025 3888 pertinaciorem
1080 3809 1277 3887 Propaganda
1287 3809 1361 3872 Fide
1372 3810 1523 3873 mittenda
1536 3809 1825 3888 tibidesignabitur,

281 3910 313 3966 et
333 3902 548 3964 audentiorem
567 3902 709 3965 erasisse.
734 3901 791 3966 llas
813 3902 851 3964 ob
872 3919 974 3965 causas
989 3903 1027 3965 de
1080 3901 1123 3963 111
1143 3907 1260 3976 tamen,
1284 3907 1319 3964 ut
1346 3901 1442 3963 solam
1469 3901 1621 3965 laetorum
1648 3902 1826 3965 instructio·

216 4022 221 4032 ·
281 3994 409 4058 consilio
419 4009 520 4057 sacrae
533 3993 672 4057 eiusdem
683 3993 942 4071 congregationis
952 4011 1026 4058 eum
1081 4009 1153 4056 nem
1174 4010 1290 4068 sumas,
1306 4009 1548 4074 processumque
1562 3996 1716 4071 coniicias,
1731 4009 1825 4072 quem

282 4088 394 4152 iterum
423 4087 553 4151 Romam
582 4089 772 4152 vocavimus.
804 4088 861 4151 Cui
883 4090 1026 4152 mandato
1080 4089 1182 4166 primo
1202 4101 1326 4168 quoque
1340 4096 1480 4168 tempore
1501 4089 1537 4152 ud
1552 4105 1608 4152 nos
1622 4087 1825 4163 transmittes,

281 4195 354 4245 curn
382 4183 548 4261 paruisset,
570 4191 601 4244 et
623 4197 660 4244 er
689 4183 766 4245 urbe
787 4199 822 4245 ac
842 4183 941 4246 insula
971 4184 1025 4263 Sy·
1081 4189 1116 4242 ut
1130 4181 1323 4244 definitivam
1334 4183 1523 4246 sententiam
1535 4183 1743 4261 pronunciare
1757 4195 1826 4260 pos·

282 4275 365 4337 rensi
387 4274 452 4335 eius
473 4274 624 4350 vicarius,
647 4275 701 4354 qui
723 4275 863 4354 Episcopi
885 4277 1026 4340 consilio
1080 4274 1189 4347 simus,
1202 4288 1295 4352 quam
1310 4275 1398 4337 nobis
1420 4290 1623 4338 reservamus.
1646 4273 1826 4338 ldandamus

282 4387 351 4433 rum
373 4375 405 4432 et
425 4375 584 4445 gestorum
607 4370 758 4448 particeps
778 4369 951 4443 videbatur,
974 4386 1026 4432 au·
1082 4369 1208 4448 insuper
1229 4369 1372 4431 omnibus
1386 4376 1417 4431 et
1431 4369 1562 4446 singolis
1576 4368 1609 4431 in
1625 4369 1743 4431 virtute
1756 4383 1827 4430 san-

280 4464 420 4527 ctoritate
441 4472 545 4526 nostra
566 4463 720 4528 discedere
742 4463 842 4528 iussus
857 4473 949 4543 esset,
971 4482 1026 4529 nos
1080 4468 1146 4526 ctae
1171 4461 1380 4535 obedientiae,
1403 4470 1439 4525 ut
1460 4463 1515 4525 tibi
1543 4463 1576 4524 in
1602 4461 1640 4524 iis
1666 4461 1823 4537 omnibus,

280 4555 1025 4636 perliterasiulormabrevisdiedecimaoctava
1080 4571 1159 4633 quae
1184 4570 1363 4634 processum
1388 4556 1473 4638 bunc
1501 4555 1684 4634 respiciunt,
1706 4555 1826 4618 obtem·

281 4649 358 4712 iunii
380 4649 474 4713 huius
488 4651 562 4712 anni
583 4650 677 4726 datas,
694 4667 735 4713 ue
749 4653 874 4715 ecclesia
897 4653 947 4715 illa
963 4653 1025 4732 epi·
1081 4656 1192 4726 perant
1213 4655 1244 4709 et
1268 4649 1495 4727 obsequantur,
1518 4656 1615 4726 utque
1643 4653 1824 4727 praesertim

279 4742 390 4821 scopeli
403 4743 629 4820 gubernatione
643 4746 1026 4824 oareret,teapostolicum
1080 4755 1096 4800 a
1118 4748 1148 4802 te
1168 4739 1267 4816 acciti,
1292 4740 1438 4803 tribunali
1460 4749 1514 4802 tuo
1535 4757 1568 4802 se
1587 4741 1709 4816 sistant,
1725 4747 1756 4802 et
1777 4741 1826 4802 iu·

279 4835 417 4898 eiusdem
439 4837 632 4898 visitatorem
654 4853 725 4900 cum
742 4847 891 4916 potestate
913 4841 1026 4918 episco·
1081 4831 1228 4908 terrogati
1259 4847 1371 4895 1111111111
1402 4831 1502 4895 dicant
1533 4832 1762 4907 testimonium,
1793 4838 1825 4893 111

278 4928 336 5009 pali
359 4929 592 4992 declaravimus.
626 4928 744 4993 lerum
767 4933 841 4995 baec
868 4934 940 4996 satis
961 4935 1025 4997 visa
1079 4932 1196 4986 seelera
1218 4924 1321 4986 1111111111
1343 4933 1511 5002 praestent,
1534 4941 1612 5003 1111111
1634 4934 1669 4988 iu
1695 4927 1825 4988 eriere

279 5037 342 5084 non
370 5029 444 5084 sunt
474 5023 510 5086 ad
542 5022 765 5086 restituendam
794 5025 826 5088 in
862 5025 1025 5104 pristinam
1079 5025 1110 5078 et
1131 5033 1169 5079 ex
1191 5017 1397 5081 instructione
1412 5019 1467 5080 tibi
1484 5019 1585 5096 missa,
1602 5019 1639 5081 ab
1653 5019 1689 5082 iis
1704 5021 1739 5082 ad
1755 5035 1823 5098 pro·

279 5114 535 5194 tranquillitatem
567 5120 598 5177 et
627 5115 825 5192 splendorem
857 5118 1024 5181 Ecclesiam
1079 5125 1199 5173 cessum
1221 5111 1675 5176 memorelumeonficiendum
1689 5112 1822 5192 postula·

279 5207 458 5285 Syrensem.
481 5205 545 5270 Nec
559 5205 644 5270 enim
657 5211 846 5286 sperandum
861 5211 1025 5274 videbatur
1079 5203 1171 5265 veris.
2091 5255 2102 5274 .

279 5300 427 5376 Syrenses
442 5316 514 5364 cum
525 5301 673 5380 Episcopo
687 5302 744 5364 boc
759 5318 1023 5383 umquampacem
1118 5296 1137 5370 ἓ
1157 5296 1187 5358 4·
1211 5298 1417 5361 Deeersserles
1437 5299 1492 5361 has
1519 5309 1696 5379 praesentes
1718 5301 1823 5366 literas
1841 5307 1984 5407 ¹0¹²rsr¹3
1997 5308 2056 5356 sun

277 5392 448 5469 babituros,
471 5400 502 5456 et
523 5395 674 5457 desituras
699 5394 845 5457 ecclesiae
873 5396 956 5458 illius
977 5414 1023 5460 ca-
1076 5404 1200 5467 semper
1221 5391 1336 5467 firmas,
1360 5394 1473 5456 validas
1489 5404 1520 5459 et
1533 5398 1671 5462 elllcaces
1690 5399 1824 5462 existere
1840 5365 1896 5461 iffi
1914 5366 2054 5462 ideal?

278 5486 451 5561 lumitates,
481 5487 506 5548 si
535 5487 586 5548 ille
617 5487 827 5566 episcopatum
859 5491 1019 5555 retineret.
1077 5499 1110 5546 ²¹0
1131 5480 1207 5560 s01'0‚
1229 5501 1364 5564 suosque
1384 5486 1537 5567 plenarios
1552 5501 1582 5554 et
1599 5493 1735 5570 1111181111
1750 5493 1822 5556 effe·

279 5580 406 5642 Gensuit
428 5579 525 5656 igitur
546 5579 764 5657 congregatio,
785 5580 877 5662 idque
897 5601 913 5646 a
934 5585 1022 5647 nobis
1076 5585 1144 5640 ctus
1157 5581 1261 5642 sortiri
1276 5590 1307 5644 et
1322 5583 1474 5660 obtinere,
1491 5601 1524 5647 ac
1538 5585 1599 5648 illis
1613 5585 1650 5648 ad
1664 5603 1740 5666 quos
1755 5603 1822 5666 spe-

276 5671 441 5752 probatum
462 5681 519 5748 est,
542 5681 576 5735 ut
598 5673 748 5752 Episcopo
768 5675 949 5739 suaderetur
969 5693 1022 5738 vo·
1077 5677 1150 5747 ctat,
1165 5681 1196 5735 el
1211 5691 1266 5752 pro
1281 5681 1420 5755 tempore
1433 5681 1693 5760 quandocumque
1707 5692 1822 5763 specta·

277 5765 411 5827 luntario
431 5783 447 5827 a
467 5781 524 5828 suo
545 5781 676 5828 munere
695 5767 855 5844 abdicatio,
877 5777 981 5848 atque,
996 5771 1022 5832 si
1076 5763 1133 5840 bit,
1144 5766 1176 5828 in
1189 5769 1333 5832 omnibus
1347 5779 1378 5832 et
1388 5786 1443 5849 per
1453 5773 1557 5836 omnia
1568 5773 1746 5852 plenissime
1758 5775 1819 5840 sul-

276 5857 308 5921 id
328 5857 488 5934 impetrari
509 5857 597 5922 abeo
612 5875 676 5922 non
697 5870 809 5940 posset,
832 5863 912 5925 iusta
933 5872 964 5926 et
979 5864 1021 5926 le·
1077 5856 1203 5937 bogari,
1225 5863 1331 5942 sicque
1346 5864 1378 5925 in
1392 5867 1567 5943 praemissis
1581 5883 1637 5945 per
1656 5886 1822 5949 quoscum·

276 5952 383 6032 gitima
398 5950 536 6032 quaestio
550 5953 588 6050 de
602 5952 796 6030 criminibus,
812 5969 891 6034 quae
905 5957 935 6018 ei
948 5956 1021 6020 adii·
1076 5973 1137 6036 que
1158 5957 1274 6020 iudices
1296 5959 1466 6022 ordinarios
1488 5965 1518 6022 et
1539 5961 1705 6040 delegatos,
1727 5964 1821 6026 etiam

381 6098 432 6146 lor.
449 6099 519 6146 root.
534 6097 566 6145 dc
579 6097 653 6157 rrop.
669 6098 732 6146 Fide
745 6102 827 6149 Partis
842 6103 859 6149 l.
875 6101 928 6150 llol.
945 6106 982 6152 ll.
1689 6117 1716 6162 11
