4734 7004
55 574 133 633 ano.
152 561 221 622 1118

249 700 365 763 siderio
385 697 435 764 sui
456 700 565 764 confici
586 695 796 772 Ecclesiam,a
816 695 904 760 cuius
920 695 999 774 peri·

250 793 321 857 culo
343 809 506 872 nunquam
535 793 649 874 putetis
676 793 844 854 absentiam
864 797 999 853 uestram

251 903 318 949 esse
337 887 521 950 seiunctam.
768 948 771 956 ,

69 991 232 1048 1111111111
290 979 381 1056 §lh
414 979 575 1042 Praeterea
606 979 708 1042 verbis
739 979 948 1055 coniungatur
969 992 1000 1038 e-

46 1049 166 1156 ξὲξῗιὲὲο
181 1056 233 1162 ἐξ
252 1075 429 1154 templum:
443 1071 490 1155 (1)
500 1074 534 1136 11
546 1073 690 1136 omnibus
701 1073 904 1151 nosmetipsos
915 1086 1000 1148 prae·

48 1169 131 1263 {tf-¹⁸³⁰
151 1159 234 1202 mm·
253 1169 379 1232 beamus
400 1169 580 1248 exemplum
610 1169 764 1230 bonorum
794 1179 942 1244 operum3
965 1170 1000 1224 ut

253 1265 289 1339 is,
312 1264 367 1340 qui
388 1260 434 1344 (2)
455 1279 494 1325 ex
514 1263 642 1324 adrerso
664 1269 722 1334 est,
747 1267 904 1333 vereatur,
921 1255 1000 1320 nihil

253 1359 369 1422 habens
390 1357 492 1420 dicero
512 1357 551 1418 de
578 1355 676 1418 nobis.
699 1352 747 1416 Ne
767 1368 858 1431 opera
887 1351 1002 1429 absque

251 1467 399 1514 sermone
419 1451 482 1512 sint
503 1449 610 1526 111111(
625 1463 729 1526 neque
743 1445 833 1521 dicta,
849 1445 936 1508 lactis
951 1444 1001 1505 de-

253 1545 443 1619 ficientibus,
464 1543 662 1605 erubescant:
686 1548 777 1619 atque
800 1538 876 1600 illud
898 1537 1002 1598 animo

252 1647 448 1717 reputemus,
460 1637 634 1716 perlectum
650 1633 801 1698 Ecclesiae
815 1630 1000 1711 principem,

252 1731 398 1810 perlectis
429 1731 635 1792 maximarum
666 1728 822 1790 virtutum
852 1725 940 1787 bonis
961 1723 1003 1783 ita

254 1843 320 1888 esse
342 1827 546 1899 instructum,
571 1833 605 1885 11
625 1829 656 1884 11
677 1823 741 1883 vita
768 1819 834 1882 eius
861 1816 1001 1890 dicendo,

254 1924 286 1982 et
307 1919 448 1982 doctrina
469 1916 604 1980 virendo
625 1922 805 1979 exornetur.
823 1913 938 1974 Domus
952 1926 1003 1971 au-

255 2021 320 2075 tem
342 2013 494 2090 cuiusque
512 2017 659 2080 ‚nostrum
681 2009 720 2070 sit
742 2005 866 2085 pudoris
887 2011 919 2066 et
939 2017 1004 2064 mo·

255 2107 371 2168 destiae
401 2105 557 2182 magistra,
580 2102 798 2166 ecclesiasticae
829 2095 1005 2176 disciplinae

256 2198 391 2274 officina,
414 2198 504 2277 plena
525 2197 683 2274 dignitatis
705 2201 798 2272 atque
813 2189 1004 2263 concordiae,

256 2293 341 2371 quod
362 2300 431 2354 tum
451 2305 662 2369 assequemur,
678 2288 703 2350 si
718 2286 836 2349 nullius
852 2281 1003 2345 voluntati

258 2395 312 2448 aut
334 2385 449 2462 gratiae
475 2382 583 2458 dediti,
605 2381 684 2445 nihil
705 2380 801 2442 animi
829 2376 928 2441 nostri
949 2375 1007 2436 im-

258 2477 422 2542 becillitati
442 2483 473 2538 et
494 2476 642 2539 mollitiae
661 2474 892 2551 indulgeamus,
908 2471 1008 2534 nemi-

260 2587 396 2650 nemque
418 2571 584 2632 habeamus
605 2569 772 2644 eximium;
794 2567 876 2645 quod
898 2570 931 2629 in
952 2563 1007 2626 Ec

260 2665 352 2728 cloria
386 2663 627 2727 administranda
662 2678 789 2738 magnas
823 2660 1008 2740 plerumque

260 2758 366 2820 turbas
387 2765 481 2834 creat,
497 2765 527 2820 et
543 2755 746 2819 offensionem
763 2753 853 2816 hahet
868 2766 1007 2830 gravem,

261 2860 294 2914 et
309 2853 459 2931 Episcopo
475 2849 624 2916 invidiam
641 2857 671 2910 et
685 2854 902 2927 contemptum
916 2845 1006 2924 parit.

82 2957 244 3036 1111111111
302 2946 321 3021 5
345 2944 392 3007 17.
414 2943 499 3020 Quod
531 2943 567 3004 ad
589 2958 645 3005 nos
676 2942 798 3016 attinet,
822 2940 943 3018 vigilias
964 2936 1010 3019 (3)

71 3019 122 3112 {ia
182 3009 244 3056 ⁰¹*
261 3039 510 3117 anticipaverunt
531 3034 612 3098 oculi
626 3035 736 3109 nostri,
753 3043 787 3097 ut
803 3050 857 3113 per
871 3034 1011 3096 civitates

261 3133 485 3196 constituamus
517 3129 692 3208 Episcopos,
721 3129 775 3207 qui
797 3127 833 3189 ad
859 3127 1010 3206 episcopa-

262 3235 334 3290 tum
354 3225 483 3288 aberant
500 3223 673 3286 doctrinam
688 3239 806 3298 sanam,
822 3222 919 3284 vitam
934 3221 1010 3282 irre·

260 3317 517 3400 protensionem,
539 3324 677 3380 mentem
700 3318 736 3381 ad
758 3316 860 3378 omnia
875 3323 1011 3394 paratam

260 3429 319 3494 pro
343 3413 481 3489 Christ03
504 3413 620 3491 quique
641 3411 672 3472 id
693 3409 751 3472 sibi
783 3425 898 3472 munos
919 3408 1011 3470 obve-

261 3507 348 3570 nisse
368 3505 570 3580 arbitrentur,
592 3504 641 3566 cui
662 3503 716 3582 qui
737 3503 862 3581 praesit,
878 3518 942 3565 non
965 3503 1013 3564 in·

261 3607 415 3662 tumescat
436 3597 642 3677 amplitudine
654 3595 826 3673 dignitatis,
841 3597 894 3658 sed
910 3594 1011 3657 humi·

260 3692 350 3756 litate
370 3693 534 3756 decrescat.
559 3690 598 3753 Et
620 3691 653 3753 in
671 3689 871 3769 exquirendis
885 3689 1011 3768 quidem

262 3786 524 3865 explorandisque
556 3783 643 3860 viris,
664 3799 741 3863 quos
771 3790 856 3846 tanto
887 3781 1010 3846 muneri

262 3881 452 3960 praepositos
474 3893 540 3940 esse
561 3875 706 3952 velimus,
721 3887 823 3938 sancta
840 3876 1012 3939 testimonii

260 3973 363 4036 uestri
383 3971 535 4050 religione
556 3979 587 4034 et
607 3969 668 4032 tide
688 3970 807 4046 contisi,
828 3969 913 4032 robis
929 3969 1013 4032 testi·

261 4068 323 4130 bus
352 4075 477 4128 utemur
498 4071 529 4126 et
550 4064 744 4139 auctoribus;
777 4080 853 4143 quos
881 4063 1013 4125 minime

262 4159 445 4223 dubitemus
466 4158 585 4222 nullam
611 4159 710 4220 carnis
731 4165 763 4220 et
784 4149 946 4235 sangoinis
967 4173 1013 4218 ra·

264 4255 387 4319 tionem
398 4253 567 4328 habituros,
578 4252 629 4314 sed
643 4253 710 4314 eius
721 4251 948 4325 tantummodo,
960 4251 1012 4328 qui

263 4348 390 4410 vocarit
410 4362 464 4408 xos
484 4344 530 4427 (lt)
551 4346 583 4407 in
601 4361 678 4425 opus
693 4344 869 4419 ministerii,
886 4344 918 4406 in
934 4343 1014 4406 aedi·

265 4441 445 4504 ficationem
466 4439 611 4518 Corporis
632 4438 758 4501 Christi.

67 4547 245 4612 1111111111
307 4536 328 4610 5
351 4533 396 4595 18.
419 4533 586 4611 Reliquum
607 4541 664 4607 est,
681 4532 875 4594 venerabiles
892 4531 1013 4604 iratres,

60 4604 246 4714 fflssaffl
266 4639 305 4694 ut
325 4645 381 4690 ros
402 4627 439 4689 de
459 4627 644 4696 tortitudine
664 4642 857 4700 moneamus,
873 4637 904 4687 et
918 4625 1014 4688 animi

60 4712 245 4820 'qffiffiffi
266 4724 398 4799 robore,
420 4738 481 4800 quo
504 4721 639 4788 maxime
660 4729 705 4782 est
720 4736 795 4799 opus
810 4722 954 4783 adversus
969 4735 1014 4793 ea,

65 4819 154 4917 off
186 4817 246 4864 ¹³²·
265 4833 350 4896 quae
363 4815 415 4878 rel
428 4815 633 4878 orthodoxam
648 4815 740 4876 sidem
755 4822 948 4892 oppugnant,
965 4812 1015 4874 vel

266 4910 419 4990 pietatem
440 4908 575 4983 laedunt,
598 4908 649 4970 rel
664 4922 787 4969 morum
802 4907 1015 4983 integritatem

264 5003 461 5080 infringunt.
483 5001 602 5080 Repleti
617 4998 664 5082 (5)
678 5002 787 5075 simus,
803 5000 939 5075 obsecro,
956 4999 1017 5062 lor·

265 5095 405 5160 titudine
426 5094 559 5174 Spiritus
580 5095 716 5169 Domini,
738 5093 851 5156 indicio
873 5102 903 5155 et
919 5094 1017 5155 virtu·

265 5199 310 5252 te.
335 5187 383 5251 Ne
403 5185 449 5270 (6)
472 5197 628 5266 tamquam
648 5203 739 5250 canes
766 5187 857 5260 muti,
881 5203 946 5250 non
967 5201 1018 5248 ra-

265 5285 372 5346 lentes
393 5281 516 5358 latrare,
539 5296 650 5359 greges
669 5289 790 5344 nostros
804 5282 958 5360 patiamur
971 5280 1018 5365 (7)

308 5560 343 5616 (1)
358 5559 409 5606 rit.
424 5562 454 5606 11.
469 5563 488 5605 7.

308 5629 343 5686 (ἱ)
357 5627 422 5674 ibid.
437 5639 460 5673 1.
475 5629 495 5675 5.

308 5697 343 5753 (3)
359 5697 427 5742 Psal.
442 5698 545 5742 LXXVI.
560 5699 581 5742 5.

308 5765 344 5822 (4)
359 5765 508 5822 1111111111.
525 5768 557 5811 11.

308 5833 343 5888 (5)
359 5829 492 5878 Michaeas
507 5836 550 5879 111.
564 5836 586 5878 8.

307 5901 344 5958 (1)
358 5899 445 5946 rutae
458 5902 518 5945 1111.
534 5903 566 5946 io.

308 5969 344 6028 (η
360 5967 451 6014 saecu.
466 5967 574 6016 xxxiv.
588 5972 609 6016 s.

909 572 1051 625 GLEHENB
1073 571 1143 622 Elii.

1743 543 1779 613 {3
1830 551 1884 604 An.
1898 552 1929 604 0.
1950 548 2020 604 tros

1054 695 1123 757 fieri
1144 694 1177 757 in
1199 695 1350 773 rapinam,
1373 701 1404 756 et
1425 707 1498 754 ores
1520 697 1638 754 nostras
1659 690 1693 752 in
1708 689 1802 752 devo·

1054 791 1209 854 rationem
1230 789 1372 852 omnium
1399 787 1567 849 bestiarum
1593 785 1675 863 agri:
1699 799 1801 864 neque

1055 901 1111 947 nos
1130 882 1298 964 quidquam
1314 883 1478 958 deterreat,
1495 880 1662 961 quominus
1676 895 1732 958 pro
1746 879 1801 940 liei

1056 977 1150 1056 gloria
1183 986 1214 1040 et
1235 977 1333 1040 salute
1360 975 1537 1037 animarum
1568 973 1604 1034 ad
1627 987 1737 1036 omnes
1757 972 1802 1034 di-

1056 1072 1234 1134 micationes
1256 1069 1436 1148 nosmetipsi
1460 1068 1650 1131 abiiciamus.
1674 1064 1803 1142 Recogi-

1057 1173 1158 1228 temus
1178 1163 1223 1247 (8)
1244 1180 1329 1239 eum,
1352 1163 1405 1242 qui
1428 1161 1521 1225 talem
1539 1159 1689 1223 sustinuit
1703 1175 1720 1219 a
1734 1175 1804 1238 pec·

1055 1260 1208 1322 catoribos
1240 1259 1386 1322 adversus
1417 1256 1619 1334 semetipsum
1650 1253 1803 1317 contradi·

1055 1356 1202 1418 ctionem.
1218 1354 1342 1431 Quodsi
1358 1352 1622 1432 nequissimorum
1639 1351 1803 1412 timeamus

1056 1452 1223 1526 audaciam,
1239 1458 1343 1514 actum
1364 1454 1409 1510 est
1424 1447 1462 1510 de
1476 1447 1667 1526 episcopatus
1681 1445 1801 1520 rigore,

1057 1553 1089 1608 et
1110 1547 1147 1608 de
1161 1545 1314 1607 Ecclesiae
1334 1541 1554 1620 gubernandae
1571 1538 1698 1601 sublimi
1713 1555 1746 1600 ac
1760 1537 1804 1599 di·

1059 1639 1131 1701 vina
1163 1643 1331 1717 potestate;
1363 1651 1421 1698 nec
1451 1632 1610 1696 christiani
1642 1631 1724 1694 ultra
1751 1639 1804 1693 aut

1058 1733 1171 1796 durare
1197 1739 1250 1794 aut
1277 1745 1344 1792 esse
1366 1729 1423 1789 iarn
1447 1742 1622 1806 possumus,
1644 1725 1667 1787 si
1690 1723 1805 1786 adhoc

1058 1835 1191 1890 rentum
1211 1833 1269 1899 est,
1293 1830 1329 1886 ut
1349 1823 1541 1901 perditorum
1564 1821 1664 1882 minas
1684 1826 1738 1880 aut
1758 1818 1806 1881 in-

1059 1921 1148 1984 sidias
1180 1918 1445 1998 pertimescamus.
1478 1911 1623 1975 Fidentes
1643 1910 1689 1994 (tl)
1710 1911 1806 1988 igitur

1060 2030 1124 2078 non
1146 2013 1177 2074 in
1196 2010 1295 2086 nohis,
1310 2008 1362 2072 sed
1379 2008 1500 2081 iubeo,
1516 2007 1570 2084 qui
1585 2007 1710 2068 suscitat
1725 2020 1807 2066 mor·

1063 2115 1142 2181 tuos,
1164 2105 1231 2179 alti,
1247 2102 1372 2176 excelsi,
1395 2100 1546 2162 humanas
1567 2114 1616 2160 res
1637 2097 1809 2175 despicien-

1063 2208 1119 2276 tes,
1142 2198 1311 2261 Dominum
1332 2194 1552 2257 inclamemus:
1576 2207 1645 2270 spes
1659 2188 1725 2272 (10)
1740 2207 1809 2253 mea

1063 2292 1151 2356 tuin
1174 2291 1223 2353 die
1245 2287 1435 2352 afflictionis:
1460 2301 1669 2364 necunquam
1685 2284 1807 2359 animis,

1062 2392 1115 2447 aut
1136 2383 1313 2462 corporibus
1333 2379 1557 2458 defatigemur:
1574 2379 1627 2441 Dei
1643 2378 1728 2441 enim
1743 2373 1810 2458 (11)

1063 2479 1216 2542 adiutores
1230 2493 1351 2539 sumus:
1369 2476 1519 2538 Dominus
1534 2481 1639 2536 autem
1654 2473 1738 2534 lesos
1754 2487 1811 2534 no·

1064 2574 1182 2636 hiscum
1204 2579 1250 2634 est
1270 2568 1335 2652 (ta)
1356 2570 1503 2632 omnibus
1524 2567 1631 2630 diebus
1653 2581 1752 2645 usque
1773 2563 1809 2625 ad

1063 2664 1366 2731 consummationem
1377 2663 1499 2727 saeculi.
1510 2660 1718 2742 ltaquenullis
1728 2674 1812 2722 soan-

1065 2761 1157 2836 dalis,
1181 2758 1274 2822 nullis
1300 2757 1566 2836 persecutionibus
1593 2756 1809 2830 infirmemur,

1066 2872 1105 2918 ne
1126 2853 1269 2917 electioni
1297 2851 1351 2912 Dei
1378 2850 1541 2913 videamur
1568 2848 1693 2926 ingrati,
1723 2847 1811 2911 cuius

1068 2956 1129 3010 tam
1150 2947 1250 3009 valida
1271 2953 1346 3016 sunt
1367 2945 1529 3020 adiutoria,
1547 2958 1641 3022 quam
1655 2957 1727 3004 rera
1742 2958 1812 3020 pro·

1066 3042 1168 3104 missa.

1106 3137 1125 3212 ἓ
1148 3135 1193 3199 19.
1218 3134 1368 3214 Denique,
1391 3133 1538 3212 quoniam
1553 3133 1585 3194 in
1601 3139 1729 3195 aeterno
1744 3147 1813 3193 exa·
1844 3149 2045 3208 1111111111-

1067 3231 1153 3292 mine
1175 3243 1230 3307 pro
1251 3228 1406 3302 omnibus,
1426 3234 1460 3289 et
1480 3243 1553 3306 prae
1580 3226 1737 3300 omnihus,
1759 3225 1813 3304 qui
1831 3205 1919 3252 ΜΟ·

1069 3323 1182 3386 Christi
1203 3328 1370 3383 censentur
1386 3320 1528 3395 nomine,
1544 3320 1698 3382 rationem
1713 3317 1812 3381 reddi·

1069 3415 1129 3477 turi
1160 3429 1286 3489 sumus3
1309 3428 1364 3474 ros
1396 3412 1597 3488 obtestamur,
1621 3405 1813 3473 venerabiles

1067 3507 1187 3583 iratres,
1202 3514 1234 3570 et
1248 3507 1455 3581 obsecramus,
1479 3513 1514 3568 ut
1535 3505 1560 3567 si
1582 3521 1661 3585 quae
1675 3503 1814 3567 scandala

1067 3610 1098 3665 et
1126 3602 1330 3664 dissensiones
1355 3602 1511 3676 oriantur,
1537 3601 1649 3680 quihus
1674 3600 1815 3664 sedandis

1068 3695 1200 3774 impares
1220 3694 1298 3770 sitis,
1317 3695 1354 3756 ad
1374 3697 1453 3756 hano
1475 3693 1641 3757 beatissimi
1656 3693 1816 3774 Apostolo·
1878 3695 1881 3699 '

1069 3805 1140 3852 rum
1162 3789 1307 3868 principis
1336 3787 1459 3863 Sedem,
1488 3795 1647 3866 tamquam
1667 3788 1703 3848 ad
1725 3795 1816 3866 caput

1068 3890 1097 3944 et
1117 3882 1309 3959 episcopatus
1329 3879 1448 3959 apicem
1471 3879 1623 3955 referatis,
1646 3878 1728 3942 unde
1749 3881 1816 3960 ipse

1068 3975 1257 4055 episcopatus
1277 3981 1309 4036 et
1331 3981 1393 4036 tota
1412 3973 1575 4036 auctoritas
1598 3973 1735 4038 nominis
1757 3973 1815 4037 hu-

1068 4069 1116 4131 ius
1130 4068 1265 4130 emersit.
1283 4066 1372 4142 llinc,
1384 4067 1482 4129 veluti
1497 4067 1534 4129 do
1548 4067 1643 4130 natali
1658 4083 1714 4130 suo
1729 4066 1816 4129 tonte
1875 4083 1897 4130 s.
1918 4083 1985 4129 ratri
2006 4083 2048 4130 sa

1068 4177 1164 4241 aquae
1192 4167 1320 4224 cunctae
1346 4161 1530 4240 procedunt,
1552 4169 1583 4222 et
1604 4175 1659 4238 per
1680 4160 1815 4223 diversas
1833 4136 1896 4247 {¹825
1916 4141 2048 4248 §sssssssspssf

1069 4256 1162 4318 totius
1184 4254 1293 4317 mundi
1307 4254 1450 4331 regiones
1465 4253 1535 4332 puri
1554 4254 1659 4333 capitis
1674 4254 1815 4318 11111111-
1833 4247 1884 4344 ξξξν
1895 4244 2049 4344 ,lssdgffig

1068 4355 1138 4426 ptae
1169 4349 1339 4423 dimanant,
1373 4347 1525 4409 Ecclesiae
1554 4363 1662 4409 omnes
1688 4359 1814 4413 sumant
1833 4309 1936 4399 smirna
1955 4354 2048 4399 aueu-

1069 4441 1142 4520 quid
1164 4441 1351 4519 praecipere,
1374 4456 1451 4518 quos
1471 4439 1608 4517 abluere,
1624 4457 1701 4521 quos
1716 4443 1815 4506 veluti
1834 4407 1905 4453 ‘m‘

1070 4535 1102 4595 in
1124 4548 1220 4596 coeno
1241 4532 1464 4595 inemundabili
1486 4534 1666 4610 sordidatos,
1689 4535 1815 4599 mandis

1070 4624 1162 4700 digna
1180 4623 1360 4702 corporibus
1375 4623 1454 4686 unda
1469 4625 1599 4686 derivet.
1614 4623 1676 4688 Nos
1690 4627 1816 4705 quidem

1071 4717 1123 4778 Dei
1146 4717 1282 4794 primum
1303 4717 1422 4779 virtute
1444 4717 1521 4792 nixi,
1544 4718 1656 4780 deinde
1678 4719 1710 4780 B.
1734 4721 1816 4784 Petri

1072 4810 1167 4873 tutela
1182 4811 1300 4885 conlisi,
1313 4810 1401 4873 cuius
1416 4826 1487 4873 cura
1503 4826 1611 4874 omnes
1627 4812 1719 4876 habet
1732 4829 1818 4892 prae·

1071 4913 1185 4978 sentes,
1209 4901 1347 4978 consilio,
1369 4917 1438 4982 ope,
1461 4905 1643 4967 auctoritate
1662 4922 1717 4967 ros
1733 4907 1818 4968 iura·

1073 4998 1185 5060 bimus.
1209 4997 1308 5059 Parati
1338 5012 1447 5059 sumus
1474 4997 1531 5076 ipsi
1551 5013 1607 5078 pro
1639 5000 1725 5062 robis
1752 4998 1819 5082 (13)

1072 5093 1253 5172 impendere
1274 5100 1305 5154 et
1324 5092 1568 5171 superimpendi,
1591 5103 1625 5155 ut
1646 5094 1818 5157 incolomes

1074 5188 1233 5263 Ecclesias,
1256 5187 1429 5250 incolumes
1450 5186 1560 5249 iratres
1576 5195 1727 5251 tueamur.
1746 5181 1819 5252 Cae-

1075 5291 1177 5344 terum
1198 5281 1255 5344 sub
1277 5281 1339 5359 ipsa
1367 5281 1501 5363 suscepti
1526 5281 1629 5344 oneris
1651 5281 1732 5343 mole
1752 5281 1820 5364 (11)

1114 5562 1144 5618 (a)
1159 5561 1334 5607 1111111111,
1350 5562 1370 5605 a.

1114 5629 1143 5686 (1)
1159 5631 1189 5674 11.
1205 5633 1261 5674 cor.
1276 5633 1294 5674 1.
1309 5630 1329 5673 1.

1115 5697 1157 5754 (lo)
1173 5701 1264 5742 ierem.
1280 5699 1355 5742 xvtl.
1371 5699 1404 5742 ir.

1114 5765 1157 5821 (11(
1174 5767 1192 5809 x.
1207 5768 1264 5810 cor.
1279 5767 1322 5808 1u.
1336 5766 1357 5808 1.

1115 5833 1157 5890 (xa)
1173 5833 1265 5880 1111111.
1280 5834 1389 5877 11111111.
1404 5833 1437 5876 ao.

1115 5901 1159 5958 (11)
1174 5905 1205 5947 11.
1220 5903 1276 5946 cor.
1291 5901 1345 5945 xn.
1362 5902 1392 5944 is.

1116 5969 1192 6026 uqi.
1207 5968 1324 6016 11111111.
1339 5970 1369 6014 11.
1384 5968 1404 6018 a.
1422 5961 1425 5968 '
