4750 6980
343 541 397 610 ln.
411 555 442 610 0.
464 555 531 608 1799

581 543 639 618 lm

1085 564 1149 618 lutt.
1174 566 1264 617 bour.
1288 559 1328 614 bb
1349 565 1378 614 1³.
1403 565 1432 614 l'·
1456 562 1538 616 PARS
1559 565 1580 615 l.

2136 549 2197 606 Ans
2213 550 2246 604 G.
2270 547 2335 603 1799

560 691 688 756 siasticis
708 691 838 756 istarum
868 689 1033 770 regionum
1062 690 1198 768 negociis
1219 704 1305 768 prae·
1329 687 1333 706 ¹
1397 685 1466 763 §5-
1492 688 1530 750 Et
1552 687 1584 750 in
1607 703 1641 750 ea
1663 687 1846 766 dignitatem
1867 702 1900 750 ac
1920 685 2024 750 sedern
2041 686 2105 764 epi·
2150 698 2259 749 areeuo
2281 699 2342 746 secu

561 789 744 866 positorum,
766 783 940 866 auditisque
962 785 1076 864 pariter
1104 781 1303 848 ecclesiarum

1358 782 1510 860 scopalem
1540 799 1595 862 pro
1617 799 1680 845 uno
1709 781 1851 860 deinceps
1878 781 2027 860 Episcopo
2049 779 2105 846 Su·

559 880 701 959 superins
721 896 937 960 expressarum
951 878 1153 960 praesulibus,
1169 888 1304 955 quorum
1329 872 1332 955 l
1359 874 1518 954 prasliensi
1541 875 1748 954 nuncupando
1776 876 1914 940 eiusdem
1937 876 2028 949 ritus,
2050 876 2103 954 qui

559 974 711 1038 dioeceses
732 975 941 1054 infrascriptae
959 975 1144 1038 necessariae
1158 973 1303 1036 dismem-
1329 960 1332 1021 l
1358 968 1457 1031 eidem
1488 968 1632 1032 ecclesiae
1661 969 1805 1048 illiusque
1831 969 1962 1032 civitatis
1994 969 2104 1048 Supra-

559 1067 692 1130 brationi
724 1069 852 1131 fuissent
882 1069 1044 1142 obnoxiae,
1075 1068 1217 1130 animum
1250 1080 1304 1127 no·
1329 1043 1332 1125 l
1357 1060 1490 1137 diensis,
1513 1069 1548 1125 ιιι
1569 1063 1660 1136 infra,
1683 1063 1882 1140 assignandae
1909 1058 2032 1142 p'raesit,
2054 1063 2104 1124 ab·

558 1172 658 1224 strum
680 1162 869 1236 adiiecimus,
890 1179 922 1224 ac
942 1161 1134 1238 singularem
1150 1176 1205 1237 pro
1220 1157 1303 1219 illins

560 1256 772 1333 prosecutione
789 1263 819 1318 et
834 1253 1020 1334 perfectione
1034 1252 1237 1316 annuentium
1252 1253 1303 1312 de-

559 1349 811 1423 monstravimus,
828 1348 943 1427 quique
964 1364 1002 1409 ex
1019 1363 1163 1426 processu
1178 1363 1194 1406 a
1208 1361 1303 1406 vene·

558 1443 645 1504 rabili
668 1443 760 1504 etiam
788 1442 882 1504 fratre
910 1448 1016 1503 nostro
1037 1439 1197 1519 Onupbrio
1220 1439 1303 1503 Caie-

557 1543 629 1598 tano
651 1536 803 1599 szemheh
826 1536 973 1597 moderno
995 1533 1132 1596 Plocensi
1154 1534 1302 1611 Episcopo

557 1636 633 1692 tuno
654 1629 802 1708 temporis
822 1627 990 1691 coadiutori
1019 1625 1089 1689 cum
1111 1625 1214 1688 futura
1234 1642 1303 1688 suc·

546 1723 694 1785 cessione
723 1720 879 1801 quondam
911 1727 987 1783 tunc
1013 1719 1129 1780 eisdem
1157 1717 1302 1779 humanis

556 1815 660 1892 agenti
681 1815 795 1877 Hilario
817 1815 910 1876 etiam
938 1811 1091 1878 Szembek
1119 1818 1204 1884 tunc,
1227 1811 1300 1873 dum

556 1913 689 1984 viveret,
712 1909 859 1986 Episcopo
880 1907 1017 1970 Plocensi
1039 1906 1071 1967 in
1094 1903 1249 1981 regimine
1270 1911 1301 1964 et

556 2003 821 2066 administratione
852 2001 946 2077 ipsius
976 1999 1129 2061 Plocensis
1151 1996 1302 2058 Ecclesiae

556 2097 716 2176 apostolica
738 2094 920 2158 auctoritate
942 2092 1093 2172 praedicta
1109 2089 1253 2168 deputato
1269 2091 1300 2150 in

556 2192 621 2253 vim
643 2189 794 2253 facultatis
814 2188 940 2265 utrique
961 2201 1071 2247 eornm
1093 2187 1127 2246 ad
1143 2183 1172 2244 id
1187 2183 1301 2262 specia-

556 2284 626 2346 liter
647 2292 678 2346 et
698 2299 841 2360 expresse
855 2281 1012 2356 delegatae
1028 2279 1059 2338 in
1078 2277 1214 2356 partibus
1229 2293 1300 2338 con·

555 2377 646 2452 fecto,
668 2378 705 2438 de
727 2375 891 2437 erectionis
913 2372 1090 2434 huiusmodi
1119 2371 1301 2432 necessitate

554 2471 647 2549 plene
679 2467 822 2531 instructi
851 2466 978 2539 fuimus,
1006 2465 1151 2526 eximiam
1181 2462 1300 2541 praedi-

554 2565 595 2626 cti
616 2562 762 2626 Friderici
793 2556 950 2623 Guillelmi
978 2558 1059 2634 regis
1081 2573 1154 2634 erga
1174 2557 1301 2620 catholi-

554 2675 604 2720 cos
624 2657 688 2718 suis
713 2656 743 2716 in
776 2652 942 2716 ditionibus
967 2650 1136 2712 existentes
1157 2651 1300 2713 humani-

555 2758 649 2811 tatem
675 2757 706 2810 et
728 2745 977 2819 beneficentiam,
1006 2744 1185 2822 regiamque
1206 2743 1301 2805 simul

556 2842 768 2904 liberalitatem
799 2853 996 2917 summopere
1026 2839 1297 2912 commendantes,

463 2929 466 2938 '
554 2936 687 3014 fideique
720 2933 884 2996 catholicae
919 2931 1167 3011 propagationem
1201 2933 1233 2992 in
1264 2932 1299 2994 if·

365 3521 459 3569 Erectio
484 3521 532 3569 loci

322 3576 534 3638 Suprasfiaeincl·

321 3631 533 3686 vitutemetcon·

322 3683 402 3727 cessio
428 3683 533 3740 privile-

321 3735 429 3790 giorum.

554 3031 591 3092 lis
624 3027 806 3108 praesertim
841 3026 1040 3102 regionibus,
1076 3035 1231 3103 qnantum
1267 3027 1298 3089 in

553 3125 686 3186 Domino
713 3137 873 3200 possumus
895 3118 1009 3192 favere,
1032 3117 1188 3198 simulque
1209 3121 1298 3182 indu·

554 3219 640 3280 bium
668 3217 741 3280 huic
770 3214 903 3292 inclytae
932 3212 1016 3288 genti
1043 3213 1222 3292 apostolicae
1244 3230 1297 3276 no-

553 3319 634 3374 strae
650 3309 850 3385 benignitatis
865 3306 1078 3369 testimonium
1089 3306 1235 3385 praebere
1246 3324 1297 3368 vo-

552 3410 662 3481 lentes,

591 3503 610 3577 5
633 3501 661 3561 h.
685 3498 768 3561 blotn
795 3495 918 3576 proprio
946 3501 977 3556 et
998 3509 1036 3555 ex
1057 3501 1139 3556 certa
1159 3495 1296 3570 scientia,

552 3587 1298 3673 dequeapostolicaepotestatisplenitudineprae·

552 3689 669 3752 dictum
691 3683 862 3762 Suprasliae
884 3682 986 3743 locum
1007 3681 1041 3743 in
1061 3681 1220 3744 civitatem
1242 3682 1300 3746 So·

551 3780 752 3861 praslieusem
782 3775 1021 3853 nuncupandam
1048 3787 1120 3837 cum
1151 3775 1297 3836 omnibus

551 3875 682 3948 iuribus,
698 3871 868 3934 bonoribus
890 3875 920 3930 et
938 3868 1168 3946 praerogativis,
1184 3869 1296 3947 quibus

550 3968 625 4031 aliae
645 3964 786 4028 civitates
803 3960 970 4040 pontificali
984 3959 1055 4044 sede
1071 3959 1250 4038 insignitae,
1266 3970 1297 4024 et

550 4076 659 4123 aarum
679 4055 849 4138 respective
868 4054 951 4116 cires
972 4059 1118 4126 utuntur,
1135 4053 1295 4128 fruuntur,

550 4154 714 4233 potiuntur
735 4158 766 4211 et
788 4147 934 4226 gaudent,
956 4151 1047 4224 atque
1069 4146 1126 4220 nti,
1148 4146 1221 4219 frui,
1245 4161 1296 4224 po·

550 4248 602 4309 tiri
624 4253 655 4306 et
683 4243 816 4320 gaudere
843 4245 972 4317 possunt
994 4244 1024 4300 et
1051 4245 1199 4316 poterunt
1220 4255 1294 4317 quo-

549 4337 717 4405 modolibet
739 4335 772 4396 in
793 4333 953 4396 futurum:
983 4330 1148 4410 praefatam
1171 4347 1244 4393 vero
1266 4349 1295 4394 e·

549 4432 669 4495 iusdem
698 4425 877 4491 monasterii
906 4424 1064 4486 ecclesiam
1086 4425 1119 4485 in
1140 4424 1295 4488 cathedra-

549 4527 612 4588 lem
626 4523 786 4587 ecclesiam
800 4519 858 4583 sub
872 4517 1024 4598 praedicta
1040 4518 1295 4580 ennuntiationis

549 4620 687 4684 eiusdem
708 4617 813 4678 beatae
837 4611 947 4674 llariae
974 4609 1112 4688 Virginis
1131 4619 1163 4672 et
1191 4608 1295 4674 Sancti

549 4712 670 4777 loannis
699 4707 914 4786 Evangelistae
940 4706 1135 4768 invocatione
1162 4707 1295 4769 saecula-

549 4823 617 4870 rem
648 4805 787 4870 eiusdem
816 4799 1086 4863 Graeco-Eutheni
1113 4799 1194 4862 uniti
1215 4801 1293 4863 ritus

549 4902 730 4974 extituram,
752 4897 785 4959 in
806 4912 865 4975 qua
882 4895 1020 4957 eiusdem
1036 4894 1213 4956 monasterii
1229 4909 1293 4954 mo-

548 4995 639 5057 nachi
660 4989 817 5070 praedicti,
833 4997 868 5051 ut
889 4994 989 5062 antea,
1005 5003 1168 5050 remanere
1189 4995 1220 5050 et
1242 5003 1293 5066 op-

549 5095 683 5168 portune
711 5083 853 5148 ecclesiae
880 5081 937 5160 ipsi
958 5080 990 5142 in
1018 5080 1235 5158 cathedralem,
1259 5089 1294 5145 ut

550 5181 642 5256 infra,
673 5176 839 5256 erigendae
869 5183 900 5237 et
929 5173 1030 5254 primo
1060 5173 1166 5236 futuro
1187 5184 1218 5236 et
1239 5193 1294 5256 pro

550 5283 690 5351 tempore
711 5269 858 5334 existenti
880 5269 1027 5347 Episcopo
1048 5268 1192 5347 obsequia
1208 5285 1293 5348 prae·

549 5381 630 5432 stare
650 5376 681 5430 et
702 5367 859 5440 exhibere,
875 5373 906 5426 et
920 5362 1097 5426 inassuetis
1111 5378 1221 5426 eorum
1235 5365 1293 5442 piis

550 5463 693 5541 operibus
710 5467 740 5523 et
755 5458 906 5536 religiosis
928 5455 1046 5529 officiis,
1059 5456 1168 5520 ritibus
1183 5464 1214 5518 et
1228 5474 1292 5519 cae·

550 5557 698 5620 remonifs
719 5557 803 5620 iuxta
823 5551 946 5616 Ordinis
965 5550 1105 5613 eiusdem
1120 5551 1224 5614 Sancti
1240 5552 1292 5612 Ba·

548 5652 610 5714 silii
625 5649 778 5726 regularia
793 5647 933 5710 instituta
948 5660 1147 5724 perseverare
1159 5647 1292 5722 valeam,

549 5745 683 5824 antiquis
704 5743 842 5808 eiusdem
862 5741 1042 5804 monasterii
1063 5741 1294 5805 fundationibus

549 5839 652 5914 salvis,
684 5837 781 5900 firmis
811 5843 842 5898 et
872 5835 994 5912 illaesis,
1016 5843 1051 5899 ut
1072 5845 1172 5912 antea,
1195 5853 1295 5900 rema·

548 5934 716 6012 uentibus3

1329 1148 1331 1192 ἶ
1359 1159 1452 1230 bates,
1477 1156 1637 1218 inferiores
1658 1155 1819 1236 praelatos,
1841 1165 1872 1218 et
1893 1156 1967 1218 alios
1982 1155 2017 1218 ad
2033 1173 2103 1234 syn-

1357 1251 1452 1312 odum
1473 1257 1632 1323 convocet,
1655 1266 1687 1312 ac
1708 1249 1812 1312 ornnia
1834 1257 1865 1312 et
1886 1250 2007 1327 singula
2022 1250 2101 1324 iura,

1356 1342 1453 1404 officia
1475 1352 1505 1405 et
1528 1343 1633 1404 munia
1653 1342 1832 1421 episcopalia
1847 1343 1955 1404 babeat
1970 1350 2001 1404 et
2016 1359 2103 1405 exer·

1356 1445 1432 1511 ceat,
1448 1453 1520 1498 cum
1534 1436 1598 1499 suis
1611 1436 1757 1515 capitulo,
1772 1436 1884 1512 sigillo,
1901 1453 1980 1512 arca,
1997 1453 2103 1500 mensa

1356 1529 1529 1608 episcopali,
1544 1529 1732 1608 caeterisque
1745 1529 1968 1592 cathedralibus
1983 1539 2014 1592 et
2028 1547 2102 1609 pon·

1357 1622 1519 1684 titicalibus
1540 1621 1695 1700 insigniis,
1721 1639 1778 1684 nec
1807 1638 1870 1685 non
1898 1623 2030 1698 iuribus,
2056 1623 2102 1686 iu-

1356 1716 1594 1790 risdictionibus,
1612 1716 1817 1792 facultatibus,
1834 1717 2101 1795 praeeminentiis,

1355 1809 1586 1886 praerogativis,
1610 1811 1790 1884 bonoribus,
1813 1811 1930 1887 gratiis,
1946 1811 2101 1874 favoribus

1355 1908 1385 1964 et
1408 1903 1535 1966 indultis
1551 1903 1695 1978 realibuS,
1711 1903 1923 1982 personalibus
1937 1912 1969 1966 et
1982 1904 2099 1978 mixtis,

1355 1996 1467 2074 quibus
1498 1996 1574 2057 aliae
1604 1995 1729 2059 illarum
1757 1997 1892 2074 partium
1914 1997 2101 2060 cathedrales

1357 2090 1507 2152 Ecclesiae
1528 2090 1593 2152 eins
1625 2090 1714 2165 ritus,
1739 2090 1926 2168 illarumque
1946 2089 2100 2168 praesules

1354 2181 1585 2261 quomodolibet
1613 2183 1690 2263 (non
1720 2191 1823 2244 tannen
1845 2182 1937 2246 titulo
1957 2200 2098 2259 oneroso,

1355 2283 1406 2339 aut
1417 2293 1455 2338 ex
1466 2276 1629 2355 privilegio
1645 2275 1833 2355 particulari)
1847 2277 1991 2340 similiter
2007 2286 2100 2340 utun·

1355 2377 1416 2446 tur,
1440 2370 1600 2443 fruuntur,
1618 2369 1782 2450 potiuntur
1798 2379 1828 2431 et
1843 2370 1991 2446 gaudent,
2008 2379 2099 2450 atque

1355 2466 1412 2539 nti,
1434 2463 1507 2538 frui,
1531 2463 1623 2541 potiri
1646 2469 1676 2523 et
1698 2465 1832 2539 gaudere
1846 2472 1975 2541 possunt
1989 2472 2020 2524 et
2035 2471 2100 2541 pot·

1353 2565 1448 2622 erunt
1469 2556 1699 2635 quomodolibet
1721 2557 1753 2618 in
1776 2557 1939 2633 futurum;

2123 752 2288 853 episcopalis
2319 759 2342 800 et

2123 813 2219 867 capitu

1393 2654 1411 2728 5
1432 2653 1461 2714 6.
1486 2655 1586 2731 Atque
1608 2653 1639 2712 in
1661 2669 1695 2714 ea
1718 2668 1810 2714 unam
1841 2660 1910 2731 post
1942 2654 2099 2733 pontifica·
2131 2663 2295 2710 Distributio
2307 2665 2340 2710 tr·

2118 2720 2257 2774 guttatam
2276 2721 2339 2774 capi-

1353 2748 1414 2810 lem
1438 2747 1586 2808 maiorem
1608 2761 1663 2824 pro
1686 2763 1749 2807 uno
1771 2747 1960 2826 presbytero,
1984 2750 2037 2828 qui
2053 2767 2099 2812 ca·
2118 2771 2260 2818 turanum.

1353 2841 1441 2920 pituli
1463 2840 1603 2902 eiusdem
1623 2839 1804 2901 cathedralis
1822 2841 1977 2916 ecclesiae,
2002 2849 2035 2903 ut
2051 2843 2098 2905 in-

1353 2937 1409 3011 fra,
1432 2935 1596 3010 erigendae
1611 2940 1701 3012 caput
1715 2935 1836 3009 existat,
1853 2951 1885 2996 ac
1901 2936 2010 2998 tamin
2025 2938 2097 2999 cho·

1351 3047 1397 3106 ro,
1420 3043 1513 3110 quam
1542 3027 1573 3088 in
1603 3027 1713 3089 eodem
1744 3028 1887 3106 capitulo,
1918 3030 2098 3109 actibusque

1350 3121 1569 3204 capitularibus
1588 3120 1718 3199 publicis
1733 3129 1764 3182 et
1780 3122 1917 3200 privatis,
1934 3123 2100 3202 processio-

1352 3217 1455 3290 nibus,
1474 3215 1603 3293 aliisque
1625 3214 1834 3278 functionibus
1849 3215 2097 3296 quibuscumque

1351 3311 1475 3392 praesit,
1498 3325 1531 3370 ac
1561 3307 1838 3387 praeeminentiam
1860 3317 1891 3370 et
1912 3313 2097 3387 praeceden-

1354 3407 1438 3480 tiam,
1461 3404 1660 3481 primumque
1682 3411 1713 3463 et
1734 3400 1908 3478 digniorem
1928 3403 2033 3466 locum
2050 3407 2102 3466 ha-

1353 3499 1437 3576 heau
1459 3515 1493 3559 ac
1512 3497 1602 3558 aliam
1616 3494 1782 3558 secundam
1797 3497 2036 3575 nuncupandam
2052 3515 2099 3560 re·

1349 3592 1486 3671 spective
1515 3589 1682 3668 dignitates
1712 3590 1863 3651 extitnras
1887 3605 1942 3668 pro
1965 3607 2028 3652 uno
2051 3593 2100 3652 iti-

1350 3689 1421 3751 dem
1454 3685 1630 3764 presbgtero
1661 3684 1832 3760 respective
1861 3683 1975 3745 foturis
2000 3683 2098 3748 dictae

1352 3778 1532 3844 cathedralis
1562 3775 1718 3851 ecclesiae,
1748 3785 1783 3839 nt
1810 3776 1903 3851 infra,
1932 3776 2098 3853 erigendae

1352 3872 1532 3954 praepositis
1552 3887 1607 3932 seu
1629 3871 1783 3948 praelatis,
1800 3887 1857 3933 nce
1877 3886 1941 3932 non
1964 3880 2095 3949 quatuor

1351 3967 1567 4040 canonicatus,
1604 3963 1793 4043 totidemque
1824 3963 2011 4043 praebendas
2043 3981 2098 4042 pro

1352 4068 1485 4140 quatuor
1521 4057 1664 4120 similiter
1703 4056 1891 4135 presbyteris
1928 4059 2099 4136 respective

1352 4171 1475 4234 quoque
1497 4151 1611 4214 futuris
1633 4151 1731 4213 dictae
1745 4150 1926 4212 cathedralis
1939 4153 2098 4228 ecclesiae,

1352 4257 1386 4312 ut
1407 4247 1487 4309 infra
1508 4245 1684 4322 erigendae,
1700 4243 1864 4317 canonicis,
1885 4246 1939 4324 qui
1955 4245 2037 4308 illius
2052 4265 2100 4309 ca·

1351 4341 1487 4422 pitulum
1509 4338 1709 4412 constituant,
1732 4345 1762 4400 et
1783 4339 1863 4415 apud
1890 4339 2097 4402 cathedralem

1349 4434 1510 4498 ecclesiam
1531 4430 1728 4509 praedictam,
1751 4439 1785 4494 ut
1806 4430 1898 4507 infra,
1917 4433 2098 4510 erigendam

1351 4527 1552 4609 personaliter
1566 4525 1682 4588 certisa
1693 4523 1798 4586 futuro
1810 4521 2016 4608 Suprasliensi
2028 4528 2098 4606 Epi-

1350 4637 1441 4698 scopo
1462 4621 1494 4681 in
1516 4617 1648 4692 statutis,
1672 4622 1707 4678 ut
1723 4616 1813 4691 infra,
1829 4618 1997 4682 condendis
2013 4636 2097 4700 prae-

1351 4712 1494 4777 ficiendis
1508 4712 1615 4774 diebus
1630 4717 1661 4773 et
1677 4712 1867 4790 temporibus
1882 4712 2028 4788 residere,
2045 4717 2099 4776 ho

1350 4824 1460 4887 rasque
1489 4806 1650 4868 canonicas
1681 4810 1744 4867 tam
1772 4805 1897 4868 diurnas
1926 4821 2019 4885 quam
2042 4824 2099 4868 no-

1350 4911 1485 4977 cturnas,
1508 4907 1688 4978 caeteraque
1708 4897 1812 4960 divina
1833 4898 1930 4961 officia
1947 4899 2033 4962 iuxta
2047 4915 2097 4962 eo-

1350 5013 1421 5060 rnm
1436 4995 1545 5068 ritum,
1560 5001 1743 5071 servataque
1758 4989 1909 5053 Ecclesiae
1925 4991 2095 5072 disciplina,

1349 5092 1386 5152 ad
1401 5091 1498 5152 instar
1511 5087 1643 5148 aliarum
1658 5085 1882 5148 cathedralium
1896 5085 2096 5149 ecclesiarum

1349 5186 1487 5248 eiusdem
1509 5181 1586 5242 ritus
1614 5177 1754 5254 recitare,
1777 5178 1939 5241 decantare
1967 5186 1997 5242 et
2018 5179 2097 5258 psal-

1348 5280 1424 5353 lere,
1445 5276 1611 5353 eidemque
1631 5272 1796 5335 cathedrali
1818 5271 1980 5350 Ecclesiae,
1997 5282 2033 5336 nt
2049 5275 2094 5338 in·
2133 5321 2135 5324 -

1349 5371 1405 5448 fra,
1428 5367 1593 5448 erigendae
1614 5365 1807 5430 laudabiliter
1821 5367 1978 5429 deservire
1993 5384 2095 5448 respe-

1349 5465 1429 5527 ctive
1459 5464 1589 5526 debeant
1616 5468 1648 5523 et
1676 5467 1861 5536 teneantur;
1893 5461 2096 5540 quiquidem

1348 5558 1499 5633 canonici,
1523 5563 1614 5635 prout
1636 5555 1729 5617 etiam
1748 5553 1913 5630 dignitates
1929 5556 2096 5633 praedictas

1350 5651 1482 5714 indicta
1511 5647 1676 5712 cathedrali
1701 5645 1836 5722 ecclesia,
1860 5655 1895 5708 ut
1922 5646 2013 5723 infra,
2036 5649 2095 5711 eri·

1350 5743 1448 5820 ganda
1468 5745 1504 5805 ad
1526 5739 1727 5806 residendum
1747 5741 1896 5804 continuo
1910 5741 1991 5819 apud
2010 5741 2095 5804 illam

1350 5837 1479 5900 minime
1502 5837 1650 5911 adstricti,
1670 5835 1859 5913 parochiales
1878 5835 2031 5912 ecclesias,
2047 5853 2096 5898 ea-

1349 5947 1483 6012 rumque
1498 5939 1660 6012 perpetuas
1676 5928 1804 5994 vicarias
1815 5929 1952 5994 eiusdem
1962 5929 2097 5996 Graeco-
