4754 6966
917 577 1058 638 essaeus
1079 579 1143 638 xit.

257 705 350 785 plene
369 712 402 770 et
423 703 614 775 sufficienter
635 711 796 789 expressis,
820 725 855 771 ec
876 710 913 772 de
935 727 1005 773 ver-

256 801 298 862 bo
312 804 348 864 ed
370 803 501 866 verbum
523 804 648 866 insertis
669 804 828 879 babentes,
852 804 911 865 illis
933 804 1005 866 alias

256 895 291 954 in
313 911 371 954 suo
393 896 503 958 robore
525 898 747 975 permansuris,
767 897 802 959 ad
825 899 1004 982 praemisso-

256 1003 329 1048 rum
352 989 496 1051 eitectum
517 992 572 1050 bac
596 991 662 1050 uice
689 990 847 1051 ‹iumtasat
868 989 1005 1069 speciali-

256 1089 306 1141 ter
328 1089 359 1144 et
373 1098 522 1160 ,expresse
537 1084 731 1160 derogamus,
748 1084 919 1162 ceterisque
934 1099 1006 1144 con-

256 1176 360 1235 trariis
375 1176 633 1255 utribuseumque.

298 1270 410 1331 Datum
438 1270 568 1344 Romae,
595 1271 672 1349 apud
703 1272 733 1334 S.
759 1273 885 1335 Marium
914 1273 1003 1334 llaio-

256 1378 340 1436 rem,
370 1364 427 1424 sub
449 1365 566 1426 annulo
592 1366 762 1441 Piscatoris,
789 1365 839 1427 alie
864 1382 907 1426 ιιι.
936 1366 1003 1426 iulii

254 1472 449 1530 nocetum,
472 1459 669 1536 pontificatus
690 1461 788 1521 nostri
817 1475 900 1521 anno
923 1476 971 1520 ιιι.

513 1663 752 1672 -η--μ-

591 1839 668 1902 ΧΙΙΙ.

256 2025 437 2088 Gclclrrutis
472 2027 625 2089 laudibus
661 2028 755 2107 Rapis
786 2025 1003 2097 Fidelissimi,

298 2121 438 2182 tentarint
462 2121 604 2182 reditum
627 2115 667 2180 ud
691 2119 865 2182 Ecclesiam
891 2117 1006 2181 Sinaro-

298 2215 352 2272 nis
363 2212 577 2274 Putriurrltue
590 2213 896 2290 Chaldaeorumque
907 2212 1003 2272 ctt'ttm

300 2305 411 2367 literis
442 2307 511 2366 sats
544 2305 632 2368 Sedis
661 2307 859 2382 apostoticae
887 2307 1006 2382 prirno-

213 2447 215 2450 .
299 2407 373 2460 tam
395 2407 425 2461 at
448 2400 525 2459 iuro
546 2405 720 2478 reppererat
742 2398 798 2478 (l).

370 2537 457 2654 SSmi
480 2585 593 2653 Domini
617 2585 717 2652 llostri
739 2584 902 2652 oteueuns

394 2681 491 2748 diviua
513 2679 697 2762 prouidentia
719 2677 778 2746 ΡΡ.
801 2676 872 2744 titt.

256 2887 438 2932 acaecitate
457 2888 581 2932 tianius
598 2888 628 2932 ΙΝ
645 2886 851 2932 consternato
867 2883 1006 2932 secante

401 2981 455 3027 biit
477 2982 556 3026 xvii.
582 2981 661 3025 lllllll
684 2980 859 3027 nncctxxt.

467 3147 665 3216 venerabiles
687 3147 803 3215 tratres

297 3341 483 3419 Complures
503 3335 677 3401 Lusitaniae
705 3338 845 3400 ecclesias
864 3352 935 3398 cum
954 3336 1007 3397 bo-

254 3435 309 3496 die
325 3435 510 3514 proposituri
526 3435 633 3508 simus,
649 3451 681 3494 ac
696 3435 733 3494 de
755 3431 870 3494 eisdem
886 3433 1006 3493 ‹teor-eta

254 3527 389 3601 tacturi,
411 3542 518 3588 rernm
546 3535 576 3588 et
608 3527 746 3588 locorum
775 3523 1006 3603 opportunitate

254 3618 422 3695 admoniti,
436 3635 497 3681 non
510 3635 685 3698 possumne,
699 3633 771 3680 ren.
786 3616 907 3692 iratres,
923 3633 1006 3679 sum-

254 3729 310 3772 ma
331 3729 403 3774 cum
424 3713 519 3773 animi
549 3713 738 3774 iucunditate
761 3727 824 3772 non
852 3711 1005 3772 recordari

254 3806 407 3867 carissimi
431 3807 463 3867 ιιι
477 3805 598 3869 cbristo
615 3805 667 3867 ulii
684 3805 781 3867 nostri
803 3804 920 3882 losepbi
938 3803 1006 3866 Por-

255 3898 404 3976 tugalliae
426 3908 457 3960 et
479 3898 695 3975 Aigrarbiorum
718 3900 799 3975 regis
822 3897 1005 3974 fidelissimi,

254 3991 295 4052 de
319 4009 381 4071 quo
401 4008 489 4070 saepe
509 4001 599 4054 antea
620 4009 673 4054 vos
695 3991 819 4054 allocuti
840 3998 1006 4066 samosat

1060 725 1116 772 uos
1127 717 1218 790 atque
1233 709 1312 774 hanc
1326 703 1530 790 apostolicam
1548 703 1659 774 Sedem
1674 709 1803 772 coninu-

1060 805 1180 878 ctionis,
1204 805 1328 881 amoris,
1351 805 1471 882 pietatis
1494 805 1679 867 testimonia.

1101 896 1211 960 Eadem
1235 915 1318 960 neruo
1340 898 1535 976 potissimum
1562 898 1649 959 uobis
1671 897 1803 959 declarat

1059 997 1149 1068 aturre
1171 992 1297 1053 exbibet
1322 1006 1442 1052 summu
1472 991 1519 1052 illa
1551 991 1647 1052 nostri
1676 1005 1748 1066 erga
1770 1007 1803 1051 se

1059 1084 1152 1146 studii
1180 1084 1408 1162 singularisque
1431 1086 1566 1148 caritatis
1592 1085 1720 1158 balucis,
1743 1100 1801 1161 qua

1060 1179 1137 1257 petit
1162 1195 1176 1238 o
1206 1180 1311 1255 uobis,
1341 1186 1376 1242 ut
1407 1180 1527 1242 Bullam
1557 1181 1716 1243 Cruciatoe
1747 1195 1802 1257 pro

1059 1271 1173 1333 tuendi
1185 1275 1439 1352 propagandique
1454 1273 1614 1350 Religioue
1629 1274 1802 1336 institutam

1060 1382 1265 1442 renovemus,
1298 1374 1390 1446 attpue
1421 1369 1603 1430 auctoritate
1639 1369 1802 1446 apostolica

1059 1464 1289 1523 contirmemus.
1321 1461 1576 1539 tempsissimun
1602 1464 1727 1540 quidem
1757 1471 1803 1524 est

1060 1557 1147 1619 nobis
1169 1556 1314 1635 qrrithuirl
1337 1559 1375 1618 ab
1396 1556 1491 1632 illius,
1507 1573 1601 1636 quem
1622 1557 1736 1618 eximie
1758 1558 1803 1619 di-

1059 1649 1197 1726 ligimus,
1210 1651 1357 1728 sapientiai
1372 1651 1521 1729 proficisci
1537 1667 1675 1728 uuquam
1690 1657 1801 1728 potest;

1059 1760 1131 1806 curn
1152 1760 1227 1806 uero
1252 1744 1396 1822 idipsum,
1420 1753 1455 1805 ut
1481 1761 1570 1823 saepe
1593 1743 1639 1820 lit,
1662 1745 1801 1806 eiusdem

1061 1839 1244 1914 religionem
1266 1846 1357 1917 atque
1379 1839 1411 1900 iu
1434 1855 1488 1900 uos
1511 1839 1654 1916 pietatem
1683 1855 1803 1917 praese-

1059 1934 1131 2008 fert,
1155 1940 1221 1996 tum
1244 1950 1319 1995 vero
1347 1932 1475 1996 mirifici
1497 1933 1527 1994 iu
1558 1933 1646 1994 illrum
1669 1933 1803 1994 benevo-

1060 2029 1173 2090 lentiae
1195 2027 1366 2090 accessione
1386 2027 1595 2090 incendimur.

1100 2125 1313 2198 Aopropterea
1326 2117 1501 2181 huiusmodi
1517 2120 1686 2196 praeclaros
1702 2121 1804 2196 regiae

1061 2216 1186 2276 virtutis
1214 2229 1358 2275 sensusa
1389 2214 1476 2276 uoltis
1504 2213 1615 2276 intime
1646 2222 1804 2292 perceptos

1062 2308 1219 2370 vobiscum
1253 2308 1538 2380 communicamus,
1570 2323 1641 2368 ven.
1676 2307 1802 2382 iratres,

1038 2417 1122 2481 ,quio
1143 2403 1281 2464 eiuslem
1304 2401 1479 2462 recentibus
1501 2415 1572 2476 erpa
1595 2417 1651 2462 uos
1673 2401 1803 2475 meritis,

1061 2503 1153 2574 atquae
1174 2494 1328 2556 constanti
1349 2509 1420 2570 erga
1438 2494 1603 2555 Ecclesiam
1619 2495 1723 2556 auimo
1738 2511 1804 2573 per-

1063 2591 1134 2652 iutle
1154 2607 1186 2650 ac
1211 2605 1245 2650 re
1268 2589 1347 2666 ipsos
1369 2586 1503 2662 gaudere
1524 2603 1587 2648 uon
1614 2587 1800 2650 dubitamus.

1062 2683 1179 2746 lurum
1202 2692 1236 2743 ut
1259 2697 1320 2742 uon
1345 2681 1436 2742 inane
1458 2697 1491 2741 ao
1514 2679 1740 2742 iulroctuosum
1766 2682 1805 2742 sit

1061 2791 1229 2838 commune
1256 2774 1403 2852 garrulum
1434 2774 1490 2834 boc
1512 2781 1672 2849 nostrum,
1700 2777 1803 2836 conari

1062 2869 1208 2931 debemus
1230 2878 1265 2930 ut
1287 2867 1360 2930 iliud
1383 2868 1419 2929 ari
1441 2866 1536 2943 ipsius
1554 2867 1669 2942 gloriae
1690 2883 1724 2929 ac
1738 2867 1806 2930 leli-

1062 2963 1160 3024 citutis
1176 2962 1407 3024 incrementum
1423 2960 1602 3021 reseramus.
1620 2961 1703 3035 Quod
1719 2978 1804 3040 prae-

1062 3057 1142 3120 clare
1164 3071 1179 3114 o
1201 3054 1290 3115 uobis
1314 3054 1380 3116 lieri
1402 3054 1527 3130 poterit,
1542 3053 1566 3113 si
1582 3071 1596 3112 ιι
1613 3053 1675 3114 Deo
1689 3055 1805 3133 optimo

1062 3163 1143 3210 max.
1161 3148 1308 3226 praesidia
1324 3157 1416 3226 atquae
1432 3156 1614 3210 ornamenta
1631 3149 1731 3209 omnia
1750 3150 1804 3228 ipsi

1062 3244 1188 3320 citusque
1210 3243 1316 3304 liberis
1338 3258 1371 3304 ao
1394 3241 1557 3303 anniuersae
1578 3244 1687 3305 domus
1703 3243 1805 3320 regiae

1063 3353 1125 3399 uon
1148 3337 1331 3400 intermissis
1352 3337 1493 3414 precibus
1515 3336 1758 3414 implorabimus.

1102 3429 1254 3492 Habemus
1283 3437 1457 3508 praeterea,
1481 3445 1554 3490 ven.
1585 3429 1705 3506 iratres,
1730 3432 1803 3494 alte-

1061 3539 1139 3597 ram,
1161 3523 1248 3585 cuius
1269 3523 1302 3584 in
1324 3530 1443 3601 purtem
1458 3537 1513 3583 uos
1535 3523 1730 3600 atiuooamus,
1748 3525 1805 3587 im-

1062 3633 1186 3680 mensae
1209 3617 1407 3678 iucunditatis
1427 3632 1549 3678 causam
1565 3632 1601 3677 eu
1618 3616 1805 3683 tarrstissirno

1060 3712 1096 3773 ad
1118 3728 1173 3774 uos
1195 3727 1295 3790 nuper
1309 3711 1346 3772 ab
1361 3710 1488 3773 Oriente
1508 3717 1599 3789 atque
1615 3727 1630 3770 a
1647 3712 1804 3776 Chaldaeis

1060 3806 1149 3868 allato
1172 3804 1303 3880 uuucio;
1327 3803 1479 3865 nimirum
1493 3805 1530 3865 ab
1545 3819 1655 3866 eorum
1676 3805 1805 3868 Patriar-

1059 3899 1114 3960 obt
1136 3897 1281 3961 Simeoue
1304 3894 1427 3958 diuinae
1455 3896 1570 3971 gratiae
1592 3897 1712 3960 lumine
1734 3899 1805 3961 illu-

1059 3998 1154 4053 strato
1176 3991 1292 4052 iamdiu
1313 3997 1452 4069 receptos
1474 3991 1505 4053 in
1528 3991 1578 4053 itta
1600 4000 1695 4068 gente
1717 3993 1804 4072 impii

255 4102 506 4148 commemorare
528 4099 608 4148 nora
629 4093 660 4146 et
686 4085 817 4146 illustria
838 4100 912 4146 suae
933 4099 1005 4161 erga
1055 4079 1196 4146 Nestorii
1221 4097 1341 4146 errores
1362 4082 1457 4146 faisse
1478 4085 1606 4146 reiectos
1626 4095 1718 4166 atque
1740 4104 1804 4149 om-

302 4359 331 4414 (lt
346 4359 448 4404 Pluries
463 4361 486 4404 S.
502 4361 527 4402 P.
542 4369 588 4416 per
602 4371 640 4415 ep.
656 4359 811 4414 gratulatur
821 4358 852 4404 de
863 4358 950 4404 reditu
961 4361 1004 4402 Pa·

257 4425 395 4470 triarcbae
416 4425 552 4481 Simeonis,
574 4438 604 4470 ex
621 4426 716 4482 quibus
733 4436 784 4482 seq.
801 4425 1004 4471 transcribimus

257 4504 289 4537 ex
307 4503 359 4548 reg.
375 4505 413 4549 ep.
429 4505 470 4538 an.
486 4505 533 4548 ιιι.,
548 4505 571 4551 p.
588 4495 618 4537 ll.

290 4629 350 4670 ven.
365 4629 448 4676 tratre
461 4629 578 4671 Sinaeont
587 4629 762 4672 Patr-taretros
773 4629 975 4674 Gtaatdaeorum

473 4763 616 4806 CLEMENS
636 4765 714 4806 ΡΑΡΑ
729 4763 790 4806 xiv.

498 4899 659 4944 veneratae
675 4901 768 4948 trater,

352 4971 466 5012 satutem
480 4969 504 5009 ct
517 4968 690 5017 apostolarum
704 4966 915 5008 oeaeatcrtoncm.

299 5103 453 5148 iamdudum
469 5114 501 5148 ex
513 5100 690 5146 fraternitatis
712 5102 773 5146 tuae
788 5098 875 5144 literis
896 5098 1003 5142 uberem

261 5174 335 5215 tuam
350 5181 412 5225 erga
427 5181 474 5214 noe
492 5179 522 5214 ac
535 5167 709 5226 apostoticam
730 5167 797 5212 banc
811 5165 902 5211 sedem
918 5165 1004 5210 obser·

261 5238 377 5282 tantiam
400 5240 487 5294 atque.
500 5234 676 5281 obedientiam
695 5235 857 5279 testantibus
876 5233 1005 5278 intellexi·

261 5316 319 5350 mus
334 5305 472 5361 egregium
486 5303 626 5349 consilium
641 5302 745 5347 diuinae
754 5301 858 5357 gratiae
869 5311 1003 5346 munerea

261 5376 286 5418 te
297 5376 448 5429 susceptum
459 5371 594 5416 nobiscum
606 5370 633 5414 in
642 5369 784 5414 sanctitate
795 5369 855 5412 fidei
864 5372 890 5414 et
901 5369 1004 5414 uanitate

259 5438 412 5484 concordiae
432 5436 619 5483 consentiendi.
640 5439 673 5480 Et
690 5436 783 5480 deinde
800 5447 816 5480 ιι
835 5438 926 5480 nostra
945 5438 1003 5480 Pro·

261 5505 396 5562 negandae
411 5504 484 5550 nider
498 5503 705 5560 congregatione
719 5502 752 5549 ad
765 5513 810 5548 nos
821 5503 871 5548 tuit
881 5501 1003 5557 allatum,

261 5584 338 5630 quem
359 5575 499 5629 praestans
521 5574 566 5617 tua
581 5572 616 5617 sit
630 5573 657 5616 in
672 5581 702 5616 ea
721 5569 825 5628 perlata
845 5570 1004 5628 perficienda

261 5642 395 5686 uoluntate
418 5639 580 5692 constantia,
603 5649 735 5696 quamque
756 5638 853 5684 eximia
875 5649 956 5696 opera
976 5639 1002 5682 in

262 5710 354 5766 populo
368 5709 401 5753 nd
416 5708 483 5752 banc
497 5707 668 5752 eeclesiarum
684 5709 797 5752 matrem
810 5709 836 5750 et
847 5706 1002 5763 magistram

263 5775 415 5821 reducendo.
430 5778 481 5820 Nos
495 5776 567 5819 certe
581 5776 720 5831 propterea
735 5773 915 5818 incredibilem
930 5772 1004 5819 laeti·

263 5845 314 5890 tiae
323 5842 532 5901 magnitudinem
543 5843 633 5887 animo
644 5842 811 5899 percipimus,
822 5845 848 5885 et
858 5843 908 5886 Deo
918 5843 1004 5887 omni·

263 5913 361 5969 potenti
376 5910 525 5968 singulares
539 5909 641 5966 gratias
653 5909 790 5963 habemus,
801 5909 869 5966 quod
880 5912 954 5955 tanto
963 5911 1004 5954 be·

264 5980 354 6026 aelleio
373 5990 419 6025 ros
438 5983 465 6023 et
487 5977 637 6022 nniversam
659 5977 801 6022 Ecclesiam
825 5977 949 6022 affecerit.
969 5981 1003 6023 're

1059 4356 1297 4413 uero,venerabilis
1312 4357 1403 4414 trater,
1413 4357 1446 4404 ad
1460 4369 1507 4404 nos
1523 4356 1706 4406 advenientem
1722 4361 1748 4406 et
1763 4369 1804 4418 po·

1058 4426 1150 4482 pulum
1165 4427 1242 4470 tuum
1257 4427 1344 4470 tecum
1359 4426 1411 4470 unat
1425 4425 1597 4470 adducentem
1613 4426 1707 4471 intimo
1722 4428 1804 4484 ponti-

1060 4491 1135 4537 ticiee
1148 4491 1268 4538 carltatie
1283 4491 1351 4547 sinu,
1366 4494 1392 4536 et
1406 4492 1509 4550 paterni
1523 4493 1623 4538 amoris
1633 4493 1727 4538 affectu
1738 4505 1805 4538 com-

1059 4560 1208 4616 plectimur,
1225 4561 1251 4604 et
1271 4557 1318 4604 tibi
1338 4562 1435 4615 tuoque
1453 4560 1528 4616 gregi
1547 4563 1627 4616 atque
1645 4561 1710 4606 adeo
1729 4561 1804 4606 nobie

1059 4626 1123 4683 ipsis
1133 4627 1231 4672 mirum
1242 4627 1268 4672 in
1279 4625 1385 4672 rnodum
1395 4629 1422 4672 et
1430 4623 1600 4683 gratulamur
1611 4631 1637 4672 et
1648 4628 1803 4684 gaudemus.

1060 4697 1145 4744 Quare
1155 4704 1310 4751 persuasum
1321 4696 1347 4739 te
1357 4705 1413 4739 esse
1424 4695 1546 4739 volumus
1555 4694 1658 4740 nullum
1670 4695 1803 4752 praesidii,

1060 4759 1164 4805 nullum
1183 4762 1333 4806 ornamenti
1352 4771 1435 4816 genus
1450 4761 1610 4817 proticiscia
1629 4761 1703 4806 nobis
1720 4773 1803 4818 posse,

1059 4826 1128 4884 qnod
1138 4838 1189 4872 non
1201 4827 1248 4871 tibi
1260 4827 1436 4874 libentissime
1446 4828 1530 4873 simus
1540 4827 1665 4883 delaturi,
1674 4839 1733 4873 cum
1746 4833 1804 4885 post

1060 4894 1291 4950 secundissimum,
1315 4905 1393 4952 quem
1416 4895 1489 4940 breui
1509 4899 1689 4952 expectamus,
1712 4904 1803 4942 rerum

1059 4963 1169 5018 exitum,
1179 4961 1254 5020 pallii
1266 4962 1348 5007 etiam
1363 4963 1529 5009 concessione
1545 4965 1663 5008 nostram
1678 4963 1803 5008 eximiam

1060 5030 1107 5074 tibi
1123 5030 1286 5075 voluntatem
1308 5030 1391 5075 simus
1406 5030 1493 5086 palam
1515 5030 1618 5076 tacturi.
1633 5033 1671 5075 Τιι
1686 5030 1802 5084 iuterim,

1058 5098 1217 5144 venerabilis
1231 5099 1324 5154 trater,
1338 5097 1475 5154 egregium
1491 5102 1567 5143 tuum
1582 5098 1680 5144 tactum
1696 5097 1804 5154 amputo

1058 5167 1132 5211 ribus
1147 5166 1174 5210 ιιι
1188 5166 1243 5210 dies
1257 5165 1379 5211 laudibus
1393 5164 1539 5220 cumulare,
1554 5169 1579 5209 et
1594 5165 1625 5210 de
1640 5165 1716 5210 nobis
1730 5168 1757 5210 et
1772 5165 1803 5210 de

1058 5235 1173 5280 Ecclesia
1193 5233 1358 5278 benemereri
1379 5241 1470 5289 perge:
1492 5232 1560 5289 quod
1575 5231 1649 5278 nulla
1664 5244 1692 5277 re
1707 5233 1803 5278 melius

1058 5303 1158 5347 efficere
1172 5300 1279 5358 poteris,
1293 5311 1373 5357 quam
1387 5310 1447 5345 cum
1462 5299 1488 5344 in
1504 5301 1598 5356 populo
1608 5305 1654 5344 tuo
1664 5299 1692 5343 ιιι
1701 5302 1804 5356 aposto·

1058 5369 1124 5416 lieae
1139 5371 1229 5426 petrae
1247 5366 1381 5413 soliditate
1402 5365 1559 5412 stabiliendo
1573 5369 1600 5410 et
1614 5367 1803 5420 contlrmando,

1058 5447 1161 5482 omnem
1178 5440 1357 5482 tuamensem
1377 5447 1407 5480 ac
1421 5435 1581 5492 pastoralem
1596 5433 1803 5479 sollicitudiuem

1057 5503 1233 5550 collocaveris.
1256 5503 1282 5548 ld
1297 5515 1313 5548 a
1334 5506 1360 5548 te
1379 5514 1409 5548 eo
1430 5501 1532 5548 enixius
1554 5500 1729 5558 postulamus,
1751 5511 1804 5558 qno

1059 5572 1160 5618 maiora
1174 5575 1221 5616 tua
1235 5571 1266 5615 de
1281 5572 1328 5616 boc
1343 5570 1431 5616 studia
1445 5569 1535 5614 natura
1549 5569 1648 5614 scimus
1663 5573 1690 5614 et
1699 5567 1803 5613 contidi-

1059 5652 1124 5686 ιιιιιι.
1142 5643 1250 5684 [temam
1272 5639 1422 5696 pontificiae
1441 5641 1547 5683 nostrae
1565 5649 1629 5694 erga
1649 5643 1675 5684 te
1695 5639 1803 5685 benero-

1057 5708 1156 5752 lentiee
1167 5709 1293 5751 tesseram
1310 5705 1480 5762 apostolicam
1490 5705 1697 5750 benedictionem
1713 5706 1762 5750 tibi
1776 5709 1803 5750 et

1058 5774 1180 5820 uniuerso
1194 5776 1240 5818 tuo
1254 5773 1349 5829 populo
1365 5777 1533 5830 peramanter
1548 5771 1726 5828 impertimur.

1097 5845 1192 5887 Datum
1212 5843 1319 5894 Romae,
1340 5840 1410 5898 apud
1431 5843 1453 5883 S.
1475 5839 1585 5885 Mariam
1606 5838 1739 5895 Maiorem,
1755 5841 1803 5886 sub

1058 5909 1156 5954 annulo
1176 5907 1329 5963 Piscatoris,
1351 5906 1393 5950 die
1412 5916 1457 5950 111.
1476 5906 1622 5951 decembris
1639 5917 1803 5961 nnccnxxu„

1057 5975 1226 6034 pontificatus
1241 5973 1326 6020 nostri
1340 5984 1408 6019 auno
1422 5984 1457 6018 ιιι.

1727 563 1782 636 lit
1833 568 1886 628 Διι.
1901 567 1932 630 e.
1953 569 2020 630 1771
