4750 6980
979 595 1052 641 etue
1074 597 1122 640 PP·
1148 597 1204 640 vlt.
1789 579 1848 641 465
1898 577 1997 630 Atho.
2019 577 2088 628 1803

310 717 380 778 eius
394 714 577 778 auctoritate
593 715 828 776 matrimonium
840 713 974 790 solvere,
991 733 1061 794 ope-

311 825 363 870 rae
384 807 540 888 praetium
555 814 615 883 est,
630 806 806 883 significare
829 807 883 869 tibi
906 810 1062 886 quomodo

310 899 404 962 iudex
430 899 652 962 ecclesiasticus
679 915 713 961 se
741 915 848 975 gerere
878 900 996 962 debeat.
1026 902 1060 964 ln

311 993 370 1056 hoc
391 993 488 1069 igitur
509 991 701 1055 instituendo
723 992 836 1055 iudicio
861 991 980 1055 curabit
1002 995 1063 1072 pri·

311 1102 401 1149 mum
425 1086 517 1147 iudex
539 1085 771 1161 ecclesiasticus,
789 1086 873 1148 utin
896 1086 1061 1148 conficien-

311 1181 356 1242 dis
378 1180 452 1242 actis
479 1178 645 1241 methodus
666 1178 717 1241 illa
746 1179 885 1256 ordoque
904 1185 1061 1253 servetur,

311 1273 366 1351 qui
387 1289 403 1334 a
425 1271 620 1350 praelaudato
641 1272 808 1334 Benedicto
830 1269 926 1344 xlv,
948 1271 1061 1332 consti·

313 1367 434 1427 tutione
456 1379 535 1442 quae
556 1364 664 1442 incipit
685 1364 744 1425 Dei
758 1363 977 1434 miseratione,
995 1379 1062 1440 per·

287 1501 290 1508 ‚
311 1459 417 1536 spicue
439 1460 656 1538 sapienterque
672 1457 902 1535 praescribitur.
926 1457 1010 1532 Quod
1036 1458 1060 1519 si

313 1567 378 1614 non
399 1551 477 1613 ierat
500 1551 528 1612 id
551 1567 658 1614 rerum
692 1560 931 1630 temporumque
958 1550 1062 1611 condi-

314 1645 369 1718 tio,
391 1643 569 1706 facultatem
592 1643 658 1717 tihi,
676 1661 709 1705 ac
724 1660 781 1723 per
797 1651 826 1704 te
841 1639 1064 1720 episcopissui-

313 1737 466 1813 lragaueis
482 1738 543 1799 tuis
558 1737 859 1810 communicandam,
872 1739 929 1796 hoc
943 1734 976 1795 in
991 1750 1060 1795 casu

314 1833 351 1893 ad
372 1831 627 1909 quinquennium
653 1829 850 1892 concedimus
870 1837 901 1889 et
923 1827 1062 1905 imperti·

315 1939 388 1985 mur
402 1940 418 1985 a
432 1923 567 2002 praelata
590 1923 736 1984 methodo
758 1919 921 1984 recedendi
942 1920 1000 1981 sub
1015 1921 1062 1981 his

316 2025 420 2079 mmen
451 2017 568 2079 duabus
599 2015 840 2078 conditionibus.
874 2014 993 2074 Prima:
1027 2020 1062 2074 ut

315 2106 1059 2186 numquamiutractationesimiliumcausarum

315 2203 436 2266 tiesrciat
458 2203 650 2264 matrimonii
666 2203 821 2274 delensor,
834 2199 887 2277 qui
908 2215 947 2259 ex
962 2196 1061 2258 oillcio

315 2297 519 2369 matrimonii,
543 2297 580 2357 de
607 2311 669 2374 quo
690 2303 737 2356 est
764 2293 919 2372 quaestio,
942 2292 1008 2354 iura
1030 2297 1062 2352 et

313 2390 420 2463 robur,
443 2405 498 2451 seu
513 2387 704 2450 validitatem
719 2388 888 2449 secundum
906 2399 1059 2446 canonum

313 2490 486 2562 praecepta,
516 2488 651 2543 tueatur.
683 2481 802 2543 Altera:
827 2487 862 2540 ut
883 2477 907 2538 si
930 2485 993 2540 ecta
1015 2477 1061 2536 iu-

313 2575 413 2638 diciali
435 2574 594 2649 methodo,
609 2579 735 2650 propter
748 2575 862 2633 horum
885 2579 1060 2648 temporum

313 2669 512 2741 calamitates,
525 2669 635 2730 eondci
657 2673 827 2744 nequeant,
850 2661 1063 2724 extraiudicia·

313 2762 395 2850 libus
408 2761 529 2836 saltem,
542 2751 634 2838 atque
648 2759 733 2820 omni
750 2758 821 2832 alio,
837 2773 899 2836 quo
914 2756 981 2817 lieri
996 2763 1064 2832 pot-

313 2855 396 2928 erit,
422 2857 513 2917 modo
539 2853 737 2931 suppleatur,
761 2852 802 2913 ita
827 2860 862 2912 ut
890 2863 1062 2927 numquam

314 2949 416 3010 desint
436 2949 535 3010 clarae
563 2947 846 3022 concludentesque
867 2943 1062 3021 probationes

314 3043 349 3101 ad
373 3042 585 3103 illustrandam
615 3037 923 3114 confirmandamque
944 3037 990 3096 rei
1010 3051 1063 3095 ve·

315 3135 439 3198 ritatem
476 3136 605 3195 omnino
639 3131 841 3196 necessariae.
883 3130 1063 3192 Curandum

316 3229 407 3291 etiam
434 3229 564 3290 omnino
591 3236 649 3302 est,
671 3237 703 3289 et
730 3238 929 3303 summopere
955 3235 1064 3282 caven-

316 3323 402 3397 dum,
418 3338 460 3384 ue
476 3323 507 3383 iu
523 3319 708 3399 proferendo
730 3319 842 3381 iudicio
860 3319 898 3379 de
919 3315 1064 3378 nullitate

316 3425 368 3478 aut
388 3416 548 3477 validitate
576 3415 705 3477 alicuius
731 3411 936 3484 matrimonii,
958 3409 995 3470 iis
1018 3410 1064 3470 iu·

316 3513 371 3574 der
395 3518 502 3573 utatur
530 3509 674 3570 inanibus
702 3506 860 3568 rationum
881 3503 1061 3572 momentis,

316 3621 353 3666 et·
384 3603 497 3681 quibus
527 3601 640 3680 passim
671 3598 830 3662 acatholici
859 3597 1064 3674 pronuntiant

316 3695 544 3758 matrimoniale
555 3693 716 3756 vinculum
731 3707 818 3770 posse
830 3690 965 3752 dissolri.
977 3689 1063 3750 llaud

316 3805 454 3868 unquam
476 3790 505 3851 id
531 3788 655 3850 tolerari
677 3792 789 3863 potest,
811 3786 863 3846 sed
888 3782 1064 3862 probandae

316 3894 387 3948 sunt
402 3897 519 3954 causae,
536 3897 615 3960 quae
630 3880 772 3943 concordi
788 3875 840 3941 SS.
852 3877 981 3939 Petrum
995 3891 1066 3937 sen-

318 3979 424 4051 tentia,
449 3976 657 4060 conciliorum
673 3991 705 4035 ac
720 3970 897 4034 Tridentini
917 3967 964 4051 (l)
979 3983 1064 4048 prae·

315 4074 423 4135 sertim
444 4071 655 4133 sanctionibus
669 4075 755 4147 aptae
777 4067 924 4128 iudicatae
939 4069 1013 4126 suut
1028 4065 1062 4124 ad

318 4183 418 4230 nexus
439 4162 675 4227 matrimonialis
696 4159 944 4232 dissolutionem,
973 4172 1063 4235 quae-

316 4277 376 4340 que
406 4267 481 4320 sunt
512 4256 564 4317 vel
595 4255 857 4330 impedimentum
888 4249 1062 4322 dirimens,

316 4353 396 4431 quod
419 4348 618 4411 matrimonio
642 4345 841 4424 praecesserit
862 4357 920 4404 nec
942 4342 1062 4420 dispen-

316 4449 433 4508 satione
456 4443 593 4520 legitima
609 4440 704 4502 luerit
726 4438 909 4510 relaxatum,
926 4434 975 4496 rel
992 4451 1063 4497 con-

316 4528 1062 4614 ditiones,quaeinterdirimentiaimpedimenta

316 4631 470 4692 recenseri
495 4628 593 4688 adhuc
621 4633 766 4704 possunt,
791 4635 931 4700 quaeque
955 4621 987 4680 in
1012 4637 1063 4698 pa-

315 4735 399 4788 ctum
422 4741 438 4784 a
460 4720 644 4795 coniugibus
666 4716 825 4788 deductae,
842 4713 936 4791 ipsius
959 4712 1063 4773 matri-

315 4818 414 4879 monii
429 4813 618 4875 substantiae
634 4815 846 4887 opponuntur,
863 4806 1062 4885 quemadmo-

314 4912 390 4972 dum
411 4923 461 4969 eas
481 4922 560 4985 quae
576 4905 608 4965 iu
624 4901 865 4965 calvinistarum
881 4899 1061 4976 praesertim

314 5001 522 5066 matrimoniis
545 4997 698 5073 interponi
719 4994 820 5055 solere
840 4993 967 5069 plurimi
983 4991 1063 5053 allir·

314 5105 414 5170 mant,
437 5109 496 5172 qua
518 5092 556 5152 de
578 5105 612 5151 re
632 5088 759 5164 egregie
787 5087 909 5148 disserit
933 5086 1062 5146 Benedi-

313 5199 381 5254 ctus
404 5183 486 5251 xlv.
510 5185 542 5246 in
563 5182 684 5244 laudato
707 5194 800 5258 opere
814 5177 852 5240 de
865 5176 985 5256 synodo
1002 5176 1059 5258 (2).

315 5283 423 5361 Neque
437 5280 509 5340 satis
527 5283 684 5356 praeterea
700 5281 779 5334 esset
794 5269 887 5332 unius
901 5271 1062 5332 dumtaxat

316 5375 425 5437 iudicis
445 5370 599 5432 sententia
624 5376 723 5428 totum
745 5365 802 5425 hoc
828 5364 991 5439 negotium
1013 5363 1063 5422 ab

316 5471 448 5530 solvere.
474 5465 519 5526 tta
540 5471 709 5524 memorate
731 5458 817 5520 enim
847 5457 985 5517 eiusdem
1006 5455 1062 5517 Be-

316 5561 431 5624 nedicti
458 5555 538 5621 lllll.
567 5555 791 5617 constitutione
817 5551 978 5611 decretum
1004 5560 1062 5623 est,

317 5662 382 5733 post
404 5652 537 5731 primam
551 5645 738 5710 seutentiam
758 5641 950 5705 matrimonii
970 5641 1063 5703 nulli·

317 5754 411 5808 tatem
433 5745 666 5834 decernentem,
689 5739 726 5800 ab
747 5736 842 5813 ipsius
871 5735 1064 5796 matrimonii

356 5961 384 6018 (t)
401 5963 469 6007 sese.
483 5961 569 6006 xxltl.

422 6088 474 6134 lur.
492 6085 560 6132 Pouet.
576 6083 607 6130 de
624 6083 696 6142 Prop.
713 6081 775 6128 Fide
789 6080 870 6128 Partis
884 6081 901 6125 l.
918 6077 972 6124 vol.
988 6080 1027 6124 tv.

1120 711 1283 776 defensore
1311 717 1570 792 interponendam
1596 733 1662 778 esse
1691 711 1869 795 appellatio-
1962 731 1965 738 ’

1120 803 1207 883 nem,
1230 810 1355 885 quaesi
1383 808 1544 872 deseratur
1564 811 1603 870 ob
1631 809 1795 884 malitiam,
1818 810 1868 871 vel

1122 901 1327 974 oscitantiam,
1351 902 1403 964 vel
1424 901 1627 964 collusionem
1649 901 1829 975 defensoris
1843 903 1868 964 is

1119 993 1173 1071 qui
1194 1010 1233 1056 ex
1254 994 1451 1070 coniugibus,
1468 1010 1532 1058 non
1548 996 1687 1058 absoluto
1707 997 1794 1074 prius
1814 1011 1869 1073 per

1119 1077 1193 1150 duas
1214 1089 1384 1150 sententias
1412 1088 1534 1162 iudicio,
1565 1090 1687 1168 nuptias
1712 1087 1868 1152 celebrare

1119 1198 1211 1244 ausus
1225 1181 1331 1253 fuerit,
1348 1181 1385 1242 iis
1404 1181 1511 1260 poenis
1533 1182 1696 1260 plectatur,
1719 1198 1797 1260 quae
1818 1183 1867 1244 ad·

1119 1291 1229 1338 versus
1250 1291 1312 1348 eos,
1328 1275 1381 1353 qui
1404 1275 1605 1336 matrimonio
1618 1283 1724 1337 contra
1739 1275 1868 1337 interdi-

1119 1375 1205 1431 ctum
1216 1369 1370 1430 Ecclesiae
1381 1367 1581 1443 contrahunt,
1592 1376 1723 1432 statutae
1737 1376 1821 1441 sunt,
1835 1386 1868 1431 ac

1121 1461 1301 1538 praesertim
1316 1477 1332 1522 a
1346 1461 1572 1525 cohabitatione
1585 1461 1712 1524 alterius
1726 1463 1868 1538 coniugis

1119 1563 1295 1632 separetur,
1325 1555 1424 1632 quoad
1457 1571 1555 1632 usque
1586 1555 1682 1617 altera
1714 1556 1867 1616 sententia

1119 1647 1330 1725 praecedentis
1356 1647 1585 1710 confirmatoria
1606 1663 1700 1724 super
1723 1647 1868 1710 nullitate

1119 1739 1312 1802 matrimonii
1329 1741 1532 1802 emanaverit.
1549 1741 1632 1816 Quae
1645 1742 1795 1802 hactenus
1809 1741 1868 1802 dis-

1118 1833 1867 1912 semimus,eopraesertimspectant,ut,cumde

1119 1925 1313 1988 matrimonii
1334 1941 1418 1987 nexu
1440 1924 1635 1988 dissolvendo
1656 1927 1770 2002 agitur,
1787 1932 1867 2006 post·

1118 2019 1220 2080 habita
1236 2018 1437 2096 neglectaque
1446 2018 1603 2081 acatholici
1614 2019 1788 2081 consistorii
1798 2035 1867 2080 sen-

1119 2111 1226 2187 tentia,
1249 2110 1484 2189 qualiscumque
1505 2128 1539 2172 ea
1560 2112 1667 2186 luerit,
1685 2127 1802 2174 novum
1822 2121 1866 2175 at-

1118 2219 1178 2280 que
1199 2204 1360 2280 integrum
1381 2221 1397 2264 a
1419 2205 1571 2266 iudicibus
1585 2205 1794 2268 ecclesiasticis
1807 2206 1868 2268 rite

1117 2294 1269 2358 iudicium
1290 2298 1464 2359 instruatur
1484 2315 1518 2360 ac
1539 2299 1728 2361 conficiatur.

1160 2393 1179 2466 g
1199 2391 1229 2450 5.
1248 2393 1384 2453 Praestat
1400 2405 1484 2452 nunc
1498 2391 1554 2452 alia
1569 2395 1760 2470 perpendere
1775 2409 1866 2470 quae·
1926 2404 1990 2458 outa
2014 2404 2041 2450 tn
2059 2405 2100 2451 urs

1120 2486 1260 2547 stionum
1275 2485 1383 2562 capita,
1400 2499 1477 2561 quae
1494 2485 1554 2545 tuis
1570 2485 1681 2546 litteris
1697 2485 1784 2547 nobis
1798 2501 1867 2562 pro·
1886 2457 2101 2558 ssfflbugaitffi

1119 2577 1259 2654 posuisti.
1283 2575 1452 2652 Quaerebas
1466 2575 1539 2652 quid
1556 2575 1710 2652 agendum
1726 2578 1765 2637 sit
1786 2595 1801 2638 a
1818 2595 1866 2656 pa·
1886 2563 2017 2622 ΨΜ
2032 2565 2072 2612 ⁵¹²·

1119 2671 1221 2732 rochis
1237 2669 1404 2741 catholicis,
1421 2685 1490 2730 curn
1507 2668 1617 2746 aliquis
1632 2685 1671 2730 er
1685 2671 1868 2747 coniugibus

1121 2780 1176 2841 per
1197 2763 1385 2825 sententiam
1407 2761 1581 2836 consistorii
1607 2763 1764 2825 acatholici
1786 2765 1868 2826 solu·

1124 2865 1173 2919 tus
1194 2873 1209 2916 a
1230 2855 1326 2934 priori
1349 2854 1562 2930 matrimonio,
1585 2871 1618 2916 ac
1638 2873 1712 2918 suae
1733 2855 1867 2918 libertati

1120 2950 1297 3022 restitutus,
1313 2949 1338 3010 si
1354 2947 1431 3009 velit
1446 2963 1518 3009 cum
1534 2949 1683 3010 catholico
1698 2956 1751 3010 aut
1766 2945 1878 3012 catho-‘

1121 3043 1177 3105 lica
1199 3043 1331 3116 nubere,
1351 3042 1490 3120 possitne
1510 3041 1660 3120 parochus
1681 3042 1729 3103 his
1751 3045 1868 3121 nuptiis

1123 3137 1263 3198 assistere
1286 3141 1317 3196 et
1339 3135 1589 3197 benedictionem
1618 3135 1789 3213 nuptialem
1811 3137 1868 3198 im-

1122 3230 1243 3309 pertiri,
1273 3229 1355 3307 quod
1382 3229 1428 3290 bis
1456 3235 1612 3289 tentatum
1645 3228 1739 3290 luisse
1760 3229 1793 3290 in
1817 3237 1867 3292 tua

1120 3321 1251 3384 dioecesi
1272 3321 1436 3382 narrabasi
1457 3323 1497 3382 At
1518 3326 1552 3382 tu
1568 3321 1632 3397 ipse
1647 3337 1692 3396 ea,
1708 3338 1768 3399 qua
1783 3338 1868 3401 prae·

1121 3422 1192 3485 stas,
1223 3415 1383 3493 sapientia,
1415 3413 1512 3487 vides,
1541 3413 1728 3476 venerabilis
1757 3414 1865 3492 irater,

1122 3508 1339 3586 grauissimum
1357 3507 1575 3568 commissuros
1589 3507 1700 3581 scelus,
1710 3523 1867 3585 suumque

1120 3617 1243 3662 sacrum
1276 3600 1487 3661 ministerium
1515 3600 1692 3678 prodituros
1722 3616 1788 3662 esse
1816 3617 1868 3662 eos

1121 3695 1281 3772 parochos,
1310 3691 1438 3770 quibas
1464 3692 1588 3769 nuptias
1614 3709 1669 3754 sua
1696 3693 1867 3770 praesentia

1121 3788 1299 3865 probarent,
1314 3801 1430 3863 suaque
1451 3785 1668 3847 benedictione
1689 3786 1865 3848 firmarent:

1121 3880 1330 3958 nequeenim
1354 3879 1423 3940 illae
1453 3879 1582 3956 nuptiae
1609 3879 1756 3940 dicendae
1780 3887 1867 3954 sunt,

1120 3971 1173 4034 sed
1196 3973 1299 4051 potius
1322 3970 1496 4032 adulterina
1517 3970 1682 4032 connubia.
1700 3971 1818 4032 Perstat
1837 3988 1870 4033 e·

1121 4065 1201 4139 nim,
1226 4065 1456 4140 immotumque
1481 4071 1584 4124 manet
1606 4063 1868 4139 impedimentum

1122 4155 1279 4233 ligaminis
1301 4171 1340 4217 eu
1368 4153 1494 4216 vinculo
1523 4155 1634 4232 prioris
1662 4154 1867 4230 matrimonii,

1120 4249 1201 4328 quod
1224 4263 1279 4326 per
1298 4249 1486 4310 sententiam
1508 4246 1667 4308 acatholici
1693 4246 1868 4307 consistorii

1121 4340 1251 4402 relaxari
1265 4356 1299 4401 ac
1312 4337 1438 4402 dissolvi
1450 4353 1514 4398 non
1527 4338 1644 4416 potuit;
1661 4353 1722 4416 quo
1737 4339 1867 4400 durante

1121 4449 1154 4494 ac
1168 4434 1354 4511 persistente
1370 4431 1605 4508 impedimento,
1616 4431 1642 4492 si
1654 4431 1704 4492 vir
1715 4430 1868 4492 loeminae

1119 4527 1339 4602 coniungatur,
1372 4524 1558 4586 adulterium
1591 4532 1647 4585 est.
1677 4523 1869 4601 Quapropter

1120 4620 1267 4681 suavibus
1290 4617 1403 4691 verbis,
1427 4633 1460 4678 ac
1481 4616 1593 4678 blando
1614 4627 1645 4677 et
1670 4617 1783 4677 ellicaci
1804 4631 1867 4676 ser-

1122 4727 1216 4772 mone
1248 4713 1350 4789 potius
1377 4727 1392 4770 a
1422 4709 1551 4786 parocho
1584 4710 1793 4772 adhortandus
1821 4715 1868 4770 est

1121 4805 1236 4866 coniux
1260 4801 1324 4878 ille,
1348 4817 1388 4864 ne
1412 4808 1532 4862 tantum
1554 4799 1674 4862 lacinus
1694 4802 1868 4862 committat

1120 4911 1153 4956 ac
1174 4911 1214 4956 ne
1236 4905 1343 4957 contra
1359 4896 1411 4956 bei
1427 4894 1528 4970 legem
1543 4901 1660 4970 peccet,
1676 4907 1768 4971 quarn
1784 4891 1867 4954 idem

1120 4991 1245 5068 abipso
1270 4992 1379 5052 mundi
1406 4987 1577 5067 primordio
1601 4987 1682 5062 tulit,
1706 4985 1865 5063 iuquiens:

1120 5083 1239 5158 «Quod
1263 5084 1344 5144 Deus
1372 5083 1547 5156 coniunxit,
1576 5081 1670 5140 homo
1698 5092 1762 5139 non
1783 5091 1869 5153 sepa·
1893 5121 1896 5132 .

1121 5187 1215 5237 ret.»
1237 5177 1321 5252 Quod
1344 5176 1369 5237 si
1392 5174 1538 5252 propositi
1566 5181 1657 5234 tenax
1675 5169 1867 5246 morigerum

1119 5286 1152 5330 se
1166 5268 1292 5346 parochi
1312 5267 1438 5330 monitis
1452 5264 1600 5344 praebere
1617 5271 1739 5339 renuat,
1755 5271 1787 5324 et
1803 5271 1869 5325 tur·

1121 5363 1150 5441 pi
1173 5362 1326 5423 adulterio
1348 5376 1419 5422 cum
1441 5360 1573 5436 coniuge
1594 5359 1762 5421 acatholico
1776 5373 1867 5440 copu-

1121 5458 1216 5531 letur,
1231 5457 1333 5534 sitque
1352 5455 1434 5515 aleae
1450 5471 1484 5515 ac
1499 5454 1629 5532 periculi
1643 5453 1784 5533 plenum,
1798 5454 1868 5531 ipsi·

1120 5565 1181 5628 que
1204 5549 1346 5626 religioni
1368 5547 1496 5608 tortasse
1517 5550 1648 5608 noxium
1670 5545 1803 5608 ulterius
1817 5546 1868 5608 ob·

1119 5645 1228 5705 sistere
1254 5652 1286 5703 et
1314 5647 1420 5703 contra
1452 5640 1530 5716 niti;
1558 5640 1650 5702 silere
1676 5639 1814 5718 quidem,
1838 5646 1868 5701 et

1121 5735 1254 5797 tolerare
1276 5743 1339 5797 tam
1354 5736 1493 5796 immane
1506 5732 1624 5795 lacinus
1638 5733 1789 5811 parochus
1803 5740 1869 5810 pot-

1088 5953 1093 6008 ι
1159 5952 1189 6008 (2)
1204 5949 1468 6007 utu.x111.,cep.aa.
