4734 7004
334 515 387 570 Διι.
401 518 431 570 (l.
454 517 521 570 1762
574 519 611 581 72

552 653 663 716 virales
684 668 837 718 annorum
860 665 1018 716 ιιιιιιιιιιιι.
1031 660 1062 716 ει
1085 667 1208 714 ιιιιιιιι.
1226 650 1294 728 qui·

551 751 608 814 hus
629 757 754 813 cautum
776 756 833 824 est,
849 757 884 813 at
905 751 940 812 ad
957 754 1124 829 regendam
1147 755 1230 818 illam
1247 773 1294 820 ec·

551 844 674 906 clesiam
686 843 825 906 catholici
838 845 1026 924 praesbyteri
1038 849 1292 927 adsciscerentur,

551 947 644 1018 atque
662 939 683 1000 ii
700 943 924 1019 tantammodo,
940 943 993 1020 qui
1013 961 1045 1007 se
1064 947 1226 1010 catholicos
1241 947 1294 1009 Pa-

553 1037 701 1099 triarchae
715 1037 905 1116 probassent,
919 1047 954 1102 ut
968 1039 1070 1102 omnis
1084 1040 1292 1103 schismaticae

551 1132 709 1210 pravitatis
720 1132 851 1210 suspicio
866 1141 1092 1196 removeretur.
1110 1133 1290 1196 Huiusmodi

551 1233 654 1287 autem
676 1225 860 1300 sanctiones,
878 1242 955 1303 quae
975 1228 1171 1304 postmodam
1194 1225 1291 1288 homi-

552 1337 628 1382 num
650 1320 801 1398 pravitate
816 1318 1008 1382 labefactatae
1031 1319 1165 1394 inerant,
1180 1319 1292 1382 salubri

550 1413 744 1492 providentia
765 1427 836 1474 cnm
858 1429 947 1490 saepe
968 1413 1051 1488 alias,
1070 1421 1134 1475 tum
1157 1429 1294 1492 praeser-

551 1505 607 1566 tim
629 1517 711 1566 anno
732 1517 875 1565 nncoxx.
893 1509 1058 1566 renovatae
1073 1502 1211 1567 luerunt.
1234 1503 1293 1565 lla-

550 1596 697 1659 niiestum
720 1604 793 1658 tanc
813 1601 843 1658 et
865 1597 1010 1658 omnibus
1029 1606 1140 1659 notam
1162 1597 1293 1659 solemni

550 1691 673 1753 decreto
694 1688 830 1752 Venetus
852 1687 983 1752 Senatus
998 1705 1063 1752 esse
1079 1690 1189 1765 voluit,
1205 1705 1292 1752 men-

551 1791 615 1844 tem
632 1799 666 1844 ac
687 1783 879 1845 voluntatem
893 1797 980 1844 suam
997 1784 1028 1845 in
1044 1783 1072 1844 id
1089 1798 1190 1845 annm
1205 1781 1291 1857 lerri,

551 1882 585 1937 ut
606 1877 666 1938 rite
683 1886 849 1955 sancteque
864 1892 879 1935 a
893 1875 1014 1938 Graecis
1032 1876 1186 1939 coleretur
1200 1877 1291 1950 Deus,

550 1977 584 2030 ut
605 1967 812 2033 custodiretur
834 1967 986 2031 Catholica
1008 1968 1148 2046 Religio,
1171 1969 1293 2048 sibique

549 2062 742 2142 propositum
770 2079 803 2124 ac
831 2068 982 2124 statutum
1004 2061 1109 2138 hrisse,
1132 2079 1235 2125 arcere
1256 2062 1293 2124 ab

550 2155 676 2218 ecclesia
692 2155 724 2218 S.
743 2155 873 2232 Georgei
895 2169 928 2216 ea
944 2156 1058 2231 omnia,
1074 2172 1153 2235 quae
1170 2156 1293 2219 turbare

549 2257 674 2328 possent
694 2255 815 2310 sanctae
837 2247 906 2310 lidei
930 2248 1109 2326 paritatem,
1123 2249 1205 2310 iuxta
1221 2248 1292 2310 Bul·

549 2343 603 2418 las,
619 2358 751 2421 quarum
767 2341 949 2403 auctoritate
965 2341 1089 2403 lundata
1111 2341 1220 2404 luerat.
1244 2343 1292 2403 ln·

470 2439 472 2446 '
550 2437 647 2514 deque
677 2435 792 2496 iactum
821 2433 900 2509 luit,
924 2438 959 2495 ut
986 2443 1106 2496 remoto
1137 2449 1293 2496 sacrorum

549 2529 705 2603 ministro,
729 2535 804 2589 tunc
824 2526 993 2588 schismatis
1015 2527 1194 2607 suspicione
1213 2527 1292 2590 adla-

549 2621 688 2695 borante,
722 2629 920 2699 praeceptum
948 2619 1059 2695 inerit,
1088 2635 1184 2684 novos
1206 2623 1291 2700 eligi,

548 2713 722 2792 praehabita
758 2713 960 2790 inquisitione
994 2728 1050 2791 per
1084 2714 1291 2776 Patriaroham

548 2815 601 2869 ant
618 2805 825 2883 apostaticum
841 2803 998 2868 Nuncium
1013 2807 1048 2868 ad
1061 2807 1290 2884 approbandum

549 2899 652 2973 illam,
675 2900 728 2977 qui
750 2899 918 2960 catholicus
943 2910 1133 2975 censeretur,
1157 2901 1290 2964 vetitum

550 3007 636 3067 vero,
653 3008 692 3054 ne
713 2992 766 3070 qni
789 2994 922 3054 reiectus
945 3000 1036 3068 esset,
1053 2993 1126 3054 alios
1147 3011 1239 3072 quarn
1255 2995 1289 3056 ad

550 3086 694 3147 eumdem
717 3085 922 3147 Patriaroham
944 3086 1097 3164 appellare
1119 3094 1228 3166 posset.

360 3192 532 3241 verrucosus-
589 3178 608 3253 ὅ
629 3177 657 3239 ιι.
682 3179 760 3240 llaec
781 3185 865 3254 sunt,
879 3178 981 3242 dilecti
995 3179 1062 3256 tilii,-
1075 3177 1206 3244 Senatus
1220 3196 1292 3244 con-

319 3259 377 3349 ῗιῗιῗῗ
395 3247 531 3346 ‘iffi'i‘i'rmrari
549 3275 628 3337 sulta
657 3279 773 3346 vestra,
796 3279 983 3351 patrumque
1010 3284 1197 3338 vestrorum.
1229 3276 1291 3339 Gur

319 3356 532 3404 ⁰⁰⁰¹⁰³¹³S·⁰⁰⁰‘·
550 3367 721 3430 secandum
737 3366 788 3428 illa
804 3368 871 3428 deri
886 3382 948 3429 non
966 3367 1141 3445 imperatisl
1156 3367 1217 3432 llos
1229 3384 1291 3432 non

320 3415 533 3512 ιιῗιιιιῗιιὲἧῗιῗῧῗ
552 3460 635 3537 latet,
648 3461 754 3540 plures
768 3470 839 3523 ante
861 3477 957 3523 annos
972 3461 1159 3524 Graecorum
1175 3479 1241 3524 rem
1257 3464 1289 3525 in

318 3529 381 3568 ”²⁰⁸
396 3519 530 3577 ⁸¹⁸⁰'ssfflt'
550 3556 605 3618 ista
623 3554 748 3617 ecclesia
770 3553 980 3634 perturbatam
996 3565 1026 3616 et
1043 3556 1197 3618 inversam
1212 3571 1289 3631 esse,

550 3649 617 3710 eius
632 3647 820 3724 gubernium
842 3648 950 3710 ordine
973 3655 1003 3709 et
1021 3657 1140 3710 rectore
1163 3649 1291 3711 destitu-

549 3750 629 3816 tum,
651 3739 858 3803 schismaticos
887 3739 1073 3816 invaluisse,
1096 3756 1224 3818 gemere
1243 3758 1292 3804 ca·

550 3834 689 3909 tholicos,
712 3841 742 3897 et
770 3833 896 3896 atilictos
926 3833 1033 3896 iacere.
1067 3833 1289 3896 Gravissimum

549 3927 725 3990 huiusmodi
747 3927 864 3989 malum
887 3928 1045 4006 magisque
1067 3928 1098 3988 in
1120 3927 1185 3990 dies
1207 3943 1288 4004 gras·

548 4029 644 4095 satur,
661 4031 702 4097 et,
719 4021 799 4098 quod
823 4035 885 4082 non
907 4022 975 4082 sine
994 4021 1135 4098 lacrymis
1157 4021 1291 4098 cogitare

549 4131 721 4193 possumus,
743 4129 780 4176 eo
800 4114 941 4176 audaciae
966 4123 1154 4192 perventum
1176 4121 1233 4189 est,
1257 4123 1290 4176 ut

549 4209 738 4270 schismatica
762 4205 889 4286 perfidia
920 4208 1045 4270 structis
1072 4206 1216 4284 religioni
1238 4223 1291 4268 ve·

549 4311 629 4366 strae
652 4301 768 4363 insidiis
784 4299 1097 4379 pseudo-episcopum
1117 4299 1216 4361 media
1238 4316 1292 4362 ve-

549 4407 611 4461 stra
633 4395 758 4458 civitate
778 4401 925 4470 statuere,
952 4394 1060 4472 lupum
1083 4395 1115 4456 in
1141 4393 1222 4455 evile
1239 4395 1291 4456 do·

550 4491 700 4553 minicum
723 4489 880 4562 inducere,
896 4487 991 4550 altare
1006 4488 1169 4566 prolanum
1191 4489 1291 4564 erige-

549 4601 595 4662 re,
617 4583 791 4648 cathedram
813 4581 925 4644 erroris
948 4589 978 4642 et
999 4580 1192 4659 pestilentiae
1220 4597 1291 4644 con-

548 4679 688 4752 stituere,
702 4675 816 4740 Christi
831 4674 969 4736 membra
991 4675 1175 4753 discerpere,
1194 4675 1291 4738 nitelis

550 4771 652 4850 populi
685 4770 825 4831 animum
857 4776 887 4830 et
915 4785 1024 4847 carpus
1051 4783 1168 4845 unum,
1200 4769 1291 4848 impia

550 4863 755 4924 aemulatione
771 4861 915 4937 lacerare,
932 4861 1087 4924 moliatur.
1101 4857 1162 4923 Nos
1178 4862 1210 4924 in
1228 4872 1291 4924 tan·

551 4964 581 5018 to
595 4955 759 5018 catholicae
772 4956 842 5017 lidei
857 4955 1035 5016 discrimine
1047 4956 1170 5016 muneri
1186 4963 1292 5017 nostro

549 5048 714 5126 apostolico
735 5052 838 5111 deesse
859 5063 921 5110 non
944 5063 1118 5126 possumus,
1140 5047 1214 5126 quin
1237 5064 1291 5126 pro

550 5159 584 5204 ea
615 5141 698 5204 inter
727 5141 856 5204 Graecos
879 5139 1088 5204 conservanda
1119 5139 1293 5204 retinenda-

552 5251 623 5314 qae,
639 5236 735 5298 vitam
751 5235 846 5314 ipsam
861 5233 1050 5312 profundere
1071 5235 1166 5312 parati
1182 5235 1291 5311 simus,

550 5337 585 5391 ut
600 5329 701 5407 aliquo
717 5327 865 5404 remedio,
882 5328 964 5403 srdei,
979 5329 1061 5390 inter
1079 5329 1150 5390 istos
1165 5327 1292 5390 Graecos

549 5421 747 5501 periclitanti,
763 5422 977 5484 subveniatur.
1001 5420 1133 5483 Resonat
1147 5422 1233 5484 enim
1248 5438 1292 5482 as·

549 5517 637 5578 sidue
652 5515 686 5576 ad
701 5531 791 5578 aures
806 5523 936 5591 nostras,
959 5516 1011 5594 qui
1033 5515 1238 5593 speculatores
1260 5515 1290 5577 in

550 5608 646 5672 Demo
664 5608 754 5670 lsrael
770 5607 929 5670 constituti
947 5624 1066 5683 sumus,
1086 5624 1147 5670 voa
1169 5607 1218 5670 illa
1235 5609 1292 5670 llo·

1075 529 1136 574 tun.
1162 528 1252 574 PONT·
1277 525 1316 572 DE
1338 525 1368 571 P·
1391 525 1420 572 F.
1445 525 1527 572 rans
1549 525 1569 570 Ι.

2122 509 2173 563 An.
2187 515 2214 567 (l.
2235 519 2291 574 1762
2336 481 2337 515 ἒ

1349 645 1489 709 dicentis:
1508 646 1543 710 Si
1556 647 1739 724 speculator
1753 645 1871 708 viderit
1885 645 2030 726 gladians
2044 661 2092 706 ae-

1349 748 1499 815 aieatem,
1517 749 1548 804 et
1563 757 1626 805 aaa
1637 739 1818 803 insonuerit
1835 736 1982 811 baccina,
1996 747 2025 801 at
2041 755 2092 817 pa·

1348 839 1445 919 palas
1467 855 1498 900 se
1519 853 1582 899 aaa
1604 833 1807 902 castadiert't,
1821 835 2005 911 areacrttqaa
2025 837 2092 915 qlo-

1349 935 1434 1005 ditts,
1457 937 1488 994 et
1511 930 1624 994 tulerit
1648 929 1683 991 de
1704 930 1749 990 eis
1771 928 1925 998 animant,
1948 929 2003 992 ille
2024 931 2093 1008 qai·

1349 1027 1417 1090 dara
1440 1027 1476 1088 ia
1503 1022 1680 1102 iniquitate
1704 1037 1765 1085 aaa
1797 1029 1910 1100 captas
1938 1027 1995 1092 cst,
2018 1041 2091 1086 saa-

1349 1121 1478 1201 qaa'aem
1500 1117 1689 1182 catenesiae
1710 1115 1746 1178 de
1767 1131 1866 1180 maara
1880 1119 2092 1194 speculatoris
2157 1190 2166 1210 ι

1350 1217 1523 1294 requiram.

1388 1309 1456 1386 §e
1480 1309 1540 1372 llos
1563 1309 1671 1387 igitur,
1694 1309 1796 1374 dilecti
1820 1311 1886 1387 srlii,
1910 1329 1969 1374 vor
1986 1319 2088 1374 nostra
2149 1327 2251 1390 vanata
2268 1339 2304 1382 ra-

1349 1403 1524 1480 oompellat,
1537 1402 1571 1464 ad
1595 1418 1648 1464 vos
1670 1412 1773 1465 nostra
1795 1405 1989 1466 convertitur
2009 1406 2091 1468 solli·
2108 1377 2223 1478 ἓιῗὲιιῗῖθ
2239 1393 2304 1487 {iffi

1349 1495 1464 1570 citado,
1480 1503 1571 1573 atque
1592 1511 1647 1574 per
1668 1496 1783 1558 viscera
1806 1497 1873 1558 lesu
1895 1497 2020 1574 Christi,
2036 1500 2088 1578 qui
2109 1489 2162 1530 Μ’
2181 1493 2304 1541 ¹¹l1⁰ll¹t

1350 1587 1483 1665 pretioso
1494 1586 1652 1664 Sanguine
1666 1604 1721 1650 suo
1736 1588 1854 1650 animas
1865 1588 2026 1652 hominum
2043 1608 2091 1654 re·
2110 1541 2303 1652 fflirssssffllssffflss

1350 1680 1463 1758 demit,
1486 1681 1579 1742 etiam
1601 1687 1692 1758 atque
1708 1681 1801 1742 etiam
1815 1697 1870 1742 vos
1891 1697 2047 1758 rogamus,
2060 1692 2091 1746 et
2110 1645 2304 1752 ιιιὲῗιιοιιιῖἷᾞιέἶ

1350 1772 1522 1846 hortamur,
1548 1781 1583 1833 at
1609 1773 1758 1848 grassanti
1789 1773 1861 1836 huic
1893 1774 2091 1852 pestilentiali

1350 1866 1459 1928 morbo
1473 1866 1635 1927 obsistatis.
1659 1865 1703 1927 De
1718 1865 1778 1928 dde
1799 1865 1912 1943 agitur,
1926 1866 2026 1946 deque
2041 1867 2091 1929 illa

1348 1958 1498 2020 servanda
1510 1958 1687 2037 incorrupta
1705 1959 1737 2020 in
1760 1959 1815 2020 ista
1833 1968 1933 2021 vestra
1955 1959 2091 2036 civitate,

1350 2051 1379 2113 id
1410 2067 1510 2114 unam
1539 2052 1610 2113 satis
1636 2067 1792 2129 superque
1817 2067 1871 2114 vos
1896 2067 2094 2114 commorere

1350 2152 1381 2206 et
1403 2144 1563 2223 impellere
1591 2145 1692 2220 debet,
1722 2151 1756 2206 ut
1785 2159 1892 2206 ornnes
1917 2145 2039 2224 pietatis
2059 2163 2093 2209 ac

1350 2235 1510 2314 religionis
1541 2244 1661 2299 vestrae
1689 2237 1772 2298 vires
1803 2237 1949 2312 exaratis,
1977 2253 2093 2317 vosque

1351 2330 1430 2408 ipsos
1451 2329 1569 2409 ponatis
1587 2345 1716 2392 murum
1732 2343 1788 2408 pro
1802 2330 1898 2392 Domo
1913 2330 2013 2391 lsrael.
2031 2329 2093 2392 Nos

1350 2438 1472 2502 quoque
1494 2439 1530 2484 ει
1547 2432 1633 2502 parte
1648 2429 1752 2484 nostra
1767 2423 1859 2484 duces
1874 2423 1959 2484 vobis
1974 2423 2093 2485 erimus

1349 2515 1384 2576 ad
1406 2514 1586 2578 bellandum
1609 2514 1725 2577 bellum
1747 2514 1883 2589 Domini,
1900 2522 1931 2576 et
1945 2515 2091 2594 quidquid

1349 2609 1449 2686 operis
1478 2616 1509 2670 et
1530 2608 1636 2672 auxilii
1664 2624 1680 2667 a
1702 2605 1801 2682 nohis,
1824 2607 1875 2670 vel
1897 2609 2090 2684 auctoritate,

1349 2700 1399 2763 vel
1422 2701 1536 2777 studio,
1559 2717 1594 2764 ac
1614 2700 1786 2777 vigilantia,
1805 2699 1940 2762 conferri
1962 2701 2090 2779 poterit,

1348 2795 1520 2857 coniunctis
1551 2795 1711 2857 vobiscum
1739 2793 1849 2856 studiis
1877 2793 1910 2855 in
1938 2793 2016 2855 hanc
2037 2795 2091 2856 Dei

1348 2897 1379 2951 et
1399 2887 1549 2950 Ecclesiae
1570 2903 1691 2950 causam
1714 2886 1910 2948 libentissimi
1933 2887 2092 2965 impende·

1347 2998 1431 3044 mus:
1449 2988 1480 3042 et
1496 2981 1611 3044 interea
1630 2979 1862 3042 benevolentiae
1881 2987 2004 3041 nostrae
2017 2995 2090 3057 erga

1347 3091 1401 3136 vos
1418 3082 1614 3154 vestramque
1628 3073 1860 3151 llempublicam
1877 3075 2003 3150 pignus,
2019 3089 2091 3152 apo-

1348 3168 1487 3230 stolicam
1502 3165 1752 3228 benedictionem
1767 3173 1961 3244 peramanter
1978 3166 2093 3244 imper·

1347 3261 1457 3323 timur.

1387 3355 1498 3416 Datum
1513 3353 1639 3428 Romae,
1651 3353 1731 3431 apud
1748 3351 1779 3415 S.
1793 3352 1918 3414 llariam
1932 3352 2091 3428 llaiorem,

1348 3449 1407 3510 sub
1421 3448 1537 3511 annulo
1557 3447 1727 3522 Piscatoris,
1750 3446 1799 3508 die
1824 3461 1921 3508 ιιιιιι.
1945 3446 2091 3508 lebraarii

1347 3558 1513 3605 ιιιιεειιιιι.
1537 3541 1732 3620 pontificatus
1755 3541 1853 3603 nostri
1871 3554 1954 3603 anna
1980 3556 2021 3600 ιν.

1595 3687 1845 3696 μ-μ-..ῌ

1645 3782 1783 3848 xxvdt.

1352 3917 1507 3994 Quasdam
1521 3919 1708 3982 Cardiaoles
1720 3917 1811 3998 cliqit
1822 3919 2008 3982 visitatores
2023 3917 2093 3981 Col·

1388 4011 1464 4093 legii
1486 4013 1517 4076 S.
1541 4011 1679 4090 Ephrem
1695 4013 1730 4074 dc
1749 4010 1828 4074 Urbe
1848 4029 1904 4090 pra
1929 4011 2093 4074 missinat-

1387 4104 1444 4170 bas
1467 4105 1618 4168 castitati
1640 4121 1713 4168 cam
1738 4105 1958 4188 facoltatibus
1981 4121 2093 4186 appar-

1389 4201 1479 4263 taais
1500 4199 1555 4280 (l).

1348 4385 1519 4455 Venerabili
1547 4387 1640 4455 tratri
1664 4393 1769 4456 nostro
1791 4385 1919 4471 losepho
1943 4385 2093 4471 Episcopo

1388 4481 1505 4548 ostien.
1527 4487 1559 4549 et
1580 4480 1765 4548 lleliternen.
1784 4479 1817 4546 S.
1836 4477 1871 4547 R.
1890 4479 1924 4545 Ε.
1942 4479 2091 4547 cardinali

1388 4570 1513 4659 Spinelli
1549 4578 1729 4660 nuncupato,
1754 4590 1837 4642 saer.
1871 4571 2091 4641 venerabiliora

1388 4665 1446 4733 ef.
1472 4672 1642 4736 nostrorum
1672 4667 1806 4736 eiusdem
1829 4667 1863 4734 S.
1882 4667 1914 4735 ll.
1934 4667 1967 4734 Ε.
1989 4666 2091 4735 cerdi-

1389 4761 1496 4830 naliura
1519 4761 1642 4845 collegit
1665 4761 1870 4842 necunqnec
1892 4779 1949 4829 non
1972 4761 2091 4829 dilectis

1387 4853 2091 4941 tiliisnostrislaaephomarites-Marae-

1387 4951 1474 5019 tatae
1504 4951 1682 5035 presbytero
1711 4950 1845 5032 castelli,
1877 4967 1919 5036 aa
1937 4950 2091 5033 Prospero

1389 5044 1522 5113 diacono
1545 5045 1705 5113 colunnae
1729 5045 1916 5129 nuncuparis,

1537 5190 1722 5260 etfitttids
1743 5191 1803 5260 ΡΡ.
1828 5191 1897 5262 ΧΙΙΙ.

1349 5324 1424 5394 len.
1448 5327 1548 5394 trater
1580 5332 1686 5396 noster
1707 5345 1745 5395 aa
1777 5327 1877 5396 dilecti
1899 5328 1953 5396 ttttt
1984 5331 2089 5408 nostri,

1382 5419 1511 5489 salutern
1533 5425 1565 5487 et
1586 5421 1785 5505 apostolicam
1809 5422 2058 5490 benedictionem.

1388 5610 1521 5673 iniuncti
1546 5610 1633 5672 nobis
1652 5627 1707 5689 per
1727 5611 1948 5674 abundantiam
1968 5602 2096 5674 divinae
2191 5624 2193 5629 ·

551 5702 629 5764 mini
651 5717 705 5780 per
724 5701 906 5781 Prophetam
921 5716 1013 5763 sunm
1028 5702 1247 5764 comminantis
1262 5709 1293 5763 et
1348 5705 1465 5780 gratiae
1485 5704 1642 5782 pastoralis
1663 5703 1753 5766 officii
1769 5705 1941 5768 sollicitudo
1958 5706 2091 5784 postulat

592 5917 621 5976 (ι)
636 5917 674 5962 Ex
687 5915 827 5964 'tabulario
841 5918 865 5962 s.
881 5919 972 5975 congr.
987 5917 1019 5963 de
1033 5919 1106 5976 Prop.
1122 5917 1191 5964 nida.
