4740 6962
1729 583 1786 648 207
1838 579 2026 634 dn.u.1775

89 599 162 654 iau
183 591 243 645 1775
930 607 998 652 rius
1021 607 1069 651 rr.
1095 606 1136 650 vi.

268 718 491 786 venerabilibus
513 721 659 788 iratribus
679 721 837 806 Episcopls
854 721 1007 806 Foparee-
1033 723 1036 775 t

301 813 404 918 aiensi,
437 812 655 920 mociaciensi,
688 814 897 884 Sebidricensi
930 817 1006 883 ritus

302 922 402 990 praem
425 913 508 986 uuiti,

1064 741 1123 786 rec.
1156 725 1337 788 Benedictus
1365 726 1441 803 Papa
1469 725 1564 799 xiv,
1594 724 1705 786 deiude
1731 738 1806 782 vero

1063 827 1231 899 temperata
1260 822 1352 882 etiam
1383 822 1489 882 ieiunii
1512 821 1592 898 lege,
1621 823 1804 882 eorumdem

1062 912 1211 976 festorum
1227 929 1395 977 numerum
1412 931 1471 977 rec.
1484 929 1576 976 inem.
1592 913 1736 977 Clemens
1751 913 1805 974 Pa-

1063 1022 1097 1084 pa
1120 1007 1200 1072 lllll.
1234 1007 1332 1084 magis
1358 1023 1482 1086 quoque
1503 1007 1715 1070 cohibendum
1739 1023 1806 1071 esse

1061 1099 1209 1162 decrerit.
1232 1101 1377 1174 Quocirca
1401 1115 1455 1180 pei·
1475 1117 1545 1162 suas
1567 1102 1678 1178 cuique
1693 1101 1807 1162 eadr-

1062 1192 1259 1272 eliiepiscopis
1273 1201 1305 1256 et
1320 1195 1476 1272 Episcopis
1497 1195 1677 1256 earumdem
1699 1194 1805 1256 eivita-

1063 1295 1130 1348 tum
1151 1287 1300 1349 insimili
1322 1288 1419 1350 loriua
1433 1287 1538 1350 Brevis
1559 1286 1716 1366 expeditas
1738 1286 1806 1350 lite-

1062 1397 1128 1457 ras,
1157 1381 1230 1458 ipiid
1252 1380 1289 1443 ab
1320 1380 1391 1458 ipsis
1418 1381 1619 1443 statuendum
1646 1397 1804 1458 exequen-

1061 1473 1198 1552 ilnniqne
1228 1482 1392 1553 propterea
1423 1481 1519 1548 esset,
1553 1475 1633 1535 idem
1661 1475 1805 1537 Clemens

1061 1569 1275 1644 praedecessor
1297 1567 1454 1630 uberrime
1481 1567 1634 1644 patefecit,
1662 1584 1719 1630 nec
1741 1585 1804 1630 nou

1062 1677 1170 1722 omnes
1192 1661 1266 1736 dies,
1291 1661 1456 1738 inquibus
1482 1661 1570 1722 firma
1599 1662 1698 1723 ailliiic
1719 1678 1805 1739 prae-

1060 1752 1139 1830 cepti
1168 1753 1314 1830 obligatio
1342 1753 1506 1816 retinentia
1533 1753 1629 1829 loiet,
1662 1753 1806 1816 distincte

1061 1849 1269 1910 enumeravit.

1101 1939 1169 2014 ,εἰ
1205 1941 1281 2003 Cum
1313 1948 1416 2004 autem
1448 1959 1511 2004 non
1544 1958 1604 2005 una
1636 1942 1804 2020 eademque
1824 1950 2038 2058 agifffiffi'effi

513 1091 599 1161 rius
623 1094 684 1161 ΡΡ.
710 1094 757 1162 vi.

454 1281 654 1351 venerabiies
675 1284 803 1362 iratres,

295 1377 476 1444 salutemet
499 1377 694 1460 apostolicam
722 1378 970 1446 benedictionem.

34 1571 37 1654 [
97 1581 231 1630 inanium.
301 1567 369 1644 gl.
393 1565 522 1632 Assueto
550 1578 696 1647 paternae
721 1568 854 1632 caritatis
882 1569 1004 1644 edoctu,

34 1665 35 1680 ¹
264 1679 322 1740 uuo
342 1662 471 1724 Romani
496 1663 658 1724 Poiitisices
682 1663 930 1740 praedecessores
952 1679 1006 1724 no-

262 1754 316 1816 stri
339 1755 595 1818 christifidelium
621 1755 765 1822 omnium
794 1755 1006 1834 spiritualibus

262 1848 353 1910 siinul
374 1866 406 1910 ac
431 1849 653 1927 temporalibus
680 1849 911 1911 necessitatibus
933 1864 1005 1910 con-

262 1939 360 2004 sulere
380 1957 503 2019 semper
523 1941 724 2016 studuerunt,
740 1942 804 2002 dies
825 1959 948 2020 quoque
964 1943 1005 2003 le-

262 2041 322 2095 stos
342 2035 376 2096 ad
399 2049 505 2112 preces
526 2033 699 2096 carissimae
722 2034 754 2095 in
777 2034 900 2096 Cbristo
922 2034 1004 2096 filiae
1061 2033 1210 2096 iesturum
1225 2035 1480 2097 celebrandorum
1500 2036 1576 2097 ratio
1592 2036 1674 2097 iiitei·
1695 2036 1804 2098 latinos
1823 2055 1979 2110 nungariaa
1990 2067 2037 2119 pro

262 2136 384 2189 nostrae
404 2128 513 2190 Mariae
537 2125 700 2187 'llieiesiae
722 2126 897 2202 ilungariae
924 2127 1003 2203 regi·
1060 2129 1162 2203 vigeat
1183 2147 1216 2189 ac
1238 2144 1360 2203 graecos
1386 2129 1464 2190 ritus
1487 2130 1582 2206 iiiiiti;
1605 2131 1677 2192 liinc
1697 2128 1803 2192 eadem

263 2237 318 2283 nae
338 2219 519 2298 apostolicae
547 2228 577 2281 et
600 2219 766 2282 Bobemiae
789 2220 915 2296 reginae
935 2221 1003 2282 illu·

261 2314 331 2376 stris
352 2313 382 2375 iii
404 2329 607 2374 romanorum
637 2312 863 2390 imperatricem
889 2312 1004 2374 electae
1029 2240 1033 2375 ἱ

263 2408 371 2470 viduae
392 2409 425 2470 iii
454 2407 629 2468 civitatibus
658 2413 688 2468 et
717 2405 907 2468 dioecesibus
937 2407 1003 2468 eius
1029 2386 1032 2485 l
1058 2406 1151 2468 lectos
1168 2407 1295 2484 populos
1309 2408 1460 2484 singulari
1480 2409 1593 2486 studio,

1824 2109 1965 2155 obtinenda
1988 2121 2037 2155 ini-

1823 2163 1968 2208 miuutlone
1998 2163 2037 2208 le-

1060 2221 1213 2282 carissima
1229 2222 1261 2282 iii
1278 2223 1401 2284 Christo
1417 2224 1478 2284 lilia
1493 2232 1596 2286 nostra
1609 2241 1663 2302 pro
1678 2223 1802 2299 eximia,
1823 2217 2037 2316 gffiioaifi‘i’uschrrg'

1058 2329 1118 2390 qua
1134 2313 1239 2392 pollet,
1257 2315 1380 2392 pietate,
1397 2324 1428 2376 et
1450 2333 1522 2392 erga
1538 2333 1646 2378 oiiiiies
1660 2317 1717 2378 sibi
1732 2318 1803 2379 sub·
1823 2322 2037 2433 'i'ssiiiuigffl'effl

1610 2427 1702 2473 eniie
1717 2427 1733 2472 a
1749 2427 1804 2472 uo·
1824 2431 1909 2477 ritum.

261 2501 398 2563 dominio
429 2498 573 2562 subiectis
601 2499 738 2577 primum
767 2498 927 2560 imminuit
948 2498 999 2560 iel.
1029 2488 1032 2564 1

261 2757 352 2801 rituali
373 2757 440 2801 bono
463 2755 548 2810 mergis
570 2755 693 2811 expedire
715 2755 875 2811 putabimus.
899 2759 1002 2802 interea

261 2835 319 2868 iero
332 2823 548 2868 fraternitatibus
563 2823 666 2876 vestris,
680 2833 711 2868 ac
724 2823 816 2868 ovibus
827 2823 1000 2869 sollicitudini

261 2895 361 2936 restrae
376 2890 534 2936 concreditis
543 2889 715 2946 apostolicam
727 2890 934 2936 benedictionem
946 2901 1001 2947 pei·-

259 2961 379 3004 amanter
393 2958 572 3014 impertimur.

297 3029 391 3070 Datum
410 3027 517 3077 Romae,
530 3023 599 3080 apud
619 3025 642 3067 S.
658 3025 774 3078 Petrum,
790 3023 838 3068 sub
852 3025 950 3069 annulo
965 3023 1002 3068 Pi-

260 3091 367 3138 scatoris
382 3091 424 3136 die
438 3101 494 3135 viii.
505 3089 596 3146 aprilis
608 3100 768 3144 nocentium,
779 3089 948 3146 pontificatus
958 3103 1001 3137 uo·

260 3160 307 3205 stri
320 3171 390 3206 anuo
404 3169 421 3203 r.

260 3433 428 3482 liiipcrmrict
437 3431 624 3474 Buritanorum
634 3432 734 3480 petenti
744 3432 774 3471 ut
785 3431 919 3481 Epiiscopis
931 3438 1003 3480 prac-

296 3501 319 3540 σί
334 3499 447 3540 riurein
469 3492 613 3546 luniparia*
633 3499 657 3539 et
680 3493 870 3539 recensitarum
889 3499 1004 3540 (iuridici-

295 3568 411 3616 protectas
422 3565 604 3607 iuiintiiueudi
613 3565 668 3606 dier
677 3565 755 3612 testas
766 3566 795 3604 tia
802 3565 926 3614 propriu
936 3565 1003 3606 dioe-

296 3635 397 3676 cesibus
408 3634 493 3683 proiit
508 3633 620 3682 pinuque
632 3641 728 3673 eorum
737 3633 864 3681 carpatur
871 3633 999 3681 piritusset.

297 3702 446 3750 respondet,
463 3700 490 3741 ut
504 3701 645 3742 itinerarius
658 3707 675 3740 a
690 3700 790 3748 caprilis
804 3707 821 3739 a
836 3699 898 3740 Seru
913 3701 999 3748 apost

296 3769 425 3810 bactensis
440 3767 561 3807 scructts.
577 3765 677 3806 illorum
692 3767 782 3806 tarpeii
797 3767 836 3806 itit
849 3774 951 3814 prieris.
970 3767 1003 3806 bt·

297 3845 347 3877 rias
361 3837 397 3876 uit
409 3843 469 3876 euin
491 3834 570 3875 uiittit
591 3833 749 3882 itpiostoticua·
767 3833 865 3878 literas,
883 3841 1002 3882 picarum

296 3904 424 3944 obiectum
442 3901 571 3951 propone
590 3901 727 3948 seductiles
745 3899 876 3943 imbiberat.
893 3907 1004 3948 rurisque

297 3971 373 4019 rorat
393 3971 423 4009 iit
440 3967 584 4018 posti-eiius
599 3968 707 4007 teritum
724 3967 828 4011 artatur,
843 3968 1002 4016 permitteris

297 4039 386 4078 torneia
403 4037 439 4082 ut,
451 4037 475 4076 st
489 4035 516 4076 id
531 4033 712 4075 arscessat-irim
727 4033 885 4080 centaurea-tt.
896 4034 1003 4082 prtinus·

297 4103 426 4146 adhibeat.

518 4235 587 4278 PIUS
606 4235 685 4276 Para
703 4234 742 4278 VI.

382 4373 528 4416 o'artistiua
542 4373 572 4412 tlt
588 4369 690 4414 curtato
704 4370 761 4422 fllia
775 4371 877 4414 anostra.

343 4441 460 4483 salutem
473 4440 497 4480 et
510 4437 684 4488 apostoticam
703 4436 914 4478 reiterationem.

296 4573 449 4629 accepimus
458 4571 552 4616 literas
562 4568 721 4625 apostolieae
731 4568 879 4614 maiestatis
890 4572 951 4614 tuae
961 4567 1003 4613 die

256 4653 291 4686 ix.
306 4639 399 4686 martii
413 4639 444 4684 ad
462 4651 508 4684 nos
521 4637 606 4691 datas,
620 4636 648 4681 in
662 4635 758 4692 quibus
767 4635 908 4692 diligenter
919 4635 1002 4680 nobis·

255 4720 315 4754 cum
324 4709 384 4764 agis
393 4708 425 4752 de
435 4705 622 4751 imminutione
632 4705 759 4749 festorum
769 4703 872 4748 diei-nin
884 4703 1001 4748 iacienda

256 4787 302 4832 pro
316 4775 406 4832 graeci
420 4774 490 4818 ritus
504 4770 629 4826 ecclesiis,
644 4781 711 4827 ‘luae
726 4769 753 4815 in
771 4777 816 4816 tuo
826 4774 888 4816 suut
898 4774 1002 4826 ilunga-

257 4842 311 4888 riae
320 4852 410 4897 regno,
418 4851 465 4897 pro
472 4838 657 4896 anoiasieusi
667 4837 805 4892 nimirum,
814 4837 1003 4882 Muncacsiensi

256 4913 284 4954 et
297 4907 471 4953 salonicensi.
486 4909 550 4952 liam
565 4906 636 4950 enlin
650 4905 753 4950 dierum
768 4905 896 4950 festorum
907 4905 1001 4961 legem,

257 4987 324 5034 quae
344 4986 392 5032 per
412 4975 453 5020 iel.
477 4986 528 5019 rec.
549 4972 781 5030 praedecessorum
805 4975 926 5017 nostrum
948 4971 1002 5016 Cle-

258 5045 373 5088 mentem
389 5045 461 5096 ΚΝ,
477 5047 501 5086 te
516 5043 630 5098 petente,
645 5050 693 5096 pro
707 5049 849 5094 regnorum
860 5049 890 5084 ac
900 5039 1002 5094 proriu-

257 5111 359 5156 ciarum
375 5113 483 5155 tuarum
497 5105 616 5153 ecclesiis
630 5110 670 5152 est
685 5107 838 5160 constituta,
853 5105 958 5160 inillis,
973 5106 1002 5150 li-

258 5181 298 5222 cet
313 5177 404 5222 unitae
421 5167 485 5221 'cum
506 5175 598 5221 latinis
613 5175 675 5229 sint,
690 5174 778 5230 graeci
797 5175 866 5219 ritus
885 5173 1002 5218 ecclesiis

258 5243 424 5302 promulgari
437 5253 487 5288 non
503 5243 619 5299 potuisse
630 5241 732 5296 scribis,
742 5252 802 5286 cuin
813 5241 882 5298 apud
893 5253 938 5287 eas
948 5242 1001 5287 alia

258 5312 426 5358 infestorum
442 5311 640 5355 retinendorum
655 5310 758 5354 delectu
774 5309 843 5354 ratio
858 5309 952 5355 haberi
962 5310 1003 5356 de·

298 5451 398 5504 ltaque,
412 5457 472 5491 cum
493 5445 590 5490 ibidem
612 5445 693 5490 etiarn
709 5457 740 5490 ex
756 5447 882 5490 festorum
897 5445 1001 5491 dierum

259 5514 332 5572 eopia
352 5513 467 5559 existere
488 5513 604 5570 plurima
624 5513 789 5558 incommoda
808 5517 888 5568 atque
902 5513 1002 5558 abusus

259 5583 356 5638 videas,
370 5593 418 5627 nec
432 5581 542 5638 proinde
563 5580 681 5626 remedia
694 5591 751 5624 esse
766 5579 918 5636 differenda,
933 5591 1003 5625 cum·

260 5662 309 5708 que
323 5661 355 5696 ea
367 5652 445 5695 caute
459 5648 607 5694 adhibenda
620 5659 761 5704 cognoscas
782 5658 841 5692 cuni
857 5647 910 5692 illis
926 5659 1003 5704 popu-

260 5719 301 5772 lis,
321 5716 366 5776 qui
382 5717 416 5762 ad
437 5716 607 5762 deserendam
629 5727 689 5760 cuin
710 5715 802 5762 latinis
825 5715 948 5761 unionem
970 5715 1003 5760 ob

260 5785 489 5832 schismaticorum
504 5783 728 5840 propinquitatem
743 5783 872 5840 proclives
883 5785 953 5838 sunt,
963 5795 1003 5827 ve·

259 5853 396 5898 hementei·
417 5849 485 5908 petis
499 5861 515 5896 a
529 5849 613 5903 nobis,
631 5849 771 5896 carissima
785 5851 812 5894 iu
827 5850 934 5896 Christo
948 5849 1002 5896 tilia

261 5921 359 5975 nostra,
375 5921 407 5963 ut
424 5917 458 5963 iis
481 5917 563 5963 trium
585 5915 755 5963 eeclesiarum
774 5917 915 5973 episeopis,
937 5929 1002 5974 ques

261 5987 335 6032 unice
356 5985 444 6042 graeci
466 5983 535 6030 ritus
556 5983 676 6029 homines
694 5983 807 6030 audiunt
826 5987 852 6028 et
868 5987 1002 6041 verentur,

1059 2499 1103 2560 bis
1125 2499 1268 2578 postulat,
1282 2509 1316 2563 ut
1333 2502 1567 2565 necessitatibus
1583 2521 1708 2582 quoque
1719 2521 1806 2581 grae-

1056 2757 1215 2802 eoncedatur
1230 2769 1276 2814 per
1291 2769 1338 2804 nos
1359 2759 1469 2804 facultas
1491 2757 1595 2802 dierum
1616 2759 1743 2802 festorum
1760 2770 1804 2803 nu-

1057 2835 1160 2870 merum
1175 2826 1206 2870 eii
1221 2827 1325 2872 ratione
1339 2827 1514 2881 diminuendi,
1528 2838 1608 2883 quiam
1628 2827 1655 2870 iii
1670 2827 1718 2871 sud
1733 2826 1803 2882 quis·

1056 2903 1105 2948 que
1120 2892 1232 2938 dioecesi
1248 2905 1294 2950 pro
1315 2905 1404 2938 rerum
1425 2899 1498 2939 statu
1513 2897 1539 2938 et
1554 2893 1703 2940 conditione
1719 2894 1804 2949 magis

1057 2970 1202 3015 congruam
1216 2963 1243 3005 et
1257 2964 1432 3018 opportunum
1448 2974 1504 3006 esse
1518 2961 1660 3006 cciisiierit.
1677 2963 1727 3005 Nos
1742 2972 1805 3005 sane

1057 3037 1087 3072 eo
1102 3028 1251 3082 excepimus
1265 3029 1355 3074 animo
1370 3029 1437 3074 lianc
1447 3031 1521 3074 tuam
1532 3027 1747 3085 postulationem,
1758 3027 1803 3084 qni

1058 3095 1173 3140 inaxiine
1188 3099 1213 3140 et
1228 3095 1436 3152 singularique
1456 3107 1519 3152 erga
1541 3095 1706 3141 Maiestatem
1730 3099 1803 3140 tuam

1057 3171 1158 3215 suiuus,
1172 3164 1298 3218 paternae
1312 3162 1419 3208 caritati
1434 3164 1460 3206 et
1474 3161 1640 3207 certissimae
1653 3164 1759 3207 nosti-ae
1773 3162 1804 3206 de

1057 3227 1103 3273 tud
1119 3229 1248 3286 sapientia
1269 3241 1299 3274 ac
1321 3229 1450 3286 religione
1471 3229 1587 3286 opinioni
1609 3231 1649 3274 est
1670 3232 1805 3274 consenta-

1058 3305 1130 3340 neus.
1147 3297 1203 3341 Etsi
1217 3307 1285 3342 nora
1298 3307 1329 3342 ea
1344 3295 1418 3342 nobis
1434 3294 1488 3342 risa
1503 3297 1538 3341 sit
1553 3297 1630 3350 ratio,
1643 3307 1674 3342 ac
1687 3308 1703 3342 a
1718 3307 1804 3342 serra·

1058 3361 1092 3408 tis
1107 3363 1235 3408 hactenus
1249 3364 1282 3408 ab
1296 3363 1445 3421 Apostolicai
1459 3364 1523 3408 Sede
1537 3363 1638 3420 regulis
1653 3365 1679 3408 ei
1695 3375 1745 3409 usu
1754 3365 1804 3409 dis·

1057 3429 1183 3485 sentiens,
1198 3433 1228 3474 ut
1243 3432 1298 3475 tam
1312 3430 1431 3486 amplum
1447 3429 1509 3474 ullis
1524 3428 1657 3486 ltpiscopis
1670 3429 1696 3473 in
1707 3441 1736 3474 re
1748 3432 1802 3476 tum

1057 3497 1133 3554 gravi
1153 3497 1340 3542 concederetur
1361 3495 1496 3542 statuendi
1516 3495 1572 3541 sine
1592 3496 1699 3552 praevia
1718 3497 1804 3552 cogni-

1057 3563 1128 3608 tione
1143 3563 1234 3608 nostrai
1252 3562 1406 3616 arbitrium,
1422 3565 1519 3614 tamen,
1535 3573 1566 3606 ue
1582 3562 1714 3608 voluntati
1729 3565 1800 3618 tuae,

1056 3631 1099 3676 eui
1114 3630 1259 3688 plurimum
1275 3641 1290 3676 a
1305 3629 1380 3676 nobis
1395 3630 1491 3674 merito
1504 3629 1674 3674 deserendum
1685 3633 1803 3675 essesta-

1057 3697 1167 3750 tuimus,
1182 3698 1208 3742 iii
1224 3699 1272 3742 tioc
1286 3697 1371 3742 nostri
1385 3697 1555 3752 pontificatus
1575 3695 1653 3741 initio
1666 3695 1802 3742 adversari

1057 3765 1202 3818 videamur,
1221 3765 1287 3810 duas
1307 3765 1401 3809 damus
1415 3764 1447 3808 ad
1464 3763 1523 3808 illos
1543 3762 1632 3819 graeci
1654 3763 1723 3807 ritus
1745 3762 1801 3818 lipi-

1057 3844 1146 3890 scopos
1167 3832 1268 3888 literas,
1290 3831 1389 3889 primas
1410 3841 1441 3875 eo
1458 3835 1550 3875 tenore
1571 3829 1800 3886 perscripsissem

1057 3907 1119 3946 tuae
1140 3899 1312 3956 postulationi
1334 3897 1488 3954 respondet;
1510 3908 1541 3942 eo
1555 3909 1617 3942 vero
1631 3898 1741 3951 alteras,
1756 3897 1801 3952 qui

1057 3967 1220 4026 apostolicae
1234 3967 1308 4012 sedis
1322 3965 1423 4022 regulis
1433 3969 1459 4009 et
1469 3963 1654 4009 consuetudini
1663 3964 1800 4019 congruit:

1057 4035 1153 4093 quibus
1174 4045 1218 4079 eos
1238 4045 1312 4078 venii.
1328 4034 1424 4078 iratres
1446 4032 1585 4089 Episcopos
1607 4033 1756 4085 liortmnur,
1773 4033 1802 4076 ut

1056 4103 1161 4159 qualem
1175 4113 1239 4146 suae
1259 4101 1371 4158 quisque
1385 4099 1497 4145 dioecesi
1511 4098 1726 4155 opportuniorem
1742 4109 1799 4143 esse

1056 4168 1252 4214 imminutionis
1274 4168 1402 4212 festorum
1426 4167 1558 4212 rationein
1583 4165 1748 4218 existiment,
1769 4166 1803 4210 ad

1058 4247 1105 4281 nos
1119 4235 1261 4292 diligenter
1282 4235 1455 4291 perscribant,
1471 4237 1502 4278 iit
1520 4233 1639 4278 eamdem
1654 4243 1685 4276 ex
1701 4230 1803 4288 pontill-

1056 4304 1097 4349 eio
1110 4303 1208 4348 iudicio
1226 4305 1317 4348 nostro
1331 4305 1357 4346 et
1372 4301 1515 4358 apostolica
1536 4299 1697 4346 auctoritate
1716 4310 1802 4344 conse·

1057 4371 1102 4428 qui
1116 4371 1229 4416 redeant¹
1245 4372 1375 4425 utrasque
1390 4368 1437 4414 lias
1451 4368 1545 4412 literas
1559 4367 1592 4413 ad
1607 4365 1803 4412 tetransinitti·

1058 4449 1125 4492 mus,
1139 4437 1278 4482 carissima
1294 4435 1349 4482 illia
1364 4439 1455 4480 nostra
1469 4435 1495 4479 iii
1506 4434 1623 4479 Christo:
1639 4435 1717 4490 teque
1729 4433 1804 4479 velie·

1058 4509 1162 4550 menter
1175 4514 1310 4560 rogamus,
1324 4507 1354 4547 ut
1369 4503 1440 4548 liisce
1454 4500 1547 4548 alteris
1562 4501 1602 4546 uti
1618 4500 1690 4555 velis,
1705 4501 1803 4557 tuaque

1057 4573 1131 4629 regia
1151 4571 1312 4618 auctoritate
1333 4569 1434 4615 edicere
1454 4553 1586 4627 utssquem
1607 4571 1739 4625 optamus,
1754 4569 1805 4614 exi-

1057 4649 1114 4685 tum
1128 4639 1284 4685 sortiantur.
1296 4638 1378 4684 llabes
1388 4649 1450 4682 vero
1460 4637 1560 4694 primas
1569 4646 1615 4681 eas
1624 4636 1718 4681 literas
1728 4647 1803 4691 quas,

1057 4708 1080 4752 si
1095 4717 1199 4751 necesse
1209 4716 1266 4750 esse
1275 4705 1436 4762 cognoveris,
1447 4703 1566 4750 exhiberi
1577 4703 1666 4758 iacias,
1676 4705 1756 4760 atque
1765 4702 1804 4749 ita

1057 4773 1201 4831 exequendi
1210 4772 1313 4817 consilii
1324 4771 1363 4816 tui
1373 4771 1563 4824 difficultatem.
1575 4771 1598 4816 si
1608 4781 1688 4827 quain
1698 4781 1746 4826 pro
1757 4773 1803 4815 tua

1057 4841 1185 4898 regnandi
1201 4837 1379 4894 intelligentie
1392 4837 1538 4884 extiturum
1549 4843 1622 4883 certo
1632 4837 1802 4894 praevideris,

1057 4917 1179 4954 amovere
1200 4907 1249 4952 liae
1270 4906 1361 4950 nostrai
1382 4905 1548 4950 concessione
1570 4904 1660 4962 possis.
1681 4905 1802 4960 amplam

1057 4975 1154 5020 ibidem
1170 4973 1303 5030 Episcopis
1319 4983 1365 5030 pro
1380 4972 1539 5016 dioecesium
1553 4971 1703 5016 conditione
1719 4971 1804 5016 immi·

1057 5042 1222 5087 nuendorum
1238 5040 1366 5085 festorum
1382 5042 1538 5095 potestatem
1554 5039 1660 5092 damus;
1672 5037 1725 5083 nisi
1735 5039 1803 5096 quod

1057 5121 1088 5156 eu
1102 5107 1287 5156 tautummodo
1302 5109 1368 5152 testa
1389 5106 1539 5162 excipimus.
1555 5117 1622 5162 quae
1637 5106 1712 5151 nullo
1727 5106 1804 5150 modo

1058 5177 1116 5222 tolli
1130 5179 1210 5233 atque
1223 5174 1324 5220 aboleri
1343 5185 1418 5230 posse
1434 5177 1461 5218 tu
1477 5173 1534 5230 ipsa
1548 5184 1596 5230 pro
1611 5172 1658 5217 tua
1672 5171 1803 5228 religione

1057 5243 1132 5290 facile
1147 5241 1282 5298 intelligis.
1299 5244 1335 5285 lix
1351 5241 1392 5285 bis
1407 5241 1529 5286 omnibus
1548 5243 1669 5285 constare
1685 5239 1734 5284 tibi
1748 5251 1804 5296 pei·-

1057 5312 1145 5369 spicue
1166 5313 1264 5366 potest,
1285 5308 1424 5354 carissima
1444 5307 1470 5350 iii
1493 5307 1598 5352 christo
1619 5307 1676 5352 illia
1698 5311 1800 5362 nostra,

1057 5377 1187 5435 quamde
1209 5375 1347 5432 sapientiai,
1368 5375 1399 5419 de
1420 5374 1526 5431 pietate,
1547 5373 1631 5429 deque
1650 5377 1697 5418 tuo
1712 5373 1739 5418 iu
1757 5385 1803 5419 nos

1057 5448 1083 5490 et
1098 5445 1273 5501 apostolicam
1297 5442 1388 5486 Seduni
1404 5441 1492 5486 studio
1512 5440 1634 5485 fiduciam
1650 5440 1803 5496 habeamus,

1057 5521 1190 5570 quamque
1205 5511 1238 5556 iis
1258 5511 1346 5566 rebus,
1361 5520 1429 5566 quae
1444 5508 1477 5554 ad
1491 5511 1517 5553 te
1532 5510 1631 5563 tuaque
1653 5517 1736 5563 regna
1749 5519 1805 5563 pei·-

1057 5579 1153 5634 tineut,
1173 5578 1280 5635 perinde
1295 5589 1325 5622 ae
1340 5576 1437 5622 uostris
1458 5575 1545 5620 allecti
1566 5575 1657 5619 simus.
1679 5577 1748 5618 Hanc
1763 5585 1804 5630 pa·

1057 5651 1149 5692 ternae
1163 5647 1190 5690 in
1206 5650 1231 5690 te
1245 5655 1365 5691 summae
1376 5643 1520 5690 voluntatis
1531 5640 1735 5688 declarationem
1747 5651 1804 5686 cou-

1058 5715 1196 5759 iirmamus
1207 5713 1351 5770 apostoliea
1362 5711 1550 5764 benedictione,
1560 5719 1639 5766 quain
1651 5707 1740 5763 regiae
1751 5717 1804 5753 ma-

1058 5781 1148 5828 iestati
1170 5783 1231 5826 tuae
1250 5780 1283 5825 ad
1297 5779 1357 5823 ieliii
1377 5779 1459 5824 etiam
1481 5787 1571 5822 rerum
1592 5774 1803 5832 peragendarum

1057 5849 1206 5907 auspicium
1222 5847 1406 5894 amantissime
1420 5845 1598 5904 impertimur.

1097 5919 1191 5963 Datum
1207 5918 1304 5960 Romae
1325 5915 1394 5972 apud
1415 5917 1438 5958 S.
1454 5916 1562 5958 Petrum
1581 5911 1622 5956 die
1637 5921 1693 5955 viii.
1709 5910 1803 5966 aprilis

1057 5995 1217 6042 uoccuxiiv„
1232 5981 1401 6038 pontificatus
1416 5979 1502 6026 nostri
1515 5991 1585 6026 anno
1600 5991 1617 6025 i.
