4750 6980
345 561 398 617 An.
412 564 443 619 0.
464 563 531 620 1801

583 562 643 626 tto

564 706 594 762 at
608 714 686 777 guae
701 697 735 760 ad
751 697 836 761 illam
853 698 1035 762 firmandam
1048 705 1079 758 et
1094 695 1311 760 communien-

563 791 760 870 damnique
787 791 824 853 ab
848 791 991 854 abusibus
1013 798 1044 852 et
1069 787 1263 865 corruptelis,
1285 785 1309 846 si

562 900 642 961 quae
661 885 857 962 irrepserint,
876 883 1103 964 repurgandam
1125 881 1158 944 in
1181 879 1312 944 Domino

562 975 665 1038 visum
686 976 783 1039 luerit
804 976 961 1056 expedire,
983 976 1071 1038 nobis
1086 983 1117 1038 et
1131 973 1311 1038 successori·

564 1070 620 1132 bus
639 1069 753 1132 nostris
774 1068 1006 1148 praescribenda
1027 1085 1060 1131 ao
1081 1066 1243 1130 sancienda
1264 1081 1311 1130 re·

562 1179 733 1226 servamus.

1089 575 1153 624 lt'll·
1178 575 1269 621 PON'l'·
1293 575 1334 620 ott
1355 574 1384 619 P.
1407 573 1436 620 F·
1461 574 1544 620 PARS
1565 573 1586 618 1.

1387 689 1558 758 Venerabili
1580 690 1668 758 tratri
1692 689 1928 773 llrohlepiaoopo
1945 686 2091 766 Panormi,

1577 789 1609 853 el
1632 783 1743 852 Montis
1766 780 1899 866 Regalis,

1618 967 1704 1036 etos
1728 969 1788 1037 ΡΡ.
1812 969 1870 1036 vlt.

1579 1158 1770 1226 venerahilis
1790 1157 1900 1238 trater,

351 1259 474 1308 clausura
487 1259 545 1306 suo
603 1257 880 1331 §abominantes
892 1257 944 1319 bas
956 1257 1077 1318 easdem
1090 1253 1311 1335 praesenteslr
1399 1253 1527 1321 salutem
1550 1259 1581 1320 el
1605 1253 1803 1338 apostolicam
1830 1251 2079 1320 benedictionem

332 1313 387 1360 lata
408 1319 434 1360 et
455 1313 544 1360 dacre-

331 1371 387 1414 tum
405 1367 516 1414 irritans.

344 2003 479 2064 Derogalto
487 2013 545 2051 coil·

332 2055 477 2103 italiorum.

565 1359 644 1414 teras
661 1366 784 1430 semper
795 1351 910 1426 firmas,
923 1350 1036 1411 validas
1051 1357 1081 1411 et
1093 1350 1231 1410 efficaces
1247 1348 1310 1410 lore

563 1451 594 1506 et
621 1459 698 1518 esse,
721 1460 855 1522 suosque
876 1443 1028 1522 plenarios
1057 1451 1087 1504 et
1110 1443 1247 1518 integros
1268 1441 1311 1502 ei-

563 1535 661 1600 lectus
675 1537 777 1599 sortiri
794 1545 825 1599 et
847 1536 988 1598 obtinere
1002 1537 1162 1612 deberent
1180 1536 1251 1611 illis,
1274 1536 1310 1597 ad

563 1645 640 1708 quos
661 1636 777 1708 spectat
802 1636 833 1691 et
857 1645 912 1707 pro
935 1637 1074 1706 tompore
1095 1628 1285 1708 spectabit,
1278 1644 1310 1689 m

562 1721 708 1784 omnibus
732 1727 765 1783 et
788 1737 843 1800 per
866 1722 970 1784 omnia
996 1722 1173 1800 plenissime
1203 1721 1311 1782 sullra-

564 1815 628 1890 gari
651 1823 681 1876 et
706 1816 808 1878 abeis
835 1817 1006 1895 respective
1034 1814 1231 1878 inviolabiter
1259 1815 1311 1877 ob-

562 1909 690 1974 servari.
749 1975 752 1980 ,

603 2006 622 2080 ἓ
643 2004 671 2067 7.
696 2005 765 2068 Non
786 2005 978 2068 obstantibus
1000 2005 1249 2085 quibuscumque
1263 2023 1312 2068 or·

564 2101 772 2164 dinationibus
802 2108 833 2162 et
865 2100 1138 2164 constitutionibus
1169 2100 1310 2179 apostoli-

563 2195 618 2269 cis,
647 2195 768 2256 statutis
798 2201 829 2256 et
857 2195 1153 2271 consuetudinibus3
1187 2193 1311 2272 privile·

564 2289 622 2365 giis
643 2303 768 2368 quoque
782 2297 813 2350 et
835 2287 964 2350 indultis
979 2293 1009 2349 et
1026 2286 1123 2349 literis
1138 2288 1311 2365 apostolicis

563 2381 596 2443 in
618 2381 811 2444 contrarium
823 2381 1064 2460 praemissorum
1079 2380 1311 2459 quomodolibet

563 2475 724 2550 concessis,
747 2475 936 2537 confirmatis
958 2480 990 2536 et
1013 2474 1180 2549 innovatis,
1196 2491 1229 2536 ac
1251 2474 1311 2536 illis

563 2569 747 2646 praesertim
775 2568 944 2631 Clementis
967 2567 1021 2630 ΡΡ.
1053 2568 1133 2631 xlv.
1162 2567 1308 2647 insipien.

564 2660 720 2723 Dominus
742 2661 990 2739 achedemptm·
1010 2663 1195 2725 subannulo
1217 2663 1311 2741 pisca·

565 2753 637 2816 toris
658 2753 809 2830 expeditis
830 2754 879 2816 die
902 2770 969 2817 xxv.
995 2755 1062 2818 iulii
1091 2770 1308 2828 uoccoxxnr,

563 2845 595 2908 in
618 2845 654 2907 iis
676 2847 845 2919 dumtaxat,
862 2863 939 2925 quae
962 2848 1176 2924 praesentibus
1197 2848 1310 2910 nostris

562 2939 715 3001 contraria
735 2947 810 3001 sunt
824 2948 855 3001 et
871 2954 925 3018 pro
947 2941 1074 3003 domino
1097 2941 1217 3021 imperii
1234 2941 1310 3002 llus-

562 3031 634 3095 siaci
657 3038 788 3095 tantum.
819 3033 934 3107 Quibus
952 3034 1098 3096 omnibus
1123 3042 1153 3096 et
1179 3035 1310 3112 singulis

563 3125 691 3188 illorum
720 3133 863 3187 tenorem
891 3127 1103 3204 praesentibus
1132 3143 1187 3206 pro
1219 3127 1310 3206 plene

563 3224 596 3280 et
615 3217 804 3280 sufficienter
825 3219 989 3297 expressis,
1005 3226 1036 3280 et
1057 3221 1094 3282 ad
1116 3221 1247 3282 verbnm
1264 3224 1309 3282 in-

562 3311 653 3374 sertis
663 3311 823 3388 babentes,
839 3311 900 3375 illis
912 3312 984 3374 alias
999 3313 1031 3374 in
1043 3329 1099 3375 suo
1116 3314 1226 3375 robore
1242 3329 1310 3392 per-

564 3403 729 3480 mansuris,
756 3407 791 3467 ad
814 3405 1055 3484 praemissorum
1077 3405 1222 3468 ellectum
1243 3413 1309 3470 tan-

563 3504 634 3561 tum
663 3497 835 3575 specialiter
867 3506 897 3560 et
930 3514 1074 3578 expresse
1104 3500 1308 3578 derogamus,

562 3591 752 3671 caeterisque
773 3592 934 3654 contrariis
954 3593 1213 3672 quibuscumque.

343 3685 546 3748 rossemagnus
604 3685 622 3760 ἓ
643 3684 672 3746 8.
687 3683 839 3746 volumus
850 3691 968 3760 autem,
982 3693 1017 3747 ut
1031 3685 1212 3748 earumdem
1224 3703 1311 3765 prae·

331 3743 508 3797 transumptis.

561 3778 701 3841 sentium
720 3777 883 3842 literarum
905 3780 1107 3856 transumptis
1127 3797 1184 3843 seu
1206 3797 1310 3843 exem·

562 3873 620 3951 plis
634 3873 728 3934 etiam
738 3871 907 3950 impressis,
921 3879 951 3934 et
968 3888 1062 3935 manu
1077 3873 1209 3937 alicuius
1223 3883 1309 3938 nota·

561 3965 600 4026 rii
628 3963 743 4043 publici
769 3964 960 4042 subscriptis,
983 3982 1016 4027 ac
1036 3966 1138 4043 sigillo
1160 3983 1309 4046 personae

561 4057 593 4118 in
621 4055 822 4120 ecclesiastica
849 4057 1002 4133 dignitate
1029 4060 1216 4124 constitutae
1242 4079 1310 4126 mu·

563 4150 647 4225 nilis,
664 4149 770 4212 eadem
785 4163 911 4226 prorsus
932 4151 1006 4213 ddes
1028 4151 1059 4212 in
1082 4153 1195 4216 iudicio
1211 4165 1242 4220 et
1257 4173 1308 4219 ex·

562 4249 608 4304 tra
630 4243 709 4305 illud
729 4242 920 4318 adhibeatur,
943 4244 1115 4324 quaeipsis
1137 4251 1308 4325 praesenti-

562 4337 619 4398 bus
647 4333 856 4411 adhiberetur,
885 4336 910 4396 si
940 4335 1044 4399 lorent
1075 4339 1229 4402 exhibitae
1258 4344 1309 4406 vel

562 4435 713 4490 ostensae.

602 4521 714 4582 Datum
744 4519 869 4594 Romae,
900 4521 979 4598 apud
1012 4521 1044 4584 S.
1063 4523 1189 4586 llariam
1217 4526 1308 4588 illaia-

561 4628 629 4676 rem
644 4612 701 4676 sub
722 4612 838 4674 annulo
859 4612 1030 4690 Piscatoris,
1047 4616 1096 4678 die
1112 4633 1189 4680 xvvr.
1208 4621 1310 4683 martii

563 4723 709 4784 noceor,
730 4707 928 4785 pontificatus
950 4709 1047 4770 nostri
1068 4726 1150 4772 anno
1172 4729 1194 4774 1.

919 5087 955 5150 ll.

563 5277 710 5339 luatuuto
731 5277 979 5358 comprecatioce
1003 5275 1033 5338 S.
1052 5277 1195 5356 Philippi
1218 5279 1309 5342 illarii

602 5371 708 5448 praeci
731 5372 819 5432 ritus
848 5371 995 5432 dioecesis
1025 5371 1143 5436 Montis
1166 5369 1307 5451 Regalis,

602 5463 793 5542 [cecitatem
816 5464 958 5526 concedit
973 5464 1141 5542 supplendi
1163 5464 1233 5526 eitra
1248 5480 1308 5526 nc·

602 5573 724 5619 merum
746 5573 785 5621 eo
808 5555 923 5619 latinis
948 5557 1155 5635 presbyteris,
1185 5559 1241 5636 qui
1262 5560 1307 5620 ri-

603 5659 672 5715 tum
693 5668 844 5729 praecum
876 5653 910 5714 io
940 5651 1089 5715 optatibus
1115 5669 1150 5714 co
1179 5652 1215 5713 iot
1236 5667 1308 5712 rou·

601 5744 787 5825 propudiosa
815 5743 1021 5808 monentibus
1051 5744 1182 5808 debcant
1203 5747 1304 5824 sequi,

602 5836 747 5916 quaudiu
776 5837 887 5914 inopia
914 5837 1039 5915 quidem
1061 5839 1125 5900 erit
1150 5835 1307 5916 presbytc-

603 5947 716 5994 rorum
736 5930 845 6012 praeci
868 5931 966 5992 ritus.

1406 1443 1475 1520 gl.
1499 1443 1681 1521 Expositum
1708 1459 1808 1522 nuper
1839 1441 1927 1504 nobis
1949 1441 2007 1503 luit
2036 1439 2112 1502 dile·
2132 1445 2358 1547 cuhro-vitiore-

1365 1546 1487 1602 clorum
1520 1539 1656 1603 liliorum
1687 1538 1796 1620 presby
1793 1546 1942 1600 tororum
1970 1510 2164 1608 nomine,cu
2166 1509 2200 1546 ω’

1367 1635 1419 1712 qui
1442 1635 1473 1696 in
1496 1634 1643 1720 oppidulo
1668 1633 1816 1698 dioecesis
1842 1630 1956 1694 bloutis
1977 1629 2111 1705 Regalis,

1367 1728 1448 1804 quod
1470 1728 1507 1788 ab
1527 1726 1682 1803 indigenis
1703 1726 1810 1789 Piooo
1831 1723 2015 1804 appellatur,
2039 1739 2113 1784 con·

1367 1821 1580 1897 gregationem
1603 1819 1732 1884 Oratorii
1756 1818 1858 1883 Sancti
1879 1817 2011 1896 Philippi
2027 1815 2112 1878 Nerii

1368 1921 1578 1994 nuncupatam
1591 1914 1786 1976 constituunt
1796 1913 1875 1975 ritus
1887 1912 2011 1990 quidem
2026 1927 2114 1988 grae·

1367 2010 1406 2081 ci,
1429 2016 1458 2069 at
1480 2007 1628 2070 caelibem
1650 2005 1747 2068 vitam
1768 2013 1907 2083 agentes,
1929 2021 1961 2067 se
1982 2007 2016 2068 ad
2039 2021 2113 2083 pau-

1366 2117 1475 2164 corum
1498 2115 1667 2162 numerum
1682 2099 1819 2161 redactos
1833 2115 1898 2162 esse
1912 2115 2024 2176 magna
2040 2115 2112 2161 cum

1368 2196 1480 2258 iactura
1499 2210 1632 2256 suorum
1647 2193 1892 2273 oppidanorum
1910 2195 2111 2272 nequeenim

1366 2287 1478 2349 seiam
1507 2287 1648 2350 sufficere
1672 2289 1707 2349 ad
1735 2287 1875 2364 ingentia
1903 2303 1997 2349 onera
2018 2289 2111 2350 susti-

1367 2383 1478 2456 nenda,
1501 2381 1657 2460 quaesibi
1679 2379 1796 2443 luerint
1818 2381 1972 2460 imposita,
1991 2396 2063 2444 cum
2082 2389 2114 2445 et

1365 2474 1469 2536 adesse
1490 2475 1633 2550 aegrotis,
1646 2491 1679 2536 ac
1694 2473 1875 2552 praesertim
1896 2475 1988 2542 morti
2011 2475 2113 2554 proxi·

1367 2567 1436 2640 mis,
1453 2574 1483 2628 et
1504 2567 1634 2642 collegio
1655 2566 1827 2644 virginum,
1846 2583 1924 2645 quae
1944 2567 2063 2645 puellas
2077 2570 2113 2631 ad

1366 2663 1459 2724 bonas
1481 2669 1560 2722 artes
1583 2677 1748 2739 moresque
1772 2660 1944 2723 informant
1965 2677 2004 2723 cx
2027 2663 2114 2724 insti·

1366 2762 1435 2818 tuto
1457 2755 1555 2816 bonae
1570 2755 1739 2816 memoriae
1754 2753 1915 2818 Corradini
1932 2753 2112 2830 Cardinalis,

1366 2847 1490 2910 fidelem
1520 2848 1665 2925 praebere
1690 2863 1826 2924 operam,
1853 2855 1884 2910 et
1912 2847 2113 2912 iuventutem

1365 2941 1491 3003 erudire
1512 2957 1545 3004 ac
1573 2939 1670 3002 literis
1691 2947 1722 3002 et
1750 2939 1865 3018 pietate
1887 2941 2027 3004 imbuere
2047 2959 2113 3004 sus·

1365 3034 1520 3110 ceperint;
1544 3034 1674 3096 delicere
1694 3040 1799 3095 autem
1821 3049 1947 3111 prorsus
1968 3051 1983 3094 a
2006 3049 2112 3113 graeca

1365 3125 1525 3205 disciplina
1546 3125 1742 3204 presbyteros
1762 3125 1829 3186 sine
1851 3143 1959 3203 uxore,
1982 3144 2057 3206 quos
2079 3129 2112 3192 in

1364 3235 1456 3284 soum
1478 3218 1720 3281 contubernium
1745 3217 1926 3296 adsciscant3
1948 3235 2059 3297 rogare
2079 3240 2112 3284 se

1366 3312 1477 3375 idcirco
1500 3327 1689 3390 magnopere
1704 3317 1734 3374 et
1749 3328 1848 3388 orare,
1864 3315 1989 3376 veniam
2005 3323 2038 3378 ut
2053 3317 2111 3380 sihi

1365 3408 1486 3482 domne,
1512 3421 1600 3468 suam
1631 3421 1758 3484 parvam
1787 3421 1917 3469 manum
1938 3425 1977 3470 ex
2008 3410 2111 3474 latinis

1367 3499 1554 3578 presbyteris
1583 3499 1731 3577 suppleri,
1754 3499 1808 3577 qui
1835 3507 1939 3562 tamen
1961 3505 2109 3581 quamdiu

1366 3593 1443 3671 apud
1464 3609 1497 3654 se
1517 3591 1648 3668 luerint,
1664 3593 1822 3669 eumdem,
1838 3608 1933 3672 qoem
1955 3596 2010 3676 ipsi
2026 3612 2110 3674 grae-

1365 3701 1437 3748 cum
1458 3687 1554 3748 ritum
1583 3686 1749 3748 observent
1771 3687 1803 3748 in
1831 3688 1937 3750 divino
1964 3691 2110 3754 sacrificio

1365 3781 1550 3857 peragendo,
1566 3787 1659 3857 atque
1673 3780 1705 3841 in
1721 3779 1786 3841 aliis
1800 3780 1893 3842 sacris
1908 3782 2025 3858 olbciis,
2044 3791 2110 3847 tum

1365 3873 1397 3935 in
1413 3873 1730 3952 quadragesimarum
1755 3878 1785 3934 et
1811 3881 2005 3937 caeterorum
2035 3877 2111 3940 ieiu-

1365 3966 1491 4029 niorum
1521 3966 1660 4040 ratione,
1694 3971 1761 4027 tum
1793 3965 1826 4027 in
1858 3967 1987 4046 reliquis
2017 3970 2110 4034 rebus

1364 4061 1510 4124 omnibus
1532 4059 1611 4122 nihil
1640 4077 1655 4122 a
1684 4075 1716 4122 se
1742 4061 1833 4140 plane
1853 4061 2041 4140 discrepent:
2069 4064 2110 4126 ita

1364 4170 1420 4216 nos
1443 4168 1591 4230 magnum
1618 4153 1833 4216 adiumentum
1859 4153 2004 4220 allaturos
2030 4157 2111 4234 chri·

1362 4248 1461 4309 stiano
1490 4247 1576 4324 gregi
1606 4247 1680 4308 satis
1708 4247 1821 4327 amplo,
1843 4247 1896 4325 qui
1918 4248 1949 4308 in
1976 4263 2011 4309 ea
2038 4265 2111 4312 con·

1364 4341 1542 4417 gregatione
1559 4339 1750 4418 praeclarum
1765 4355 1888 4418 semper
1902 4339 2046 4404 solatium
2062 4359 2111 4405 re-

1363 4434 1453 4514 perit

1403 4527 1471 4602 52.
1495 4527 1556 4590 Nos
1578 4529 1675 4606 igitur
1697 4529 1828 4592 istorum
1854 4531 2109 4610 presbyterorum
2130 4551 2230 4650 arogis?
2243 4560 2324 4597 eones

1365 4619 1483 4683 inducti
1503 4623 1656 4698 precihus,
1673 4639 1844 4702 eorumque
1858 4625 2026 4701 singulosa
2042 4629 2109 4706 qui·

1365 4713 1470 4775 busvis
1504 4715 1833 4778 excommunicationis
1864 4722 1896 4779 et
1930 4717 2109 4798 interdicti,

1365 4807 1492 4885 aliisque
1524 4807 1733 4870 ecclesiasticis
1760 4811 1918 4886 censuris,
1941 4815 2109 4878 sententiis

1366 4909 1396 4963 et
1425 4901 1530 4980 poenis
1551 4902 1660 4979 quovis
1682 4903 1825 4966 modoet
1854 4921 2049 4986 quacumque
2071 4911 2110 4973 de

1365 5010 1453 5057 causa
1475 4994 1553 5070 latis,
1569 4995 1594 5056 si
1612 5011 1686 5074 quas
1701 4995 1780 5058 lorte
1801 4997 2002 5077 incurrerint,
2015 5002 2109 5065 huius

1366 5095 1488 5150 tantum
1510 5089 1554 5150 rei
1577 5089 1673 5165 gratia
1688 5089 1881 5153 absolventes
1902 5100 1934 5154 et
1954 5093 2109 5158 absolutos

1365 5182 1430 5244 lore
1452 5191 1624 5258 censentes,
1636 5181 1822 5246 fraternitati
1845 5193 1914 5246 tuae
1928 5201 1985 5263 per
2006 5187 2058 5249 bas
2074 5188 2110 5250 li·

1366 5281 1445 5335 teras
1467 5276 1692 5338 committimus
1713 5284 1744 5338 et
1767 5277 1958 5355 mandamus,
1979 5287 2013 5342 ut
2035 5279 2108 5359 illis,

1365 5369 1447 5449 quod
1468 5369 1636 5446 postulant,
1649 5368 1804 5448 siquidem
1818 5386 1890 5432 vera
1906 5389 1971 5434 esse
1987 5383 2109 5436 narrata

1364 5462 1563 5540 compereris,
1581 5469 1677 5540 tuque
1699 5462 1731 5522 in
1750 5463 1880 5526 Domino
1902 5467 2047 5544 expedire
2062 5467 2111 5530 iu·

1364 5555 1522 5632 (licaveris,
1546 5557 1644 5633 quoad
1673 5555 1772 5633 inopia
1796 5564 1877 5618 tanta
1902 5561 1961 5622 erit
1983 5561 2109 5641 presby·

1365 5659 1503 5712 terarum
1521 5650 1621 5726 graeci
1642 5649 1720 5710 ritus
1740 5648 1894 5712 caelibum
1913 5653 1966 5730 qui
1982 5653 2044 5716 illis
2058 5671 2110 5733 ag-

1363 5750 1547 5820 gregentur,
1559 5743 1739 5805 auctoritate
1758 5750 1863 5805 nostra
1877 5745 2038 5822 apostolica
2052 5763 2109 5825 pro

1362 5837 1492 5898 arbitrio
1513 5844 1545 5898 et
1565 5835 1751 5898 conscientia
1774 5841 1826 5898 tua
1847 5837 1993 5900 concedas
2009 5846 2040 5901 et
2061 5839 2110 5904 in-

1362 5930 1498 6009 dulgeas.

2045 601 2050 610 .
2144 551 2203 608 An.
2216 554 2246 608 (i.
2267 554 2325 608 1801
2356 558 2357 626 l
