4734 7004
78 599 116 648 in.
126 593 152 644 0.
170 587 231 640 1762

262 719 477 780 contentiones
489 718 615 797 quidem
628 717 791 796 Apostolus
805 714 933 794 patitur,
949 729 1004 791 pro

260 812 373 875 summi
400 812 597 890 pontificatus
625 813 725 874 officio
751 811 896 874 duximus
919 815 1004 870 tanto

261 903 340 968 malo
362 904 561 968 validioribus
584 905 727 968 remediis
753 903 935 983 quantocius
956 918 1004 964 oc·

259 998 461 1060 currendum.
494 998 534 1059 tta
559 1014 633 1060 vero
665 997 785 1060 cautius
806 997 839 1058 in
866 1011 899 1058 ra
928 995 1005 1056 tanti

260 1090 411 1154 momenti
442 1090 691 1169 procederemus,
725 1089 1005 1166 congregationem

260 1183 479 1263 particularem
501 1182 730 1245 nonnullorum
753 1183 783 1246 S.
794 1182 829 1242 R.
842 1181 878 1242 ll.
901 1180 1005 1244 cardi·

261 1276 399 1352 natium,
430 1275 485 1354 qui
513 1275 650 1352 negociis
678 1273 892 1354 Propagandae
922 1271 1006 1338 Fidei

261 1369 426 1448 praepositi
448 1377 534 1444 sunt,
557 1370 591 1430 ad
614 1384 682 1430 rem
705 1376 800 1430 totam
828 1366 1006 1428 examinan-

259 1463 329 1524 dam
350 1462 555 1523 instituimus.
583 1461 639 1535 Qui
662 1461 788 1540 quidem
811 1474 939 1521 examen
963 1457 1006 1518 di·

259 1555 395 1632 ligenter
416 1555 563 1632 aggressi,
587 1554 686 1632 primo
705 1553 835 1615 dubium
849 1550 937 1612 illud:
955 1549 1005 1610 An

258 1650 406 1727 potnerit
427 1647 502 1726 eligi
526 1647 561 1709 in
578 1646 836 1709 Conservatorem
858 1645 1007 1722 superior·

261 1743 425 1824 repuleris
454 1740 690 1818 temporarias,-
710 1755 765 1818 pro
790 1739 836 1800 rei
857 1737 1007 1814 gravitate

259 1838 393 1900 minime
413 1851 562 1899 censuere
589 1835 694 1896 stetim
715 1850 749 1895 ac
770 1833 912 1910 protinus
934 1831 1007 1892 deh-

259 1936 426 2009 niendum,
448 1933 512 2010 sed,
537 1937 693 1994 reservato
711 1929 853 1990 examine
874 1944 907 1990 ac
928 1925 1007 1988 deci-

257 2033 346 2094 sione
368 2032 520 2096 eiusmodi
542 2031 638 2106 dubii,
661 2033 882 2093 internectere
905 2045 1007 2107 prore

258 2130 332 2190 nati
360 2129 572 2202 decimarent,
595 2127 785 2189 inhaerendo
812 2125 1007 2188 constitutio·

258 2222 354 2284 nibus
375 2222 548 2300 apostolicis
570 2229 600 2284 et
621 2221 751 2282 decretis
772 2221 843 2282 alias
865 2219 964 2281 editis:

302 2333 358 2378 cr.
381 2317 465 2391 Quod
493 2315 642 2391 denegata
669 2314 867 2390 regularibus,
893 2313 943 2374 vel
965 2311 1008 2374 di-

259 2430 277 2470 s
294 2411 354 2472 lata
376 2409 503 2472 facultas
523 2407 696 2486 excipiendi
711 2406 930 2481 confessiones,
946 2406 1008 2468 sul·

257 2529 275 2566 s
295 2508 403 2570 ficiens
424 2523 512 2569 causa
529 2521 590 2567 non
607 2503 701 2567 luerit
716 2505 849 2581 eligendi
861 2505 919 2565 sihi
931 2504 1009 2566 con·

258 2609 495 2663 »servatorem

302 2712 322 2754 >
337 2709 372 2754 11.
395 2691 479 2768 Quod
496 2693 626 2769 proinde
640 2692 693 2769 qui
717 2689 806 2752 illum
823 2692 856 2752 ee
871 2691 907 2752 de
921 2689 1008 2752 causa

256 2806 276 2846 a
295 2788 450 2864 elegerint
477 2786 753 2860 conservatorem,
777 2786 808 2846 in
830 2799 1009 2845 excommu-

256 2880 484 2941 »nicationem
514 2877 681 2940 inciderint
703 2879 737 2938 ad
768 2877 899 2938 formam
932 2873 1006 2954 Cap.

257 2973 385 3052 »final
410 2973 445 3033 dc
466 2971 516 3052 off.
540 2979 569 3034 et
590 2974 703 3050 potest.
722 2971 791 3032 iad.
816 2969 911 3049 dalaq.
924 2969 959 3031 in
973 2973 1006 3041 6,

257 3089 274 3126 e
294 3065 454 3145 speciatim
465 3066 640 3128 confirmati
655 3066 688 3126 in
704 3064 925 3126 constitutione
937 3063 1009 3126 Gre-

257 3161 375 3238 »gorii
398 3159 479 3234 XV,
495 3174 573 3236 quae
595 3159 703 3236 incipit
724 3157 967 3220 Sanctissimae.

302 3269 385 3314 extr.
408 3252 492 3326 Quod
509 3252 625 3314 electus
640 3251 818 3313 huiusmodi
841 3249 1011 3314 conserva:

255 3367 275 3406 a
297 3355 359 3422 tor,
374 3346 431 3408 sub
445 3346 541 3424 poena
560 3345 771 3422 suspensionis
786 3361 802 3404 a
816 3343 930 3406 divinis
947 3345 1010 3420 ipso

255 3461 275 3501 s
298 3441 377 3502 lacto
392 3439 619 3513 incurrendae
636 3437 868 3500 conservatoris
883 3437 1011 3498 nomine

255 3555 274 3592 »
295 3542 328 3596 et
339 3533 438 3596 officio
452 3532 582 3594 omnino
596 3532 750 3594 abstinere
761 3548 793 3592 se
805 3530 925 3606 debeat,
942 3529 1012 3593 nul·

255 3649 274 3688 a
295 3629 334 3690 lis
355 3645 388 3689 ac
410 3627 527 3688 nullius
549 3625 662 3686 valoris
684 3625 844 3687 declaratis
865 3623 1011 3686 omnihus

256 3744 275 3784 a
296 3723 358 3784 hnc
380 3737 477 3799 usque
492 3720 529 3781 ab
545 3736 581 3780 co
602 3719 688 3792 actis,
704 3726 736 3780 et
754 3717 898 3795 deinceps
910 3717 1011 3778 lorsan

256 3837 275 3876 s
297 3815 435 3892 agendis.

305 3926 378 3970 exv.
404 3908 536 3968 Domum
560 3906 641 3983 quod
664 3903 802 3980 graviter
823 3912 1012 3966 moneamur

257 4023 276 4060 s
299 4002 457 4080 regulares
479 4015 598 4074 omnes,
612 4007 646 4060 ut
670 3999 701 4059 ln
724 4006 894 4075 posterum,
912 4013 1012 4059 remo-

257 4117 275 4156 s
299 4098 336 4158 lis
348 4095 482 4175 partium
495 4091 605 4156 studiis
619 4101 650 4152 et
662 4091 777 4170 proprii
793 4090 915 4153 Ordinis
930 4105 1012 4152 com-

257 4211 276 4250 »
299 4188 408 4263 modis,
431 4187 467 4248 ad
492 4186 668 4248 animarum
696 4184 828 4246 salutem
850 4184 943 4246 unice
965 4184 1012 4245 in-

256 4303 276 4344 »
297 4282 442 4360 vigilent,
455 4297 494 4342 ne
518 4279 641 4340 tandem
657 4277 750 4340 Sedes
766 4277 950 4355 Apostolica,
968 4284 1012 4340 tot

257 4399 276 4436 s
299 4377 521 4455 cpiscoporum
532 4371 686 4453 quaerelis
701 4370 837 4448 fatigata,
851 4370 1012 4449 privilegia

258 4489 278 4530 »
301 4470 377 4531 olim
389 4468 584 4545 regularibus
596 4480 736 4529 concessa
752 4479 806 4544 pro
818 4464 1011 4525 incremento

260 4583 280 4623 s
300 4563 497 4636 missionum,
514 4575 654 4639 quaeque
675 4575 760 4620 nnnc
781 4555 817 4618 ad
833 4555 1011 4618 earumdem

258 4679 278 4718 e
299 4655 470 4737 perniciem
502 4661 627 4716 uertere
657 4659 845 4725 cernuntur,
868 4666 1013 4713 revocare

259 4772 279 4811 s
298 4756 438 4827 cogatur.
456 4753 558 4824 Atque
573 4747 609 4809 ad
626 4747 708 4808 hunc
719 4745 877 4820 ellectum,
890 4760 930 4805 ne
945 4745 1013 4823 quis

261 4866 281 4904 o
298 4862 366 4906 esse
387 4843 481 4923 possit
502 4839 699 4917 ignorantiae
721 4838 817 4912 locus,
834 4838 1013 4901 huiusmodi

267 4961 284 4998 e
302 4940 500 5002 decretorum
515 4932 674 5012 exemplar
687 4931 898 5008 superioribus
920 4945 1014 5007 gene·

262 5030 414 5093 »ralibus
435 5027 605 5106 respective
634 5025 810 5097 intimetur,
834 5032 868 5084 ut
890 5038 1013 5086 eorum·

264 5143 282 5184 e
299 5126 373 5186 dem
394 5121 624 5185 observantiam
647 5125 677 5180 el
701 5117 946 5195 exequutionem
966 5133 1014 5178 so-

267 5217 387 5278 »licite
407 5225 559 5278 curent.»

76 5313 248 5413 a,⁸{2¹,⁰,¹}{¹,3”¹,¹,‘{
307 5314 327 5389 ἓ
348 5311 377 5371 3.
401 5309 484 5384 Quae
508 5307 636 5386 quidem
657 5305 775 5379 omnia,
792 5321 889 5382 quum
913 5312 1016 5367 essent

77 5379 247 5484 {taunasim-
267 5423 282 5466 a
306 5404 395 5467 nohis
416 5401 599 5464 auctoritate
630 5398 795 5477 apostolice
823 5399 1014 5473 confirmata,

76 5475 249 5584 ὶίᾖῃξᾎῖἳῃᾞξὶζ
268 5500 326 5561 hoc
349 5506 451 5559 tamen
476 5494 622 5572 temporis
643 5493 808 5555 intervallo
828 5493 860 5554 in
882 5493 1016 5570 regioni·

76 5583 190 5626 'mmmm
205 5583 249 5628 ³b·
268 5594 327 5656 bus
348 5590 421 5652 adeo
443 5588 556 5652 dissitis
577 5587 800 5661 discordiarum
817 5593 848 5648 et
862 5586 1016 5650 scandalo·

76 5633 147 5686 asilus,
161 5645 247 5680 novum

76 5687 250 5781 pssgttuprann.
269 5701 341 5749 rum
362 5684 543 5747 incendium
566 5698 623 5744 nec
646 5681 799 5757 restingui
821 5695 878 5742 nec
900 5689 1017 5759 tempe-

75 5749 251 5842 .irifar}⁰i¹ie'r⁰a'-
270 5780 329 5841 rari
348 5778 462 5856 potuit,
479 5777 540 5837 imo
555 5775 656 5837 multo
671 5776 765 5836 etiam
780 5775 877 5850 magis
892 5769 1017 5836 acutum

76 5849 113 5888 ¹⁰³²
269 5881 299 5934 et
321 5873 483 5934 dilatatum
506 5877 563 5944 est,
579 5871 653 5930 adeo
676 5873 711 5929 ut
732 5883 840 5943 graves
861 5867 1017 5944 querimo-

272 5966 341 6028 niae
352 5963 389 6026 ad
402 5980 458 6027 nos
468 5977 565 6041 usque
575 5960 789 6040 pervenerint,
802 5967 913 6037 negata
924 5953 1018 6024 etiam'

915 595 1056 640 CLEHENS
1081 595 1149 640 xllx.

1748 576 1786 639 75
1837 571 1890 624 An.
1904 573 1935 626 0.
1956 569 2024 622 lece

1061 710 1154 775 luisse
1170 714 1202 775 in
1214 729 1338 776 summo
1352 715 1433 778 vitae
1445 715 1622 778 discrimine
1635 729 1807 777 sacramen·

1062 813 1090 866 la
1112 807 1272 869 nonnullis
1293 823 1416 884 eorum,
1433 809 1486 886 qui
1508 808 1616 870 iudicis
1638 809 1806 872 conserva·

1063 900 1136 961 toris
1158 900 1270 962 iudicio
1292 905 1322 962 et
1345 901 1484 964 censuris
1508 917 1571 964 non
1600 901 1806 981 obtemperas-

1061 1001 1142 1056 sent.
1164 994 1281 1070 Quibus
1303 1012 1340 1056 ex
1361 995 1459 1058 causis
1482 995 1562 1056 haud
1584 995 1700 1058 diutius
1721 995 1807 1057 dilie-

1061 1087 1194 1148 rendum
1216 1086 1300 1149 dubii
1323 1087 1382 1150 huc
1403 1105 1502 1167 usqne
1519 1090 1659 1168 suspensi
1680 1089 1807 1152 decisio·

1062 1193 1135 1242 nem
1166 1187 1230 1241 rata
1260 1180 1290 1243 S.
1320 1182 1540 1258 congregatio,
1570 1181 1709 1244 deductis
1735 1183 1808 1244 hinc

1062 1271 1136 1334 inde
1146 1273 1266 1336 iuribus
1281 1281 1312 1334 et
1327 1290 1360 1336 re
1376 1281 1497 1338 mature
1512 1275 1672 1354 perpensa,
1688 1292 1722 1336 ac
1737 1290 1807 1353 prae

1061 1364 1157 1426 oculis
1184 1365 1296 1428 habitis
1323 1368 1596 1432 constitutionibus
1624 1368 1807 1448 apostolicis,

1063 1465 1130 1520 tum
1152 1467 1182 1520 et
1203 1458 1268 1521 lere
1290 1463 1450 1523 communi
1471 1462 1547 1525 iuris
1568 1461 1707 1524 canonici
1728 1460 1808 1540 peri·

1063 1561 1167 1616 torum
1188 1570 1352 1631 consensu,
1368 1571 1402 1618 ac
1417 1556 1598 1634 pracsertim
1620 1555 1809 1616 resolutione

1061 1665 1086 1708 s.
1111 1649 1368 1725 congregationis
1399 1649 1620 1728 cpiscoporum
1649 1656 1680 1710 et
1705 1649 1809 1724 Regu·

1063 1742 1175 1805 larium
1197 1744 1333 1820 negociis
1360 1745 1568 1823 praepositae,
1591 1757 1669 1820 quae
1690 1741 1728 1802 ab
1753 1741 1809 1802 hr-

1061 1838 1254 1916 chlepiscopo
1276 1838 1442 1900 Turritano
1463 1837 1619 1900 consulta:
1643 1838 1693 1899 An
1716 1851 1809 1915 repet·

1063 1930 1146 1994 lares
1169 1931 1269 1993 anino
1291 1937 1464 1994 corodentes
1486 1929 1676 1992 moreasterii
1697 1927 1745 1988 ael
1758 1928 1809 1990 do-

1063 2040 1134 2086 mas
1156 2024 1295 2102 aliqnem
1322 2025 1475 2102 priorem,
1499 2022 1736 2103 preordinatum,
1761 2021 1808 2082 ael

1063 2118 1201 2196 quemvis
1223 2117 1327 2180 aliam
1348 2117 1460 2194 qenais
1481 2115 1628 2196 repalari
1650 2116 1811 2196 dignitate

1064 2213 1241 2293 [alpentem
1257 2215 1291 2274 in
1306 2229 1401 2274 snam
1421 2215 1680 2276 Conservatorem
1695 2213 1810 2290 eligere

1064 2309 1111 2370 ael
1134 2309 1288 2386 deputare
1309 2308 1441 2384 possint,
1462 2308 1510 2369 die
1526 2323 1594 2369 vhr.
1619 2307 1717 2369 octob.
1736 2306 1810 2368 anni

1065 2415 1210 2465 xncxvrr.
1240 2399 1413 2476 rescripsit:
1439 2401 1509 2462 Non
1537 2415 1639 2476 posse:
1661 2397 1708 2462 his
1730 2398 1809 2460 allis-

1064 2510 1124 2573 que
1145 2493 1298 2556 similibus
1327 2493 1456 2555 decretis
1478 2493 1643 2554 inhaerens
1667 2491 1716 2553 die
1738 2506 1807 2551 verr.

1065 2587 1168 2650 martii
1190 2587 1345 2650 currentis
1357 2585 1429 2646 anni
1453 2584 1579 2646 tandem
1601 2584 1632 2646 in
1648 2585 1732 2645 hunc
1747 2599 1810 2644 mo

1065 2681 1140 2742 dum
1163 2680 1355 2758 propositum
1376 2677 1507 2740 dubium
1528 2677 1666 2740 resolvit:
1693 2677 1811 2740 consa·

1066 2773 1195 2834 lendum
1214 2771 1319 2843 SSriao,
1337 2777 1375 2832 nt
1392 2770 1547 2851 diqnetnr
1567 2770 1741 2839 declarare,
1758 2786 1811 2830 sn-

1064 2867 1206 2943 periores
1229 2863 1391 2943 repuleras
1414 2863 1623 2941 temporarios
1644 2859 1766 2924 nullibi
1780 2865 1810 2921 ct

1066 2961 1102 3021 in
1124 2958 1214 3020 nollo
1236 2975 1313 3020 casn
1335 2973 1421 3036 posse
1441 2957 1519 3038 eliqi
1545 2955 1580 3017 in
1605 2955 1811 3019 conservato-

1066 3069 1134 3125 res,·
1157 3054 1191 3115 in
1213 3053 1363 3131 partibas
1391 3059 1499 3116 antem
1520 3049 1699 3127 infidelium
1719 3064 1812 3125 empe-

1067 3146 1154 3218 dire,
1177 3151 1216 3209 nt
1246 3148 1489 3210 conservatores
1516 3143 1643 3205 omnino
1671 3158 1735 3204 non
1755 3140 1811 3204 eli-

1066 3247 1200 3321 gantur.

1107 3335 1175 3410 §h
1200 3333 1262 3396 lloc
1293 3332 1381 3394 nobis
1409 3331 1543 3394 relatum
1574 3330 1810 3408 exhibitumque
1843 3343 2043 3401 sempeternus

1067 3429 1226 3491 decretum
1252 3427 1311 3488 iam
1336 3425 1407 3487 satis
1432 3424 1622 3501 agnovimus
1653 3421 1751 3501 quoad
1777 3440 1810 3484 u·
1830 3395 2044 3508 ῗῃζᾱξῗξθξᾛὲζ

1068 3529 1207 3598 eramque
1231 3528 1351 3598 partem
1375 3517 1547 3596 apostolicis
1583 3516 1812 3578 constitutioni·
1830 3503 1909 3603 233}st
1929 3507 2044 3603 ,egdffi‘g

1049 3614 1124 3676 ·bus
1151 3619 1395 3675 consentaneum
1421 3618 1451 3673 et
1480 3625 1666 3691 congruum.
1692 3611 1811 3674 lamdu·
1830 3615 2043 3657 conservatorum

1067 3710 1142 3770 dnm
1157 3710 1243 3770 enim
1264 3707 1438 3770 Bonllacius
1460 3706 1539 3770 Vlll.
1566 3707 1597 3768 in
1619 3705 1812 3768 constitutio·
1831 3663 2044 3775 irasass'ifltir'ssuesst‘f

1068 3819 1107 3866 ne
1129 3819 1208 3882 quae
1229 3802 1337 3880 incipit
1352 3800 1533 3873 Statntnm,
1551 3800 1719 3876 Gregorius
1741 3799 1809 3864 Xll.

1068 3898 1100 3958 in
1134 3897 1355 3960 constitutione
1388 3911 1466 3972 quae
1498 3893 1607 3973 incipit
1640 3893 1813 3956 Sanctissi-

1067 3979 1139 4053 mns
1161 3991 1197 4050 in
1221 3990 1350 4054 christo
1372 3988 1481 4060 Pater,
1498 3995 1529 4050 et
1551 3989 1751 4052 Innocentius
1771 3990 1810 4052 X.

1068 4087 1100 4146 in
1123 4085 1220 4146 literis
1243 4085 1274 4145 in
1297 4083 1395 4146 forma
1421 4083 1527 4144 Brevis
1555 4097 1634 4160 quae
1659 4082 1813 4161 incipiunt

1067 4179 1159 4243 Alias
1174 4195 1194 4240 a
1209 4174 1310 4247 arabis,
1328 4178 1574 4254 praedecessores
1589 4175 1697 4249 nostri,
1714 4176 1813 4237 anim-

1068 4273 1282 4346 advertentes,
1318 4269 1476 4347 regulares
1510 4269 1665 4348 aliosque,
1702 4268 1813 4346 quibus

1068 4366 1105 4426 ab
1130 4363 1301 4444 apostolica
1321 4362 1400 4426 Sede
1424 4362 1569 4440 generale
1593 4363 1661 4424 sive
1684 4363 1812 4442 speciale

1069 4459 1269 4538 privilegium
1290 4473 1470 4521 concessum
1491 4462 1548 4533 est,
1565 4465 1600 4520 ut
1620 4458 1737 4536 possint
1758 4458 1814 4520 sibi

1070 4555 1183 4616 iudices
1195 4555 1434 4618 conservatores
1445 4554 1574 4631 eligere,
1590 4553 1649 4615 sub
1662 4554 1814 4617 eiusmodi

1050 4649 1227 4728 privilegii
1249 4651 1644 4730 praetextuEpiscoporum
1667 4648 1815 4713 aliorum·

1069 4761 1131 4824 qne
1159 4746 1295 4808 iudicum
1327 4747 1517 4810 ordinariam
1546 4747 1613 4808 sive
1641 4747 1813 4824 delegatam

1070 4841 1315 4904 iurisdictionem
1337 4843 1529 4919 perturbare,
1549 4851 1580 4904 et
1601 4842 1714 4904 electas
1735 4840 1815 4902 iudi·

1069 4951 1118 4996 ces
1147 4936 1386 4999 conservatores
1413 4951 1486 4997 suae
1516 4935 1674 5012 potestatis
1699 4933 1815 4995 limites

1070 5028 1249 5107 frequenter
1271 5029 1431 5104 excedere,
1446 5029 1565 5106 optimo
1586 5045 1659 5090 sane
1673 5027 1812 5102 consilio,

1070 5123 1145 5184 dum
1166 5121 1328 5199 privilegia
1343 5122 1406 5192 ,ista
1426 5127 1505 5182 sarta
1528 5127 1605 5184 tecta
1621 5137 1686 5183 esse
1708 5120 1814 5183 volue-

1070 5221 1156 5290 runt,
1173 5223 1294 5277 certum
1310 5223 1413 5278 tamen
1434 5215 1560 5278 modum
1583 5214 1720 5277 iudicum
1736 5215 1816 5276 Gon-

1071 5315 1266 5371 servatorum
1295 5309 1455 5385 electioni,
1478 5318 1639 5388 certosque
1665 5310 1743 5372 lines
1764 5324 1814 5371 eo-

1070 5404 1215 5466 rumdem
1251 5402 1393 5482 potestati
1430 5403 1671 5482 imposuerunt3
1708 5403 1816 5481 poenis

1072 5497 1165 5559 etiam
1187 5499 1334 5560 adversus
1358 5489 1597 5574 transgressores
1619 5497 1807 5560 constitutis.

1111 5592 1130 5667 ἓ
1151 5591 1180 5651 5.
1205 5590 1324 5652 Horum
1354 5591 1449 5666 igitur
1470 5605 1666 5652 summorum
1690 5589 1816 5652 Pontifi·
1869 5599 1986 5645 renarras
2007 5608 2049 5655 ap·

1073 5699 1145 5746 cum
1171 5684 1442 5761 praedecessorum
1469 5691 1649 5746 nostrorum
1678 5682 1816 5760 vestigiis
1835 5652 1928 5752 ffissffit
1944 5657 2049 5761 ξξθξὲἓζ

1072 5777 1291 5851 inhaerentes,
1331 5776 1369 5838 de
1403 5776 1529 5838 consilio
1561 5776 1816 5853 congregationis
1835 5761 2049 5859 ᾗξξξθζοῖξῇἱῗζ

1074 5871 1265 5949 particularis
1284 5879 1564 5948 supramemoratae
1589 5870 1815 5933 nonnullorum
1835 5867 1917 5930 l¹⁰¹¹⁰⁵
1945 5865 2049 5922 quoae

1074 5963 1199 6028 SM·
1229 5962 1449 6038 cardinalium,
1472 5965 1526 6041 qui
1553 5963 1687 6040 negotiis
1707 5964 1817 6043 Propa-
1835 5920 2049 6020 i¹a¹2sr¹r¹tss22f⁰¹¹⁵⁰''
