4808 6988
84 565 136 618 Διι.
151 565 182 619 0.
201 563 267 616 1821

84 1748 166 1790 venor
177 1755 192 1791 a

70 1799 129 1861 liceo
146 1809 191 1846 eon

70 1857 151 1898 ttonts.

211 1811 277 1846 rma·

71 5386 269 5444 berogatiocon·

65 5439 202 5488 trariorum.

965 585 1037 632 eius
1058 581 1108 629 1³1³.
1133 583 1188 628 llll.

298 701 373 762 anni
395 718 552 767 uocxxvr.
577 705 609 766 in
631 705 731 770 maius
753 707 879 784 extulit,
894 706 1044 783 novisque

297 796 522 860 accessionibus
543 798 761 878 locupletavit,
784 808 912 863 strenua
933 813 1044 862 eorum

297 904 389 968 opera
418 888 452 952 in
482 891 649 954 catholicae
680 892 842 971 religionis
877 893 1043 956 tuitionem

297 992 547 1046 commemorata.
562 1031 566 1036 .
579 983 686 1064 Nuper
716 995 822 1050 autent
842 983 1043 1048 Eixsidlensis

297 1075 386 1138 abbas
407 1093 441 1140 ac
463 1079 618 1155 monachi,
634 1094 702 1142 eam
717 1079 752 1140 ad
768 1079 1042 1156 congregationem

297 1169 502 1248 pertinentes,
520 1173 659 1234 demissis
681 1173 824 1251 precibus
844 1189 860 1233 a
882 1170 970 1234 nobis
992 1183 1043 1246 pe·

297 1263 386 1338 tiere,
400 1271 435 1326 ut
455 1266 628 1344 privilegiis
649 1273 680 1330 et
701 1267 842 1340 indultis,
865 1265 978 1344 quibus
993 1279 1043 1325 eo·

296 1373 365 1419 rum
388 1359 587 1436 congregatio
609 1361 646 1422 ab
666 1359 777 1421 iisdem
804 1357 1043 1437 praedecessori·

296 1450 352 1512 bus
373 1452 487 1514 nostris
509 1461 595 1515 aucta
617 1459 662 1514 est
683 1460 715 1514 et
736 1461 855 1527 ornata,
879 1449 1042 1513 auctorita-

296 1543 335 1605 tis
356 1551 480 1606 nostrae
507 1544 630 1622 pondus
658 1554 858 1623 nostramque
879 1545 1042 1607 confirma·

297 1637 414 1700 tionem
436 1639 593 1701 addemus.

210 1749 277 1794 osto
334 1729 404 1806 53.
434 1729 496 1792 Nos
517 1746 605 1807 vero,
634 1731 687 1811 qui
709 1732 862 1795 Ecclesiae
890 1749 922 1794 ac
953 1730 1042 1793 nobis

294 1839 375 1886 nova
385 1839 508 1902 semper
518 1831 549 1887 et
563 1824 732 1887 illustriora
748 1825 963 1903 experimenta
978 1824 1042 1902 pie-

294 1916 364 1979 tatis
386 1919 423 1978 ab
438 1931 549 1978 eorum
563 1916 718 1980 alacritate
732 1934 765 1980 ac
780 1917 962 1979 fortitudine
977 1915 1040 1993 pol·

269 2079 271 2086 ¹
294 2009 435 2084 liternur,
458 2009 526 2072 illos
547 2019 710 2089 propterea
730 2010 913 2088 specialibus
934 2009 1041 2086 gratiis

294 2111 325 2165 et
346 2101 502 2165 lavoribus
527 2103 671 2182 prosequi
694 2103 847 2178 volentes,
870 2121 886 2163 a
915 2103 1040 2182 quibus-

293 2195 341 2258 vis
374 2196 724 2267 excommunicationis,
760 2197 972 2274 suspensionis
1009 2205 1039 2258 et

293 2289 463 2363 interdicti,
493 2289 619 2369 aliisque
651 2289 860 2354 ecclesiasticis
887 2289 1036 2365 censuris,

292 2384 457 2446 sententiis
478 2392 509 2446 et
529 2385 638 2462 poenis
666 2384 777 2461 quovis
800 2385 892 2446 modo
913 2393 944 2446 et
965 2399 1038 2462 qua·

293 2493 428 2558 cumque
442 2477 480 2540 de
501 2494 587 2542 causa
609 2477 688 2554 latis,
704 2479 730 2540 si
751 2497 825 2558 quas
841 2478 919 2542 iorte
934 2479 1038 2542 incur-

292 2573 404 2646 rerint,
425 2573 518 2634 huius
534 2581 656 2634 tantum
671 2572 716 2634 rei
732 2573 828 2649 gratia
844 2573 1038 2636 absolventes

292 2674 323 2729 et
335 2666 489 2730 absolutos
500 2665 566 2728 iore
577 2674 751 2741 censentes,
764 2666 1039 2746 supplicationibus

294 2759 470 2822 uniusmodi
492 2759 645 2834 inclinati,
659 2761 764 2821 omnia
779 2768 810 2822 et
823 2760 946 2836 singula
962 2776 1039 2837 quae

292 2855 325 2916 in
348 2852 508 2932 praedictis
530 2851 671 2930 Gregorii
687 2853 743 2916 xv
766 2863 797 2914 et
818 2844 934 2915 Urbani
956 2853 1035 2916 lllll.

291 2948 561 3026 praedecessorum
584 2954 762 3009 nostrorum
784 2947 989 3009 continentur
1003 2946 1040 3009 li·

292 3041 377 3113 teris,
400 3039 573 3119 privilegia,
606 3039 748 3115 indulta,
773 3040 985 3103 immunitates
1006 3049 1038 3102 et

291 3133 503 3198 concessiones
523 3133 755 3207 confirmamus,
779 3140 946 3212 nostraque
967 3151 1038 3212 apo·

290 3227 395 3290 stolica
423 3226 606 3288 auctoritate
633 3225 828 3303 roboramus,
852 3227 892 3288 ita
915 3234 948 3289 ut
969 3242 1036 3305 per·

291 3328 401 3400 petuae
431 3325 588 3391 maneant,
622 3335 656 3379 ac
687 3321 830 3398 propriae
861 3320 1036 3398 abbatibus,

292 3413 449 3477 monacbis
480 3418 510 3474 et
539 3411 695 3488 iratribus,
727 3412 856 3490 aliisque
887 3413 1038 3490 religiosis

291 3508 429 3587 personis
444 3506 692 3586 quibuscumque
707 3508 967 3570 monasteriorum
984 3508 1038 3572 Or·

291 3601 370 3664 dinis
385 3600 416 3664 S.
434 3599 593 3662 Benedicti
615 3598 855 3662 reformatorum
878 3615 1037 3680 nuncupa·

291 3702 395 3757 torum
415 3694 495 3773 apud
517 3691 685 3765 Helvetios,
708 3708 880 3771 eorumque
901 3693 1037 3756 ecclesiis

289 3804 323 3850 ac
344 3785 555 3862 monasteriis;
578 3799 635 3846 nec
649 3785 834 3848 amittantur
850 3785 908 3846 nisi
923 3786 961 3848 ab
977 3787 1036 3848 illis

289 3880 341 3942 vel
362 3879 521 3941 monacbis
543 3877 593 3940 vel
615 3878 822 3953 monasteriis,
839 3878 892 3957 qui
908 3878 945 3940 ab
956 3893 990 3940 ea
1003 3895 1036 3941 se

289 3971 531 4050 congregatione
551 3977 662 4048 sponte
681 3969 880 4033 divulserint.

82 4080 271 4128 clausurasuo
329 4066 397 4143 54.
422 4066 643 4137 Decerneotes,
666 4061 744 4141 ipsas
766 4072 942 4141 praesentes
969 4065 1037 4126 lite-

64 4132 114 4234 ξιξ,
130 4135 271 4236 ἷῆιᾶῗζθ·
289 4179 337 4224 ras
356 4175 479 4238 semper
501 4159 617 4232 firmas,
635 4157 748 4219 validas
767 4166 797 4218 et
815 4157 951 4220 efficaces
972 4159 1036 4220 exi·

287 4263 370 4318 stere
384 4269 417 4314 ac
432 4252 508 4328 lore,
524 4265 657 4328 suosque
672 4250 824 4328 plenarios
846 4260 877 4314 et
898 4253 1036 4330 integros

288 4348 415 4411 allectus
435 4341 540 4408 sortiri
555 4351 586 4406 et
607 4343 759 4417 obtinere,
777 4360 809 4407 ac
825 4344 886 4407 illis
907 4347 942 4408 ad
959 4363 1035 4425 quos

288 4448 405 4521 spectat
425 4449 456 4502 et
470 4455 526 4517 pro
542 4445 682 4516 tempore
698 4439 958 4518 quandocumque
969 4456 1035 4517 spe·

288 4536 393 4610 otabit,
410 4533 442 4595 iu
456 4531 602 4596 omnibus
623 4536 654 4593 et
669 4531 841 4608 peremnia
858 4531 1036 4609 plenissime

288 4626 462 4704 suilragari,
478 4634 509 4687 et
521 4625 559 4686 ab
572 4623 617 4686 eis
630 4624 803 4701 respective
814 4625 1036 4690 inviolabiliter

288 4722 461 4797 observari,
489 4718 594 4796 sicque
616 4717 648 4778 in
674 4717 847 4795 praemissis
869 4734 924 4796 per
944 4736 1037 4797 quos-

287 4809 430 4895 cumque
452 4814 568 4876 iudices
598 4810 770 4872 ordinarios
798 4819 829 4872 et
859 4811 1033 4888 delegatos,

288 4913 382 4973 etiam
397 4921 557 4971 causarum
572 4904 674 4982 palatii
695 4904 793 4964 nostri
811 4905 969 4981 apostolici
983 4924 1035 4968 au-

288 5004 415 5078 ditores,
436 4999 565 5062 iudicari
589 5006 620 5060 et
645 4997 769 5059 deliniri
791 4996 915 5074 debere,
940 5016 973 5061 ac
995 5000 1036 5062 ir-

288 5101 384 5162 ritum
406 5103 437 5158 et
451 5095 555 5168 inane,
577 5091 603 5153 si
617 5107 704 5153 secus
724 5106 819 5168 super
843 5089 891 5152 bis
919 5108 935 5152 a
960 5107 1035 5171 quo·

287 5207 392 5272 quam,
404 5189 513 5269 quavis
526 5184 719 5258 auctoritate,
733 5183 869 5245 scienter
882 5184 933 5246 vel
948 5185 1035 5262 igno·

288 5293 396 5348 cantor
416 5280 582 5356 contigerit
600 5277 758 5340 attentari.

328 5379 347 5453 5
367 5377 397 5440 5.
421 5373 489 5437 Non
512 5371 704 5434 obstantibus
727 5370 921 5449 apostoliolis,
945 5389 978 5435 ac
999 5373 1032 5435 in

288 5467 517 5534 universalibus
548 5462 850 5544 provincialibusque
881 5472 912 5525 et
941 5481 1033 5542 syno-

288 5564 405 5626 dalibus
426 5559 565 5624 conciliis
579 5557 669 5618 editis
691 5556 887 5632 generalibus
902 5557 951 5618 vel
965 5574 1033 5637 spe-

287 5655 414 5719 cialibus
436 5649 709 5716 constitutionibus
728 5656 759 5709 et
774 5648 1031 5726 ordinationibus,

287 5762 436 5813 necnon
468 5747 541 5809 dicti
572 5744 690 5808 ordinis
718 5743 814 5804 etiam
843 5744 1030 5818 iuramento,

286 5841 525 5905 confirmatione
547 5837 720 5917 apostolica,
743 5836 794 5897 vel
805 5837 913 5914 quavis
934 5835 1031 5898 sirmi-

195 5969 197 5974 *
287 5941 349 5997 tate
370 5933 428 5996 alia
448 5932 598 5994 roboratis
618 5929 740 5993 statutis
756 5936 784 5991 et
802 5928 1032 5992 consuetudini-

1770 555 1828 620 591
1878 554 1933 610 An.
1947 558 1978 611 0.
1999 553 2066 610 teat

1101 700 1169 776 bus,
1196 699 1369 778 ceterisque
1396 697 1556 762 contrariis
1584 696 1845 776 quibuscumque,

1100 809 1159 857 nec
1179 810 1243 856 non
1259 792 1457 856 cancellariae
1471 796 1594 854 nostrae
1608 789 1735 866 regulis.
1755 787 1849 851 Volu-

1099 902 1171 949 mus
1192 894 1296 949 tamen
1318 894 1353 950 ut
1373 883 1554 947 constitutio
1576 882 1627 946 iel.
1645 883 1762 944 record.
1780 881 1848 945 Gle-

1100 981 1215 1042 mentis
1233 981 1299 1045 xil.
1317 977 1557 1059 praedecessoris
1572 975 1682 1050 nostri,
1699 975 1779 1038 edita
1796 991 1846 1036 ιιι.

1099 1072 1246 1136 kalendas
1267 1073 1371 1151 aprilis
1385 1088 1466 1134 anno
1481 1068 1647 1132 millesimo
1668 1069 1847 1147 septingen-

1100 1167 1209 1228 tesimo
1237 1165 1399 1244 trigesimo
1426 1165 1573 1238 secundo,
1603 1162 1725 1240 integra
1754 1169 1848 1241 atque

1100 1259 1246 1324 inviolata
1267 1266 1422 1320 servetur.

1122 1353 1249 1420 ‚Datum
1271 1353 1386 1415 Romae
1407 1352 1486 1430 apud
1508 1351 1538 1415 S.
1555 1349 1681 1413 blaciam
1699 1349 1846 1412 Maiorem

1098 1447 1155 1508 sub
1181 1446 1297 1509 annulo
1321 1444 1492 1520 Piscatoris,
1519 1445 1568 1507 die
1592 1459 1680 1506 xxvi.
1714 1440 1846 1505 ianuarii

1098 1556 1276 1603 uncccnxr.
1300 1538 1497 1619 pontificatus
1518 1539 1618 1600 nostri
1638 1553 1719 1600 anno
1741 1551 1809 1598 ιιιιι.

1353 1739 1593 1750 ,.....--.---

1417 1912 1522 1978 XCIV.

1096 2101 1240 2164 Insulam
1262 2102 1441 2165 Acticostis
1463 2108 1493 2164 ct
1511 2109 1637 2180 portent
1655 2071 1767 2164 'terroe
1785 2103 1843 2164 Lo·

1136 2191 1283 2257 brodoris
1299 2191 1338 2257 ab
1353 2192 1582 2257 orchidioccesi
1597 2191 1784 2268 Qacchertst'
1798 2211 1843 2254 sc-

1133 2292 1242 2365 porat,
1275 2305 1313 2350 oc
1343 2293 1495 2365 perpetuo
1526 2285 1753 2349 iurisdictiotct'
1780 2287 1839 2349 l'r'c.
1944 2284 1953 2300 ‘

1135 2381 1193 2458 Ap.
1218 2380 1334 2442 Terrae
1357 2381 1461 2443 Nonne
1484 2380 1601 2443 tradit.

1341 2549 1428 2618 Plus
1451 2549 1510 2617 ΡΡ.
1537 2549 1595 2616 llll.

1213 2670 1250 2739 ad
1273 2677 1445 2756 perpetuata
1468 2673 1512 2739 rei
1536 2673 1731 2742 memorien:

1132 2849 1151 2924 5
1177 2850 1202 2911 l.
1225 2850 1311 2912 luter
1333 2849 1520 2928 multiplices
1539 2849 1798 2930 gravissimasque
1812 2869 1841 2912 a·
1887 2861 2058 2930 prooemium.

1093 2945 1260 3023 postolatus
1280 2944 1379 3007 nostri
1400 2961 1487 3006 curas
1509 2959 1572 3006 non
1594 2944 1738 3021 exiguam
1755 2952 1842 3008 tenet

1093 3045 1212 3116 partem
1228 3053 1354 3117 eaquae
1377 3037 1567 3099 dioecesium
1582 3053 1637 3116 per
1656 3039 1841 3102 universum

1092 3130 1200 3193 orbem
1226 3130 1464 3193 distributurum
1487 3129 1610 3206 respicit
1634 3137 1770 3207 statum3
1801 3130 1841 3192 si·
1886 3153 1889 3160 ·

1092 3224 1219 3301 quidem
1233 3239 1398 3302 supremae
1417 3223 1576 3300 potestatis
1598 3223 1768 3303 iudiciique
1789 3239 1841 3286 no

1092 3315 1149 3378 stri
1171 3324 1217 3379 est
1239 3316 1304 3378 illas
1332 3315 1502 3391 moderari,
1526 3331 1697 3394 earumque
1725 3316 1840 3380 limites

1092 3411 1282 3473 constituere
1315 3409 1365 3472 vel
1391 3409 1571 3486 immutare,
1602 3417 1705 3488 prout,
1739 3409 1840 3473 habita

1092 3512 1270 3581 temporum
1286 3519 1318 3564 ac
1333 3502 1637 3565 circumstantiarum
1653 3502 1786 3578 ratione,
1804 3503 1838 3564 ll-

1092 3595 1208 3658 delium
1231 3595 1357 3658 utilitati
1379 3596 1553 3657 conducere
1574 3595 1795 3673 dignoscimus.

1131 3690 1150 3764 5
1170 3689 1199 3750 ι.
1225 3689 1304 3752 Cum
1318 3689 1524 3764 Quebecensis
1536 3687 1684 3750 dioececis
1700 3688 1731 3751 in
1747 3690 1840 3751 brne—
1897 3711 1971 3756 altro
1986 3711 2071 3759 atter·
2090 3703 2092 3706 ’

1092 3783 1153 3844 rica
1183 3780 1442 3860 septemtrionali,
1475 3781 1555 3844 sicut
1584 3781 1672 3843 nobis
1705 3781 1838 3848 relatum
1857 3763 2069 3866 ssssssssfffiffissff

1092 3885 1148 3950 est,
1180 3881 1282 3938 tantae
1302 3875 1342 3936 sit
1372 3873 1604 3950 amplitudinis,
1631 3883 1666 3938 ut
1696 3874 1838 3938 difficilli-

1093 3984 1180 4031 mum
1202 3969 1242 4031 sit
1263 3969 1328 4032 eius
1344 3967 1477 4046 praesuli
1499 3968 1663 4046 pastorales
1684 3985 1771 4032 curas
1786 3985 1839 4032 en·

1093 4064 1218 4124 tendere
1247 4062 1283 4122 ad
1318 4061 1500 4123 remotiores
1534 4061 1723 4124 vastissimae
1754 4062 1839 4125 illius

1091 4155 1228 4232 regionis
1249 4154 1363 4232 plagas,
1393 4153 1575 4230 praesertim
1596 4167 1670 4215 vero
1698 4153 1733 4214 ad
1755 4156 1838 4218 insu·

1091 4248 1153 4311 lam
1174 4246 1341 4310 bnticostis
1357 4255 1388 4310 et
1402 4249 1439 4310 ad
1453 4262 1522 4308 eam
1543 4253 1645 4308 terrae
1658 4247 1838 4312 Labradoris

1092 4349 1225 4420 partem,
1258 4356 1336 4418 quae
1367 4341 1468 4417 vergit
1499 4340 1534 4402 ad
1565 4355 1651 4401 oram
1682 4341 1838 4404 borealem

1091 4435 1231 4498 lluminis
1246 4435 1349 4500 Sancti
1365 4435 1505 4512 loannis3
1527 4449 1662 4513 cumque
1676 4441 1838 4513 propterea

1090 4528 1276 4591 venerabilis
1304 4527 1400 4590 irater
1428 4528 1535 4607 loseph
1561 4526 1704 4590 Octavius
1730 4529 1838 4592 Plessis

1090 4621 1344 4701 archiepiscopus
1373 4620 1576 4699 Quebecensis
1608 4620 1701 4682 enine
1733 4629 1836 4698 postu-

1090 4715 1213 4790 laverit,
1236 4723 1270 4777 ut
1292 4721 1355 4776 tam
1373 4729 1407 4775 ea
1423 4713 1534 4788 insula,
1551 4728 1644 4792 quam
1666 4713 1838 4790 praedictae

1090 4809 1270 4872 Labradoris
1296 4824 1363 4888 pars
1383 4823 1400 4869 a
1420 4805 1610 4885 Quebecensi
1626 4805 1756 4869 dioecesi
1779 4808 1838 4871 dis-

1091 4909 1184 4962 tracta
1207 4899 1333 4961 uniatur
1354 4898 1513 4959 vicariatui
1537 4897 1702 4976 apostolico
1716 4898 1838 4962 insulae

1090 4995 1202 5056 Terrae
1223 4991 1339 5067 Novae,
1356 5007 1434 5070 quae
1455 4991 1491 5052 iis
1513 4990 1718 5069 propinquior
1740 4998 1785 5054 est
1806 5000 1837 5055 et

1089 5087 1177 5149 cuius
1199 5083 1320 5166 praesul
1341 5084 1458 5148 lucilius
1480 5091 1513 5145 et
1534 5083 1722 5147 fructuosius
1736 5093 1837 5162 potest

1089 5197 1197 5246 earum
1218 5195 1325 5242 curam
1348 5193 1473 5256 gerere:

1129 5274 1148 5348 5
1169 5273 1198 5335 3.
1216 5271 1277 5335 Nos
1290 5270 1501 5349 spiritualibus
1516 5269 1765 5333 christifidelium
1781 5287 1836 5333 ne·
1867 5293 1955 5354 „aanor
1969 5301 2067 5338 tontes

1089 5366 1278 5430 cessitatibus
1293 5364 1467 5436 consulere,
1483 5363 1695 5442 praedictique
1709 5363 1837 5426 Arcbie·
1853 5355 1941 5391 ⁵¹⁰⁰¹⁸·

1088 5461 1203 5541 piscopi
1230 5459 1435 5535 Quebeeensis
1456 5457 1537 5518 votis
1566 5472 1706 5518 annuere
1727 5457 1835 5518 volen-

1089 5565 1146 5629 tes,
1170 5571 1202 5615 ac
1223 5569 1331 5615 omnes
1345 5559 1377 5612 et
1391 5550 1527 5625 singulas
1541 5565 1696 5627 personas,
1721 5550 1833 5628 quibus

1087 5654 1265 5726 praesentes
1281 5652 1403 5706 nostrae
1425 5643 1531 5704 literae
1547 5641 1692 5716 lavent,a
1707 5642 1834 5720 quibus-

1088 5741 1133 5802 vis
1145 5734 1833 5814 excommunicationisetinterdicti,aliisque

1086 5832 1297 5896 ecclesiasticis
1321 5829 1470 5902 censuris,
1491 5829 1654 5890 sententiis
1676 5835 1707 5891 et
1727 5831 1834 5906 poenis

1085 5926 1195 6007 quovis
1217 5925 1308 5988 modo
1330 5931 1360 5986 et
1381 5937 1577 6002 quacumque
1591 5920 1629 5984 de
1649 5939 1738 5986 causa
1754 5923 1832 5998 latis,
