4740 6962
336 499 390 554 Au.
405 501 435 552 (l.
458 496 526 553 1773

579 481 670 562 rso·

556 637 642 700 ricali
674 637 801 699 militiae
827 637 968 713 adscribi,
995 643 1027 699 et
1047 636 1202 716 aliquibus
1229 650 1302 713 qua-

558 738 628 793 tuor
655 731 748 793 etiam
775 729 906 805 ieriatis,
929 748 963 792 ac
991 730 1159 806 continuis,
1182 730 1234 791 vel
1255 730 1302 790 in-

556 821 733 900 terpolatis,
755 839 810 884 seu
843 823 945 899 unica,
972 823 1079 886 diebus
1101 823 1136 884 ad
1167 831 1303 902 quatuor

556 915 712 991 minores,
745 932 891 978 necnon
921 917 1018 979 tribus
1049 915 1224 992 dominicis,
1247 932 1301 978 seu

555 1007 622 1068 aliis
643 1007 762 1070 festivis
783 1008 891 1088 diebus
912 1009 1111 1090 (nontamen
1131 1009 1300 1084 continuis,

554 1103 606 1162 sed
629 1117 752 1180 semper
763 1101 866 1180 aliquo
889 1103 1035 1181 temporis
1050 1103 1158 1180 spatio,
1175 1103 1301 1164 arbitrio

555 1202 610 1256 tuo
624 1195 813 1271 delmiendo,
825 1195 1033 1274 interpolatis)
1044 1195 1078 1256 ad
1090 1194 1217 1258 titulum
1231 1194 1302 1255 mis-

554 1289 651 1349 sionis
675 1289 711 1350 ad
733 1305 832 1350 sacros
854 1289 949 1350 etiam
971 1287 1200 1366 presbyteratus
1221 1288 1301 1350 ordl-

556 1397 610 1442 nes
631 1388 718 1443 extra
742 1389 880 1459 tempora
901 1398 916 1442 a
938 1383 1007 1444 iure
1028 1387 1151 1456 statuta,
1175 1390 1205 1443 et
1227 1381 1300 1442 anni

555 1474 711 1537 curriculo
733 1490 794 1536 non
826 1482 1001 1553 expectato,
1025 1491 1083 1536 nec
1103 1475 1233 1538 servatis
1254 1475 1300 1538 in-

556 1569 695 1632 terstitiis
716 1588 732 1630 a
753 1586 838 1631 sacro
860 1568 996 1632 Concilio
1018 1568 1201 1631 Tridentino
1223 1567 1302 1629 desi·

555 1662 667 1738 gnatis,
690 1670 721 1724 et
747 1663 862 1741 absque
887 1678 935 1738 eo,
956 1661 1049 1741 quod,
1073 1671 1238 1740 antequam
1263 1663 1300 1724 de

555 1771 617 1817 uno
638 1754 674 1816 ad
696 1755 790 1817 alium
817 1757 958 1818 ordinem
988 1762 1243 1834 promoveantur,
1267 1756 1298 1817 in

539 1865 540 1870 ¹
554 1849 656 1926 primo
670 1855 811 1927 suscepto
826 1850 1014 1924 ministrare,
1027 1857 1080 1910 aut
1095 1849 1223 1911 alicuius
1236 1865 1300 1910 ser·

555 1941 630 2002 vitio
652 1941 797 2004 ecclesiae
821 1943 950 2004 adscribi
978 1949 1156 2018 teneantur,
1178 1957 1299 2021 promo·

553 2033 632 2109 veri,
654 2041 685 2096 et
707 2035 840 2113 promoti
863 2035 894 2096 in
917 2034 978 2096 illis
1003 2035 1105 2098 altaris
1126 2035 1300 2098 ministerio

553 2126 730 2188 ministrare
751 2127 849 2189 libere
871 2135 901 2190 et
922 2128 1006 2190 licite
1029 2128 1162 2201 valeant,
1191 2145 1299 2191 conce-

553 2209 643 2296 de‘re3
671 2231 703 2282 et
725 2220 890 2297 indulgere
916 2237 1061 2284 necnon
1088 2223 1158 2298 tibi,
1188 2230 1223 2285 ut
1244 2239 1299 2300 per

554 2321 594 2388 te,
618 2311 668 2374 vel
700 2312 905 2375 confessorem
935 2313 1100 2390 idoneum,
1124 2331 1218 2393 quem
1245 2315 1299 2377 eli-

553 2405 691 2481 gendum
714 2405 855 2482 duxeris,
877 2408 1018 2486 singulos
1046 2408 1189 2473 alumnos
1213 2427 1300 2490 prae·

552 2500 649 2562 dictos
662 2515 678 2560 a
694 2500 855 2577 quibusvis
877 2503 1220 2580 excommunicationis,
1234 2523 1298 2567 sus·

551 2591 709 2669 pensionis
729 2601 761 2654 et
782 2593 951 2669 interdicti,
974 2594 1103 2674 aliisque
1121 2596 1299 2660 ecclesiasti·

552 2686 594 2747 cis
615 2686 758 2748 censuris
768 2693 798 2747 et
813 2688 921 2765 poenis
936 2705 952 2749 a
965 2689 1033 2750 iure
1054 2689 1104 2751 vel
1120 2689 1157 2751 ab
1172 2691 1300 2753 bomine

552 2778 661 2856 quavis
681 2779 840 2840 occasione
862 2780 909 2842 vel
932 2797 1020 2843 causa
1043 2783 1121 2857 latis,
1144 2799 1220 2862 quas
1242 2785 1310 2862 ipsi

459 2889 460 2894 ¹
551 2887 608 2949 pro
629 2879 769 2951 tempore
791 2875 1023 2950 quomodolibet
1047 2875 1249 2953 incurrerint,
1267 2895 1299 2940 ao

328 4854 529 4911 derogatiocon·

316 4909 460 4958 tractorum.

552 2965 714 3042 quibusvis
743 2967 871 3044 peccatis
899 2975 930 3029 et
955 2969 1139 3044 excessibus,
1162 2987 1196 3032 ac
1224 2970 1299 3033 deli-

552 3059 607 3119 ctis
629 3066 920 3138 quantumcumque
942 3061 1088 3136 gravibus
1109 3071 1140 3124 et
1161 3063 1299 3124 enormi·

553 3150 620 3227 bus,
635 3153 738 3213 'etiam
759 3153 791 3214 in
819 3153 938 3214 casibus
962 3154 1012 3215 die
1032 3153 1154 3217 Coenae
1175 3157 1297 3218 Domini

552 3247 612 3322 legi
634 3247 790 3308 consuetis
811 3245 1060 3327 (conspirationis
1083 3248 1113 3310 in
1135 3265 1299 3328 personam

551 3339 602 3400 vel
623 3347 739 3402 statum
759 3339 889 3402 Romani
913 3341 1079 3417 Pontiticis,
1103 3341 1242 3406 falsitatis
1263 3346 1298 3406 li-

552 3441 691 3494 terarum
706 3439 737 3493 et
748 3423 973 3512 scripturarum
984 3434 1231 3513 apostolicarum,
1247 3437 1300 3500 de-

551 3525 674 3588 lationis
701 3542 873 3602 armorum,
907 3527 1100 3608 aliorumque
1130 3532 1297 3610 prohibito·

551 3634 623 3680 rum
645 3620 681 3682 ad
707 3627 808 3698 partes
839 3619 1033 3696 infidelium,
1057 3639 1090 3684 ao
1120 3624 1298 3688 iniectionis

551 3727 702 3774 manuum
724 3712 933 3776 violentarum
956 3715 988 3775 in
1003 3717 1154 3794 praelatos
1178 3720 1297 3782 dumta-

550 3816 602 3869 xat
622 3809 772 3888 exceptis)
799 3806 969 3883 absolvere,
992 3817 1023 3870 et
1045 3824 1101 3887 pro
1126 3812 1297 3874 commissis

549 3900 774 3978 poenitentiam
795 3901 978 3976 salutarem,
1001 3909 1032 3963 et
1053 3903 1109 3964 alia
1131 3904 1295 3983 iniungere

550 3995 605 4069 eis,
629 4003 752 4057 etcum
774 3993 835 4056 illis
855 4009 948 4071 super
974 3995 1201 4074 irregularitate
1224 4016 1295 4062 con-

551 4095 658 4163 tracta,
674 4087 724 4150 vel
739 4087 810 4166 quia
821 4103 860 4150 ex
876 4089 1055 4166 parentibus
1071 4091 1218 4154 haeretici
1233 4094 1296 4156 nati

549 4183 624 4257 sint,
646 4182 697 4244 vel
717 4181 789 4261 quia
810 4182 883 4244 alias
913 4183 1035 4260 ipsimet
1062 4185 1208 4248 baeretici
1230 4187 1296 4250 lue-

550 4275 625 4351 rint,
648 4275 825 4353 dispensare
846 4274 944 4338 libere
965 4293 998 4338 ac
1020 4275 1103 4338 licite
1123 4279 1235 4356 valeas,
1252 4281 1296 4344 di·

549 4374 680 4446 ctusque
712 4351 813 4430 rector
833 4384 889 4446 pro
919 4376 1060 4448 tempore
1087 4371 1222 4434 existens
1245 4389 1296 4435 va·

547 4463 621 4538 leat,
644 4460 825 4524 auctoritate
845 4462 1007 4540 apostolica
1024 4469 1132 4527 tenore
1153 4482 1297 4544 praesen-

549 4557 630 4618 tium
651 4554 850 4618 concedimus
867 4562 900 4616 et
914 4555 1125 4633 indulgemus.
1150 4559 1295 4624 Praesen-

551 4647 632 4710 tibus
652 4657 722 4727 post
744 4648 864 4726 lapsum
886 4647 1015 4711 triennii
1039 4651 1216 4716 huiusmodi
1239 4655 1295 4716 mi·

548 4741 634 4803 nime
656 4741 806 4804 valituris.

589 4835 657 4910 52.
683 4833 753 4898 Non
774 4835 966 4901 obstantibus
996 4839 1185 4917 apostolicis,
1207 4859 1241 4905 ac
1262 4844 1294 4904 in

549 4929 778 4992 universalibus
806 4930 1109 5012 provincialibusque
1140 4940 1172 4996 et
1202 4951 1295 5014 syno-

548 5023 666 5086 dalibus
695 5023 785 5087 editis
813 5025 1010 5102 generalibus
1038 5027 1089 5089 vel
1113 5027 1296 5106 specialibus

465 5189 467 5194 ,
547 5118 823 5181 constitutionibus
851 5124 883 5179 et
912 5119 1170 5196 ordinationibus,
1198 5129 1296 5186 caete·

547 5211 652 5291 risque
673 5211 838 5275 contrariis
859 5212 1117 5291 quibuscumque.

587 5307 700 5368 ilatum
730 5303 856 5378 Romae,
880 5307 959 5384 apud
991 5307 1022 5370 S·
1045 5307 1173 5370 Mariam
1204 5309 1294 5373 blain-

546 5414 625 5474 rem,
642 5399 699 5461 sub
712 5399 829 5461 annulo
847 5398 1008 5462 Piscatoris
1023 5400 1072 5463 die
1088 5415 1180 5464 xvtu.
1199 5419 1295 5480 augo·

545 5491 583 5553 sti
605 5507 823 5567 dccccxxxix,
840 5492 1038 5570 pontificatus
1053 5495 1151 5556 nostri
1166 5512 1247 5558 anno
1262 5513 1291 5557 r.

586 5897 619 5956 (tl
634 5895 697 5944 vido
711 5897 760 5945 rol.
776 5898 805 5954 l.,
819 5911 844 5959 p.
858 5899 907 5956 sto,
922 5901 1116 5948 immutantur.

1081 500 1145 564 livit.
1170 505 1261 563 noxa.
1285 501 1325 559 ou
1347 497 1376 560 i.
1400 499 1429 560 i.
1454 505 1536 560 rins
1558 501 1579 560 i.

2139 496 2241 560 tam.
2267 489 2340 557 mis
2366 509 2367 512 ¹

1685 633 1783 700 XXX.

1362 818 1534 882 Cordinob'
1555 823 1731 898 protectori
1748 820 1920 885 llibcrnioe
1934 824 2033 886 lucto
2045 841 2108 886 mo-

1399 913 1475 973 dom
1498 914 1666 994 corrfirmot
1689 915 1861 996 prtottcpto
1884 924 1913 978 et
1940 916 2108 996 indulgeo-

1400 1005 1464 1066 tt‘os
1486 1005 1526 1070 ob
1553 1005 1677 1068 iirbmto
1704 1009 1782 1072 titt.
1806 1015 1836 1070 ct
1860 1011 1931 1072 lttrr.
1956 1011 1993 1072 X.
2018 1011 2107 1072 colle-

1398 1099 1450 1177 qio
1473 1097 1687 1164 illiteratorum
1716 1101 1807 1164 i'rba's
1829 1119 1985 1164 coracessii.

1549 1270 1736 1338 thttEtts
1759 1272 1820 1339 ΡΡ.
1845 1273 1917 1341 ΧΝ.

1437 1439 1440 1446 .
1497 1393 1533 1460 ad
1555 1377 1753 1462 iuturanPrei
1782 1396 1962 1463 memoriam.

1398 1570 1417 1644 ἓ
1441 1569 1467 1630 l.
1492 1571 1685 1635 Emanarunt
1706 1571 1823 1635 dudum
1846 1591 1862 1634 a
1884 1573 1980 1636 ielicis
2003 1590 2105 1637 recor·
2150 1586 2209 1631 uro.
2229 1587 2301 1630 viu.
2318 1585 2367 1630 uei

1357 1663 1488 1725 dationis
1503 1665 1627 1731 Urbano
1643 1665 1697 1727 ΡΡ.
1711 1664 1786 1728 Vlll.
1802 1668 2034 1744 praedecessore
2050 1683 2103 1729 no
2123 1639 2229 1738 ξῧῗξῖῗο
2240 1649 2349 1738 Ἑέὣῗ
2366 1725 2367 1728 ,

1359 1762 1423 1817 stro
1445 1756 1554 1819 literae
1574 1759 1632 1820 sub
1656 1758 1785 1835 plumbo
1806 1775 1890 1821 anno
1918 1759 2104 1823 incarnatio·
2123 1751 2203 1792 ratur.
2366 1777 2367 1780 ¹

1357 1851 1405 1911 nis
1428 1849 1600 1912 dominicae
1622 1851 1789 1914 millesimo
1810 1851 2037 1915 sexcentesimo
2051 1857 2104 1918 tri-

1357 1944 1475 2018 gesimo
1496 1943 1598 2020 primo
1619 1944 1716 2022 pridie
1740 1945 1807 2008 idus
1839 1945 1955 2026 aprilis,
1979 1951 2104 2028 pontili-

1357 2041 1441 2098 catus
1461 2035 1510 2099 sui
1529 2053 1612 2098 anno
1633 2047 1752 2111 octavo,
1776 2056 1909 2118 quarum
1931 2049 2024 2105 tenor
2043 2053 2102 2121 est,

1356 2129 1410 2206 qui
1430 2130 1586 2207 seqnitur,
1609 2131 1770 2193 videlicet:
2366 2193 2367 2204 2

1396 2222 1537 2286 Urbanus
1549 2223 1717 2303 Episcopus
1731 2242 1840 2288 servus
1851 2243 2015 2292 servorum
2030 2230 2099 2294 Dei:
2156 2245 2245 2306 uerior
2261 2241 2347 2313 creme
2366 2245 2367 2308 j

1356 2315 1399 2378 nd
1426 2316 1564 2379 laturam
1592 2317 1636 2379 rei
1664 2321 1859 2381 memoriam.
1887 2321 2103 2386 sacrosanctae
2121 2299 2270 2397 ἓῖἓῗᾞῧῑιζ
2297 2299 2345 2340 Μ’

1356 2410 1511 2472 Romanae
1526 2410 1689 2473 Ecclesiae.
1708 2411 1844 2490 Reliqam
1858 2413 1929 2476 cide
1942 2416 2059 2478 colom.
2075 2417 2099 2488 l,

1355 2517 1428 2581 pop.
1456 2506 1536 2566 128.

1395 2596 1465 2670 52.
1488 2595 1686 2660 Postmodum
1716 2614 1777 2660 rec.
1811 2615 1871 2660 me.
1901 2600 2101 2665 Innocentius
2121 2617 2343 2680 ¹rrrrroeenrrusx¹
2366 2641 2367 2652 2

1356 2689 1451 2766 Papae
1473 2690 1512 2752 ll.
1537 2690 1651 2768 pariter
1677 2692 1893 2770 praedecessor
1919 2703 2025 2758 noster
2045 2712 2101 2774 per
2120 2670 2367 2781 {iiffssngfflnssfflfft

1355 2800 1424 2844 suas
1447 2783 1479 2843 in
1501 2783 1593 2844 simili
1615 2783 1711 2844 forma
1735 2785 1843 2848 Brevis
1865 2788 1914 2849 die
1936 2790 2101 2851 xxmmaii
2120 2787 2367 2888 ggffngigfflggss

1356 2891 1522 2937 uuexxvu.
1547 2877 1705 2956 expeditas
1719 2878 1834 2954 literas,
1851 2879 1896 2961 (l)
1911 2882 2055 2946 omnibus
2070 2890 2102 2944 et
2120 2885 2265 2983 peusegrssm
2274 2889 2346 2984 2¹01ss
2366 2897 2367 2950 1

1355 2969 1486 3046 singulis
1508 2970 1645 3033 alumnis
1666 2989 1721 3051 pro
1737 2979 1874 3053 tempore
1895 2977 2101 3041 existentibus
2121 2949 2205 3038 ee¹s¹ii³t

1356 3062 1427 3124 dicti
1449 3063 1574 3140 collegii
1590 3066 1738 3128 concessit
1753 3076 1784 3128 et
1801 3068 1941 3144 indulsit,
1958 3078 1994 3132 ut
2008 3071 2100 3132 etiam

1356 3156 1470 3235 absque
1485 3157 1583 3219 literis
1598 3159 1856 3223 dimissorialibus
1870 3179 2000 3224 suorum
2016 3163 2103 3226 Ordi-

1356 3251 1528 3327 nariorum,
1551 3253 1603 3314 sed
1624 3269 1694 3316 cum
1715 3254 1787 3317 solis
1809 3257 1939 3320 rectoris
1961 3258 2101 3321 eiusdem

1355 3341 1477 3420 collegii
1513 3345 1771 3409 testimonialibus
1796 3348 1895 3411 literis
1924 3351 1962 3412 de
1991 3366 2102 3414 eorum

1355 3435 1430 3512 vita,
1454 3438 1602 3513 moribus,
1626 3445 1656 3500 et
1678 3439 1849 3504 idoneitate
1872 3443 1965 3505 etiam
1987 3444 2102 3523 absque

1357 3528 1446 3590 titulo
1469 3530 1611 3592 beneficii
1636 3531 1683 3594 vel
1706 3534 1886 3611 patrimonii
1916 3553 1931 3596 a
1953 3553 2103 3614 quocum·

1354 3636 1426 3698 que,
1450 3638 1544 3700 quem
1567 3623 1760 3700 maluissent,
1783 3628 1932 3690 catholico
1954 3631 2102 3692 antistite

1355 3715 1485 3790 gratiam
1513 3722 1544 3778 et
1565 3717 1822 3780 communionem
1845 3721 1930 3784 Sedis
1950 3723 2103 3801 Apostoli-

1354 3823 1406 3868 cae
1428 3807 1573 3884 habente,
1597 3810 1628 3871 in
1651 3827 1705 3874 sua
1727 3812 1858 3874 dioecesi
1880 3814 2035 3876 residente
2051 3816 2101 3877 vel
2142 3873 2148 3882 .

1354 3899 1386 3960 in
1408 3899 1507 3962 aliena
1529 3903 1566 3964 de
1588 3903 1759 3965 dioecesani
1781 3905 1839 3967 loci
1862 3906 1985 3970 licentia
2000 3909 2102 3987 ponti-

1355 3993 1450 4054 ficalia
1471 4002 1650 4072 exercente,
1673 3996 1805 4060 clericali
1831 3999 2006 4063 charactere
2027 4001 2102 4064 insi-

1354 4085 1448 4163 gniri,
1472 4095 1504 4149 et
1525 4089 1562 4151 ad
1583 4097 1717 4166 quatuor
1732 4091 1881 4167 minores,
1897 4093 1993 4154 etiam
2009 4094 2100 4157 unico

1353 4177 1476 4255 festivo,
1500 4179 1549 4242 vel
1571 4181 1693 4258 feriato,
1709 4199 1766 4246 uec
1787 4199 1851 4246 non
1867 4186 1902 4247 ad
1916 4202 2016 4249 sacros
2030 4189 2101 4250 sub-

1352 4271 1541 4348 diaconatus,
1553 4271 1730 4338 diaconatus
1740 4284 1771 4338 et
1782 4280 2012 4356 presbyteratus
2021 4283 2100 4344 ordi·

1354 4381 1410 4428 nes
1422 4365 1520 4430 tribus
1531 4366 1705 4445 dominicis,
1721 4385 1777 4434 seu
1792 4369 1859 4432 aliis
1870 4370 1989 4434 testinis
2004 4374 2100 4436 conti·

1335 4459 1435 4536 nnis,
1458 4458 1511 4522 vel
1531 4459 1724 4541 interpolatis
1753 4463 1872 4540 diebus,
1896 4465 1987 4527 etiam
2013 4474 2100 4529 extra

1354 4560 1491 4632 tempora
1513 4554 1549 4615 ad
1571 4554 1600 4616 id
1622 4571 1639 4615 a
1661 4555 1729 4618 iure
1750 4563 1875 4633 statuta,
1898 4574 1931 4620 ac
1952 4575 2016 4621 non
2037 4576 2100 4622 ser·

1353 4646 1430 4707 vatis
1451 4645 1627 4708 interstitiis
1648 4663 1665 4708 a
1686 4648 1823 4711 Concilio
1846 4650 2029 4714 Tridentino
2050 4654 2102 4715 de·

1352 4739 1491 4816 signatis,
1504 4740 1641 4820 annique
1662 4742 1817 4805 curriculo
1840 4759 1904 4805 non
1925 4751 2097 4824 expectato,

1353 4833 1473 4895 etiamsi
1495 4841 1661 4913 antequam
1683 4833 1722 4897 de
1737 4852 1800 4898 uno
1815 4836 1850 4897 ad
1865 4836 1999 4900 alterum
2020 4839 2099 4902 ordi-

1353 4941 1427 4988 nem
1438 4933 1712 5005 promoverentur,
1731 4928 1878 5008 inprime
1899 4945 2021 5010 quoque
2035 4949 2101 4994 sus-

1351 5027 1439 5098 cepto
1466 5021 1575 5082 ordine
1602 5037 1635 5083 se
1664 5036 1726 5083 non
1751 5022 1982 5100 exercuissent,
2012 5026 2100 5087 dum·

1353 5113 1443 5175 modo
1465 5119 1569 5175 essent
1590 5113 1695 5176 aetatis
1721 5115 1888 5193 legitimae,
1911 5116 2100 5197 nullumque

1352 5203 1434 5267 aliod
1457 5207 1500 5268 eis
1528 5207 1714 5270 canonicum
1737 5209 1872 5273 obstaret
1896 5209 2099 5291 impedimen-

1354 5305 1433 5374 tum,
1453 5300 1645 5380 servatisque
1676 5301 1748 5364 alias
1776 5303 1947 5380 servandis,
1976 5319 2099 5383 promo-

1353 5393 1431 5469 veri,
1451 5401 1482 5455 et
1497 5395 1633 5473 promoti
1650 5396 1681 5457 in
1696 5398 1845 5476 susceptis
1860 5397 1902 5459 sio
1917 5413 1973 5477 per
1987 5415 2038 5460 eos
2052 5414 2101 5460 or·

1352 5487 1476 5550 dinibus
1497 5487 1675 5550 huiusmodi
1690 5489 1724 5551 in
1739 5491 1841 5552 altaris
1857 5491 2032 5553 ministerio
2043 5491 2100 5553 mi-

1353 5581 1485 5644 nistrare
1517 5582 1613 5647 libere
1642 5590 1672 5646 et
1698 5584 1780 5648 licite
1808 5591 1934 5662 possent
1966 5590 1996 5647 et
2018 5585 2100 5648 vale·
2142 5633 2145 5636 -

1353 5685 1436 5742 rent.
