<?xml version="1.0" encoding="UTF-8"?>
<!DOCTYPE html PUBLIC "-//W3C//DTD XHTML 1.0 Transitional//EN"
    "http://www.w3.org/TR/xhtml1/DTD/xhtml1-transitional.dtd">
<html xmlns="http://www.w3.org/1999/xhtml" xml:lang="en" lang="en">
 <head>
  <title>
</title>
<meta http-equiv="Content-Type" content="text/html;charset=utf-8" />
  <meta name='ocr-system' content='tesseract 3.04.00' />
  <meta name='ocr-capabilities' content='ocr_page ocr_carea ocr_par ocr_line ocrx_word'/>
</head>
<body>
  <div class='ocr_page' id='page_1' title='image "./iurispontificii00martgoog_0243.png"; bbox 0 0 4740 6962; ppageno 0'>
   <div class='ocr_carea' id='block_1_1' title="bbox 361 519 549 576">
    <p class='ocr_par' dir='ltr' id='par_1_1' title="bbox 361 519 549 576">
     <span class='ocr_line' id='line_1_1' title="bbox 361 519 549 576; baseline 0.005 -4"><span class='ocrx_word' id='word_1_1' title='bbox 361 519 414 574; x_wconf 76' lang='lat' dir='ltr'><strong>Au.</strong></span> <span class='ocrx_word' id='word_1_2' title='bbox 430 525 459 576; x_wconf 82' lang='lat' dir='ltr'><strong>G.</strong></span> <span class='ocrx_word' id='word_1_3' title='bbox 482 523 549 574; x_wconf 77' lang='grc'><strong>1177</strong></span> 
     </span>
    </p>
   </div>
   <div class='ocr_carea' id='block_1_2' title="bbox 349 1123 560 1226">
    <p class='ocr_par' dir='ltr' id='par_1_2' title="bbox 349 1123 560 1226">
     <span class='ocr_line' id='line_1_2' title="bbox 375 1123 560 1174; baseline 0.022 -4"><span class='ocrx_word' id='word_1_4' title='bbox 375 1123 511 1172; x_wconf 81' lang='lat' dir='ltr'><strong>clausulae</strong></span> <span class='ocrx_word' id='word_1_5' title='bbox 524 1135 560 1174; x_wconf 85' lang='grc'><strong>13-</strong></span> 
     </span>
     <span class='ocr_line' id='line_1_3' title="bbox 349 1179 452 1226; baseline -0.01 -1"><span class='ocrx_word' id='word_1_6' title='bbox 349 1179 452 1226; x_wconf 79' lang='lat' dir='ltr'>luteres.</span> 
     </span>
    </p>
   </div>
   <div class='ocr_carea' id='block_1_3' title="bbox 598 521 658 583">
    <p class='ocr_par' dir='ltr' id='par_1_3' title="bbox 598 521 658 583">
     <span class='ocr_line' id='line_1_4' title="bbox 598 521 658 583; baseline 0 0"><span class='ocrx_word' id='word_1_7' title='bbox 598 521 658 583; x_wconf 70' lang='lat'><strong>226</strong></span> 
     </span>
    </p>
   </div>
   <div class='ocr_carea' id='block_1_4' title="bbox 577 649 1327 5974">
    <p class='ocr_par' dir='ltr' id='par_1_4' title="bbox 578 649 1325 1108">
     <span class='ocr_line' id='line_1_5' title="bbox 578 649 1324 734; baseline -0.011 -16"><span class='ocrx_word' id='word_1_8' title='bbox 578 671 777 733; x_wconf 81' lang='lat' dir='ltr'>cognoscere,</span> <span class='ocrx_word' id='word_1_9' title='bbox 799 672 878 734; x_wconf 90' lang='lat' dir='ltr'>quae</span> <span class='ocrx_word' id='word_1_10' title='bbox 904 657 939 720; x_wconf 92' lang='grc'><strong>33</strong></span> <span class='ocrx_word' id='word_1_11' title='bbox 969 653 1039 716; x_wconf 87' lang='grc'><strong>11331</strong></span> <span class='ocrx_word' id='word_1_12' title='bbox 1071 654 1237 733; x_wconf 88' lang='grc'><strong>333113133</strong></span> <span class='ocrx_word' id='word_1_13' title='bbox 1260 649 1324 712; x_wconf 88' lang='grc'><strong>331·</strong></span> 
     </span>
     <span class='ocr_line' id='line_1_6' title="bbox 579 745 1325 829; baseline -0.011 -17"><span class='ocrx_word' id='word_1_14' title='bbox 579 765 765 828; x_wconf 87' lang='grc'><strong>33333333</strong></span> <span class='ocrx_word' id='word_1_15' title='bbox 785 748 944 829; x_wconf 77' lang='lat' dir='ltr'><strong>spirituale</strong></span> <span class='ocrx_word' id='word_1_16' title='bbox 965 749 1082 811; x_wconf 90' lang='lat' dir='ltr'>bonum</span> <span class='ocrx_word' id='word_1_17' title='bbox 1111 745 1236 808; x_wconf 90' lang='grc'><strong>3333311</strong></span> <span class='ocrx_word' id='word_1_18' title='bbox 1257 758 1325 820; x_wconf 90' lang='grc'><strong>333-</strong></span> 
     </span>
     <span class='ocr_line' id='line_1_7' title="bbox 580 838 1325 921; baseline -0.005 -19"><span class='ocrx_word' id='word_1_19' title='bbox 580 843 691 918; x_wconf 89' lang='grc'><strong>113333,</strong></span> <span class='ocrx_word' id='word_1_20' title='bbox 714 843 811 906; x_wconf 91' lang='lat' dir='ltr'>libere</span> <span class='ocrx_word' id='word_1_21' title='bbox 831 850 862 904; x_wconf 92' lang='grc'><strong>31</strong></span> <span class='ocrx_word' id='word_1_22' title='bbox 882 841 965 906; x_wconf 88' lang='grc'><strong>113113</strong></span> <span class='ocrx_word' id='word_1_23' title='bbox 986 841 1093 921; x_wconf 80' lang='lat' dir='ltr'><strong>possit,</strong></span> <span class='ocrx_word' id='word_1_24' title='bbox 1106 838 1186 904; x_wconf 90' lang='lat' dir='ltr'>dicta</span> <span class='ocrx_word' id='word_1_25' title='bbox 1207 845 1325 916; x_wconf 88' lang='lat' dir='ltr'>aposto·</span> 
     </span>
     <span class='ocr_line' id='line_1_8' title="bbox 579 931 1325 1000; baseline -0.007 -4"><span class='ocrx_word' id='word_1_26' title='bbox 579 935 635 998; x_wconf 91' lang='lat' dir='ltr'>lica</span> <span class='ocrx_word' id='word_1_27' title='bbox 649 935 832 998; x_wconf 90' lang='lat' dir='ltr'>auctoritate</span> <span class='ocrx_word' id='word_1_28' title='bbox 846 935 1024 1000; x_wconf 78' lang='lat' dir='ltr'>facultatem</span> <span class='ocrx_word' id='word_1_29' title='bbox 1042 932 1208 998; x_wconf 80' lang='lat' dir='ltr'>tribuimus</span> <span class='ocrx_word' id='word_1_30' title='bbox 1224 937 1254 992; x_wconf 93' lang='lat' dir='ltr'><strong>et</strong></span> <span class='ocrx_word' id='word_1_31' title='bbox 1268 931 1325 992; x_wconf 93' lang='lat' dir='ltr'><strong>im·</strong></span> 
     </span>
     <span class='ocr_line' id='line_1_9' title="bbox 579 1029 744 1108; baseline -0.012 -18"><span class='ocrx_word' id='word_1_32' title='bbox 579 1029 744 1108; x_wconf 81' lang='lat' dir='ltr'>partimur.</span> 
     </span>
    </p>

    <p class='ocr_par' dir='ltr' id='par_1_5' title="bbox 577 1121 1327 5974">
     <span class='ocr_line' id='line_1_10' title="bbox 619 1121 1324 1200; baseline -0.011 -15"><span class='ocrx_word' id='word_1_33' title='bbox 619 1122 686 1198; x_wconf 74' lang='grc'><strong>59.</strong></span> <span class='ocrx_word' id='word_1_34' title='bbox 710 1123 917 1186; x_wconf 86' lang='lat' dir='ltr'>Decernentes</span> <span class='ocrx_word' id='word_1_35' title='bbox 938 1121 1032 1184; x_wconf 89' lang='grc'><strong>31133</strong></span> <span class='ocrx_word' id='word_1_36' title='bbox 1054 1126 1231 1200; x_wconf 75' lang='lat' dir='ltr'>praesentes</span> <span class='ocrx_word' id='word_1_37' title='bbox 1244 1131 1324 1179; x_wconf 90' lang='lat' dir='ltr'>sem·</span> 
     </span>
     <span class='ocr_line' id='line_1_11' title="bbox 580 1213 1324 1294; baseline -0.007 -18"><span class='ocrx_word' id='word_1_38' title='bbox 580 1231 634 1294; x_wconf 90' lang='lat' dir='ltr'><strong>per</strong></span> <span class='ocrx_word' id='word_1_39' title='bbox 655 1221 687 1280; x_wconf 93' lang='lat' dir='ltr'><strong>et</strong></span> <span class='ocrx_word' id='word_1_40' title='bbox 707 1224 859 1293; x_wconf 90' lang='lat' dir='ltr'>perpetuo</span> <span class='ocrx_word' id='word_1_41' title='bbox 878 1216 990 1278; x_wconf 89' lang='lat' dir='ltr'>validas</span> <span class='ocrx_word' id='word_1_42' title='bbox 1012 1224 1042 1276; x_wconf 92' lang='lat' dir='ltr'><strong>et</strong></span> <span class='ocrx_word' id='word_1_43' title='bbox 1063 1213 1200 1277; x_wconf 86' lang='lat' dir='ltr'>efficaces</span> <span class='ocrx_word' id='word_1_44' title='bbox 1214 1227 1279 1272; x_wconf 88' lang='grc'><strong>3333</strong></span> <span class='ocrx_word' id='word_1_45' title='bbox 1293 1218 1324 1272; x_wconf 91' lang='grc'><strong>31</strong></span> 
     </span>
     <span class='ocr_line' id='line_1_12' title="bbox 579 1305 1325 1389; baseline -0.004 -19"><span class='ocrx_word' id='word_1_46' title='bbox 579 1309 657 1384; x_wconf 89' lang='grc'><strong>1333,</strong></span> <span class='ocrx_word' id='word_1_47' title='bbox 678 1325 812 1389; x_wconf 89' lang='grc'><strong>3333333</strong></span> <span class='ocrx_word' id='word_1_48' title='bbox 833 1309 970 1386; x_wconf 86' lang='lat' dir='ltr'>integras</span> <span class='ocrx_word' id='word_1_49' title='bbox 985 1316 1015 1372; x_wconf 93' lang='lat' dir='ltr'><strong>et</strong></span> <span class='ocrx_word' id='word_1_50' title='bbox 1031 1307 1184 1385; x_wconf 89' lang='lat' dir='ltr'>plenarios</span> <span class='ocrx_word' id='word_1_51' title='bbox 1199 1305 1325 1368; x_wconf 83' lang='lat' dir='ltr'>allectus</span> 
     </span>
     <span class='ocr_line' id='line_1_13' title="bbox 578 1399 1324 1479; baseline -0.007 -15"><span class='ocrx_word' id='word_1_52' title='bbox 578 1402 682 1465; x_wconf 90' lang='lat' dir='ltr'>sortiri</span> <span class='ocrx_word' id='word_1_53' title='bbox 705 1409 735 1464; x_wconf 92' lang='grc'><strong>31</strong></span> <span class='ocrx_word' id='word_1_54' title='bbox 756 1403 909 1479; x_wconf 91' lang='lat' dir='ltr'>obtinere,</span> <span class='ocrx_word' id='word_1_55' title='bbox 932 1419 965 1465; x_wconf 93' lang='grc'><strong>33</strong></span> <span class='ocrx_word' id='word_1_56' title='bbox 985 1402 1023 1464; x_wconf 91' lang='lat' dir='ltr'><strong>ab</strong></span> <span class='ocrx_word' id='word_1_57' title='bbox 1043 1401 1188 1464; x_wconf 91' lang='lat' dir='ltr'>omnibus</span> <span class='ocrx_word' id='word_1_58' title='bbox 1210 1407 1240 1461; x_wconf 91' lang='lat' dir='ltr'><strong>et</strong></span> <span class='ocrx_word' id='word_1_59' title='bbox 1262 1399 1324 1460; x_wconf 89' lang='lat' dir='ltr'>sin·</span> 
     </span>
     <span class='ocr_line' id='line_1_14' title="bbox 579 1493 1323 1575; baseline -0.003 -17"><span class='ocrx_word' id='word_1_60' title='bbox 579 1496 661 1574; x_wconf 91' lang='lat' dir='ltr'>gulis</span> <span class='ocrx_word' id='word_1_61' title='bbox 672 1497 707 1558; x_wconf 90' lang='lat' dir='ltr'><strong>ad</strong></span> <span class='ocrx_word' id='word_1_62' title='bbox 719 1512 794 1575; x_wconf 92' lang='lat' dir='ltr'>quus</span> <span class='ocrx_word' id='word_1_63' title='bbox 805 1513 891 1558; x_wconf 91' lang='lat' dir='ltr'>nunc</span> <span class='ocrx_word' id='word_1_64' title='bbox 906 1502 1022 1575; x_wconf 87' lang='lat' dir='ltr'>spectat</span> <span class='ocrx_word' id='word_1_65' title='bbox 1040 1501 1071 1556; x_wconf 92' lang='lat' dir='ltr'><strong>et</strong></span> <span class='ocrx_word' id='word_1_66' title='bbox 1084 1493 1231 1574; x_wconf 75' lang='lat' dir='ltr'>spectabit</span> <span class='ocrx_word' id='word_1_67' title='bbox 1248 1509 1323 1572; x_wconf 93' lang='lat' dir='ltr'>quo·</span> 
     </span>
     <span class='ocr_line' id='line_1_15' title="bbox 579 1587 1324 1664; baseline -0.007 -11"><span class='ocrx_word' id='word_1_68' title='bbox 579 1589 747 1652; x_wconf 91' lang='lat' dir='ltr'>modolibet</span> <span class='ocrx_word' id='word_1_69' title='bbox 767 1591 801 1651; x_wconf 91' lang='grc'><strong>13</strong></span> <span class='ocrx_word' id='word_1_70' title='bbox 823 1589 979 1664; x_wconf 89' lang='grc'><strong>1313333,</strong></span> <span class='ocrx_word' id='word_1_71' title='bbox 1002 1589 1136 1652; x_wconf 91' lang='lat' dir='ltr'>tirmiter</span> <span class='ocrx_word' id='word_1_72' title='bbox 1149 1595 1180 1650; x_wconf 94' lang='lat' dir='ltr'><strong>et</strong></span> <span class='ocrx_word' id='word_1_73' title='bbox 1195 1587 1324 1649; x_wconf 91' lang='lat' dir='ltr'>inviola-</span> 
     </span>
     <span class='ocr_line' id='line_1_16' title="bbox 579 1681 1324 1760; baseline -0.003 -14"><span class='ocrx_word' id='word_1_74' title='bbox 579 1685 683 1748; x_wconf 92' lang='lat' dir='ltr'>biliter</span> <span class='ocrx_word' id='word_1_75' title='bbox 704 1685 859 1748; x_wconf 87' lang='lat' dir='ltr'>observari</span> <span class='ocrx_word' id='word_1_76' title='bbox 880 1685 1004 1759; x_wconf 93' lang='lat' dir='ltr'>debere,</span> <span class='ocrx_word' id='word_1_77' title='bbox 1026 1701 1059 1746; x_wconf 90' lang='grc'><strong>33</strong></span> <span class='ocrx_word' id='word_1_78' title='bbox 1074 1681 1161 1749; x_wconf 89' lang='grc'><strong>33113</strong></span> <span class='ocrx_word' id='word_1_79' title='bbox 1177 1698 1324 1760; x_wconf 90' lang='grc'><strong>333333</strong></span> 
     </span>
     <span class='ocr_line' id='line_1_17' title="bbox 579 1775 1325 1856; baseline -0.005 -16"><span class='ocrx_word' id='word_1_80' title='bbox 579 1785 719 1856; x_wconf 89' lang='lat' dir='ltr'>ternpore</span> <span class='ocrx_word' id='word_1_81' title='bbox 735 1793 772 1840; x_wconf 94' lang='lat' dir='ltr'><strong>ex</strong></span> <span class='ocrx_word' id='word_1_82' title='bbox 788 1793 985 1856; x_wconf 90' lang='lat' dir='ltr'>quocumque</span> <span class='ocrx_word' id='word_1_83' title='bbox 1000 1776 1108 1856; x_wconf 92' lang='grc'><strong>333113,</strong></span> <span class='ocrx_word' id='word_1_84' title='bbox 1125 1775 1175 1838; x_wconf 92' lang='grc'><strong>331</strong></span> <span class='ocrx_word' id='word_1_85' title='bbox 1190 1775 1325 1854; x_wconf 88' lang='lat' dir='ltr'>qualibet</span> 
     </span>
     <span class='ocr_line' id='line_1_18' title="bbox 579 1869 1322 1950; baseline -0.004 -17"><span class='ocrx_word' id='word_1_86' title='bbox 579 1888 666 1934; x_wconf 90' lang='lat' dir='ltr'>causa</span> <span class='ocrx_word' id='word_1_87' title='bbox 678 1872 879 1950; x_wconf 93' lang='lat' dir='ltr'>quantumvis</span> <span class='ocrx_word' id='word_1_88' title='bbox 890 1871 1016 1934; x_wconf 90' lang='lat' dir='ltr'>iuridica</span> <span class='ocrx_word' id='word_1_89' title='bbox 1027 1878 1058 1932; x_wconf 92' lang='grc'><strong>31</strong></span> <span class='ocrx_word' id='word_1_90' title='bbox 1068 1869 1218 1946; x_wconf 90' lang='lat' dir='ltr'>legitima,</span> <span class='ocrx_word' id='word_1_91' title='bbox 1231 1870 1322 1930; x_wconf 90' lang='grc'><strong>31133</strong></span> 
     </span>
     <span class='ocr_line' id='line_1_19' title="bbox 579 1963 1323 2043; baseline -0.003 -17"><span class='ocrx_word' id='word_1_92' title='bbox 579 1981 618 2026; x_wconf 84' lang='grc'><strong>33</strong></span> <span class='ocrx_word' id='word_1_93' title='bbox 638 1981 675 2026; x_wconf 92' lang='grc'><strong>33</strong></span> <span class='ocrx_word' id='word_1_94' title='bbox 702 1965 784 2043; x_wconf 90' lang='grc'><strong>3333</strong></span> <span class='ocrx_word' id='word_1_95' title='bbox 815 1979 922 2027; x_wconf 87' lang='grc'><strong>333333</strong></span> <span class='ocrx_word' id='word_1_96' title='bbox 953 1969 1078 2042; x_wconf 90' lang='lat' dir='ltr'>propter</span> <span class='ocrx_word' id='word_1_97' title='bbox 1104 1980 1178 2043; x_wconf 92' lang='lat' dir='ltr'>quas</span> <span class='ocrx_word' id='word_1_98' title='bbox 1198 1963 1323 2024; x_wconf 90' lang='grc'><strong>333333</strong></span> 
     </span>
     <span class='ocr_line' id='line_1_20' title="bbox 579 2055 1325 2136; baseline -0.005 -16"><span class='ocrx_word' id='word_1_99' title='bbox 579 2066 755 2136; x_wconf 85' lang='lat' dir='ltr'>praesentes</span> <span class='ocrx_word' id='word_1_100' title='bbox 771 2065 967 2130; x_wconf 90' lang='lat' dir='ltr'>emanarunt,</span> <span class='ocrx_word' id='word_1_101' title='bbox 981 2056 1138 2131; x_wconf 81' lang='lat' dir='ltr'>adductae,</span> <span class='ocrx_word' id='word_1_102' title='bbox 1151 2055 1325 2118; x_wconf 82' lang='grc'><strong>3331333133</strong></span> 
     </span>
     <span class='ocr_line' id='line_1_21' title="bbox 578 2149 1325 2227; baseline -0.003 -16"><span class='ocrx_word' id='word_1_103' title='bbox 578 2159 609 2214; x_wconf 90' lang='grc'><strong>31</strong></span> <span class='ocrx_word' id='word_1_104' title='bbox 630 2153 808 2216; x_wconf 86' lang='lat' dir='ltr'>iustificatae</span> <span class='ocrx_word' id='word_1_105' title='bbox 831 2169 894 2216; x_wconf 93' lang='lat' dir='ltr'><strong>non</strong></span> <span class='ocrx_word' id='word_1_106' title='bbox 914 2151 1041 2226; x_wconf 90' lang='lat' dir='ltr'>luerint,</span> <span class='ocrx_word' id='word_1_107' title='bbox 1058 2152 1096 2213; x_wconf 90' lang='lat' dir='ltr'><strong>de</strong></span> <span class='ocrx_word' id='word_1_108' title='bbox 1117 2149 1325 2227; x_wconf 85' lang='lat' dir='ltr'>subreptionis</span> 
     </span>
     <span class='ocr_line' id='line_1_22' title="bbox 579 2241 1326 2326; baseline -0.008 -18"><span class='ocrx_word' id='word_1_109' title='bbox 579 2244 629 2308; x_wconf 95' lang='lat' dir='ltr'><strong>vel</strong></span> <span class='ocrx_word' id='word_1_110' title='bbox 650 2245 852 2326; x_wconf 90' lang='lat' dir='ltr'>obreptionis,</span> <span class='ocrx_word' id='word_1_111' title='bbox 875 2254 928 2310; x_wconf 89' lang='lat' dir='ltr'><strong>aut</strong></span> <span class='ocrx_word' id='word_1_112' title='bbox 959 2245 1113 2308; x_wconf 90' lang='grc'><strong>3311113113</strong></span> <span class='ocrx_word' id='word_1_113' title='bbox 1139 2259 1195 2306; x_wconf 90' lang='grc'><strong>333</strong></span> <span class='ocrx_word' id='word_1_114' title='bbox 1217 2241 1326 2304; x_wconf 91' lang='lat' dir='ltr'>invali-</span> 
     </span>
     <span class='ocr_line' id='line_1_23' title="bbox 578 2338 1324 2417; baseline -0.009 -15"><span class='ocrx_word' id='word_1_115' title='bbox 578 2339 682 2402; x_wconf 88' lang='lat' dir='ltr'>ditatis</span> <span class='ocrx_word' id='word_1_116' title='bbox 713 2341 800 2417; x_wconf 90' lang='lat' dir='ltr'>vitio,</span> <span class='ocrx_word' id='word_1_117' title='bbox 822 2347 876 2403; x_wconf 91' lang='lat' dir='ltr'><strong>aut</strong></span> <span class='ocrx_word' id='word_1_118' title='bbox 901 2338 1085 2401; x_wconf 89' lang='lat' dir='ltr'>intentionis</span> <span class='ocrx_word' id='word_1_119' title='bbox 1114 2343 1247 2411; x_wconf 91' lang='lat' dir='ltr'>nostrae,</span> <span class='ocrx_word' id='word_1_120' title='bbox 1269 2351 1324 2396; x_wconf 92' lang='lat' dir='ltr'><strong>seu</strong></span> 
     </span>
     <span class='ocr_line' id='line_1_24' title="bbox 578 2431 1326 2514; baseline -0.008 -18"><span class='ocrx_word' id='word_1_121' title='bbox 578 2435 722 2514; x_wconf 90' lang='lat' dir='ltr'>quopiam</span> <span class='ocrx_word' id='word_1_122' title='bbox 743 2435 803 2497; x_wconf 91' lang='lat' dir='ltr'>alio</span> <span class='ocrx_word' id='word_1_123' title='bbox 823 2433 1025 2513; x_wconf 90' lang='lat' dir='ltr'>quantumvis</span> <span class='ocrx_word' id='word_1_124' title='bbox 1048 2446 1170 2509; x_wconf 87' lang='lat' dir='ltr'>magno,</span> <span class='ocrx_word' id='word_1_125' title='bbox 1186 2431 1326 2491; x_wconf 90' lang='lat' dir='ltr'>substau-</span> 
     </span>
     <span class='ocr_line' id='line_1_25' title="bbox 579 2523 1325 2604; baseline -0.009 -14"><span class='ocrx_word' id='word_1_126' title='bbox 579 2528 654 2604; x_wconf 90' lang='lat' dir='ltr'>tiali,</span> <span class='ocrx_word' id='word_1_127' title='bbox 675 2527 881 2604; x_wconf 84' lang='lat' dir='ltr'>inexcogitata</span> <span class='ocrx_word' id='word_1_128' title='bbox 902 2535 933 2589; x_wconf 92' lang='lat' dir='ltr'><strong>et</strong></span> <span class='ocrx_word' id='word_1_129' title='bbox 954 2523 1195 2602; x_wconf 77' lang='lat' dir='ltr'>inexcogitabili,</span> <span class='ocrx_word' id='word_1_130' title='bbox 1210 2539 1245 2584; x_wconf 93' lang='lat' dir='ltr'><strong>ac</strong></span> <span class='ocrx_word' id='word_1_131' title='bbox 1258 2538 1325 2601; x_wconf 93' lang='lat' dir='ltr'>spe·</span> 
     </span>
     <span class='ocr_line' id='line_1_26' title="bbox 579 2622 1325 2694; baseline -0.012 -6"><span class='ocrx_word' id='word_1_132' title='bbox 579 2625 687 2688; x_wconf 89' lang='lat' dir='ltr'>cialem</span> <span class='ocrx_word' id='word_1_133' title='bbox 707 2632 738 2687; x_wconf 90' lang='lat' dir='ltr'><strong>et</strong></span> <span class='ocrx_word' id='word_1_134' title='bbox 760 2623 951 2688; x_wconf 90' lang='lat' dir='ltr'>individuam</span> <span class='ocrx_word' id='word_1_135' title='bbox 984 2622 1190 2694; x_wconf 90' lang='lat' dir='ltr'>mentionem,</span> <span class='ocrx_word' id='word_1_136' title='bbox 1222 2623 1252 2680; x_wconf 91' lang='lat' dir='ltr'><strong>et</strong></span> <span class='ocrx_word' id='word_1_137' title='bbox 1274 2633 1325 2680; x_wconf 93' lang='lat' dir='ltr'><strong>ex·</strong></span> 
     </span>
     <span class='ocr_line' id='line_1_27' title="bbox 578 2713 1324 2798; baseline -0.008 -18"><span class='ocrx_word' id='word_1_138' title='bbox 578 2719 768 2798; x_wconf 89' lang='lat' dir='ltr'>pressionem</span> <span class='ocrx_word' id='word_1_139' title='bbox 795 2717 975 2796; x_wconf 85' lang='lat' dir='ltr'>requirente</span> <span class='ocrx_word' id='word_1_140' title='bbox 1001 2715 1133 2790; x_wconf 87' lang='lat' dir='ltr'>deiectu,</span> <span class='ocrx_word' id='word_1_141' title='bbox 1154 2728 1210 2776; x_wconf 93' lang='lat' dir='ltr'><strong>seu</strong></span> <span class='ocrx_word' id='word_1_142' title='bbox 1230 2713 1324 2774; x_wconf 90' lang='lat' dir='ltr'>etiam</span> 
     </span>
     <span class='ocr_line' id='line_1_28' title="bbox 578 2809 1325 2892; baseline -0.008 -16"><span class='ocrx_word' id='word_1_143' title='bbox 578 2831 617 2876; x_wconf 93' lang='lat' dir='ltr'><strong>ex</strong></span> <span class='ocrx_word' id='word_1_144' title='bbox 638 2830 675 2875; x_wconf 90' lang='lat' dir='ltr'><strong>eo</strong></span> <span class='ocrx_word' id='word_1_145' title='bbox 701 2813 783 2892; x_wconf 91' lang='lat' dir='ltr'>quod</span> <span class='ocrx_word' id='word_1_146' title='bbox 804 2813 838 2875; x_wconf 93' lang='lat' dir='ltr'>in</span> <span class='ocrx_word' id='word_1_147' title='bbox 867 2811 1041 2891; x_wconf 86' lang='lat' dir='ltr'>praemissis</span> <span class='ocrx_word' id='word_1_148' title='bbox 1071 2825 1243 2888; x_wconf 91' lang='lat' dir='ltr'>eorumque</span> <span class='ocrx_word' id='word_1_149' title='bbox 1271 2809 1325 2870; x_wconf 89' lang='lat' dir='ltr'>ali-</span> 
     </span>
     <span class='ocr_line' id='line_1_29' title="bbox 578 2903 1323 2988; baseline -0.009 -18"><span class='ocrx_word' id='word_1_150' title='bbox 578 2924 640 2988; x_wconf 93' lang='lat' dir='ltr'><strong>quo</strong></span> <span class='ocrx_word' id='word_1_151' title='bbox 661 2906 872 2970; x_wconf 84' lang='lat' dir='ltr'>solemnitates</span> <span class='ocrx_word' id='word_1_152' title='bbox 893 2914 924 2968; x_wconf 93' lang='lat' dir='ltr'><strong>et</strong></span> <span class='ocrx_word' id='word_1_153' title='bbox 945 2905 1071 2985; x_wconf 86' lang='lat' dir='ltr'>quaevis</span> <span class='ocrx_word' id='word_1_154' title='bbox 1096 2904 1151 2966; x_wconf 89' lang='grc'><strong>3113</strong></span> <span class='ocrx_word' id='word_1_155' title='bbox 1172 2903 1323 2966; x_wconf 88' lang='grc'><strong>33333333</strong></span> 
     </span>
     <span class='ocr_line' id='line_1_30' title="bbox 578 2998 1323 3080; baseline -0.005 -16"><span class='ocrx_word' id='word_1_156' title='bbox 578 3011 609 3064; x_wconf 90' lang='grc'><strong>31</strong></span> <span class='ocrx_word' id='word_1_157' title='bbox 629 3001 834 3080; x_wconf 87' lang='grc'><strong>3313313333,</strong></span> <span class='ocrx_word' id='word_1_158' title='bbox 866 3007 985 3062; x_wconf 90' lang='grc'><strong>3333313</strong></span> <span class='ocrx_word' id='word_1_159' title='bbox 1005 3009 1036 3061; x_wconf 92' lang='grc'><strong>31</strong></span> <span class='ocrx_word' id='word_1_160' title='bbox 1066 2998 1230 3078; x_wconf 89' lang='grc'><strong>331331313</strong></span> <span class='ocrx_word' id='word_1_161' title='bbox 1259 3014 1323 3060; x_wconf 92' lang='grc'><strong>333</strong></span> 
     </span>
     <span class='ocr_line' id='line_1_31' title="bbox 577 3091 1323 3174; baseline -0.004 -16"><span class='ocrx_word' id='word_1_162' title='bbox 577 3097 706 3172; x_wconf 90' lang='grc'><strong>1333131,</strong></span> <span class='ocrx_word' id='word_1_163' title='bbox 728 3101 781 3159; x_wconf 89' lang='grc'><strong>331</strong></span> <span class='ocrx_word' id='word_1_164' title='bbox 801 3110 840 3155; x_wconf 85' lang='grc'><strong>33</strong></span> <span class='ocrx_word' id='word_1_165' title='bbox 861 3109 1057 3174; x_wconf 88' lang='grc'><strong>333333333</strong></span> <span class='ocrx_word' id='word_1_166' title='bbox 1087 3091 1147 3154; x_wconf 91' lang='grc'><strong>3113</strong></span> <span class='ocrx_word' id='word_1_167' title='bbox 1167 3093 1266 3172; x_wconf 91' lang='grc'><strong>333113</strong></span> <span class='ocrx_word' id='word_1_168' title='bbox 1286 3093 1323 3156; x_wconf 91' lang='grc'><strong>33</strong></span> 
     </span>
     <span class='ocr_line' id='line_1_32' title="bbox 579 3187 1324 3253; baseline -0.005 -1"><span class='ocrx_word' id='word_1_169' title='bbox 579 3189 719 3253; x_wconf 90' lang='grc'><strong>1333331</strong></span> <span class='ocrx_word' id='word_1_170' title='bbox 748 3187 826 3251; x_wconf 90' lang='grc'><strong>13313</strong></span> <span class='ocrx_word' id='word_1_171' title='bbox 856 3203 911 3250; x_wconf 88' lang='grc'><strong>333</strong></span> <span class='ocrx_word' id='word_1_172' title='bbox 938 3194 1053 3250; x_wconf 89' lang='grc'><strong>3131313</strong></span> <span class='ocrx_word' id='word_1_173' title='bbox 1080 3187 1130 3249; x_wconf 90' lang='grc'><strong>131</strong></span> <span class='ocrx_word' id='word_1_174' title='bbox 1160 3195 1324 3249; x_wconf 91' lang='lat' dir='ltr'>cousuetu-</span> 
     </span>
     <span class='ocr_line' id='line_1_33' title="bbox 578 3281 1321 3361; baseline -0.005 -15"><span class='ocrx_word' id='word_1_175' title='bbox 578 3283 651 3348; x_wconf 91' lang='lat' dir='ltr'>dine</span> <span class='ocrx_word' id='word_1_176' title='bbox 671 3282 772 3361; x_wconf 91' lang='lat' dir='ltr'>aliqua</span> <span class='ocrx_word' id='word_1_177' title='bbox 791 3281 973 3354; x_wconf 84' lang='lat' dir='ltr'>resultante,</span> <span class='ocrx_word' id='word_1_178' title='bbox 988 3297 1043 3344; x_wconf 89' lang='lat' dir='ltr'><strong>seu</strong></span> <span class='ocrx_word' id='word_1_179' title='bbox 1059 3283 1152 3344; x_wconf 91' lang='lat' dir='ltr'>etiam</span> <span class='ocrx_word' id='word_1_180' title='bbox 1173 3282 1321 3359; x_wconf 88' lang='lat' dir='ltr'>enormis,</span> 
     </span>
     <span class='ocr_line' id='line_1_34' title="bbox 578 3375 1323 3456; baseline 0.003 -17"><span class='ocrx_word' id='word_1_181' title='bbox 578 3377 821 3452; x_wconf 91' lang='lat' dir='ltr'>enormissimae,</span> <span class='ocrx_word' id='word_1_182' title='bbox 845 3375 1007 3454; x_wconf 92' lang='lat' dir='ltr'>totalisque</span> <span class='ocrx_word' id='word_1_183' title='bbox 1025 3377 1167 3439; x_wconf 90' lang='lat' dir='ltr'>laesionis</span> <span class='ocrx_word' id='word_1_184' title='bbox 1181 3385 1234 3440; x_wconf 91' lang='lat' dir='ltr'><strong>aut</strong></span> <span class='ocrx_word' id='word_1_185' title='bbox 1249 3394 1323 3456; x_wconf 93' lang='lat' dir='ltr'>quo·</span> 
     </span>
     <span class='ocr_line' id='line_1_35' title="bbox 578 3469 1322 3550; baseline -0.003 -14"><span class='ocrx_word' id='word_1_186' title='bbox 578 3487 714 3550; x_wconf 91' lang='lat' dir='ltr'>cumque</span> <span class='ocrx_word' id='word_1_187' title='bbox 732 3470 792 3532; x_wconf 90' lang='lat' dir='ltr'>alio</span> <span class='ocrx_word' id='word_1_188' title='bbox 812 3469 925 3545; x_wconf 92' lang='lat' dir='ltr'>colore,</span> <span class='ocrx_word' id='word_1_189' title='bbox 947 3478 1121 3550; x_wconf 89' lang='lat' dir='ltr'>praetextu,</span> <span class='ocrx_word' id='word_1_190' title='bbox 1143 3470 1263 3550; x_wconf 91' lang='lat' dir='ltr'>aliaque</span> <span class='ocrx_word' id='word_1_191' title='bbox 1277 3489 1322 3534; x_wconf 92' lang='lat' dir='ltr'><strong>ra·</strong></span> 
     </span>
     <span class='ocr_line' id='line_1_36' title="bbox 578 3563 1322 3643; baseline -0.001 -15"><span class='ocrx_word' id='word_1_192' title='bbox 578 3564 734 3630; x_wconf 86' lang='grc'><strong>11333331</strong></span> <span class='ocrx_word' id='word_1_193' title='bbox 765 3581 864 3639; x_wconf 90' lang='lat' dir='ltr'>causa,</span> <span class='ocrx_word' id='word_1_194' title='bbox 887 3564 978 3626; x_wconf 90' lang='lat' dir='ltr'>etiam</span> <span class='ocrx_word' id='word_1_195' title='bbox 1008 3563 1210 3643; x_wconf 92' lang='lat' dir='ltr'>quantumvis</span> <span class='ocrx_word' id='word_1_196' title='bbox 1231 3565 1322 3642; x_wconf 91' lang='lat' dir='ltr'>iusta,</span> 
     </span>
     <span class='ocr_line' id='line_1_37' title="bbox 578 3657 1322 3737; baseline -0.001 -15"><span class='ocrx_word' id='word_1_197' title='bbox 578 3658 764 3734; x_wconf 88' lang='lat' dir='ltr'>rationabili,</span> <span class='ocrx_word' id='word_1_198' title='bbox 785 3657 925 3732; x_wconf 91' lang='lat' dir='ltr'>iuridica,</span> <span class='ocrx_word' id='word_1_199' title='bbox 948 3657 1097 3734; x_wconf 90' lang='lat' dir='ltr'>legitima,</span> <span class='ocrx_word' id='word_1_200' title='bbox 1120 3659 1179 3737; x_wconf 93' lang='lat' dir='ltr'>pia,</span> <span class='ocrx_word' id='word_1_201' title='bbox 1198 3658 1322 3736; x_wconf 91' lang='lat' dir='ltr'>privile-</span> 
     </span>
     <span class='ocr_line' id='line_1_38' title="bbox 578 3751 1324 3832; baseline -0.001 -16"><span class='ocrx_word' id='word_1_202' title='bbox 578 3755 669 3832; x_wconf 88' lang='lat' dir='ltr'>giata,</span> <span class='ocrx_word' id='word_1_203' title='bbox 691 3751 808 3827; x_wconf 91' lang='grc'><strong>311311,</strong></span> <span class='ocrx_word' id='word_1_204' title='bbox 831 3767 910 3829; x_wconf 89' lang='grc'><strong>3333</strong></span> <span class='ocrx_word' id='word_1_205' title='bbox 930 3751 965 3812; x_wconf 91' lang='grc'><strong>33</strong></span> <span class='ocrx_word' id='word_1_206' title='bbox 988 3751 1131 3814; x_wconf 87' lang='lat' dir='ltr'>ellectum</span> <span class='ocrx_word' id='word_1_207' title='bbox 1160 3753 1324 3817; x_wconf 86' lang='lat' dir='ltr'>validitatis</span> 
     </span>
     <span class='ocr_line' id='line_1_39' title="bbox 578 3845 1323 3927; baseline 0.003 -17"><span class='ocrx_word' id='word_1_208' title='bbox 578 3847 816 3927; x_wconf 90' lang='lat' dir='ltr'>praemissorum</span> <span class='ocrx_word' id='word_1_209' title='bbox 832 3847 1002 3909; x_wconf 91' lang='lat' dir='ltr'>necessario</span> <span class='ocrx_word' id='word_1_210' title='bbox 1016 3845 1217 3923; x_wconf 88' lang='lat' dir='ltr'>exprimenda</span> <span class='ocrx_word' id='word_1_211' title='bbox 1232 3847 1323 3926; x_wconf 84' lang='lat' dir='ltr'>toret,</span> 
     </span>
     <span class='ocr_line' id='line_1_40' title="bbox 577 3937 1324 4020; baseline 0.004 -16"><span class='ocrx_word' id='word_1_212' title='bbox 577 3951 630 4006; x_wconf 89' lang='lat' dir='ltr'><strong>aut</strong></span> <span class='ocrx_word' id='word_1_213' title='bbox 651 3943 733 4020; x_wconf 90' lang='lat' dir='ltr'>quod</span> <span class='ocrx_word' id='word_1_214' title='bbox 764 3941 802 4003; x_wconf 95' lang='lat' dir='ltr'><strong>de</strong></span> <span class='ocrx_word' id='word_1_215' title='bbox 823 3937 983 4002; x_wconf 91' lang='lat' dir='ltr'>voluntate</span> <span class='ocrx_word' id='word_1_216' title='bbox 1004 3947 1108 4002; x_wconf 83' lang='grc'><strong>333133</strong></span> <span class='ocrx_word' id='word_1_217' title='bbox 1138 3951 1168 4004; x_wconf 90' lang='grc'><strong>31</strong></span> <span class='ocrx_word' id='word_1_218' title='bbox 1190 3942 1255 4003; x_wconf 88' lang='grc'><strong>31113</strong></span> <span class='ocrx_word' id='word_1_219' title='bbox 1275 3961 1324 4006; x_wconf 92' lang='lat' dir='ltr'><strong>su·</strong></span> 
     </span>
     <span class='ocr_line' id='line_1_41' title="bbox 578 4033 1325 4116; baseline -0.001 -17"><span class='ocrx_word' id='word_1_220' title='bbox 578 4037 683 4116; x_wconf 88' lang='grc'><strong>333133</strong></span> <span class='ocrx_word' id='word_1_221' title='bbox 703 4033 854 4113; x_wconf 84' lang='lat' dir='ltr'>expressis</span> <span class='ocrx_word' id='word_1_222' title='bbox 869 4033 981 4096; x_wconf 90' lang='lat' dir='ltr'>nullibi</span> <span class='ocrx_word' id='word_1_223' title='bbox 996 4043 1168 4112; x_wconf 88' lang='lat' dir='ltr'>appareret,</span> <span class='ocrx_word' id='word_1_224' title='bbox 1183 4051 1238 4098; x_wconf 90' lang='lat' dir='ltr'><strong>seu</strong></span> <span class='ocrx_word' id='word_1_225' title='bbox 1253 4035 1325 4099; x_wconf 91' lang='lat' dir='ltr'>alias</span> 
     </span>
     <span class='ocr_line' id='line_1_42' title="bbox 578 4128 1324 4212; baseline 0.001 -20"><span class='ocrx_word' id='word_1_226' title='bbox 578 4130 700 4212; x_wconf 85' lang='lat' dir='ltr'>probari</span> <span class='ocrx_word' id='word_1_227' title='bbox 721 4135 832 4206; x_wconf 90' lang='lat' dir='ltr'>posset,</span> <span class='ocrx_word' id='word_1_228' title='bbox 862 4128 975 4203; x_wconf 90' lang='grc'><strong>331331,</strong></span> <span class='ocrx_word' id='word_1_229' title='bbox 1004 4128 1194 4206; x_wconf 91' lang='lat' dir='ltr'>impugnari,</span> <span class='ocrx_word' id='word_1_230' title='bbox 1216 4130 1324 4193; x_wconf 91' lang='lat' dir='ltr'>invali-</span> 
     </span>
     <span class='ocr_line' id='line_1_43' title="bbox 578 4222 1325 4301; baseline -0.004 -12"><span class='ocrx_word' id='word_1_231' title='bbox 578 4226 654 4301; x_wconf 90' lang='lat' dir='ltr'>dari,</span> <span class='ocrx_word' id='word_1_232' title='bbox 683 4222 853 4296; x_wconf 88' lang='lat' dir='ltr'>retractari,</span> <span class='ocrx_word' id='word_1_233' title='bbox 875 4222 908 4283; x_wconf 95' lang='lat' dir='ltr'>in</span> <span class='ocrx_word' id='word_1_234' title='bbox 938 4222 985 4284; x_wconf 93' lang='lat' dir='ltr'><strong>ius</strong></span> <span class='ocrx_word' id='word_1_235' title='bbox 1006 4223 1055 4284; x_wconf 91' lang='lat' dir='ltr'><strong>vel</strong></span> <span class='ocrx_word' id='word_1_236' title='bbox 1082 4225 1325 4287; x_wconf 89' lang='lat' dir='ltr'>controversiam</span> 
     </span>
     <span class='ocr_line' id='line_1_44' title="bbox 578 4315 1327 4393; baseline -0.001 -11"><span class='ocrx_word' id='word_1_237' title='bbox 578 4317 726 4393; x_wconf 90' lang='lat' dir='ltr'>revocari,</span> <span class='ocrx_word' id='word_1_238' title='bbox 749 4323 802 4378; x_wconf 92' lang='lat' dir='ltr'><strong>aut</strong></span> <span class='ocrx_word' id='word_1_239' title='bbox 823 4317 859 4379; x_wconf 93' lang='lat' dir='ltr'><strong>ad</strong></span> <span class='ocrx_word' id='word_1_240' title='bbox 878 4315 960 4378; x_wconf 91' lang='lat' dir='ltr'>viam</span> <span class='ocrx_word' id='word_1_241' title='bbox 974 4323 1004 4378; x_wconf 95' lang='lat' dir='ltr'><strong>et</strong></span> <span class='ocrx_word' id='word_1_242' title='bbox 1020 4317 1171 4380; x_wconf 90' lang='lat' dir='ltr'>terminos</span> <span class='ocrx_word' id='word_1_243' title='bbox 1185 4319 1263 4380; x_wconf 90' lang='lat' dir='ltr'>iuris</span> <span class='ocrx_word' id='word_1_244' title='bbox 1278 4335 1327 4382; x_wconf 90' lang='lat' dir='ltr'><strong>re·</strong></span> 
     </span>
     <span class='ocr_line' id='line_1_45' title="bbox 578 4408 1326 4488; baseline -0.003 -12"><span class='ocrx_word' id='word_1_245' title='bbox 578 4412 659 4488; x_wconf 91' lang='lat' dir='ltr'>duci,</span> <span class='ocrx_word' id='word_1_246' title='bbox 672 4411 724 4472; x_wconf 90' lang='lat' dir='ltr'><strong>vel</strong></span> <span class='ocrx_word' id='word_1_247' title='bbox 737 4409 883 4472; x_wconf 90' lang='lat' dir='ltr'>adversus</span> <span class='ocrx_word' id='word_1_248' title='bbox 898 4408 963 4469; x_wconf 91' lang='lat' dir='ltr'>illas</span> <span class='ocrx_word' id='word_1_249' title='bbox 978 4410 1183 4473; x_wconf 89' lang='lat' dir='ltr'>restitutionis</span> <span class='ocrx_word' id='word_1_250' title='bbox 1199 4412 1230 4473; x_wconf 93' lang='lat' dir='ltr'>in</span> <span class='ocrx_word' id='word_1_251' title='bbox 1246 4411 1326 4474; x_wconf 91' lang='lat' dir='ltr'>inte-</span> 
     </span>
     <span class='ocr_line' id='line_1_46' title="bbox 578 4501 1323 4583; baseline 0 -15"><span class='ocrx_word' id='word_1_252' title='bbox 578 4521 682 4583; x_wconf 87' lang='lat' dir='ltr'>grum,</span> <span class='ocrx_word' id='word_1_253' title='bbox 704 4501 882 4582; x_wconf 89' lang='lat' dir='ltr'>aperitionis</span> <span class='ocrx_word' id='word_1_254' title='bbox 902 4502 977 4578; x_wconf 92' lang='lat' dir='ltr'>oris,</span> <span class='ocrx_word' id='word_1_255' title='bbox 989 4503 1178 4566; x_wconf 89' lang='lat' dir='ltr'>reductionis</span> <span class='ocrx_word' id='word_1_256' title='bbox 1191 4505 1228 4567; x_wconf 91' lang='lat' dir='ltr'><strong>ad</strong></span> <span class='ocrx_word' id='word_1_257' title='bbox 1243 4506 1323 4568; x_wconf 90' lang='lat' dir='ltr'>viam</span> 
     </span>
     <span class='ocr_line' id='line_1_47' title="bbox 578 4595 1324 4680; baseline 0 -17"><span class='ocrx_word' id='word_1_258' title='bbox 578 4608 608 4662; x_wconf 92' lang='lat' dir='ltr'><strong>et</strong></span> <span class='ocrx_word' id='word_1_259' title='bbox 632 4597 783 4662; x_wconf 85' lang='lat' dir='ltr'>terminos</span> <span class='ocrx_word' id='word_1_260' title='bbox 808 4595 895 4673; x_wconf 91' lang='lat' dir='ltr'>iuris,</span> <span class='ocrx_word' id='word_1_261' title='bbox 921 4604 975 4659; x_wconf 92' lang='lat' dir='ltr'><strong>aut</strong></span> <span class='ocrx_word' id='word_1_262' title='bbox 999 4597 1080 4660; x_wconf 91' lang='lat' dir='ltr'>aliud</span> <span class='ocrx_word' id='word_1_263' title='bbox 1106 4598 1324 4680; x_wconf 90' lang='lat' dir='ltr'>quodcumque</span> 
     </span>
     <span class='ocr_line' id='line_1_48' title="bbox 577 4688 1324 4767; baseline 0.003 -14"><span class='ocrx_word' id='word_1_264' title='bbox 577 4691 655 4754; x_wconf 91' lang='lat' dir='ltr'>iuris</span> <span class='ocrx_word' id='word_1_265' title='bbox 676 4691 727 4752; x_wconf 93' lang='lat' dir='ltr'><strong>vel</strong></span> <span class='ocrx_word' id='word_1_266' title='bbox 747 4688 829 4764; x_wconf 90' lang='grc'><strong>13311,</strong></span> <span class='ocrx_word' id='word_1_267' title='bbox 851 4697 904 4751; x_wconf 89' lang='grc'><strong>331</strong></span> <span class='ocrx_word' id='word_1_268' title='bbox 926 4689 1041 4767; x_wconf 89' lang='lat' dir='ltr'>gratiae</span> <span class='ocrx_word' id='word_1_269' title='bbox 1062 4690 1112 4753; x_wconf 90' lang='lat' dir='ltr'><strong>vel</strong></span> <span class='ocrx_word' id='word_1_270' title='bbox 1127 4692 1261 4755; x_wconf 89' lang='lat' dir='ltr'>iustitiae</span> <span class='ocrx_word' id='word_1_271' title='bbox 1277 4709 1324 4755; x_wconf 93' lang='lat' dir='ltr'><strong>re-</strong></span> 
     </span>
     <span class='ocr_line' id='line_1_49' title="bbox 578 4785 1324 4864; baseline 0 -15"><span class='ocrx_word' id='word_1_272' title='bbox 578 4785 716 4849; x_wconf 88' lang='lat' dir='ltr'>medium</span> <span class='ocrx_word' id='word_1_273' title='bbox 738 4785 909 4864; x_wconf 89' lang='lat' dir='ltr'>impetrari,</span> <span class='ocrx_word' id='word_1_274' title='bbox 931 4801 986 4847; x_wconf 93' lang='lat' dir='ltr'><strong>seu</strong></span> <span class='ocrx_word' id='word_1_275' title='bbox 1007 4785 1238 4863; x_wconf 87' lang='lat' dir='ltr'>quomodolibet</span> <span class='ocrx_word' id='word_1_276' title='bbox 1259 4802 1324 4848; x_wconf 93' lang='lat' dir='ltr'>mo·</span> 
     </span>
     <span class='ocr_line' id='line_1_50' title="bbox 579 4877 1326 4957; baseline 0 -14"><span class='ocrx_word' id='word_1_277' title='bbox 579 4889 625 4957; x_wconf 92' lang='lat' dir='ltr'><strong>tu,</strong></span> <span class='ocrx_word' id='word_1_278' title='bbox 646 4879 773 4943; x_wconf 90' lang='grc'><strong>33133113</strong></span> <span class='ocrx_word' id='word_1_279' title='bbox 792 4887 822 4941; x_wconf 90' lang='grc'><strong>31</strong></span> <span class='ocrx_word' id='word_1_280' title='bbox 837 4877 993 4957; x_wconf 91' lang='lat' dir='ltr'>potestatis</span> <span class='ocrx_word' id='word_1_281' title='bbox 1008 4879 1202 4956; x_wconf 89' lang='lat' dir='ltr'>plenitudine</span> <span class='ocrx_word' id='word_1_282' title='bbox 1216 4880 1326 4943; x_wconf 87' lang='lat' dir='ltr'>simili·</span> 
     </span>
     <span class='ocr_line' id='line_1_51' title="bbox 579 4971 1326 5051; baseline 0.001 -16"><span class='ocrx_word' id='word_1_283' title='bbox 579 4973 635 5035; x_wconf 91' lang='lat' dir='ltr'><strong>bus</strong></span> <span class='ocrx_word' id='word_1_284' title='bbox 650 4988 804 5046; x_wconf 88' lang='lat' dir='ltr'>concesso,</span> <span class='ocrx_word' id='word_1_285' title='bbox 817 4971 981 5050; x_wconf 91' lang='lat' dir='ltr'>impetrato</span> <span class='ocrx_word' id='word_1_286' title='bbox 996 4972 1045 5034; x_wconf 91' lang='lat' dir='ltr'><strong>vel</strong></span> <span class='ocrx_word' id='word_1_287' title='bbox 1061 4979 1202 5034; x_wconf 88' lang='lat' dir='ltr'>emanata</span> <span class='ocrx_word' id='word_1_288' title='bbox 1216 4990 1326 5051; x_wconf 91' lang='lat' dir='ltr'>quem·</span> 
     </span>
     <span class='ocr_line' id='line_1_52' title="bbox 578 5063 1324 5144; baseline 0.004 -18"><span class='ocrx_word' id='word_1_289' title='bbox 578 5066 660 5144; x_wconf 90' lang='lat' dir='ltr'>piam</span> <span class='ocrx_word' id='word_1_290' title='bbox 692 5063 738 5127; x_wconf 91' lang='lat' dir='ltr'><strong>uti</strong></span> <span class='ocrx_word' id='word_1_291' title='bbox 757 5080 813 5126; x_wconf 92' lang='lat' dir='ltr'><strong>seu</strong></span> <span class='ocrx_word' id='word_1_292' title='bbox 833 5079 866 5124; x_wconf 93' lang='lat' dir='ltr'><strong>se</strong></span> <span class='ocrx_word' id='word_1_293' title='bbox 896 5063 1002 5124; x_wconf 93' lang='lat' dir='ltr'>iuvare</span> <span class='ocrx_word' id='word_1_294' title='bbox 1033 5079 1120 5142; x_wconf 91' lang='lat' dir='ltr'>posse</span> <span class='ocrx_word' id='word_1_295' title='bbox 1149 5064 1182 5124; x_wconf 92' lang='lat' dir='ltr'>in</span> <span class='ocrx_word' id='word_1_296' title='bbox 1212 5064 1324 5129; x_wconf 91' lang='lat' dir='ltr'>iudicio</span> 
     </span>
     <span class='ocr_line' id='line_1_53' title="bbox 578 5156 1324 5236; baseline 0.003 -16"><span class='ocrx_word' id='word_1_297' title='bbox 578 5160 629 5222; x_wconf 90' lang='lat' dir='ltr'><strong>vel</strong></span> <span class='ocrx_word' id='word_1_298' title='bbox 649 5165 736 5220; x_wconf 90' lang='lat' dir='ltr'>extra</span> <span class='ocrx_word' id='word_1_299' title='bbox 763 5157 852 5232; x_wconf 93' lang='lat' dir='ltr'>illud,</span> <span class='ocrx_word' id='word_1_300' title='bbox 875 5173 978 5235; x_wconf 87' lang='lat' dir='ltr'>neque</span> <span class='ocrx_word' id='word_1_301' title='bbox 1005 5156 1127 5218; x_wconf 91' lang='lat' dir='ltr'>easdem</span> <span class='ocrx_word' id='word_1_302' title='bbox 1148 5167 1324 5236; x_wconf 90' lang='lat' dir='ltr'>praesentes</span> 
     </span>
     <span class='ocr_line' id='line_1_54' title="bbox 577 5249 1325 5330; baseline 0.001 -17"><span class='ocrx_word' id='word_1_303' title='bbox 577 5252 635 5314; x_wconf 94' lang='lat' dir='ltr'><strong>sub</strong></span> <span class='ocrx_word' id='word_1_304' title='bbox 649 5249 808 5330; x_wconf 88' lang='lat' dir='ltr'>quibusvis</span> <span class='ocrx_word' id='word_1_305' title='bbox 822 5249 970 5313; x_wconf 89' lang='lat' dir='ltr'>similium</span> <span class='ocrx_word' id='word_1_306' title='bbox 983 5251 1033 5313; x_wconf 92' lang='lat' dir='ltr'><strong>vel</strong></span> <span class='ocrx_word' id='word_1_307' title='bbox 1049 5250 1247 5314; x_wconf 86' lang='lat' dir='ltr'>dissimilium</span> <span class='ocrx_word' id='word_1_308' title='bbox 1259 5269 1325 5329; x_wconf 90' lang='lat' dir='ltr'>gra-</span> 
     </span>
     <span class='ocr_line' id='line_1_55' title="bbox 578 5344 1325 5424; baseline 0.003 -16"><span class='ocrx_word' id='word_1_309' title='bbox 578 5346 693 5408; x_wconf 89' lang='lat' dir='ltr'>tiarum</span> <span class='ocrx_word' id='word_1_310' title='bbox 719 5344 977 5421; x_wconf 86' lang='lat' dir='ltr'>revocationibus,</span> <span class='ocrx_word' id='word_1_311' title='bbox 1003 5345 1267 5424; x_wconf 90' lang='lat' dir='ltr'>suspensionibus,</span> <span class='ocrx_word' id='word_1_312' title='bbox 1291 5347 1325 5410; x_wconf 93' lang='lat' dir='ltr'>li-</span> 
     </span>
     <span class='ocr_line' id='line_1_56' title="bbox 577 5438 1325 5518; baseline 0 -16"><span class='ocrx_word' id='word_1_313' title='bbox 577 5439 801 5514; x_wconf 91' lang='lat' dir='ltr'>mitatiunibus,</span> <span class='ocrx_word' id='word_1_314' title='bbox 817 5438 1107 5516; x_wconf 82' lang='lat' dir='ltr'>modificationibus,</span> <span class='ocrx_word' id='word_1_315' title='bbox 1120 5442 1325 5518; x_wconf 90' lang='lat' dir='ltr'>derogationi-</span> 
     </span>
     <span class='ocr_line' id='line_1_57' title="bbox 578 5533 1325 5614; baseline 0.003 -18"><span class='ocrx_word' id='word_1_316' title='bbox 578 5534 647 5610; x_wconf 89' lang='lat' dir='ltr'>bus,</span> <span class='ocrx_word' id='word_1_317' title='bbox 668 5533 796 5612; x_wconf 90' lang='lat' dir='ltr'>aliisqus</span> <span class='ocrx_word' id='word_1_318' title='bbox 818 5533 977 5596; x_wconf 90' lang='lat' dir='ltr'>contrariis</span> <span class='ocrx_word' id='word_1_319' title='bbox 992 5533 1254 5612; x_wconf 90' lang='lat' dir='ltr'>dispositionibus,</span> <span class='ocrx_word' id='word_1_320' title='bbox 1270 5551 1325 5614; x_wconf 90' lang='lat' dir='ltr'><strong>per</strong></span> 
     </span>
     <span class='ocr_line' id='line_1_58' title="bbox 578 5627 1324 5708; baseline 0.004 -20"><span class='ocrx_word' id='word_1_321' title='bbox 578 5643 787 5706; x_wconf 89' lang='lat' dir='ltr'>quascumque</span> <span class='ocrx_word' id='word_1_322' title='bbox 816 5628 921 5691; x_wconf 88' lang='lat' dir='ltr'>literas</span> <span class='ocrx_word' id='word_1_323' title='bbox 942 5635 972 5689; x_wconf 93' lang='lat' dir='ltr'><strong>et</strong></span> <span class='ocrx_word' id='word_1_324' title='bbox 994 5627 1228 5692; x_wconf 89' lang='lat' dir='ltr'>constitutiones</span> <span class='ocrx_word' id='word_1_325' title='bbox 1255 5645 1324 5708; x_wconf 90' lang='lat' dir='ltr'>apo·</span> 
     </span>
     <span class='ocr_line' id='line_1_59' title="bbox 579 5719 1325 5800; baseline 0.004 -17"><span class='ocrx_word' id='word_1_326' title='bbox 579 5719 709 5796; x_wconf 90' lang='grc'><strong>31311333,</strong></span> <span class='ocrx_word' id='word_1_327' title='bbox 730 5729 782 5784; x_wconf 88' lang='grc'><strong>331</strong></span> <span class='ocrx_word' id='word_1_328' title='bbox 799 5721 995 5785; x_wconf 87' lang='grc'><strong>333331133133</strong></span> <span class='ocrx_word' id='word_1_329' title='bbox 1009 5723 1187 5799; x_wconf 89' lang='lat' dir='ltr'>apostolicae</span> <span class='ocrx_word' id='word_1_330' title='bbox 1202 5725 1325 5800; x_wconf 86' lang='lat' dir='ltr'>regulas</span> 
     </span>
     <span class='ocr_line' id='line_1_60' title="bbox 579 5813 1325 5895; baseline 0.005 -20"><span class='ocrx_word' id='word_1_331' title='bbox 579 5813 846 5894; x_wconf 85' lang='lat' dir='ltr'>quandocumque,</span> <span class='ocrx_word' id='word_1_332' title='bbox 863 5823 893 5877; x_wconf 91' lang='lat' dir='ltr'><strong>et</strong></span> <span class='ocrx_word' id='word_1_333' title='bbox 911 5815 1125 5878; x_wconf 88' lang='lat' dir='ltr'>incrastinum</span> <span class='ocrx_word' id='word_1_334' title='bbox 1142 5818 1325 5895; x_wconf 89' lang='lat' dir='ltr'>assumptio·</span> 
     </span>
     <span class='ocr_line' id='line_1_61' title="bbox 580 5909 1324 5974; baseline 0.005 -4"><span class='ocrx_word' id='word_1_335' title='bbox 580 5909 628 5970; x_wconf 92' lang='lat' dir='ltr'><strong>nis</strong></span> <span class='ocrx_word' id='word_1_336' title='bbox 649 5915 772 5970; x_wconf 90' lang='lat' dir='ltr'>nostrae</span> <span class='ocrx_word' id='word_1_337' title='bbox 791 5916 822 5971; x_wconf 93' lang='lat' dir='ltr'><strong>et</strong></span> <span class='ocrx_word' id='word_1_338' title='bbox 842 5925 1056 5972; x_wconf 90' lang='lat' dir='ltr'>successorum</span> <span class='ocrx_word' id='word_1_339' title='bbox 1072 5917 1252 5973; x_wconf 89' lang='lat' dir='ltr'>nostrorum</span> <span class='ocrx_word' id='word_1_340' title='bbox 1267 5911 1324 5974; x_wconf 87' lang='lat' dir='ltr'>llo-</span> 
     </span>
    </p>
   </div>
   <div class='ocr_carea' id='block_1_5' title="bbox 1103 529 1601 580">
    <p class='ocr_par' dir='ltr' id='par_1_6' title="bbox 1103 529 1601 580">
     <span class='ocr_line' id='line_1_62' title="bbox 1103 529 1601 580; baseline 0.004 -4"><span class='ocrx_word' id='word_1_341' title='bbox 1103 532 1166 576; x_wconf 86' lang='lat' dir='ltr'>tuu.</span> <span class='ocrx_word' id='word_1_342' title='bbox 1191 529 1282 580; x_wconf 77' lang='lat' dir='ltr'><strong>PONT·</strong></span> <span class='ocrx_word' id='word_1_343' title='bbox 1307 529 1347 574; x_wconf 81' lang='lat' dir='ltr'><strong>bu</strong></span> <span class='ocrx_word' id='word_1_344' title='bbox 1369 529 1397 574; x_wconf 78' lang='lat'><strong>1³.</strong></span> <span class='ocrx_word' id='word_1_345' title='bbox 1421 531 1451 576; x_wconf 75' lang='lat' dir='ltr'><strong>F.</strong></span> <span class='ocrx_word' id='word_1_346' title='bbox 1475 533 1558 578; x_wconf 79' lang='lat' dir='ltr'>PARS</span> <span class='ocrx_word' id='word_1_347' title='bbox 1581 534 1601 578; x_wconf 88' lang='grc' dir='ltr'><strong>Ι.</strong></span> 
     </span>
    </p>
   </div>
   <div class='ocr_carea' id='block_1_6' title="bbox 1377 639 2129 2700">
    <p class='ocr_par' dir='ltr' id='par_1_7' title="bbox 1378 639 2129 1930">
     <span class='ocr_line' id='line_1_63' title="bbox 1380 639 2126 731; baseline 0.003 -19"><span class='ocrx_word' id='word_1_348' title='bbox 1380 663 1546 714; x_wconf 90' lang='grc'><strong>3333333</strong></span> <span class='ocrx_word' id='word_1_349' title='bbox 1562 651 1744 718; x_wconf 84' lang='lat' dir='ltr'>Pontificum</span> <span class='ocrx_word' id='word_1_350' title='bbox 1760 656 1796 717; x_wconf 93' lang='grc'><strong>33</strong></span> <span class='ocrx_word' id='word_1_351' title='bbox 1811 653 1927 716; x_wconf 91' lang='lat' dir='ltr'>summi</span> <span class='ocrx_word' id='word_1_352' title='bbox 1940 639 2126 731; x_wconf 83' lang='lat' dir='ltr'>apostolatus</span> 
     </span>
     <span class='ocr_line' id='line_1_64' title="bbox 1380 742 2126 824; baseline 0.007 -20"><span class='ocrx_word' id='word_1_353' title='bbox 1380 742 1508 821; x_wconf 88' lang='lat' dir='ltr'>apicem,</span> <span class='ocrx_word' id='word_1_354' title='bbox 1531 745 1623 808; x_wconf 92' lang='lat' dir='ltr'>etiam</span> <span class='ocrx_word' id='word_1_355' title='bbox 1644 755 1742 822; x_wconf 91' lang='lat' dir='ltr'>motu,</span> <span class='ocrx_word' id='word_1_356' title='bbox 1770 745 1948 812; x_wconf 90' lang='grc'><strong>3313311331</strong></span> <span class='ocrx_word' id='word_1_357' title='bbox 1969 747 2126 824; x_wconf 91' lang='lat' dir='ltr'>potestatis</span> 
     </span>
     <span class='ocr_line' id='line_1_65' title="bbox 1380 837 2125 917; baseline 0.007 -19"><span class='ocrx_word' id='word_1_358' title='bbox 1380 837 1577 915; x_wconf 90' lang='lat' dir='ltr'>plenitudino</span> <span class='ocrx_word' id='word_1_359' title='bbox 1596 841 1731 917; x_wconf 82' lang='grc'><strong>33311133,</strong></span> <span class='ocrx_word' id='word_1_360' title='bbox 1753 840 1847 904; x_wconf 91' lang='grc'><strong>31133</strong></span> <span class='ocrx_word' id='word_1_361' title='bbox 1861 839 2125 916; x_wconf 87' lang='lat' dir='ltr'>consistorialiter,</span> 
     </span>
     <span class='ocr_line' id='line_1_66' title="bbox 1380 931 2128 1016; baseline 0.005 -24"><span class='ocrx_word' id='word_1_362' title='bbox 1380 947 1417 992; x_wconf 89' lang='lat' dir='ltr'><strong>ex</strong></span> <span class='ocrx_word' id='word_1_363' title='bbox 1433 931 1680 1012; x_wconf 90' lang='lat' dir='ltr'>quibuscumque</span> <span class='ocrx_word' id='word_1_364' title='bbox 1693 933 1802 1010; x_wconf 89' lang='lat' dir='ltr'>causis,</span> <span class='ocrx_word' id='word_1_365' title='bbox 1815 941 1846 998; x_wconf 90' lang='lat' dir='ltr'><strong>et</strong></span> <span class='ocrx_word' id='word_1_366' title='bbox 1856 935 1914 998; x_wconf 89' lang='lat' dir='ltr'><strong>sub</strong></span> <span class='ocrx_word' id='word_1_367' title='bbox 1929 933 2128 1016; x_wconf 92' lang='lat' dir='ltr'>quibuscum-</span> 
     </span>
     <span class='ocr_line' id='line_1_67' title="bbox 1379 1025 2127 1105; baseline 0.005 -20"><span class='ocrx_word' id='word_1_368' title='bbox 1379 1040 1441 1103; x_wconf 92' lang='lat' dir='ltr'><strong>que</strong></span> <span class='ocrx_word' id='word_1_369' title='bbox 1460 1025 1629 1090; x_wconf 91' lang='lat' dir='ltr'>verborum</span> <span class='ocrx_word' id='word_1_370' title='bbox 1643 1027 1905 1105; x_wconf 78' lang='lat' dir='ltr'>expressionibus,</span> <span class='ocrx_word' id='word_1_371' title='bbox 1922 1027 2083 1092; x_wconf 90' lang='lat' dir='ltr'>tenoribus</span> <span class='ocrx_word' id='word_1_372' title='bbox 2097 1034 2127 1090; x_wconf 93' lang='lat' dir='ltr'><strong>et</strong></span> 
     </span>
     <span class='ocr_line' id='line_1_68' title="bbox 1381 1115 2129 1201; baseline 0.004 -21"><span class='ocrx_word' id='word_1_373' title='bbox 1381 1115 1497 1193; x_wconf 85' lang='lat' dir='ltr'>formis,</span> <span class='ocrx_word' id='word_1_374' title='bbox 1519 1136 1553 1182; x_wconf 92' lang='lat' dir='ltr'><strong>ac</strong></span> <span class='ocrx_word' id='word_1_375' title='bbox 1573 1135 1644 1182; x_wconf 92' lang='lat' dir='ltr'><strong>cum</strong></span> <span class='ocrx_word' id='word_1_376' title='bbox 1672 1121 1832 1201; x_wconf 86' lang='lat' dir='ltr'>quibusvis</span> <span class='ocrx_word' id='word_1_377' title='bbox 1860 1122 2003 1186; x_wconf 88' lang='lat' dir='ltr'>clausulis</span> <span class='ocrx_word' id='word_1_378' title='bbox 2024 1129 2055 1184; x_wconf 91' lang='grc'><strong>31</strong></span> <span class='ocrx_word' id='word_1_379' title='bbox 2077 1123 2129 1185; x_wconf 90' lang='grc'><strong>33-</strong></span> 
     </span>
     <span class='ocr_line' id='line_1_69' title="bbox 1379 1210 2129 1294; baseline 0.008 -22"><span class='ocrx_word' id='word_1_380' title='bbox 1379 1210 1482 1285; x_wconf 89' lang='grc'><strong>333113,</strong></span> <span class='ocrx_word' id='word_1_381' title='bbox 1498 1210 1617 1274; x_wconf 90' lang='grc'><strong>3113331</strong></span> <span class='ocrx_word' id='word_1_382' title='bbox 1639 1213 1671 1276; x_wconf 92' lang='grc'><strong>13</strong></span> <span class='ocrx_word' id='word_1_383' title='bbox 1692 1215 1737 1276; x_wconf 90' lang='grc'><strong>313</strong></span> <span class='ocrx_word' id='word_1_384' title='bbox 1757 1213 1796 1276; x_wconf 91' lang='grc'><strong>33</strong></span> <span class='ocrx_word' id='word_1_385' title='bbox 1816 1215 1934 1280; x_wconf 88' lang='grc'><strong>313333</strong></span> <span class='ocrx_word' id='word_1_386' title='bbox 1959 1215 2129 1294; x_wconf 87' lang='grc'><strong>333333311-</strong></span> 
     </span>
     <span class='ocr_line' id='line_1_70' title="bbox 1380 1303 2129 1388; baseline 0.008 -24"><span class='ocrx_word' id='word_1_387' title='bbox 1380 1303 1435 1365; x_wconf 90' lang='lat' dir='ltr'>bus</span> <span class='ocrx_word' id='word_1_388' title='bbox 1457 1319 1626 1386; x_wconf 87' lang='lat' dir='ltr'>earumque</span> <span class='ocrx_word' id='word_1_389' title='bbox 1648 1315 1711 1370; x_wconf 94' lang='grc'><strong>1313</strong></span> <span class='ocrx_word' id='word_1_390' title='bbox 1739 1313 1846 1370; x_wconf 90' lang='grc'><strong>133333</strong></span> <span class='ocrx_word' id='word_1_391' title='bbox 1866 1325 1901 1370; x_wconf 92' lang='grc'><strong>33</strong></span> <span class='ocrx_word' id='word_1_392' title='bbox 1920 1309 1987 1372; x_wconf 92' lang='grc'><strong>3313</strong></span> <span class='ocrx_word' id='word_1_393' title='bbox 2015 1308 2129 1388; x_wconf 88' lang='grc'><strong>333313-</strong></span> 
     </span>
     <span class='ocr_line' id='line_1_71' title="bbox 1379 1395 2127 1482; baseline 0.008 -24"><span class='ocrx_word' id='word_1_394' title='bbox 1379 1395 1416 1458; x_wconf 89' lang='grc'><strong>113</strong></span> <span class='ocrx_word' id='word_1_395' title='bbox 1438 1397 1556 1461; x_wconf 89' lang='grc'><strong>333113</strong></span> <span class='ocrx_word' id='word_1_396' title='bbox 1577 1399 1639 1476; x_wconf 87' lang='lat' dir='ltr'>dat,</span> <span class='ocrx_word' id='word_1_397' title='bbox 1656 1399 1751 1464; x_wconf 91' lang='lat' dir='ltr'>editas</span> <span class='ocrx_word' id='word_1_398' title='bbox 1767 1409 1797 1464; x_wconf 92' lang='lat' dir='ltr'><strong>et</strong></span> <span class='ocrx_word' id='word_1_399' title='bbox 1812 1401 1844 1464; x_wconf 93' lang='grc'><strong>13</strong></span> <span class='ocrx_word' id='word_1_400' title='bbox 1859 1409 2020 1482; x_wconf 88' lang='lat' dir='ltr'>posterum</span> <span class='ocrx_word' id='word_1_401' title='bbox 2035 1403 2127 1466; x_wconf 89' lang='lat' dir='ltr'>eden-</span> 
     </span>
     <span class='ocr_line' id='line_1_72' title="bbox 1380 1489 2128 1574; baseline 0.011 -22"><span class='ocrx_word' id='word_1_402' title='bbox 1380 1489 1442 1567; x_wconf 90' lang='grc'><strong>333,</strong></span> <span class='ocrx_word' id='word_1_403' title='bbox 1455 1493 1686 1570; x_wconf 82' lang='lat' dir='ltr'>comprehendi,</span> <span class='ocrx_word' id='word_1_404' title='bbox 1699 1496 1751 1557; x_wconf 90' lang='lat' dir='ltr'><strong>sed</strong></span> <span class='ocrx_word' id='word_1_405' title='bbox 1766 1510 1889 1574; x_wconf 87' lang='lat' dir='ltr'>semper</span> <span class='ocrx_word' id='word_1_406' title='bbox 1904 1505 1935 1560; x_wconf 93' lang='lat' dir='ltr'><strong>et</strong></span> <span class='ocrx_word' id='word_1_407' title='bbox 1949 1495 2075 1560; x_wconf 92' lang='lat' dir='ltr'>omniuo</span> <span class='ocrx_word' id='word_1_408' title='bbox 2089 1495 2128 1560; x_wconf 92' lang='lat' dir='ltr'><strong>ab</strong></span> 
     </span>
     <span class='ocr_line' id='line_1_73' title="bbox 1378 1584 2127 1665; baseline 0.007 -20"><span class='ocrx_word' id='word_1_409' title='bbox 1378 1584 1440 1646; x_wconf 89' lang='grc'><strong>11113</strong></span> <span class='ocrx_word' id='word_1_410' title='bbox 1461 1587 1571 1663; x_wconf 90' lang='lat' dir='ltr'>excipi,</span> <span class='ocrx_word' id='word_1_411' title='bbox 1594 1594 1625 1648; x_wconf 91' lang='lat' dir='ltr'><strong>et</strong></span> <span class='ocrx_word' id='word_1_412' title='bbox 1646 1588 1766 1665; x_wconf 92' lang='lat' dir='ltr'>quoties</span> <span class='ocrx_word' id='word_1_413' title='bbox 1787 1588 1857 1651; x_wconf 88' lang='lat' dir='ltr'>illae</span> <span class='ocrx_word' id='word_1_414' title='bbox 1878 1589 2067 1652; x_wconf 90' lang='lat' dir='ltr'>emanabunt</span> <span class='ocrx_word' id='word_1_415' title='bbox 2081 1595 2127 1651; x_wconf 92' lang='lat' dir='ltr'><strong>to-</strong></span> 
     </span>
     <span class='ocr_line' id='line_1_74' title="bbox 1381 1679 2126 1756; baseline 0.008 -16"><span class='ocrx_word' id='word_1_416' title='bbox 1381 1679 1437 1740; x_wconf 89' lang='lat' dir='ltr'>ties</span> <span class='ocrx_word' id='word_1_417' title='bbox 1457 1679 1490 1740; x_wconf 92' lang='grc'><strong>13</strong></span> <span class='ocrx_word' id='word_1_418' title='bbox 1517 1679 1685 1756; x_wconf 88' lang='grc'><strong>331311333</strong></span> <span class='ocrx_word' id='word_1_419' title='bbox 1713 1688 1744 1743; x_wconf 90' lang='grc'><strong>31</strong></span> <span class='ocrx_word' id='word_1_420' title='bbox 1766 1681 1990 1745; x_wconf 89' lang='lat' dir='ltr'>validissimum</span> <span class='ocrx_word' id='word_1_421' title='bbox 2011 1691 2126 1746; x_wconf 91' lang='lat' dir='ltr'>statum</span> 
     </span>
     <span class='ocr_line' id='line_1_75' title="bbox 1379 1773 2127 1854; baseline 0.008 -20"><span class='ocrx_word' id='word_1_422' title='bbox 1379 1773 1547 1849; x_wconf 89' lang='lat' dir='ltr'>restitutas,</span> <span class='ocrx_word' id='word_1_423' title='bbox 1571 1774 1718 1852; x_wconf 85' lang='lat' dir='ltr'>repositas</span> <span class='ocrx_word' id='word_1_424' title='bbox 1739 1783 1770 1838; x_wconf 93' lang='grc'><strong>31</strong></span> <span class='ocrx_word' id='word_1_425' title='bbox 1794 1775 1932 1853; x_wconf 91' lang='grc'><strong>31333313</strong></span> <span class='ocrx_word' id='word_1_426' title='bbox 1957 1776 2127 1854; x_wconf 85' lang='lat' dir='ltr'>reintegra·</span> 
     </span>
     <span class='ocr_line' id='line_1_76' title="bbox 1381 1865 1658 1930; baseline 0.004 -4"><span class='ocrx_word' id='word_1_427' title='bbox 1381 1873 1423 1926; x_wconf 91' lang='lat' dir='ltr'><strong>tas</strong></span> <span class='ocrx_word' id='word_1_428' title='bbox 1444 1865 1509 1928; x_wconf 86' lang='lat' dir='ltr'>lore</span> <span class='ocrx_word' id='word_1_429' title='bbox 1529 1876 1562 1928; x_wconf 90' lang='grc'><strong>31</strong></span> <span class='ocrx_word' id='word_1_430' title='bbox 1581 1883 1658 1930; x_wconf 88' lang='grc'><strong>3333.</strong></span> 
     </span>
    </p>

    <p class='ocr_par' dir='ltr' id='par_1_8' title="bbox 1377 1959 2128 2700">
     <span class='ocr_line' id='line_1_77' title="bbox 1418 1959 2128 2043; baseline 0.008 -23"><span class='ocrx_word' id='word_1_431' title='bbox 1418 1959 1437 2034; x_wconf 69' lang='lat'>5</span> <span class='ocrx_word' id='word_1_432' title='bbox 1460 1959 1506 2021; x_wconf 90' lang='lat' dir='ltr'><strong>ld.</strong></span> <span class='ocrx_word' id='word_1_433' title='bbox 1524 1959 1646 2040; x_wconf 85' lang='lat' dir='ltr'>Sisque,</span> <span class='ocrx_word' id='word_1_434' title='bbox 1659 1968 1691 2024; x_wconf 91' lang='lat' dir='ltr'><strong>et</strong></span> <span class='ocrx_word' id='word_1_435' title='bbox 1701 1978 1765 2025; x_wconf 94' lang='lat' dir='ltr'><strong>uon</strong></span> <span class='ocrx_word' id='word_1_436' title='bbox 1779 1962 1881 2040; x_wconf 88' lang='lat' dir='ltr'>aliter,</span> <span class='ocrx_word' id='word_1_437' title='bbox 1895 1979 1950 2043; x_wconf 93' lang='lat' dir='ltr'><strong>per</strong></span> <span class='ocrx_word' id='word_1_438' title='bbox 1962 1980 2128 2042; x_wconf 89' lang='lat' dir='ltr'>quoscum-</span> 
     </span>
     <span class='ocr_line' id='line_1_78' title="bbox 1377 2051 2127 2137; baseline 0.009 -24"><span class='ocrx_word' id='word_1_439' title='bbox 1377 2067 1439 2129; x_wconf 92' lang='lat' dir='ltr'><strong>que</strong></span> <span class='ocrx_word' id='word_1_440' title='bbox 1457 2051 1573 2116; x_wconf 90' lang='lat' dir='ltr'>iudices</span> <span class='ocrx_word' id='word_1_441' title='bbox 1595 2055 1766 2119; x_wconf 89' lang='lat' dir='ltr'>ordinarios</span> <span class='ocrx_word' id='word_1_442' title='bbox 1787 2059 1837 2120; x_wconf 90' lang='lat' dir='ltr'><strong>vel</strong></span> <span class='ocrx_word' id='word_1_443' title='bbox 1852 2059 2004 2134; x_wconf 86' lang='lat' dir='ltr'>delegatos</span> <span class='ocrx_word' id='word_1_444' title='bbox 2019 2073 2127 2137; x_wconf 83' lang='lat' dir='ltr'>quavis</span> 
     </span>
     <span class='ocr_line' id='line_1_79' title="bbox 1378 2147 2127 2232; baseline 0.012 -26"><span class='ocrx_word' id='word_1_445' title='bbox 1378 2147 1558 2210; x_wconf 89' lang='lat' dir='ltr'>auctoritate</span> <span class='ocrx_word' id='word_1_446' title='bbox 1587 2147 1766 2227; x_wconf 85' lang='lat' dir='ltr'>iungentes,</span> <span class='ocrx_word' id='word_1_447' title='bbox 1788 2159 1819 2214; x_wconf 93' lang='lat' dir='ltr'><strong>et</strong></span> <span class='ocrx_word' id='word_1_448' title='bbox 1841 2167 2001 2214; x_wconf 88' lang='lat' dir='ltr'>causarum</span> <span class='ocrx_word' id='word_1_449' title='bbox 2025 2150 2127 2232; x_wconf 89' lang='lat' dir='ltr'>palatii</span> 
     </span>
     <span class='ocr_line' id='line_1_80' title="bbox 1377 2240 2128 2321; baseline 0.009 -20"><span class='ocrx_word' id='word_1_450' title='bbox 1377 2240 1532 2318; x_wconf 90' lang='lat' dir='ltr'>apostolici</span> <span class='ocrx_word' id='word_1_451' title='bbox 1543 2243 1710 2321; x_wconf 87' lang='lat' dir='ltr'>auditores,</span> <span class='ocrx_word' id='word_1_452' title='bbox 1721 2262 1755 2308; x_wconf 94' lang='lat' dir='ltr'><strong>ac</strong></span> <span class='ocrx_word' id='word_1_453' title='bbox 1767 2245 1894 2310; x_wconf 87' lang='lat' dir='ltr'>Sanctae</span> <span class='ocrx_word' id='word_1_454' title='bbox 1906 2247 2060 2310; x_wconf 88' lang='grc'><strong>11333333</strong></span> <span class='ocrx_word' id='word_1_455' title='bbox 2071 2245 2128 2308; x_wconf 83' lang='lat' dir='ltr'><strong>Ec·</strong></span> 
     </span>
     <span class='ocr_line' id='line_1_81' title="bbox 1377 2333 2125 2418; baseline 0.007 -23"><span class='ocrx_word' id='word_1_456' title='bbox 1377 2333 1486 2397; x_wconf 77' lang='lat' dir='ltr'>clasiae</span> <span class='ocrx_word' id='word_1_457' title='bbox 1507 2335 1683 2402; x_wconf 87' lang='lat' dir='ltr'>Cardinales</span> <span class='ocrx_word' id='word_1_458' title='bbox 1703 2341 1797 2403; x_wconf 89' lang='lat' dir='ltr'>etiam</span> <span class='ocrx_word' id='word_1_459' title='bbox 1817 2342 1855 2404; x_wconf 90' lang='grc'><strong>33</strong></span> <span class='ocrx_word' id='word_1_460' title='bbox 1875 2341 1970 2404; x_wconf 88' lang='grc'><strong>131333</strong></span> <span class='ocrx_word' id='word_1_461' title='bbox 1985 2340 2125 2418; x_wconf 77' lang='lat' dir='ltr'>Legatos,</span> 
     </span>
     <span class='ocr_line' id='line_1_82' title="bbox 1378 2427 2127 2511; baseline 0.011 -23"><span class='ocrx_word' id='word_1_462' title='bbox 1378 2427 1445 2490; x_wconf 84' lang='lat' dir='ltr'>vice</span> <span class='ocrx_word' id='word_1_463' title='bbox 1456 2427 1594 2506; x_wconf 87' lang='lat' dir='ltr'>Legatos,</span> <span class='ocrx_word' id='word_1_464' title='bbox 1606 2431 1765 2511; x_wconf 91' lang='lat' dir='ltr'>dictaeque</span> <span class='ocrx_word' id='word_1_465' title='bbox 1781 2433 1866 2498; x_wconf 88' lang='lat' dir='ltr'>Sedis</span> <span class='ocrx_word' id='word_1_466' title='bbox 1877 2431 1903 2496; x_wconf 92' lang='lat' dir='ltr'>N</span> <span class='ocrx_word' id='word_1_467' title='bbox 1908 2434 2024 2510; x_wconf 91' lang='grc'><strong>333133,</strong></span> <span class='ocrx_word' id='word_1_468' title='bbox 2039 2433 2127 2498; x_wconf 89' lang='lat' dir='ltr'>alios·</span> 
     </span>
     <span class='ocr_line' id='line_1_83' title="bbox 1378 2525 2125 2605; baseline 0.011 -23"><span class='ocrx_word' id='word_1_469' title='bbox 1378 2537 1440 2600; x_wconf 91' lang='lat' dir='ltr'><strong>que</strong></span> <span class='ocrx_word' id='word_1_470' title='bbox 1458 2537 1673 2602; x_wconf 90' lang='lat' dir='ltr'>quoscumque</span> <span class='ocrx_word' id='word_1_471' title='bbox 1694 2526 1800 2602; x_wconf 89' lang='lat' dir='ltr'>quavis</span> <span class='ocrx_word' id='word_1_472' title='bbox 1826 2525 2018 2603; x_wconf 89' lang='lat' dir='ltr'>auctoritate,</span> <span class='ocrx_word' id='word_1_473' title='bbox 2040 2537 2125 2605; x_wconf 88' lang='lat' dir='ltr'>pote-</span> 
     </span>
     <span class='ocr_line' id='line_1_84' title="bbox 1377 2614 2125 2700; baseline 0.011 -25"><span class='ocrx_word' id='word_1_474' title='bbox 1377 2621 1467 2690; x_wconf 91' lang='lat' dir='ltr'>state,</span> <span class='ocrx_word' id='word_1_475' title='bbox 1496 2614 1649 2694; x_wconf 88' lang='lat' dir='ltr'>iacultate,</span> <span class='ocrx_word' id='word_1_476' title='bbox 1677 2619 1886 2698; x_wconf 87' lang='lat' dir='ltr'>praerogativa</span> <span class='ocrx_word' id='word_1_477' title='bbox 1907 2638 1939 2684; x_wconf 89' lang='grc'><strong>33</strong></span> <span class='ocrx_word' id='word_1_478' title='bbox 1960 2619 2125 2700; x_wconf 88' lang='lat' dir='ltr'>privilegio</span> 
     </span>
    </p>
   </div>
   <div class='ocr_carea' id='block_1_7' title="bbox 1372 2707 2126 2798">
    <p class='ocr_par' dir='ltr' id='par_1_9' title="bbox 1372 2707 2126 2798">
     <span class='ocr_line' id='line_1_85' title="bbox 1372 2707 2126 2798; baseline 0.009 -29"><span class='ocrx_word' id='word_1_479' title='bbox 1372 2707 1555 2798; x_wconf 76' lang='lat' dir='ltr'>iungentes,</span> <span class='ocrx_word' id='word_1_480' title='bbox 1576 2729 1610 2774; x_wconf 93' lang='lat' dir='ltr'><strong>ac</strong></span> <span class='ocrx_word' id='word_1_481' title='bbox 1631 2711 1749 2774; x_wconf 90' lang='lat' dir='ltr'>bonore</span> <span class='ocrx_word' id='word_1_482' title='bbox 1763 2722 1794 2775; x_wconf 92' lang='lat' dir='ltr'><strong>et</strong></span> <span class='ocrx_word' id='word_1_483' title='bbox 1809 2714 2051 2792; x_wconf 90' lang='lat' dir='ltr'>praeeminentia</span> <span class='ocrx_word' id='word_1_484' title='bbox 2065 2713 2126 2778; x_wconf 87' lang='lat' dir='ltr'>tul-</span> 
     </span>
    </p>
   </div>
   <div class='ocr_carea' id='block_1_8' title="bbox 1377 2804 2126 3524">
    <p class='ocr_par' dir='ltr' id='par_1_10' title="bbox 1377 2804 2126 3524">
     <span class='ocr_line' id='line_1_86' title="bbox 1378 2804 2126 2887; baseline 0.008 -23"><span class='ocrx_word' id='word_1_485' title='bbox 1378 2811 1498 2879; x_wconf 88' lang='lat' dir='ltr'>gentes,</span> <span class='ocrx_word' id='word_1_486' title='bbox 1519 2804 1637 2868; x_wconf 90' lang='lat' dir='ltr'>sublata</span> <span class='ocrx_word' id='word_1_487' title='bbox 1657 2806 1701 2868; x_wconf 90' lang='lat' dir='ltr'><strong>eis</strong></span> <span class='ocrx_word' id='word_1_488' title='bbox 1721 2815 1753 2869; x_wconf 91' lang='lat' dir='ltr'><strong>et</strong></span> <span class='ocrx_word' id='word_1_489' title='bbox 1773 2823 1884 2870; x_wconf 92' lang='lat' dir='ltr'>eorum</span> <span class='ocrx_word' id='word_1_490' title='bbox 1903 2808 2031 2871; x_wconf 91' lang='lat' dir='ltr'>cuilibet</span> <span class='ocrx_word' id='word_1_491' title='bbox 2052 2825 2126 2887; x_wconf 91' lang='lat' dir='ltr'>qua·</span> 
     </span>
     <span class='ocr_line' id='line_1_87' title="bbox 1379 2896 2124 2980; baseline 0.012 -22"><span class='ocrx_word' id='word_1_492' title='bbox 1379 2896 1425 2958; x_wconf 93' lang='lat' dir='ltr'><strong>vis</strong></span> <span class='ocrx_word' id='word_1_493' title='bbox 1445 2896 1535 2960; x_wconf 92' lang='lat' dir='ltr'>aliter</span> <span class='ocrx_word' id='word_1_494' title='bbox 1560 2899 1712 2963; x_wconf 90' lang='lat' dir='ltr'>iudicandi</span> <span class='ocrx_word' id='word_1_495' title='bbox 1734 2908 1765 2964; x_wconf 92' lang='lat' dir='ltr'><strong>et</strong></span> <span class='ocrx_word' id='word_1_496' title='bbox 1785 2902 2010 2980; x_wconf 90' lang='lat' dir='ltr'>interpretandi</span> <span class='ocrx_word' id='word_1_497' title='bbox 2031 2902 2124 2966; x_wconf 87' lang='lat' dir='ltr'>iacul-</span> 
     </span>
     <span class='ocr_line' id='line_1_88' title="bbox 1379 2993 2125 3074; baseline 0.009 -21"><span class='ocrx_word' id='word_1_498' title='bbox 1379 2997 1441 3053; x_wconf 88' lang='lat' dir='ltr'>tate</span> <span class='ocrx_word' id='word_1_499' title='bbox 1462 2999 1494 3056; x_wconf 93' lang='lat' dir='ltr'><strong>et</strong></span> <span class='ocrx_word' id='word_1_500' title='bbox 1523 2993 1703 3056; x_wconf 88' lang='lat' dir='ltr'>auctoritate</span> <span class='ocrx_word' id='word_1_501' title='bbox 1723 2994 1755 3057; x_wconf 90' lang='lat' dir='ltr'>in</span> <span class='ocrx_word' id='word_1_502' title='bbox 1785 3011 1983 3074; x_wconf 91' lang='lat' dir='ltr'>quocumque</span> <span class='ocrx_word' id='word_1_503' title='bbox 2013 2996 2125 3060; x_wconf 90' lang='lat' dir='ltr'>iudicio</span> 
     </span>
     <span class='ocr_line' id='line_1_89' title="bbox 1378 3083 2124 3166; baseline 0.009 -21"><span class='ocrx_word' id='word_1_504' title='bbox 1378 3093 1409 3146; x_wconf 93' lang='lat' dir='ltr'><strong>et</strong></span> <span class='ocrx_word' id='word_1_505' title='bbox 1429 3083 1462 3146; x_wconf 92' lang='grc'><strong>13</strong></span> <span class='ocrx_word' id='word_1_506' title='bbox 1484 3102 1679 3166; x_wconf 89' lang='grc'><strong>333333333</strong></span> <span class='ocrx_word' id='word_1_507' title='bbox 1709 3089 1854 3152; x_wconf 89' lang='lat' dir='ltr'>instantia</span> <span class='ocrx_word' id='word_1_508' title='bbox 1875 3090 2000 3153; x_wconf 91' lang='lat' dir='ltr'>iudicari</span> <span class='ocrx_word' id='word_1_509' title='bbox 2022 3097 2054 3153; x_wconf 91' lang='lat' dir='ltr'><strong>et</strong></span> <span class='ocrx_word' id='word_1_510' title='bbox 2073 3092 2124 3154; x_wconf 91' lang='lat' dir='ltr'><strong>de·</strong></span> 
     </span>
     <span class='ocr_line' id='line_1_90' title="bbox 1379 3178 2124 3262; baseline 0.009 -23"><span class='ocrx_word' id='word_1_511' title='bbox 1379 3178 1463 3240; x_wconf 90' lang='grc'><strong>113131</strong></span> <span class='ocrx_word' id='word_1_512' title='bbox 1484 3179 1614 3258; x_wconf 71' lang='grc'><strong>3333333</strong></span> <span class='ocrx_word' id='word_1_513' title='bbox 1638 3179 1764 3245; x_wconf 87' lang='grc'><strong>1331133</strong></span> <span class='ocrx_word' id='word_1_514' title='bbox 1790 3199 1913 3262; x_wconf 89' lang='grc'><strong>333333</strong></span> <span class='ocrx_word' id='word_1_515' title='bbox 1934 3193 1965 3247; x_wconf 94' lang='grc'><strong>31</strong></span> <span class='ocrx_word' id='word_1_516' title='bbox 1978 3183 2083 3261; x_wconf 90' lang='grc'><strong>13333,</strong></span> <span class='ocrx_word' id='word_1_517' title='bbox 2098 3186 2124 3248; x_wconf 87' lang='grc'><strong>31</strong></span> 
     </span>
     <span class='ocr_line' id='line_1_91' title="bbox 1377 3273 2125 3354; baseline 0.011 -22"><span class='ocrx_word' id='word_1_518' title='bbox 1377 3287 1464 3334; x_wconf 90' lang='grc'><strong>33333</strong></span> <span class='ocrx_word' id='word_1_519' title='bbox 1484 3287 1578 3350; x_wconf 90' lang='grc'><strong>33333</strong></span> <span class='ocrx_word' id='word_1_520' title='bbox 1599 3273 1645 3336; x_wconf 87' lang='grc'><strong>313</strong></span> <span class='ocrx_word' id='word_1_521' title='bbox 1666 3290 1681 3334; x_wconf 93' lang='grc'><strong>3</strong></span> <span class='ocrx_word' id='word_1_522' title='bbox 1702 3290 1855 3354; x_wconf 89' lang='grc'><strong>3333333</strong></span> <span class='ocrx_word' id='word_1_523' title='bbox 1872 3277 2125 3354; x_wconf 89' lang='grc'><strong>3333133331331-</strong></span> 
     </span>
     <span class='ocr_line' id='line_1_92' title="bbox 1380 3366 2124 3450; baseline 0.012 -22"><span class='ocrx_word' id='word_1_524' title='bbox 1380 3373 1440 3428; x_wconf 89' lang='grc'><strong>1313</strong></span> <span class='ocrx_word' id='word_1_525' title='bbox 1459 3366 1594 3429; x_wconf 87' lang='grc'><strong>33133133</strong></span> <span class='ocrx_word' id='word_1_526' title='bbox 1614 3367 1664 3430; x_wconf 91' lang='grc'><strong>331</strong></span> <span class='ocrx_word' id='word_1_527' title='bbox 1690 3368 1873 3444; x_wconf 88' lang='lat' dir='ltr'>ignoranter</span> <span class='ocrx_word' id='word_1_528' title='bbox 1893 3371 2060 3450; x_wconf 88' lang='lat' dir='ltr'>contigerit</span> <span class='ocrx_word' id='word_1_529' title='bbox 2080 3387 2124 3438; x_wconf 88' lang='lat' dir='ltr'><strong>at·</strong></span> 
     </span>
     <span class='ocr_line' id='line_1_93' title="bbox 1380 3460 1502 3524; baseline 0.008 -3"><span class='ocrx_word' id='word_1_530' title='bbox 1380 3460 1502 3524; x_wconf 91' lang='lat' dir='ltr'>tentari.</span> 
     </span>
    </p>
   </div>
   <div class='ocr_carea' id='block_1_9' title="bbox 2157 513 2341 573">
    <p class='ocr_par' dir='ltr' id='par_1_11' title="bbox 2157 513 2341 573">
     <span class='ocr_line' id='line_1_94' title="bbox 2157 513 2341 573; baseline 0.027 -5"><span class='ocrx_word' id='word_1_531' title='bbox 2157 513 2214 570; x_wconf 73' lang='lat' dir='ltr'><strong>An.</strong></span> <span class='ocrx_word' id='word_1_532' title='bbox 2229 518 2259 570; x_wconf 82' lang='lat'><strong>0.</strong></span> <span class='ocrx_word' id='word_1_533' title='bbox 2279 517 2341 573; x_wconf 78' lang='lat' dir='ltr'>litt</span> 
     </span>
    </p>
   </div>
   <div class='ocr_carea' id='block_1_10' title="bbox 2181 1973 2348 2023">
    <p class='ocr_par' dir='ltr' id='par_1_12' title="bbox 2181 1973 2348 2023">
     <span class='ocr_line' id='line_1_95' title="bbox 2181 1973 2348 2023; baseline 0.054 -8"><span class='ocrx_word' id='word_1_534' title='bbox 2181 1973 2309 2023; x_wconf 83' lang='lat' dir='ltr'>Decretum</span> <span class='ocrx_word' id='word_1_535' title='bbox 2322 1978 2348 2023; x_wconf 90' lang='lat' dir='ltr'><strong>ir-</strong></span> 
     </span>
    </p>
   </div>
   <div class='ocr_carea' id='block_1_11' title="bbox 2104 2025 2238 2072">
    <p class='ocr_par' dir='ltr' id='par_1_13' title="bbox 2104 2025 2238 2072">
     <span class='ocr_line' id='line_1_96' title="bbox 2104 2025 2238 2072; baseline 0.015 -4"><span class='ocrx_word' id='word_1_536' title='bbox 2104 2057 2109 2068; x_wconf 94' lang='lat'><em>.</em></span> <span class='ocrx_word' id='word_1_537' title='bbox 2147 2025 2238 2072; x_wconf 82' lang='lat' dir='ltr'>ritans.</span> 
     </span>
    </p>
   </div>
   <div class='ocr_carea' id='block_1_12' title="bbox 1417 3537 2352 3640">
    <p class='ocr_par' dir='ltr' id='par_1_14' title="bbox 1417 3537 2352 3640">
     <span class='ocr_line' id='line_1_97' title="bbox 1417 3537 2352 3640; baseline 0.001 -23"><span class='ocrx_word' id='word_1_538' title='bbox 1417 3555 1436 3629; x_wconf 70' lang='grc' dir='ltr'><strong>ἓ</strong></span> <span class='ocrx_word' id='word_1_539' title='bbox 1459 3553 1506 3616; x_wconf 87' lang='grc'><strong>11.</strong></span> <span class='ocrx_word' id='word_1_540' title='bbox 1531 3553 1598 3618; x_wconf 93' lang='lat' dir='ltr'><strong>Non</strong></span> <span class='ocrx_word' id='word_1_541' title='bbox 1630 3557 1832 3635; x_wconf 88' lang='lat' dir='ltr'>obstantibus,</span> <span class='ocrx_word' id='word_1_542' title='bbox 1866 3569 2020 3640; x_wconf 88' lang='lat' dir='ltr'>quatenus</span> <span class='ocrx_word' id='word_1_543' title='bbox 2046 3577 2123 3640; x_wconf 93' lang='lat' dir='ltr'>opus</span> <span class='ocrx_word' id='word_1_544' title='bbox 2155 3537 2352 3628; x_wconf 64' lang='grc' dir='ltr'><strong>3333333333ιῖ</strong></span> 
     </span>
    </p>
   </div>
   <div class='ocr_carea' id='block_1_13' title="bbox 1377 3647 2125 5618">
    <p class='ocr_par' dir='ltr' id='par_1_15' title="bbox 1377 3647 2125 5618">
     <span class='ocr_line' id='line_1_98' title="bbox 1377 3647 2123 3735; baseline 0.012 -26"><span class='ocrx_word' id='word_1_545' title='bbox 1377 3647 1428 3723; x_wconf 91' lang='grc'><strong>311,</strong></span> <span class='ocrx_word' id='word_1_546' title='bbox 1451 3657 1555 3712; x_wconf 90' lang='grc'><strong>333133</strong></span> <span class='ocrx_word' id='word_1_547' title='bbox 1575 3658 1606 3712; x_wconf 90' lang='grc'><strong>31</strong></span> <span class='ocrx_word' id='word_1_548' title='bbox 1626 3653 1825 3716; x_wconf 90' lang='lat' dir='ltr'>cancellariae</span> <span class='ocrx_word' id='word_1_549' title='bbox 1844 3655 2024 3734; x_wconf 89' lang='lat' dir='ltr'>apostolicae</span> <span class='ocrx_word' id='word_1_550' title='bbox 2038 3671 2123 3735; x_wconf 90' lang='lat' dir='ltr'>prae·</span> 
     </span>
     <span class='ocr_line' id='line_1_99' title="bbox 1377 3739 2122 3825; baseline 0.013 -24"><span class='ocrx_word' id='word_1_551' title='bbox 1377 3739 1474 3802; x_wconf 89' lang='lat' dir='ltr'>dictae</span> <span class='ocrx_word' id='word_1_552' title='bbox 1488 3742 1594 3819; x_wconf 88' lang='lat' dir='ltr'>regula</span> <span class='ocrx_word' id='word_1_553' title='bbox 1608 3743 1646 3806; x_wconf 93' lang='lat' dir='ltr'><strong>de</strong></span> <span class='ocrx_word' id='word_1_554' title='bbox 1660 3745 1729 3808; x_wconf 93' lang='lat' dir='ltr'>iure</span> <span class='ocrx_word' id='word_1_555' title='bbox 1742 3746 1880 3825; x_wconf 84' lang='lat' dir='ltr'>quaesito</span> <span class='ocrx_word' id='word_1_556' title='bbox 1894 3763 1958 3811; x_wconf 93' lang='grc'><strong>333</strong></span> <span class='ocrx_word' id='word_1_557' title='bbox 1975 3748 2122 3824; x_wconf 91' lang='grc'><strong>13113333,</strong></span> 
     </span>
     <span class='ocr_line' id='line_1_100' title="bbox 1378 3835 2122 3919; baseline 0.013 -24"><span class='ocrx_word' id='word_1_558' title='bbox 1378 3835 1506 3915; x_wconf 89' lang='grc'><strong>31113333</strong></span> <span class='ocrx_word' id='word_1_559' title='bbox 1526 3837 1559 3898; x_wconf 90' lang='grc'><strong>13</strong></span> <span class='ocrx_word' id='word_1_560' title='bbox 1574 3839 1764 3904; x_wconf 89' lang='grc'><strong>3331333133</strong></span> <span class='ocrx_word' id='word_1_561' title='bbox 1779 3842 2029 3919; x_wconf 90' lang='lat' dir='ltr'>praemissorum,</span> <span class='ocrx_word' id='word_1_562' title='bbox 2046 3851 2076 3905; x_wconf 92' lang='lat' dir='ltr'><strong>et</strong></span> <span class='ocrx_word' id='word_1_563' title='bbox 2091 3843 2122 3906; x_wconf 94' lang='lat' dir='ltr'>in</span> 
     </span>
     <span class='ocr_line' id='line_1_101' title="bbox 1379 3930 2123 4014; baseline 0.013 -24"><span class='ocrx_word' id='word_1_564' title='bbox 1379 3930 1587 4008; x_wconf 80' lang='lat' dir='ltr'>synodalibus,</span> <span class='ocrx_word' id='word_1_565' title='bbox 1610 3934 1860 4012; x_wconf 90' lang='lat' dir='ltr'>provincialibus,</span> <span class='ocrx_word' id='word_1_566' title='bbox 1883 3937 2079 4014; x_wconf 87' lang='lat' dir='ltr'>generalibus</span> <span class='ocrx_word' id='word_1_567' title='bbox 2093 3945 2123 4000; x_wconf 91' lang='grc'><strong>31</strong></span> 
     </span>
     <span class='ocr_line' id='line_1_102' title="bbox 1379 4024 2124 4095; baseline 0.009 -8"><span class='ocrx_word' id='word_1_568' title='bbox 1379 4024 1607 4089; x_wconf 89' lang='lat' dir='ltr'>universalibus</span> <span class='ocrx_word' id='word_1_569' title='bbox 1637 4027 1773 4090; x_wconf 90' lang='lat' dir='ltr'>conciliis</span> <span class='ocrx_word' id='word_1_570' title='bbox 1805 4029 1894 4092; x_wconf 90' lang='lat' dir='ltr'>editis</span> <span class='ocrx_word' id='word_1_571' title='bbox 1921 4031 1971 4094; x_wconf 93' lang='lat' dir='ltr'><strong>vel</strong></span> <span class='ocrx_word' id='word_1_572' title='bbox 1998 4033 2124 4095; x_wconf 91' lang='lat' dir='ltr'>edendis</span> 
     </span>
     <span class='ocr_line' id='line_1_103' title="bbox 1379 4119 2125 4200; baseline 0.009 -18"><span class='ocrx_word' id='word_1_573' title='bbox 1379 4119 1558 4198; x_wconf 89' lang='lat' dir='ltr'>specialibus</span> <span class='ocrx_word' id='word_1_574' title='bbox 1592 4123 1642 4184; x_wconf 93' lang='lat' dir='ltr'><strong>vel</strong></span> <span class='ocrx_word' id='word_1_575' title='bbox 1672 4123 1867 4200; x_wconf 88' lang='lat' dir='ltr'>generalibus</span> <span class='ocrx_word' id='word_1_576' title='bbox 1897 4126 2125 4189; x_wconf 90' lang='lat' dir='ltr'>constitutioni·</span> 
     </span>
     <span class='ocr_line' id='line_1_104' title="bbox 1381 4217 2124 4301; baseline 0.012 -23"><span class='ocrx_word' id='word_1_577' title='bbox 1381 4217 1437 4280; x_wconf 90' lang='lat' dir='ltr'><strong>bus</strong></span> <span class='ocrx_word' id='word_1_578' title='bbox 1453 4223 1483 4278; x_wconf 92' lang='lat' dir='ltr'><strong>et</strong></span> <span class='ocrx_word' id='word_1_579' title='bbox 1495 4217 1739 4282; x_wconf 88' lang='lat' dir='ltr'>ordinationibus</span> <span class='ocrx_word' id='word_1_580' title='bbox 1749 4219 1936 4299; x_wconf 70' lang='lat' dir='ltr'>apostolicis,</span> <span class='ocrx_word' id='word_1_581' title='bbox 1952 4222 2124 4301; x_wconf 88' lang='lat' dir='ltr'>privilegiis</span> 
     </span>
     <span class='ocr_line' id='line_1_105' title="bbox 1380 4311 2125 4398; baseline 0.009 -25"><span class='ocrx_word' id='word_1_582' title='bbox 1380 4327 1515 4390; x_wconf 91' lang='lat' dir='ltr'>quoque,</span> <span class='ocrx_word' id='word_1_583' title='bbox 1531 4311 1672 4386; x_wconf 92' lang='lat' dir='ltr'>indultis,</span> <span class='ocrx_word' id='word_1_584' title='bbox 1695 4321 1725 4376; x_wconf 90' lang='lat' dir='ltr'><strong>et</strong></span> <span class='ocrx_word' id='word_1_585' title='bbox 1746 4313 1844 4376; x_wconf 91' lang='lat' dir='ltr'>literis</span> <span class='ocrx_word' id='word_1_586' title='bbox 1867 4317 2038 4393; x_wconf 89' lang='lat' dir='ltr'>apostolicis</span> <span class='ocrx_word' id='word_1_587' title='bbox 2057 4319 2125 4398; x_wconf 93' lang='lat' dir='ltr'>qui-</span> 
     </span>
     <span class='ocr_line' id='line_1_106' title="bbox 1381 4405 2123 4494; baseline 0.012 -26"><span class='ocrx_word' id='word_1_588' title='bbox 1381 4405 1485 4468; x_wconf 89' lang='lat' dir='ltr'>busvis</span> <span class='ocrx_word' id='word_1_589' title='bbox 1514 4406 1724 4482; x_wconf 88' lang='lat' dir='ltr'>superioribus</span> <span class='ocrx_word' id='word_1_590' title='bbox 1752 4416 1782 4469; x_wconf 92' lang='grc'><strong>31</strong></span> <span class='ocrx_word' id='word_1_591' title='bbox 1810 4410 1949 4486; x_wconf 89' lang='lat' dir='ltr'>personis</span> <span class='ocrx_word' id='word_1_592' title='bbox 1978 4413 2123 4494; x_wconf 91' lang='lat' dir='ltr'>subqui-</span> 
     </span>
     <span class='ocr_line' id='line_1_107' title="bbox 1380 4497 2124 4581; baseline 0.012 -19"><span class='ocrx_word' id='word_1_593' title='bbox 1380 4497 1574 4578; x_wconf 91' lang='lat' dir='ltr'>buscumque</span> <span class='ocrx_word' id='word_1_594' title='bbox 1605 4501 1766 4564; x_wconf 91' lang='lat' dir='ltr'>tenoribus</span> <span class='ocrx_word' id='word_1_595' title='bbox 1786 4510 1819 4567; x_wconf 92' lang='lat' dir='ltr'><strong>et</strong></span> <span class='ocrx_word' id='word_1_596' title='bbox 1838 4503 1958 4581; x_wconf 91' lang='lat' dir='ltr'>lormis,</span> <span class='ocrx_word' id='word_1_597' title='bbox 1988 4523 2022 4568; x_wconf 92' lang='grc'><strong>33</strong></span> <span class='ocrx_word' id='word_1_598' title='bbox 2052 4523 2124 4571; x_wconf 90' lang='grc'><strong>333</strong></span> 
     </span>
     <span class='ocr_line' id='line_1_108' title="bbox 1379 4593 2124 4678; baseline 0.012 -22"><span class='ocrx_word' id='word_1_599' title='bbox 1379 4593 1540 4672; x_wconf 89' lang='lat' dir='ltr'>quibusvis</span> <span class='ocrx_word' id='word_1_600' title='bbox 1561 4594 1653 4658; x_wconf 91' lang='lat' dir='ltr'>etiam</span> <span class='ocrx_word' id='word_1_601' title='bbox 1681 4597 1945 4673; x_wconf 89' lang='lat' dir='ltr'>derogaturiarum</span> <span class='ocrx_word' id='word_1_602' title='bbox 1966 4599 2124 4678; x_wconf 89' lang='lat' dir='ltr'>derogato-</span> 
     </span>
     <span class='ocr_line' id='line_1_109' title="bbox 1381 4686 2123 4767; baseline 0.015 -19"><span class='ocrx_word' id='word_1_603' title='bbox 1381 4686 1446 4762; x_wconf 90' lang='lat' dir='ltr'>riis,</span> <span class='ocrx_word' id='word_1_604' title='bbox 1467 4687 1596 4767; x_wconf 89' lang='lat' dir='ltr'>aliisquo</span> <span class='ocrx_word' id='word_1_605' title='bbox 1617 4689 1847 4767; x_wconf 81' lang='lat' dir='ltr'>efficacioribus,</span> <span class='ocrx_word' id='word_1_606' title='bbox 1864 4693 2078 4758; x_wconf 81' lang='lat' dir='ltr'>efficacissimis</span> <span class='ocrx_word' id='word_1_607' title='bbox 2092 4705 2123 4759; x_wconf 94' lang='lat' dir='ltr'><strong>et</strong></span> 
     </span>
     <span class='ocr_line' id='line_1_110' title="bbox 1381 4780 2123 4858; baseline 0.013 -16"><span class='ocrx_word' id='word_1_608' title='bbox 1381 4780 1513 4844; x_wconf 92' lang='lat' dir='ltr'>insolitis</span> <span class='ocrx_word' id='word_1_609' title='bbox 1537 4781 1692 4858; x_wconf 87' lang='lat' dir='ltr'>clausulis,</span> <span class='ocrx_word' id='word_1_610' title='bbox 1716 4784 1910 4848; x_wconf 90' lang='lat' dir='ltr'>irritantibus</span> <span class='ocrx_word' id='word_1_611' title='bbox 1931 4797 1962 4850; x_wconf 94' lang='grc'><strong>31</strong></span> <span class='ocrx_word' id='word_1_612' title='bbox 1986 4788 2053 4850; x_wconf 91' lang='grc'><strong>31113</strong></span> <span class='ocrx_word' id='word_1_613' title='bbox 2073 4792 2123 4852; x_wconf 89' lang='grc'><strong>33-</strong></span> 
     </span>
     <span class='ocr_line' id='line_1_111' title="bbox 1378 4876 2122 4958; baseline 0.009 -20"><span class='ocrx_word' id='word_1_614' title='bbox 1378 4876 1471 4938; x_wconf 90' lang='grc'><strong>333113</strong></span> <span class='ocrx_word' id='word_1_615' title='bbox 1492 4877 1524 4940; x_wconf 92' lang='grc'><strong>13</strong></span> <span class='ocrx_word' id='word_1_616' title='bbox 1544 4891 1659 4954; x_wconf 90' lang='lat' dir='ltr'>genere</span> <span class='ocrx_word' id='word_1_617' title='bbox 1674 4877 1723 4940; x_wconf 92' lang='grc'><strong>131</strong></span> <span class='ocrx_word' id='word_1_618' title='bbox 1738 4879 1772 4940; x_wconf 92' lang='grc'><strong>13</strong></span> <span class='ocrx_word' id='word_1_619' title='bbox 1786 4880 1897 4956; x_wconf 89' lang='grc'><strong>333313,</strong></span> <span class='ocrx_word' id='word_1_620' title='bbox 1912 4881 2005 4944; x_wconf 90' lang='grc'><strong>31133</strong></span> <span class='ocrx_word' id='word_1_621' title='bbox 2023 4891 2122 4958; x_wconf 90' lang='grc'><strong>3313,</strong></span> 
     </span>
     <span class='ocr_line' id='line_1_112' title="bbox 1379 4971 2124 5052; baseline 0.009 -20"><span class='ocrx_word' id='word_1_622' title='bbox 1379 4971 1506 5035; x_wconf 87' lang='grc'><strong>33133113</strong></span> <span class='ocrx_word' id='word_1_623' title='bbox 1527 4979 1559 5035; x_wconf 90' lang='grc'><strong>31</strong></span> <span class='ocrx_word' id='word_1_624' title='bbox 1578 4973 1735 5050; x_wconf 90' lang='lat' dir='ltr'>potestatis</span> <span class='ocrx_word' id='word_1_625' title='bbox 1755 4973 1950 5052; x_wconf 91' lang='lat' dir='ltr'>plenitudine</span> <span class='ocrx_word' id='word_1_626' title='bbox 1971 4976 2124 5040; x_wconf 91' lang='lat' dir='ltr'>similibus</span> 
     </span>
     <span class='ocr_line' id='line_1_113' title="bbox 1380 5067 2124 5146; baseline 0.007 -20"><span class='ocrx_word' id='word_1_627' title='bbox 1380 5082 1435 5144; x_wconf 94' lang='lat' dir='ltr'><strong>pro</strong></span> <span class='ocrx_word' id='word_1_628' title='bbox 1456 5074 1597 5144; x_wconf 89' lang='lat' dir='ltr'>tempore</span> <span class='ocrx_word' id='word_1_629' title='bbox 1615 5067 1765 5130; x_wconf 90' lang='lat' dir='ltr'>concessis</span> <span class='ocrx_word' id='word_1_630' title='bbox 1780 5074 1810 5129; x_wconf 93' lang='grc'><strong>31</strong></span> <span class='ocrx_word' id='word_1_631' title='bbox 1824 5069 2037 5132; x_wconf 88' lang='lat' dir='ltr'>concedendis.</span> <span class='ocrx_word' id='word_1_632' title='bbox 2053 5071 2124 5146; x_wconf 85' lang='lat' dir='ltr'>Qui·</span> 
     </span>
     <span class='ocr_line' id='line_1_114' title="bbox 1379 5161 2124 5242; baseline 0.007 -20"><span class='ocrx_word' id='word_1_633' title='bbox 1379 5161 1435 5224; x_wconf 92' lang='lat' dir='ltr'><strong>bus</strong></span> <span class='ocrx_word' id='word_1_634' title='bbox 1456 5162 1600 5223; x_wconf 91' lang='lat' dir='ltr'>omnibus</span> <span class='ocrx_word' id='word_1_635' title='bbox 1621 5161 1815 5239; x_wconf 75' lang='grc'><strong>3131333113,</strong></span> <span class='ocrx_word' id='word_1_636' title='bbox 1841 5163 1960 5226; x_wconf 92' lang='lat' dir='ltr'>etiamsi</span> <span class='ocrx_word' id='word_1_637' title='bbox 1981 5178 2037 5242; x_wconf 93' lang='lat' dir='ltr'><strong>pro</strong></span> <span class='ocrx_word' id='word_1_638' title='bbox 2057 5165 2124 5227; x_wconf 90' lang='lat' dir='ltr'>illo-</span> 
     </span>
     <span class='ocr_line' id='line_1_115' title="bbox 1380 5254 2123 5332; baseline 0.009 -18"><span class='ocrx_word' id='word_1_639' title='bbox 1380 5270 1450 5316; x_wconf 91' lang='lat' dir='ltr'><strong>rum</strong></span> <span class='ocrx_word' id='word_1_640' title='bbox 1472 5254 1638 5318; x_wconf 84' lang='lat' dir='ltr'>sufficienti</span> <span class='ocrx_word' id='word_1_641' title='bbox 1660 5255 1860 5332; x_wconf 88' lang='lat' dir='ltr'>derogatione</span> <span class='ocrx_word' id='word_1_642' title='bbox 1874 5259 1911 5319; x_wconf 91' lang='lat' dir='ltr'><strong>de</strong></span> <span class='ocrx_word' id='word_1_643' title='bbox 1925 5257 1985 5320; x_wconf 92' lang='lat' dir='ltr'>illis</span> <span class='ocrx_word' id='word_1_644' title='bbox 2000 5275 2123 5321; x_wconf 90' lang='lat' dir='ltr'>eurum-</span> 
     </span>
     <span class='ocr_line' id='line_1_116' title="bbox 1378 5349 2123 5432; baseline 0.008 -22"><span class='ocrx_word' id='word_1_645' title='bbox 1378 5362 1440 5426; x_wconf 92' lang='lat' dir='ltr'><strong>que</strong></span> <span class='ocrx_word' id='word_1_646' title='bbox 1455 5353 1519 5408; x_wconf 93' lang='lat' dir='ltr'>toto</span> <span class='ocrx_word' id='word_1_647' title='bbox 1534 5354 1642 5410; x_wconf 87' lang='lat' dir='ltr'>tenore</span> <span class='ocrx_word' id='word_1_648' title='bbox 1655 5349 1804 5427; x_wconf 88' lang='lat' dir='ltr'>specialis,</span> <span class='ocrx_word' id='word_1_649' title='bbox 1819 5349 1968 5429; x_wconf 88' lang='lat' dir='ltr'>specitlca,</span> <span class='ocrx_word' id='word_1_650' title='bbox 1981 5368 2123 5432; x_wconf 88' lang='lat' dir='ltr'>expressa</span> 
     </span>
     <span class='ocr_line' id='line_1_117' title="bbox 1380 5439 2122 5523; baseline 0.009 -21"><span class='ocrx_word' id='word_1_651' title='bbox 1380 5447 1411 5502; x_wconf 92' lang='lat' dir='ltr'><strong>et</strong></span> <span class='ocrx_word' id='word_1_652' title='bbox 1432 5439 1602 5517; x_wconf 89' lang='lat' dir='ltr'>individua,</span> <span class='ocrx_word' id='word_1_653' title='bbox 1624 5457 1657 5504; x_wconf 92' lang='grc'><strong>33</strong></span> <span class='ocrx_word' id='word_1_654' title='bbox 1678 5444 1715 5505; x_wconf 90' lang='grc'><strong>33</strong></span> <span class='ocrx_word' id='word_1_655' title='bbox 1735 5444 1831 5506; x_wconf 91' lang='lat' dir='ltr'>verbu</span> <span class='ocrx_word' id='word_1_656' title='bbox 1846 5447 1882 5508; x_wconf 93' lang='grc'><strong>33</strong></span> <span class='ocrx_word' id='word_1_657' title='bbox 1897 5446 2041 5523; x_wconf 90' lang='lat' dir='ltr'>verbum,</span> <span class='ocrx_word' id='word_1_658' title='bbox 2059 5463 2122 5509; x_wconf 93' lang='lat' dir='ltr'><strong>non</strong></span> 
     </span>
     <span class='ocr_line' id='line_1_118' title="bbox 1379 5536 2124 5618; baseline 0.011 -23"><span class='ocrx_word' id='word_1_659' title='bbox 1379 5541 1483 5596; x_wconf 88' lang='lat' dir='ltr'>autem</span> <span class='ocrx_word' id='word_1_660' title='bbox 1504 5547 1560 5612; x_wconf 90' lang='lat' dir='ltr'><strong>per</strong></span> <span class='ocrx_word' id='word_1_661' title='bbox 1577 5536 1726 5599; x_wconf 89' lang='lat' dir='ltr'>clausulas</span> <span class='ocrx_word' id='word_1_662' title='bbox 1740 5539 1898 5613; x_wconf 88' lang='lat' dir='ltr'>generales</span> <span class='ocrx_word' id='word_1_663' title='bbox 1913 5539 1994 5603; x_wconf 89' lang='lat' dir='ltr'>idem</span> <span class='ocrx_word' id='word_1_664' title='bbox 2010 5541 2124 5618; x_wconf 89' lang='lat' dir='ltr'>impor-</span> 
     </span>
    </p>
   </div>
   <div class='ocr_carea' id='block_1_14' title="bbox 2141 3626 2287 3674">
    <p class='ocr_par' dir='ltr' id='par_1_16' title="bbox 2141 3626 2287 3674">
     <span class='ocr_line' id='line_1_119' title="bbox 2141 3626 2287 3674; baseline 0.007 -1"><span class='ocrx_word' id='word_1_665' title='bbox 2141 3626 2287 3674; x_wconf 83' lang='lat' dir='ltr'>trariorum.</span> 
     </span>
    </p>
   </div>
   <div class='ocr_carea' id='block_1_15' title="bbox 1380 5631 2199 5710">
    <p class='ocr_par' dir='ltr' id='par_1_17' title="bbox 1380 5631 2199 5710">
     <span class='ocr_line' id='line_1_120' title="bbox 1380 5631 2199 5710; baseline 0.009 -20"><span class='ocrx_word' id='word_1_666' title='bbox 1380 5635 1492 5702; x_wconf 85' lang='lat' dir='ltr'>tentes,</span> <span class='ocrx_word' id='word_1_667' title='bbox 1515 5631 1633 5692; x_wconf 93' lang='lat' dir='ltr'>mentio</span> <span class='ocrx_word' id='word_1_668' title='bbox 1654 5637 1706 5692; x_wconf 90' lang='lat' dir='ltr'><strong>aut</strong></span> <span class='ocrx_word' id='word_1_669' title='bbox 1727 5631 1881 5710; x_wconf 90' lang='lat' dir='ltr'>quaelibet</span> <span class='ocrx_word' id='word_1_670' title='bbox 1895 5633 1951 5695; x_wconf 90' lang='lat' dir='ltr'>alia</span> <span class='ocrx_word' id='word_1_671' title='bbox 1966 5635 2059 5696; x_wconf 89' lang='lat' dir='ltr'>etiam</span> <span class='ocrx_word' id='word_1_672' title='bbox 2073 5651 2124 5698; x_wconf 92' lang='lat' dir='ltr'><strong>ex·</strong></span> <span class='ocrx_word' id='word_1_673' title='bbox 2197 5654 2199 5658; x_wconf 50' lang='lat'><strong><em>⁴</em></strong></span> 
     </span>
    </p>
   </div>
   <div class='ocr_carea' id='block_1_16' title="bbox 1378 5721 2124 5990">
    <p class='ocr_par' dir='ltr' id='par_1_18' title="bbox 1378 5721 2124 5990">
     <span class='ocr_line' id='line_1_121' title="bbox 1379 5721 2123 5802; baseline 0.011 -19"><span class='ocrx_word' id='word_1_674' title='bbox 1379 5721 1490 5802; x_wconf 92' lang='lat' dir='ltr'>quisita</span> <span class='ocrx_word' id='word_1_675' title='bbox 1512 5723 1610 5786; x_wconf 84' lang='lat' dir='ltr'>turma</span> <span class='ocrx_word' id='word_1_676' title='bbox 1631 5725 1667 5787; x_wconf 92' lang='lat' dir='ltr'><strong>ad</strong></span> <span class='ocrx_word' id='word_1_677' title='bbox 1688 5725 1747 5787; x_wconf 92' lang='lat' dir='ltr'><strong>buc</strong></span> <span class='ocrx_word' id='word_1_678' title='bbox 1765 5725 2021 5802; x_wconf 87' lang='lat' dir='ltr'>servandaloret,</span> <span class='ocrx_word' id='word_1_679' title='bbox 2039 5736 2123 5790; x_wconf 84' lang='grc'><strong>1333</strong></span> 
     </span>
     <span class='ocr_line' id='line_1_122' title="bbox 1378 5817 2124 5893; baseline 0.009 -15"><span class='ocrx_word' id='word_1_680' title='bbox 1378 5833 1427 5879; x_wconf 90' lang='lat' dir='ltr'><strong>res</strong></span> <span class='ocrx_word' id='word_1_681' title='bbox 1449 5817 1638 5893; x_wconf 82' lang='lat' dir='ltr'>huiusmodi,</span> <span class='ocrx_word' id='word_1_682' title='bbox 1659 5817 1738 5882; x_wconf 91' lang='lat' dir='ltr'>acsi</span> <span class='ocrx_word' id='word_1_683' title='bbox 1759 5819 1796 5883; x_wconf 92' lang='lat' dir='ltr'><strong>de</strong></span> <span class='ocrx_word' id='word_1_684' title='bbox 1818 5820 1913 5882; x_wconf 88' lang='lat' dir='ltr'>verbo</span> <span class='ocrx_word' id='word_1_685' title='bbox 1933 5819 1970 5881; x_wconf 90' lang='grc'><strong>33</strong></span> <span class='ocrx_word' id='word_1_686' title='bbox 1991 5820 2124 5884; x_wconf 92' lang='lat' dir='ltr'>verbum</span> 
     </span>
     <span class='ocr_line' id='line_1_123' title="bbox 1379 5909 2123 5990; baseline 0.008 -18"><span class='ocrx_word' id='word_1_687' title='bbox 1379 5909 1460 5973; x_wconf 91' lang='lat' dir='ltr'>nibil</span> <span class='ocrx_word' id='word_1_688' title='bbox 1479 5909 1603 5990; x_wconf 91' lang='lat' dir='ltr'>penitus</span> <span class='ocrx_word' id='word_1_689' title='bbox 1624 5911 1737 5973; x_wconf 91' lang='grc'><strong>331333</strong></span> <span class='ocrx_word' id='word_1_690' title='bbox 1758 5919 1789 5974; x_wconf 92' lang='grc'><strong>31</strong></span> <span class='ocrx_word' id='word_1_691' title='bbox 1810 5913 1907 5976; x_wconf 87' lang='grc'><strong>13333</strong></span> <span class='ocrx_word' id='word_1_692' title='bbox 1928 5913 1962 5977; x_wconf 90' lang='grc'><strong>13</strong></span> <span class='ocrx_word' id='word_1_693' title='bbox 1981 5913 2043 5976; x_wconf 89' lang='grc'><strong>11113</strong></span> <span class='ocrx_word' id='word_1_694' title='bbox 2064 5920 2123 5978; x_wconf 90' lang='grc'><strong>133-</strong></span> 
     </span>
    </p>
   </div>
   <div class='ocr_carea' id='block_1_17' title="bbox 0 0 2375 6962">
    <p class='ocr_par' dir='ltr' id='par_1_19' title="bbox 0 0 2375 6962">
     <span class='ocr_line' id='line_1_124' title="bbox 0 0 2375 6962; baseline 0 0"><span class='ocrx_word' id='word_1_695' title='bbox 0 0 2375 6962; x_wconf 95' lang='lat' dir='ltr'><strong> </strong></span> 
     </span>
    </p>
   </div>
  </div>
 </body>
</html>
