4750 6980
341 523 394 584 3¹¹·
409 529 439 586 0·
461 523 530 583 1⁷94
578 521 636 592 llll
1076 546 1139 601 tun.
1164 545 1254 602 bour.
1278 547 1318 600 ort
1339 544 1369 600 1.
1392 543 1421 602 rt.
1445 555 1527 602 anas
1549 545 1570 600 1.
2133 531 2195 586 An.
2210 529 2244 580 ⁰·
2266 521 2332 576 ¹⁷95

558 673 777 738 inviolabiliter
798 671 965 738 observari.
983 675 1299 756 Siequeinpraemis-
1355 690 1410 753 666
1436 675 1590 750 omnibus,
1618 689 1750 754 suasque
1777 687 1844 753 spes
1872 685 1980 735 omnes
2007 671 2037 734 in
2059 687 2095 734 66

548 769 597 830 616
619 784 674 846 per
701 785 912 849 quoscumque
938 770 1052 834 iudices
1078 771 1247 833 ordinarios
1269 779 1300 832 61
1354 768 1516 844 collocent,
1547 777 1639 847 atque
1666 768 1700 830 in
1721 767 1788 830 eius
1815 766 1967 844 sanguine
1997 765 2096 828 multo

557 861 722 938 delegatos,
734 863 826 926 etiam
837 881 997 928 causarum
1009 865 1111 943 palatii
1122 864 1219 927 nostri
1230 881 1299 941 apo·
1354 863 1467 926 melius
1493 862 1655 936 clamante,
1678 877 1771 940 quam
1798 862 1891 939 Abel3
1919 861 2007 924 nobis
2027 876 2096 939 pro-

557 957 654 1019 stolici
676 959 841 1034 auditores,
863 975 896 1021 66
918 958 1046 1024 Sanctae
1068 959 1223 1023 Romanae
1244 957 1300 1020 lle-
1354 964 1458 1035 pterea
1478 955 1641 1036 supplicari
1655 955 1741 1031 lecit,
1756 965 1791 1019 ut
1804 955 1861 1018 sibi
1876 955 1910 1017 in
1925 953 2097 1033 praemissis

557 1050 666 1112 clesiae
690 1051 864 1116 cardinales
884 1054 978 1114 etiam
996 1057 1031 1116 de
1046 1053 1142 1115 latere
1156 1050 1298 1129 Legatos,
1355 1058 1527 1130 opportune
1548 1051 1722 1127 providere,
1744 1055 1824 1111 etat
1840 1047 1920 1110 inira
1936 1045 2097 1122 indulgere

558 1151 589 1204 et
616 1143 744 1206 Sanctae
771 1145 857 1208 Sedis
883 1143 1035 1220 Nuncios‚
1065 1145 1180 1208 sublata
1203 1145 1246 1206 eis
1268 1150 1299 1206 et
1355 1144 1392 1207 de
1412 1144 1606 1220 benignitate
1627 1142 1788 1222 apostolica
1802 1141 2016 1219 dignaremur.

557 1251 668 1299 eorum
693 1237 817 1300 cuilibet
845 1238 952 1317 quavis
983 1238 1072 1301 aliter
1092 1239 1246 1302 iudicandi
1268 1247 1299 1300 et
1394 1240 1413 1314 5
1433 1240 1462 1301 2.
1484 1236 2098 1317 1666161666,661666666616666666
2136 1256 2234 1317 aanor
2249 1260 2345 1296 conass-

559 1332 781 1409 interpretaudi
802 1330 944 1394 laenitate
966 1331 1299 1408 6166616611616,1661-
1355 1348 1447 1412 quum
1469 1332 1603 1394 maxime
1624 1333 1781 1412 probatur,
1803 1332 1902 1412 ipsum
1917 1329 2098 1410 specialibus
2118 1316 2219 1354 ⁸¹⁰⁰¹³·

558 1426 618 1487 cari
637 1431 670 1486 et
686 1424 808 1488 definiri
823 1426 945 1500 debere,
962 1442 994 1487 ac
1009 1427 1134 1489 irritum
1149 1432 1181 1488 61
1195 1426 1298 1500 16666,
1356 1425 1461 1502 gratiis
1482 1434 1513 1488 61
1534 1424 1688 1488 lavoribus
1709 1426 1854 1504 prosequi
1870 1424 2022 1499 66166166,
2038 1427 2097 1484 616

556 1519 581 1580 61
595 1534 683 1582 66666
697 1535 788 1598 super
802 1519 850 1582 his
864 1536 880 1580 a
895 1535 1062 1599 quoquam,
1078 1519 1185 1597 quavis
1199 1526 1301 1581 aucto-
1355 1517 1515 1597 quibusvis
1536 1519 1865 1582 excommunicationis
1880 1525 1911 1581 et
1930 1516 2096 1594 interdicti,

558 1611 659 1690 ritate,
672 1613 806 1675 scienter·
820 1613 869 1675 vel
884 1613 1065 1691 ignoranter
1079 1613 1243 1691 contigerit
1257 1621 1302 1675 at·
1355 1611 1483 1690 aliisque
1499 1612 1710 1675 ecclesiasticis
1725 1613 1876 1690 censuris,
1891 1611 2054 1674 sententiis
2068 1619 2098 1673 61

558 1707 685 1768 1661661.
1355 1706 1462 1783 666616
1477 1706 1585 1784 666616
1600 1705 1736 1771 modoet
1751 1721 1945 1786 quacumque
1960 1705 1997 1768 de
2011 1720 2098 1766 eausa

341 1809 475 1908 6661666116
483 1818 540 1855 eoa·
599 1801 617 1876 5
637 1801 667 1863 d.
691 1798 760 1863 Non
783 1800 973 1865 obstantibus
993 1801 1172 1864 memoratis
1188 1801 1300 1864 nostris
1355 1798 1436 1874 latis,
1451 1799 1476 1860 si
1491 1816 1565 1878 quas
1580 1799 1660 1864 lorte
1674 1800 1852 1876 incurrerit,
1868 1799 1962 1862 buius
1978 1806 2098 1861 tantum

328 1869 472 1910 atavorum.
559 1893 668 1968 literis,
690 1893 819 1974 aliisque
840 1895 1112 1958 constitutionibus
1133 1903 1164 1958 61
1179 1895 1300 1959 ordina·
1356 1896 1400 1957 rei
1429 1893 1525 1971 gratia
1553 1894 1744 1957 absolventes
1772 1903 1803 1957 61
1831 1892 2006 1957 absolutum
2033 1893 2098 1955 lore

561 1987 696 2050 tionibus
716 1988 900 2067 apostolicis,
923 2005 979 2051 nec
995 2005 1060 2052 non
1075 1988 1190 2052 ordinis
1204 1997 1234 2051 et
1249 2005 1301 2051 eu·
1355 1998 1527 2065 censentes,
1539 1989 1812 2070 supplicationibus
1826 1988 1892 2051 eius
1904 1989 2031 2052 nomine
2045 2003 2099 2050 nc-

558 2082 673 2143 stodiac
685 2082 912 2160 praedictorum
927 2081 1217 2157 etiamiuramonto,
1230 2097 1300 2144 con·
1356 2080 1401 2142 bis
1433 2080 1593 2145 humiliter
1624 2083 1772 2160 porrectis
1803 2082 1963 2155 inclinati,
1995 2081 2099 2144 audito

558 2174 734 2236 firmatione
755 2175 931 2254 apostolica,
955 2175 1005 2237 vel
1025 2175 1133 2255 quavis
1155 2175 1301 2237 firmitate
1356 2173 1449 2236 etiam
1479 2173 1586 2238 dilecto
1616 2174 1680 2237 11116
1701 2176 1848 2254 magistro
1868 2177 2001 2238 Domino
2023 2175 2097 2253 Cep

557 2266 614 2329 alia
636 2268 785 2330 roboratis
811 2270 934 2331 statutis
956 2277 985 2332 et
1008 2268 1299 2347 consuetudindvus,
1357 2266 1423 2344 6616
1445 2263 1704 2346 congregationis
1725 2284 1882 2334 sacrorum
1903 2270 2032 2331 Rituum
2053 2285 2099 2330 se-

558 2359 728 2440 privilegiis
755 2377 889 2440 quoque,
912 2361 1039 2426 indultis
1060 2369 1091 2424 61
1113 2361 1209 2424 literis
1232 2376 1300 2439 apo·
1357 2364 1496 2438 cretario,
1519 2370 1554 2425 61
1576 2364 1699 2442 posthac
1719 2365 1757 2426 ab
1777 2367 1923 2428 universo
1940 2364 2099 2426 61666666-

557 2455 671 2517 stolicis
698 2455 908 2533 superioribus
934 2464 966 2518 61
991 2457 1129 2534 66666616
1155 2455 1213 2518 sub
1234 2456 1301 2535 qui·
1357 2457 1465 2530 culari,
1488 2472 1545 2519 nec
1565 2473 1627 2520 non
1649 2476 1665 2518 a
1686 2455 1835 2535 religiosis
1857 2464 1887 2520 et
1901 2456 2098 2531 monialibus,

558 2548 750 2627 buscumque
781 2548 939 2611 tenoribus
967 2555 998 2610 et
1026 2549 1145 2624 tarmis,
1171 2557 1301 2611 etcum
1356 2551 1516 2613 utentibus
1537 2549 1709 2612 calendario
1730 2550 1909 2615 dioecesano
1924 2551 2055 2613 civitatis
2069 2559 2101 2613 61

558 2642 717 2721 quibusvis
738 2641 831 2703 etiam
858 2643 1123 2719 derogatoriarum
1144 2645 1301 2722 derogato·
1357 2643 1503 2707 dioecesis
1518 2643 1668 2717 Pacensis,
1685 2646 1805 2708 recitari
1825 2647 1920 2723 possit
1934 2645 2100 2725 quotannis

559 2736 624 2809 riis,
646 2734 771 2812 aliisque
793 2734 1022 2813 efficacioribus,
1041 2736 1256 2816 efficacissimis
1270 2755 1302 2798 66
1358 2737 1390 2798 16
1413 2737 1564 2799 dominica
1586 2737 1676 2798 tertia
1698 2737 1764 2800 iulii
1786 2738 1848 2800 ritu
1864 2739 1976 2816 duplici
1991 2753 2100 2801 secun-

559 2827 691 2890 insolitis
720 2828 874 2903 clausulis,
905 2829 1160 2910 irritantibusque
1182 2837 1212 2892 et
1237 2830 1302 2892 aliis
1358 2831 1411 2894 dae
1430 2831 1994 2905 61666166166661666,6116166666
2009 2833 2109 2909 missa,

560 2923 690 2986 decretis
712 2924 743 2984 in
766 2937 881 2998 genere
901 2922 998 2986 66116
1013 2925 1123 3003 specie,
1140 2941 1173 2987 66
1188 2924 1254 2986 61116
1269 2926 1301 2987 16
1359 2921 1548 2987 Sanctissimi
1571 2924 1784 3003 Redemptoris
1814 2925 1873 2987 iam
1900 2926 2100 3004 adprobatum

560 3016 751 3080 eontrarium
773 3016 1001 3094 quomodolibet
1020 3019 1180 3092 concessis,
1197 3033 1302 3098 appro-
1358 3031 1414 3094 666
1435 3017 1559 3079 61611616
1581 3016 1793 3093 Venetiarum,
1814 3018 1945 3099 demptis
1967 3027 2101 3082 tamena

560 3111 636 3173 batis
655 3120 686 3173 et
707 3111 872 3172 innovatis.
891 3111 1006 3185 Quibus
1025 3112 1169 3174 omnibus
1190 3120 1220 3175 et
1240 3114 1301 3174 sin·
1357 3117 1441 3172 sexta
1463 3111 1595 3173 lectione
1619 3111 1721 3174 verbis
1745 3112 1804 3173 illis
1827 3147 1860 3156 —
1885 3113 1974 3175 Hanc
1995 3116 2103 3196 161166

561 3203 641 3281 gulis
662 3204 788 3267 illorum
804 3211 926 3266 tenores
941 3205 1154 3282 praesentibus
1170 3222 1224 3286 pro
1240 3206 1303 3285 ple·
1359 3205 1530 3267 immensae
1551 3205 1721 3286 1666116116
1742 3215 1799 3268 616.
1825 3210 1974 3287 usquead
1989 3211 2098 3274 finem:

561 3315 601 3362 ne
621 3305 652 3360 61
672 3297 863 3360 sufficienter
880 3298 1042 3376 expressis,
1058 3315 1091 3360 66
1105 3297 1143 3362 de
1158 3299 1252 3361 verbo
1267 3301 1303 3364 ad
1359 3307 1450 3377 atque
1472 3300 1566 3361 etiam
1588 3300 1619 3361 in
1638 3316 1699 3362 una
1716 3316 1753 3362 ex
1769 3300 1852 3363 166116
1866 3303 1960 3364 sextis
1975 3306 2102 3382 quadra·

561 3391 692 3454 verbum
713 3391 836 3452 insertis
857 3390 1014 3466 babentes,
1032 3391 1092 3453 illis
1113 3391 1185 3454 alias
1200 3393 1232 3454 in
1247 3410 1303 3457 suo
1359 3396 1504 3473 gesimae,
1526 3391 1576 3454 661
1600 3394 1714 3456 mensis
1734 3396 1849 3469 martii,
1871 3395 1968 3458 semel
1985 3399 2017 3460 in
2033 3414 2104 3477 per-

560 3487 670 3549 6611666
696 3484 919 3562 permansuris,
942 3484 977 3544 ad
999 3486 1239 3561 praemissorum
1260 3486 1303 3549 el·
1358 3499 1489 3569 661666
1504 3489 1540 3550 ab
1554 3489 1662 3552 eodem
1675 3488 1822 3568 Episcopo
1837 3491 2027 3568 destinanda,
2039 3494 2102 3556 ritu

561 3579 687 3654 lectum,
717 3579 771 3642 bac
797 3577 865 3640 6166
892 3578 1050 3639 dumtaxat
1077 3580 1251 3657 specialiter
1272 3589 1304 3643 et
1360 3584 1473 3664 duplici
1501 3583 1600 3646 maius
1628 3582 1764 3644 61116166
1792 3599 1862 3646 666
1884 3586 1974 3646 missa
1996 3587 2102 3649 itidem

561 3689 703 3752 expresse
724 3665 919 3748 derogamus,
935 3670 1125 3750 caeterisque
1141 3673 1304 3736 contrariis
1359 3678 1520 3759 adprobata
1551 3675 1762 3755 pretiosissimi
1790 3677 1958 3754 Sanguinis
1979 3679 2102 3741 Domini

560 3767 815 3847 quibuscumque.
1361 3772 1462 3834 Nostri
1489 3770 1556 3832 lesu
1586 3769 1726 3846 Christi,-
1746 3769 1913 3832 dummodo
1943 3771 1974 3832 in
1996 3773 2102 3834 eadem

602 3861 711 3924 Datum
733 3860 849 3924 Romae
870 3861 948 3939 apud
964 3861 994 3924 S·
1012 3860 1136 3924 Mariam
1157 3862 1305 3925 Maiorem
1360 3865 1434 3927 teria
1454 3872 1539 3926 sexta
1560 3878 1624 3924 non
1645 3871 1785 3924 occurrat
1805 3864 1940 3926 61116166
1955 3864 2034 3927 61166
2049 3867 2103 3928 du·

560 3957 619 4018 sub
639 3954 756 4018 annulo
777 3954 936 4017 Piscatoris
950 3937 999 4017 asse
1014 3971 1105 4018 xxnr.
1122 3957 1305 4035 septembris
1361 3958 1459 4038 plicis,
1481 3973 1541 4037 quo
1561 3973 1632 4018 casu
1656 3956 1856 4019 transferatur
1877 3955 2015 4019 officium
2035 3973 2105 4036 pre·

562 4065 752 4125 uocauere,
775 4047 969 4125 pontificatus
991 4049 1089 4111 nostri
1109 4065 1190 4112 anno
1210 4065 1262 4112 xx.
1361 4051 1517 4115 tiosissimi
1538 4049 1702 4128 Sanguinis
1722 4048 1757 4110 ad
1778 4051 1914 4127 primum
1936 4049 2017 4113 diem
2040 4067 2104 4114 non

1361 4146 1543 4225 impeditum
1565 4144 1651 4206 iuxta
1672 4142 1818 4220 rubricas,
1840 4145 2020 4207 auctoritate
2035 4149 2105 4224 666·-

760 4291 763 4298 ,
818 4251 1055 4263 ····-·“·-“
1360 4241 1477 4315 6161166,
1501 4247 1609 4302 tenore
1625 4238 1846 4343 praesentium,
1862 4239 2058 4304 concedimus
2073 4248 2105 4303 61

1361 4335 1570 4412 indulgemus.

880 4433 986 4498 cxlv.
1401 4431 1420 4506 5
1440 4426 1560 4490 61166
1584 4427 1773 4490 obstantibus
1787 4428 2059 4491 constitutionibus
2073 4436 2104 4490 61
2137 4442 2330 4506 naaogaancon-

1361 4522 1605 4586 ordinationibus
1625 4520 1808 4599 apostolicis,
1831 4538 1864 4582 ae
1884 4522 1951 4584 eius
1972 4521 2104 4584 civitatis
2123 4502 2269 4544 ΝΜ·

563 4627 709 4688 instante
729 4620 881 4702 Episcopo
903 4621 1038 4684 Pacensi
1059 4623 1094 4684 e'n
1117 4624 1219 4685 indiis
1236 4639 1305 4685 oon·
1361 4626 1392 4680 61
1406 4616 1550 4681 dioecesis
1564 4615 1659 4678 etiam
1669 4615 1857 4686 iuramento,
1870 4613 2104 4677 confirmatione

602 4718 711 4797 firmat
733 4717 894 4777 decretam
915 4715 1179 4796 congregationis
1200 4734 1306 4780 sacro·
1361 4711 1532 4789 apostolica,
1555 4709 1604 4772 vel
1625 4709 1732 4788 quavis
1750 4708 1896 4770 firmitate
1910 4708 1966 4770 6116
1981 4707 2105 4770 robora-

603 4827 677 4872 666
699 4809 837 4871 11116661
859 4809 896 4872 de
917 4809 1084 4870 recitando
1115 4811 1212 4888 officio
1233 4827 1305 4874 carn
1360 4806 1400 4867 tis
1427 4806 1548 4868 statutis
1569 4810 1599 4865 61
1623 4799 1913 4879 6666661661611166;
1935 4801 2105 4879 privilegiis

602 4901 1305 4982 616668666116616111661666616616,666166-
1361 4915 1495 4978 quoque,
1512 4895 1640 4960 indultis
1661 4905 1692 4957 et
1714 4895 1811 4957 literis
1832 4894 2003 4972 apostolicis
2015 4909 2103 4972 supe-

602 4999 671 5060 den
692 4995 824 5075 pretiosi
848 4995 1034 5074 Sanpaintc.
1362 4993 1494 5055 rioribus
1515 5000 1546 5053 61
1568 4991 1705 5068 personis
1726 4989 1783 5051 sub
1800 4987 2046 5067 quibuscumque
2060 4995 2103 5050 te-

1362 5085 1488 5148 noribus
1509 5095 1540 5147 et
1561 5083 1678 5159 166616,
1702 5093 1732 5145 61
1752 5099 1824 5146 666
1839 5082 1999 5161 quibusvis
2012 5083 2105 5144 etiam

817 5166 903 5235 PlUS
927 5167 986 5233 PP.
1013 5167 1056 5234 lll.
1362 5179 1626 5256 derogatoriarum
1642 5177 1852 5253 derogatoriis,
1867 5175 1995 5255 aliisque
2009 5174 2106 5237 611166-

696 5291 732 5358 86
760 5292 890 5358 {upupam
920 5291 963 5356 666
992 5292 1169 5359 memoriam,
1362 5273 1506 5346 cioribus,
1529 5273 1752 5348 efficacissimis,
1774 5289 1807 5334 66
1832 5272 1962 5335 insolitis
1988 5273 2106 5334 clausu·
2144 5357 2147 5362 Ι

1151 5403 1156 5416 ·
1362 5366 1410 5444 lis,
1434 5367 1688 5444 irritantibusque
1709 5376 1739 5428 et
1759 5365 1826 5428 aliis
1853 5366 1982 5429 decretis
2004 5367 2035 5427 in
2056 5375 2106 5441 ge·

349 5471 435 5534 ,netto
449 5479 545 5516 ⁰⁰¹¹⁰<³⁵·
603 5472 622 5546 5
645 5471 671 5530 l.
694 5471 795 5545 Quum
817 5469 1000 5532 venerabilis
1026 5469 1119 5532 irater
1141 5469 1307 5548 Episcopus
1363 5477 1439 5524 nere
1460 5461 1510 5524 vel
1529 5464 1562 5523 in
1583 5461 1694 5539 specie,
1719 5476 1752 5521 ac
1775 5459 1840 5522 aliis
1861 5461 1894 5522 in
1918 5459 2107 5523 contrarium

335 5535 419 5570 ”⁰⁰¹⁵
564 5565 714 5639 Pacensis,
736 5565 816 5625 sicut
837 5563 949 5642 exponi
969 5563 1034 5641 ipse
1048 5563 1135 5624 nobis
1150 5579 1250 5641 nuper
1266 5562 1307 5623 le·
1363 5555 1593 5634 quomodolibet
1609 5553 1771 5628 concessis,
1787 5553 1958 5633 approbatis
1972 5559 2003 5614 et
2018 5553 2107 5614 inno·

564 5660 616 5733 cit,
639 5658 842 5720 vehementer
873 5657 1000 5729 laboret,
1030 5656 1169 5735 quesibi
1199 5655 1306 5717 crediti
1364 5650 1452 5711 vatis.
1471 5648 1585 5723 Quibus
1616 5648 1759 5711 omnibus
1780 5653 1810 5708 et
1831 5645 1960 5723 singulis
1981 5646 2107 5708 illorum

565 5748 670 5811 fideles
691 5749 800 5810 maiori
822 5749 852 5809 in
874 5747 937 5810 dies
959 5748 1073 5826 pietate
1094 5747 1192 5809 colant
1207 5762 1306 5808 unum
1364 5749 1486 5804 tenores
1507 5743 1718 5821 praesentibus
1733 5757 1789 5820 pro
1803 5741 1894 5820 plene
1909 5748 1940 5802 et
1954 5740 2107 5802 sufficien-

566 5843 767 5904 mediatorem
782 5841 835 5903 llei
857 5847 887 5903 et
909 5841 1074 5904 bominum
1089 5839 1247 5903 Christum
1264 5839 1307 5901 16-
1365 5845 1412 5898 166
1433 5836 1592 5914 expressis,
1614 5852 1647 5898 ac
1667 5834 1705 5897 de
1725 5833 1820 5896 verbo
1841 5835 1876 5897 ad
1905 5834 2036 5896 verbum
2058 5833 2106 5895 iu·

563 5949 646 6012 sum,
668 5935 722 6016 qui
742 5935 824 5998 dedit
845 5934 1090 6012 redemptionem
1105 5933 1307 6013 semetipsum
1364 5931 1454 5994 sertis
1469 5929 1627 6005 babentes,
1639 5927 1786 5992 illisalias
1801 5929 1832 5992 in
1846 5945 1901 5992 suo
1915 5927 2025 5992 robore
2039 5942 2109 6008 per·
