4722 6976
358 571 413 632 An.
426 576 457 632 0.
478 576 547 630 tete
597 577 656 640 568

577 712 692 774 minico
712 711 911 774 innascantur
925 711 1149 774 dissensionum
1167 709 1317 788 germina.

576 803 684 882 Neque
704 806 790 868 enim
812 805 868 866 alia
890 811 973 884 patet
994 802 1179 866 obtinendae
1200 819 1321 866 conser-

577 897 753 976 vandaeque
773 899 854 976 pacis
875 899 937 972 via,
955 897 1039 960 illius
1053 896 1214 975 inquimus
1229 897 1320 974 pacis,

575 1007 669 1071 quam
687 993 837 1055 Dominus
852 1000 957 1055 noster
971 993 1054 1054 lesus
1068 991 1209 1055 Christus
1224 999 1255 1052 et
1270 1007 1321 1052 na·

574 1099 661 1148 scens
683 1085 830 1147 universo
852 1093 1007 1148 terrarum
1029 1085 1095 1146 orbi
1117 1100 1172 1164 per
1187 1084 1321 1161 angelos

575 1179 756 1242 annunciari
788 1178 899 1254 voluit,
922 1185 952 1240 et
972 1179 1004 1240 in
1034 1178 1153 1242 caelum
1181 1177 1321 1240 abiturus

574 1272 729 1351 discipulis
760 1273 824 1334 suis
856 1278 1041 1335 testamento
1071 1271 1211 1352 reliquit.
1243 1272 1319 1346 Quid

575 1366 672 1442 igitur
692 1371 737 1426 est
757 1364 840 1444 quod
862 1365 989 1426 Armeni
1011 1364 1151 1427 catholici
1166 1366 1240 1427 adeo
1255 1379 1321 1442 par·

575 1459 654 1520 tium
674 1456 776 1520 studio
797 1457 894 1537 abripi
915 1475 948 1520 se
963 1457 1078 1533 sinant,
1096 1466 1129 1520 ut
1146 1458 1243 1520 multa
1259 1457 1321 1518 iam

574 1552 652 1631 passi
671 1552 734 1615 sint
756 1561 786 1613 et
808 1552 948 1628 graviora
964 1553 1203 1631 pertimescenti
1218 1551 1319 1614 Tuum

574 1652 632 1720 est,
654 1659 725 1706 ven.
748 1644 854 1720 irater,
878 1645 1021 1707 omnibus
1042 1645 1136 1707 animi
1155 1645 1272 1708 viribus
1288 1645 1319 1706 in

574 1740 603 1801 id
625 1739 817 1813 incumbere,
840 1747 875 1800 ut
896 1737 1024 1816 pristina
1046 1739 1125 1817 apud
1148 1755 1198 1800 ecs
1217 1753 1274 1815 pax
1290 1743 1320 1800 et

573 1833 679 1895 caritas
711 1833 896 1894 rellurescat.
927 1833 1007 1910 lpsos
1037 1831 1134 1908 igitur
1161 1832 1256 1893 etiam
1277 1839 1319 1893 at-

573 1942 634 2004 que
655 1925 747 1988 etiarn
767 1931 871 1986 nostro
886 1925 1014 1986 nomine
1028 1925 1211 2000 hortaberis,
1228 1931 1262 1986 ut
1277 1925 1320 1987 di·

574 2019 671 2096 ligant
703 2019 900 2093 alterutrum,
923 2027 953 2081 et
983 2018 1143 2081 ambulent
1174 2020 1207 2080 in
1229 2019 1320 2080 domo

574 2113 627 2173 bei
642 2127 714 2174 cum
728 2127 895 2185 consensu3
911 2111 1041 2174 decretis
1058 2120 1180 2174 nostrae
1196 2111 1233 2173 de
1248 2112 1319 2174 Pro-

573 2207 708 2283 pagandi
739 2205 811 2267 Fide
847 2205 1102 2282 congregationis
1133 2205 1319 2268 adamussim

573 2306 713 2377 pareant3
730 2299 953 2378 disputationes
968 2300 1005 2361 de
1017 2299 1107 2360 rebus
1118 2299 1222 2375 sacris,
1235 2313 1321 2378 prae·

572 2393 681 2454 sertim
709 2407 784 2454 vero
813 2391 958 2468 publicas,
988 2392 1115 2453 omnino
1144 2393 1255 2454 vitent.
1287 2389 1318 2454 Si

574 2485 640 2547 laici
654 2491 739 2559 sunt,
752 2501 791 2546 ne
806 2484 875 2564 plus
889 2501 995 2565 sapere
1007 2493 1215 2564 praesumant,
1227 2503 1319 2566 quam

573 2584 710 2656 oportet;
743 2578 948 2640 meminerint
978 2579 1035 2640 sibi
1066 2580 1182 2642 discere
1214 2581 1318 2643 datum

571 2687 648 2747 esse,
660 2687 724 2733 non
741 2673 862 2747 decere,
875 2671 1037 2750 multoque
1053 2673 1155 2735 minus
1170 2672 1244 2751 quid
1255 2690 1320 2735 cre·

573 2764 710 2828 dendum
730 2774 783 2826 aut
805 2779 868 2826 non
899 2765 1090 2829 credendum
1110 2767 1150 2829 sit
1171 2774 1317 2830 statuere.

572 2859 686 2923 Omnes
707 2866 822 2934 autem,
844 2859 911 2920 sive
940 2859 1005 2921 laici
1026 2860 1091 2922 sive
1117 2861 1319 2924 ecclesiastico

573 2953 744 3016 ministerio
775 2951 897 3029 addicti,
926 2969 1108 3032 supremum
1130 2956 1319 3032 apostolicae

573 3047 660 3111 Sedis
680 3046 823 3108 omnium
845 3045 1050 3110 Ecclesiarum
1078 3050 1184 3111 matris
1206 3058 1237 3112 et
1257 3064 1318 3111 ma-

573 3139 686 3217 gistrae
707 3139 868 3215 iudicium,
891 3155 949 3216 qua
971 3155 1025 3218 par
1045 3147 1103 3216 est,
1126 3142 1273 3218 patientia
1288 3152 1319 3206 et

572 3232 725 3296 docilitate
757 3233 873 3295 tamdiu
903 3239 1079 3312 expectent,
1103 3234 1201 3313 quoad
1225 3235 1317 3297 libro-

573 3343 655 3401 rum,
675 3327 757 3388 unde
771 3327 1063 3402 controversiarum,
1080 3327 1192 3405 quibus
1207 3329 1318 3392 misere

572 3421 739 3498 agitantur,
766 3421 854 3498 urigo
881 3429 934 3484 aut
962 3421 1059 3484 lomes
1087 3424 1186 3501 repeti
1215 3424 1316 3498 dehet,

572 3530 702 3577 examen
731 3514 907 3577 absolutum
939 3515 1044 3576 luerit.
1074 3515 1131 3579 Sed
1163 3532 1226 3578 non
1258 3532 1318 3578 una

571 3610 730 3672 dumtaxat
750 3607 962 3670 armenorum
993 3610 1116 3685 negotia
1149 3607 1219 3672 Sedi
1241 3611 1319 3689 dpu-

570 3702 693 3764 stolicae
713 3716 745 3762 se
762 3699 897 3762 oderam
913 3700 1116 3780 expedienda:
1136 3703 1319 3766 universalis

571 3795 721 3858 Ecclesiae
742 3811 814 3857 cura
845 3809 954 3856 omnes
985 3796 1127 3858 omnium
1155 3797 1318 3860 nationum

571 3889 734 3952 catholicos
754 3887 981 3966 complectitur,
1004 3897 1036 3951 et
1059 3890 1090 3952 in
1116 3893 1317 3953 tartarorum

570 3983 760 4059 agendarum
792 3982 874 4045 mole
905 3982 972 4043 heri
1002 3984 1123 4060 nequit,
1146 3992 1181 4046 ut
1209 4000 1318 4061 graves

570 4075 798 4140 controversiae
819 4076 1000 4139 brevissimo
1016 4083 1156 4157 tempore
1170 4079 1319 4141 diriman-

572 4180 631 4232 tur.
652 4169 857 4245 Quamobrem
879 4171 1082 4233 vehementer
1103 4171 1154 4232 abs
1178 4180 1218 4246 te,
1242 4188 1314 4234 ven.

570 4263 674 4340 irater,
698 4263 844 4343 petimus,
861 4270 894 4324 ut
914 4263 969 4324 hos
984 4263 1080 4324 animi
1096 4264 1193 4325 nostri
1208 4280 1317 4328 sensus

570 4373 643 4419 cum
663 4356 806 4418 armenis
831 4355 997 4430 catholicis,
1020 4372 1096 4434 quos
1117 4357 1150 4418 in
1172 4367 1317 4436 paternae

570 4449 703 4510 caritatis
729 4450 800 4510 sinu
828 4449 977 4525 gerimus,
1000 4451 1157 4529 extemplo
1177 4467 1318 4514 commu-

571 4541 665 4616 nices,
687 4557 738 4603 eos
760 4542 794 4602 ad
818 4543 980 4620 pristinam
1011 4545 1208 4606 concordiam
1236 4545 1317 4608 inter·

570 4653 603 4698 se
619 4635 889 4711 redintegrandam
905 4636 1032 4700 assiduis
1048 4637 1175 4700 monitis
1190 4639 1315 4714 excites,

571 4743 792 4810 praeparesque
812 4729 848 4790 ad
868 4729 1099 4807 suscipiendum
1121 4747 1218 4812 aequo
1235 4740 1316 4795 tran·

571 4823 731 4902 quilloque
751 4823 854 4886 animo
869 4811 1115 4903 darietemque
1130 4825 1222 4889 Sedes
1238 4828 1316 4904 alpo-

570 4915 673 4978 stclica
695 4916 833 4994 ipsorum
854 4918 1073 4978 controversiis
1089 4919 1183 4980 finem
1199 4925 1244 4980 est
1259 4921 1319 4981 im-

570 5009 716 5088 positura.
741 5009 772 5071 ld
794 5023 868 5070 veru
884 5015 919 5071 ut
934 4999 1072 5085 alacrius,
1088 5010 1260 5074 ferventius
1275 5012 1317 5074 el·

571 5103 752 5182 licaciusque
765 5110 912 5180 praestes,
928 5103 1123 5181 apostolicam
1137 5104 1193 5166 tibi
1209 5106 1316 5167 hrme·

571 5197 680 5276 nisque
700 5195 856 5258 catholicis
878 5201 948 5257 tuae
968 5213 1060 5259 curae
1079 5198 1250 5260 commissis
1266 5199 1318 5262 be-

571 5290 781 5352 nedictionem
801 5296 996 5369 peramanter
1017 5290 1225 5368 impertimur.

608 5384 720 5446 Datum
741 5383 875 5458 Eumae,
904 5384 982 5460 apud
1011 5382 1041 5447 S.
1072 5384 1195 5446 Mariam
1225 5385 1315 5447 hlaio·

571 5491 649 5551 rem,
665 5478 723 5539 suh
742 5476 859 5538 annulo
881 5477 1054 5552 Piscatoris,
1071 5477 1120 5540 die
1138 5493 1229 5542 xvnr.
1247 5479 1314 5541 iulii

570 5585 784 5647 nocccxvrn,
806 5571 1003 5649 pontificatus
1024 5571 1121 5634 nostri
1143 5588 1227 5634 anno
1245 5589 1311 5636 xrx.

826 5825 1063 5836 -——-—n——-—

1099 593 1162 639 tblt.
1187 592 1277 639 PONT·
1302 591 1342 637 ult
1364 591 1392 636 Ρ.
1417 592 1446 637 F·
1471 591 1551 636 PARS
1574 591 1594 636 l.

1681 707 1818 771 cxxix.

1456 896 1599 976 Ampliat
1623 895 1792 975 priarttapto
1815 895 1879 956 iant
1900 911 2044 956 corrcosau

1425 987 1641 1054 antistitibus
1668 989 1816 1051 ecclcsiae
1845 987 2071 1050 Vcraueiervat's.

1624 1157 1711 1228 ettts
1733 1160 1793 1226 ΡΡ.
1818 1157 1875 1226 llll.

1517 1280 1982 1352 mmmmmwm

1416 1461 1435 1536 ἓ
1453 1461 1478 1522 l.
1494 1460 1623 1522 Romani
1635 1459 1798 1522 Pontifices
1809 1459 2055 1535 praedecessores
2070 1470 2124 1517 nc·
2169 1463 2310 1511 Procerum.

1376 1555 1433 1616 stri
1455 1553 1549 1631 prebe
1571 1552 1799 1628 intelligentes,
1826 1551 1943 1613 nedum
1970 1565 2124 1613 caeremo-

1377 1648 1501 1709 niarum
1522 1653 1552 1707 et
1575 1646 1694 1707 rituum
1710 1651 1814 1708 sancto
1829 1650 2023 1722 augustoque
2036 1657 2124 1721 appa-

1378 1747 1458 1814 ratu,
1474 1738 1525 1800 sed
1541 1745 1571 1800 et
1587 1737 1803 1800 ministrorum
1819 1745 1942 1811 ornatu,
1959 1738 2124 1799 indumen·

1379 1841 1544 1910 torumque
1574 1846 1732 1892 sacrorum
1763 1831 1931 1902 maiestate,
1963 1829 2124 1907 mysterio·

1355 1942 1448 1989 ›rum
1482 1926 1676 1987 sanctitatem
1710 1923 1940 2001 sublimemque
1969 1922 2123 1984 rationem

1377 2018 1595 2080 ecclesiasticae
1616 2016 1805 2078 hierarchiae
1828 2015 1979 2092 graduum
1995 2014 2125 2076 mirifice

1377 2112 1604 2185 commendare,
1623 2109 1848 2187 sapientissimo
1863 2107 1991 2170 consilio
2005 2108 2125 2170 diversa

1377 2205 1531 2267 honorum
1554 2202 1687 2282 insignia
1709 2202 1760 2264 vel
1780 2219 1796 2262 a
1813 2201 1917 2281 priscis
1934 2200 2124 2278 temporibus

1377 2299 1595 2372 decreverunt,
1606 2296 1717 2375 quibus
1732 2311 1888 2357 sacrorum
1902 2295 2053 2373 praesides
2068 2309 2123 2372 pro

1377 2407 1547 2454 munerum
1568 2391 1717 2452 varietate
1737 2391 1939 2452 donarentur.

1414 2485 1434 2559 ἓ
1454 2484 1484 2546 2.
1508 2484 1571 2546 llec
1586 2499 1642 2544 nos
1655 2483 1759 2544 animo
1774 2481 1996 2544 illustrioribus
2009 2497 2123 2558 augere
2141 2500 2321 2602 affiisssssffiifsm'

1375 2577 1546 2656 privilegiis
1568 2577 1743 2640 censuimus
1770 2577 1921 2638 antistites
1943 2573 2122 2638 Varsavien-

1374 2673 1414 2734 sis
1436 2670 1592 2745 ecclesiae,
1614 2687 1707 2748 quam
1729 2687 1783 2749 per
1804 2669 1981 2748 apostolicas
2004 2676 2123 2730 nostras

1376 2766 1478 2827 literas
1498 2780 1541 2826 vr.
1567 2765 1634 2827 idus
1664 2763 1767 2826 martii
1790 2766 1847 2826 hoc
1877 2763 1941 2841 ipsc
1963 2776 2045 2823 anno
2065 2763 2124 2825 suh

1375 2863 1501 2943 plumbo
1532 2862 1613 2925 datas
1634 2862 1670 2924 ad
1692 2859 1949 2938 metropolitanae
1978 2859 2123 2923 ecclesiae

1376 2959 1506 3034 gradum
1528 2972 1561 3019 ac
1582 2956 1767 3034 dignitatem
1791 2953 1974 3028 extulimus,
1990 2960 2025 3014 ut
2045 2969 2124 3032 quae

1374 3051 1482 3114 civitas
1504 3050 1598 3112 totius
1620 3050 1707 3126 regni
1734 3047 1877 3111 Poloniae
1898 3049 2041 3134 princeps
2062 3049 2122 3127 pri·

1375 3145 1433 3206 mis
1464 3145 1701 3220 magistratuum
1734 3143 1903 3217 ordinibus,
1936 3141 2122 3219 optimatum

1374 3237 1549 3316 splendore,
1571 3235 1688 3299 civium
1710 3234 1806 3313 copia,
1833 3234 1962 3313 aliisque
1987 3234 2123 3297 nomini-

1376 3331 1431 3392 bus
1462 3329 1645 3410 praefulget,
1669 3343 1703 3390 ea
1725 3329 1764 3390 ob
1784 3329 1832 3390 sui
1853 3328 1946 3390 etiam
1967 3327 2123 3390 antistitis

1375 3424 1600 3504 praerogativas
1625 3423 1693 3485 habi
1699 3431 1828 3502 tumque
1842 3437 1915 3501 prae
1929 3423 2054 3485 caeteris
2069 3423 2122 3484 ho

1375 3527 1559 3582 nestaretur.
1585 3518 1682 3580 Probe
1709 3518 1813 3594 itaque
1840 3517 1958 3591 confisi,
1981 3517 2123 3594 magnili-

1375 3615 1506 3677 centiam
1528 3614 1625 3692 ipsam
1656 3611 1819 3674 exterioris
1847 3620 1974 3672 ornatus
1999 3608 2121 3672 clariori

1376 3709 1530 3771 virtutum
1552 3705 1674 3782 lulgcre
1691 3703 1945 3782 diligentiorique
1960 3703 2003 3764 rei
2019 3720 2121 3766 sacrae

1375 3800 1635 3880 procurationem
1652 3806 1845 3861 caeterorum
1861 3796 2041 3874 exemplum
2056 3796 2121 3860 lore

1374 3895 1609 3969 cumulandam,
1642 3892 1810 3956 venerabili
1844 3890 1931 3952 tratri
1962 3891 2120 3953 Francisco

1374 3989 1523 4050 moderno
1554 3986 1789 4065 archiepiscopo
1814 3984 2019 4060 tarsavtecst,
2042 3986 2120 4047 eius·

1374 4100 1434 4162 que
1454 4080 1678 4145 successorihus
1699 4080 1845 4143 canrmice
1865 4079 2065 4154 intrantibus,
2088 4097 2121 4142 ac

1374 4179 1405 4239 in
1429 4176 1555 4240 Sanctae
1578 4174 1664 4238 Sedis
1692 4175 1914 4238 communione
1935 4188 2119 4250 permanen·

1374 4273 1467 4348 tibus,
1483 4280 1517 4334 ut
1538 4270 1697 4351 quibusvis
1712 4269 1785 4331 enni
1800 4268 1991 4347 temporibus
2006 4268 2120 4346 ubique

1374 4369 1522 4440 locorum,
1536 4374 1567 4427 et
1588 4365 1620 4426 in
1635 4363 1780 4426 omnibus
1795 4371 1826 4424 et
1840 4362 1973 4439 singulis
1988 4361 2120 4424 iunctio

1374 4460 1475 4534 nibus,
1498 4459 1639 4520 habitum
1661 4457 1748 4520 rubri
1764 4472 1819 4520 seu
1834 4455 1982 4534 purpurei
1997 4455 2119 4531 coloris,

1372 4553 1407 4614 ad
1430 4553 1525 4614 instar
1546 4551 1673 4614 Sanctae
1693 4549 1847 4612 Romanae
1876 4547 2029 4610 Ecclesiae
2050 4546 2121 4610 Car·

1373 4647 1535 4722 dinalium,
1559 4659 1673 4721 nempe
1694 4643 1817 4716 collare,
1840 4647 1960 4702 vestem
1981 4639 2119 4714 talarem,

1373 4738 1535 4816 cingulum
1557 4754 1611 4800 seu
1633 4735 1766 4811 fasciam,
1785 4733 2021 4809 mantellettam,
2040 4749 2122 4795 muz·

1374 4841 1499 4907 zettam,
1514 4831 1635 4908 caligas,
1649 4830 1784 4892 biretum
1798 4827 1940 4908 (excepto
1957 4835 2060 4890 tamen
2077 4829 2120 4905 pi·

1373 4925 1420 4986 leo
1447 4941 1501 4986 seu
1523 4923 1683 4986 subbireto
1708 4923 1795 4984 rubri
1817 4937 1871 4982 scu
1902 4919 2050 4998 purpurei
2072 4936 2121 4983 co·

1373 5018 1456 5092 loris,
1479 5017 1566 5080 cuius
1598 5032 1671 5078 usus
1703 5015 1804 5078 eidem
1836 5012 2006 5075 venerabili
2034 5012 2120 5074 iratri

1371 5111 1531 5174 Francisco
1553 5109 1790 5186 archiepiscopo
1811 5107 1942 5185 eiusque
1968 5121 2121 5168 successo-

1372 5205 1457 5266 ribus
1485 5219 1647 5282 nunquam
1675 5217 1848 5274 concessus,
1879 5200 1956 5279 quin
1986 5199 2048 5260 imo
2069 5215 2121 5260 ex-

1372 5313 1473 5377 presse
1495 5307 1526 5360 et
1546 5295 1718 5373 specialiter
1740 5293 1923 5356 interdictus
1944 5293 1984 5354 sit
2005 5297 2036 5354 et
2056 5309 2122 5354 esse

1371 5391 1576 5468 intelligatur,
1594 5397 1701 5468 utpote
1722 5387 1877 5466 peculiare
1891 5386 2029 5449 eiusdem
2046 5386 2120 5450 San·

1370 5494 1436 5550 ctae
1456 5485 1613 5548 Romanae
1642 5481 1792 5545 Ecclesiae
1815 5479 2026 5543 Cardinalium
2048 5480 2120 5542 insi-

1371 5577 1445 5658 gne)
1467 5579 1587 5642 delerre
1608 5585 1639 5638 et
1661 5584 1780 5653 gestare
1796 5575 1893 5636 libere
1909 5590 1943 5636 ac
1959 5573 2042 5636 licite
2053 5589 2120 5652 pos·

1369 5673 1433 5734 sint
1454 5680 1484 5734 et
1501 5671 1634 5744 valeant,
1652 5685 1685 5730 ea
1702 5677 1804 5731 tamen
1820 5668 1899 5743 lege,
1916 5673 1951 5728 ut
1966 5666 2119 5743 praesenti

1370 5765 1535 5845 privilegio
1556 5763 1678 5827 habitus
1698 5762 1786 5826 rubri
1807 5761 1918 5823 coloris
1940 5759 2054 5838 ubique
2076 5759 2119 5821 lo

1370 5873 1477 5922 corum
1492 5856 1632 5935 gestandi
1653 5855 1753 5919 dictus
1768 5853 2021 5932 archiepiscopus
2039 5853 2118 5916 eius·

1278 5939 1279 5944 ’
1370 5969 1431 6032 que
1450 5966 1641 6014 successores
1663 5963 1787 6013 merum
1815 5949 1974 6010 dumtaxat
1995 5947 2119 6009 maioris
