4750 6980
33 1967 35 2050 Q

32 2291 34 2442 Q

32 2621 34 2744 Q

32 2737 34 2812 Q

32 3055 34 3146 Q

32 3121 34 3240 Q

32 3237 34 3330 Q

31 3349 33 3400 Q

80 571 118 626 ΙΙ.
129 569 154 620 ΙΙ.
174 563 230 616 teet

79 3405 238 3452 tunnenttaim-

71 3459 165 3515 pennus,
176 3458 237 3504 (latis

31 3529 33 3592 p
70 3513 125 3558 ΙΙΙ
136 3493 235 3612 QanuQa
255 3511 285 3567 et
298 3505 367 3568 cath
347 3503 463 3566 helicae
478 3499 638 3576 religionis
653 3498 822 3562 cultoribus
843 3498 998 3578 perutilis,

70 3525 133 3619 QttetitQ
135 3565 182 3612 lelS
205 3565 236 3610 ΙΙ-

31 3601 114 3676 Qtefis

920 579 992 624 etus
1014 578 1062 623 1²1³.
1088 580 1142 626 vti.

261 705 351 772 leros,
367 698 420 776 qui
434 699 572 762 studium
589 705 619 760 et
637 697 774 758 laborem
790 670 823 757 ΙΙΙ
837 694 1002 758 excolenda

258 790 347 852 vinea
361 790 486 853 Domini
503 807 566 853 non
580 791 752 868 refugiunt,
765 789 853 850 novis
868 788 1002 850 stimulis

258 883 439 958 excitemus,
467 891 497 944 et
528 883 633 960 gratiis
664 884 758 945 etiam
786 899 819 945 ac
845 880 1002 942 favoribus

257 991 492 1054 prosequamur.
516 974 567 1038 Nil
588 993 664 1038 vero
679 976 715 1038 od
729 974 803 1036 vitia
826 971 1000 1046 resecanda,

257 1069 291 1130 ad
314 1083 438 1130 morum
460 1068 654 1145 disciplinam
677 1067 889 1142 retinendam,
912 1082 946 1127 ac
967 1065 1001 1126 sr-

257 1160 304 1222 dei
329 1162 499 1238 praeceptis
525 1162 724 1224 christianam
753 1159 874 1238 plebem
907 1157 1002 1219 lnior·

258 1254 400 1317 mandam
427 1256 527 1332 aptius
555 1255 730 1318 remedium
756 1253 893 1316 adhiberi
915 1267 1002 1356 posse

257 1363 429 1422 censemus,
453 1363 544 1426 quarn
567 1347 786 1409 ecclesiasticos
808 1345 892 1406 viros
913 1344 944 1406 in
969 1361 1001 1406 u-

257 1456 334 1502 num
361 1455 471 1518 corpus
495 1439 693 1514 consociatos,
715 1437 934 1500 communibus
959 1419 1001 1497 le-

257 1534 344 1611 gibus
365 1549 399 1596 ac
421 1533 571 1595 institutis
592 1532 652 1596 sub
669 1533 760 1595 unius
781 1529 928 1608 praesidis
948 1544 1000 1606 po-

259 1633 366 1690 testate
386 1626 590 1703 coniungere,
607 1632 641 1686 ut
660 1625 834 1688 dimicando
855 1624 1001 1685 adversus

256 1719 384 1782 humani
405 1719 530 1795 generis
552 1717 685 1792 hostem,
709 1732 785 1796 quae
808 1715 873 1778 eius
895 1713 1002 1776 multi-

256 1811 347 1890 plices
367 1819 461 1889 atque
484 1810 644 1872 insidiosae
665 1815 746 1871 artes
768 1807 999 1881 nocendisunt,

256 1921 318 1968 non
340 1903 483 1982 dispersis
499 1909 529 1965 et
543 1902 703 1966 disiunctis
723 1901 853 1975 viribus,
869 1899 1000 1961 seduno

256 1998 353 2060 veluti
374 1998 498 2075 agmine
520 1998 611 2070 iacto,
627 2013 660 2058 ac
681 1996 821 2060 districto
843 1993 929 2056 verbi
945 1992 999 2054 Dei

256 2089 354 2169 gladio
384 2092 529 2168 frangant
561 2097 591 2152 et
626 2090 715 2152 illum
752 2088 875 2168 penitus
904 2101 999 2164 expu-

255 2191 362 2261 gnent.
387 2183 468 2246 Vere
483 2183 567 2245 enim
584 2191 660 2246 tunc
673 2183 817 2260 expletur
830 2179 909 2256 regii
923 2179 999 2258 psal-

256 2279 292 2341 tis
313 2286 440 2342 votum
467 2277 490 2342 0
511 2293 606 2356 qnam
628 2277 745 2341 bonnm
766 2281 797 2337 et
819 2273 998 2338 ineundam

255 2373 404 2440 habitare
435 2378 558 2457 fratres
587 2377 622 2438 in
649 2393 801 2438 nnnm...
815 2373 998 2453 .qnoniom

255 2469 323 2533 tttte
345 2468 513 2532 mondetait
529 2469 684 2531 Dominus
706 2467 952 2532 benedictionem
969 2473 999 2528 et

254 2567 355 2628 eitum
378 2579 476 2642 usqne
498 2561 532 2622 in
546 2561 729 2632 saeculnm·
750 2567 781 2622 et
802 2562 917 2623 iterum
940 2559 999 2622 alio

255 2660 336 2721 loco:
362 2656 546 2720 habitantes
576 2655 611 2716 in
632 2655 720 2716 domo
748 2653 876 2716 Domini
897 2652 999 2714 nnius

255 2752 352 2812 moris
374 2757 404 2812 et
426 2747 506 2812 iobii
527 2753 618 2820 ennt,
642 2747 747 2810 dnicae
762 2747 860 2810 cimai
874 2746 1000 2824 cupien-

257 2853 300 2907 tes
323 2842 440 2908 eibos
428 2861 463 2906 tn
484 2841 716 2905 domoDomini
738 2857 810 2904 cnm
831 2857 996 2903 cornensn

256 2938 324 3003 Non
346 2955 398 3000 eos
419 2953 493 2999 sane
505 2936 600 3012 cibos,
616 2935 669 3014 qui
684 2936 719 2998 ad
741 2934 918 2996 alimoniam
933 2950 999 2996 cor-

256 3034 337 3114 poris
358 3031 547 3104 inserviunt,
569 3030 620 3092 sed
641 3028 816 3107 spirituales
837 3027 929 3102 cibos,
946 3027 1000 3106 qui

255 3128 377 3189 animae
396 3125 479 3187 vires
510 3130 626 3200 augent
647 3122 791 3185 reficiunt
778 3129 853 3200 tque
883 3119 1001 3183 lamell-

256 3239 304 3286 ΙΙΙ
332 3235 445 3301 panem
476 3224 671 3296 quaerentes,
700 3232 758 3278 nec
789 3215 998 3289 invenientes,

255 3317 309 3394 qui
329 3315 420 3378 illum
441 3313 485 3376 eis
506 3311 654 3391 porrigat.

293 3410 364 3486 §3-
388 3409 492 3487 nequa
520 3407 617 3482 igitur
644 3421 677 3467 ac
699 3405 826 3467 honesta
854 3420 926 3468 cum
947 3405 998 3480 sit,

255 3601 328 3660 haec
342 3594 507 3675 postulatio
522 3602 585 3668 tua,
602 3593 774 3655 maximum
791 3605 866 3654 vero
880 3591 910 3654 ei
925 3607 1000 3668 pon·

255 3692 310 3754 dus
331 3689 446 3754 accedit
474 3705 512 3750 ex
540 3683 745 3764 potentissimi
769 3703 803 3748 ac
824 3685 995 3764 praeclaris

254 3787 324 3850 simi
347 3785 542 3863 imperatoris
562 3783 647 3845 Pauli
671 3783 692 3844 l.
717 3781 996 3844 commendatione.

255 3883 316 3944 lam
338 3879 426 3943 enim
446 3876 679 3941 humanissimis
703 3877 767 3938 suis
788 3877 823 3938 ad
846 3893 902 3938 nos
922 3877 1000 3938 datis

255 3975 351 4038 literis
372 3972 421 4034 die
442 3988 486 4034 xx.
510 3969 632 4047 augusti
654 3969 821 4047 superioris
844 3971 999 4032 annimil·

255 4067 354 4130 lesimi
375 4062 644 4140 octingentesimi,
669 4061 817 4124 benevolo
838 4079 871 4126 se
896 4063 999 4124 admo·

254 4167 328 4244 dum
339 4175 412 4236 erga
427 4173 481 4220 vos
493 4173 557 4219 esse
571 4158 675 4218 animo
692 4157 837 4232 ostendit,
848 4166 1000 4220 vestram-

255 4275 314 4338 que
335 4254 575 4335 postulationem
597 4269 613 4312 a
634 4251 722 4313 nobis
743 4251 862 4313 admitti
891 4255 999 4329 gratis-

254 4355 368 4415 simum
396 4349 454 4411 sibi
481 4348 547 4408 iore
575 4345 772 4422 significavit,
796 4346 996 4411 utilissimum

255 4456 337 4510 ratus
368 4441 531 4508 catholicos
562 4439 698 4502 subditos
729 4454 800 4499 suos
832 4442 888 4501 hoc
916 4456 997 4504 novo

254 4537 405 4620 spirituali
419 4533 571 4614 praesidio
592 4533 716 4595 iuvare:
741 4532 819 4594 nihil
834 4534 917 4596 euim
934 4551 998 4596 ma·

256 4635 298 4712 gis
313 4633 348 4694 ad
365 4633 563 4694 iuventutem
585 4628 618 4688 in
634 4627 688 4689 Dei
703 4627 802 4702 cultu,
819 4628 850 4689 in
871 4643 996 4691 morum

254 4725 429 4805 disciplina,
459 4724 492 4784 in
520 4720 666 4798 obsequio
695 4735 768 4796 erga
798 4721 996 4784 sublimiores

253 4826 418 4900 potestates
446 4815 673 4879 informandam
704 4812 878 4876 conducere
909 4831 996 4894 posse

253 4915 416 4977 arbitratus
438 4919 494 4984 est,
512 4923 605 4988 quam
628 4907 653 4967 si
674 4906 869 4969 ecclesiastici
892 4909 997 4985 proba-

254 5010 339 5086 tique
361 5006 422 5066 viri
442 5005 515 5066 huic
535 5001 695 5064 subeundo
710 5001 797 5062 oneri
820 5000 996 5077 praefician-

252 5109 319 5176 tur·,
350 5097 430 5177 quod
458 5097 496 5158 de
526 5104 627 5157 vestra
655 5093 726 5167 fide,
755 5093 935 5168 integritate
964 5112 996 5156 ac

251 5193 377 5258 scientia
398 5190 456 5253 sibi
478 5189 612 5251 maxime
628 5187 801 5266 pollicetur.
825 5189 923 5263 Quare
938 5189 997 5251 iam

251 5285 395 5366 inprimis
416 5281 580 5360 templum,
593 5281 674 5359 quod
696 5295 751 5360 pro
772 5280 928 5342 catholicis
943 5283 997 5343 Pe·

251 5378 363 5458 tropoli
377 5373 570 5440 aedificatum
585 5379 643 5448 est,
659 5372 745 5434 vobis
760 5373 995 5436 custodiendum

252 5489 283 5535 ac
310 5471 404 5534 sacris
431 5467 612 5530 ministeriis
641 5465 858 5528 celebrandum
886 5482 995 5542 magna

252 5563 434 5627 liberalitate
465 5560 637 5632 commisit,
666 5558 795 5635 collegia
824 5559 997 5620 instaurare

251 5676 283 5721 ac
303 5659 391 5720 vobis
417 5656 649 5728 commendare,
673 5651 793 5730 aliaque
820 5651 924 5713 moliri
946 5668 995 5730 pa-

251 5758 333 5813 ratus
355 5758 413 5825 est,
436 5765 514 5828 quae
543 5753 667 5809 nostrae
692 5745 919 5808 communionis
942 5747 996 5808 ho·

251 5844 388 5906 minibus
411 5842 544 5904 maxime
558 5839 995 5918 p1·otuturaoonddimus.ths

250 5935 355 6000 intem
383 5935 473 5996 tantis
502 5949 535 6000 ac
564 5939 625 5994 tam
653 5931 757 6008 magni
788 5931 935 6011 principis
963 5932 995 5993 in

1729 555 1787 620 455
1836 552 1891 632 ΔΙ.
1905 557 1935 608 c.
1957 555 2024 610 1801

1059 702 1179 758 nostros
1201 696 1363 758 catholicos
1380 696 1497 758 collatis
1513 694 1681 768 beneficiis,
1699 707 1805 754 nonne

1059 789 1189 864 gratiam
1211 788 1329 851 reterre
1344 789 1505 864 debemus,
1521 789 1651 866 eiusque
1667 785 1746 847 votis
1761 801 1804 844 as-

1057 881 1179 956 sentiri,
1196 897 1253 944 nec
1273 882 1378 944 sinere
1401 882 1519 944 ir'ritam
1535 898 1569 944 ac
1584 879 1710 942 inanem
1725 879 1803 956 apud

1058 990 1113 1036 uos
1128 990 1194 1037 esse
1210 983 1342 1037 vestram
1359 975 1395 1037 ab
1407 991 1443 1038 eo
1457 981 1631 1053 susceptam
1646 987 1804 1036 commen·

1058 1067 1233 1130 dationem?

1097 1160 1164 1234 §Q
1189 1160 1350 1239 Perpensis
1373 1162 1474 1240 itaque
1489 1161 1581 1225 rebus
1597 1157 1753 1230 omnibus,
1770 1173 1803 1218 ac
1842 1171 1924 1216 renos
1937 1180 2036 1218 conces

1058 1252 1237 1328 praesertim
1261 1261 1382 1316 mature
1407 1253 1637 1316 consider'atis
1629 1252 1665 1313 ΙΙΙ
1686 1257 1804 1327 tempo·
1822 1222 2036 1326 {QffiQQssQQg⁰QJ,QI

1058 1360 1141 1419 rum,
1164 1345 1314 1421 locorum,
1327 1362 1359 1407 ae
1374 1362 1576 1424 personarum
1592 1340 1883 1419 varietatibust
1822 1340 1883 1394 ΙΙΙ
1884 1333 1918 1377 ΙΙ
1926 1333 2036 1378 ⁰⁰¹¹¹¹¹⁰·

1057 1454 1135 1516 quae
1157 1454 1236 1500 nova
1264 1439 1388 1502 consilia
1413 1441 1595 1516 capessenda
1623 1445 1676 1500 aut
1701 1439 1803 1517 priora
1823 1436 1931 1495 vrtegm

1058 1531 1255 1607 moderanda,
1279 1540 1371 1611 prout
1394 1533 1546 1597 Ecclesiae
1563 1532 1679 1596 utilitas
1701 1537 1805 1610 postu-

1058 1624 1110 1700 lat,
1134 1625 1233 1700 nobis,
1256 1629 1309 1706 qui
1330 1628 1468 1706 supremi
1497 1627 1634 1689 eiusdem
1665 1626 1803 1688 modera-

1058 1723 1138 1779 tores
1166 1735 1285 1796 sumus,
1308 1722 1438 1784 suadent
1459 1738 1493 1783 ac
1514 1736 1608 1799 prope
1631 1719 1801 1797 imperant;

1057 1813 1220 1891 implorato
1248 1815 1386 1892 primum
1413 1815 1512 1877 enixis
1540 1813 1684 1892 precibus
1705 1811 1804 1876 divini

1057 1905 1201 1969 Numinis
1223 1907 1384 1986 praesidio,
1407 1909 1572 1986 accitisque
1587 1906 1618 1968 in
1639 1906 1804 1969 consilium

1058 1999 1216 2063 nonnullis
1232 2001 1263 2064 S.
1280 2001 1315 2063 R.
1330 2001 1365 2062 E.
1383 1999 1608 2076 cardinalibus,
1626 1998 1804 2078 postulatio-

1057 2109 1111 2156 nes
1133 2102 1248 2156 vestras
1269 2094 1406 2171 benigne
1428 2094 1571 2171 excipere
1596 2093 1749 2168 volentes,
1773 2099 1802 2154 te

1056 2195 1188 2292 tuosque
1201 2189 1299 2251 socios
1311 2205 1325 2248 Ι
1339 2185 1499 2266 quibusvis
1511 2185 1804 2249 excommunicatio-

1057 2298 1116 2356 ms,
1127 2281 1338 2358 suspensionis
1349 2289 1380 2344 et
1390 2281 1697 2360 interdicti,aliisque
1707 2282 1803 2344 eccle-

1055 2374 1182 2436 siasticis
1196 2373 1371 2451 sententiis
1381 2375 1521 2436 censuris
1536 2383 1566 2436 et
1580 2375 1688 2453 poenis
1703 2389 1719 2434 a
1736 2373 1804 2437 iure

1057 2466 1107 2528 vel
1126 2467 1163 2528 ab
1183 2467 1311 2529 homine
1331 2468 1439 2546 quavis
1461 2468 1618 2531 occasione
1643 2468 1692 2530 vel
1716 2485 1802 2530 causa

1056 2559 1135 2636 latis,
1152 2560 1304 2639 siquibus
1326 2562 1557 2638 quomodolibet
1581 2561 1721 2624 innodati
1739 2563 1803 2623 exi·

1055 2654 1146 2728 stitis,
1159 2654 1194 2715 ad
1206 2653 1350 2716 ellectum
1366 2655 1577 2733 praesentium
1593 2661 1714 2718 tantum
1729 2672 1803 2718 con·

1055 2747 1260 2826 sequendum,
1277 2754 1388 2811 harum
1403 2749 1482 2810 serie
1496 2747 1691 2810 absolventes
1707 2757 1737 2811 et
1752 2749 1801 2811 ab

1055 2842 1171 2904 solutos
1186 2842 1251 2904 iore
1267 2849 1438 2917 censentes,
1456 2849 1544 2904 motu
1565 2841 1702 2920 proprio,
1719 2848 1801 2904 certa

1055 2936 1183 2998 scientia
1207 2943 1237 2998 et
1260 2952 1298 2998 ex
1322 2935 1503 3014 apostolieae
1524 2940 1649 2997 nostrae
1670 2942 1802 3012 potesta-

1057 3031 1095 3092 tis
1112 3028 1318 3108 plenitudine,
1336 3036 1366 3091 te
1387 3037 1585 3108 caeterosque
1606 3029 1801 3108 presbyteros

1057 3125 1147 3188 isthic
1173 3124 1332 3201 degentes,
1355 3131 1407 3187 aut
1434 3123 1543 3202 quiin
1572 3130 1730 3204 posterum
1750 3125 1801 3187 ad·

1057 3219 1184 3280 venturi
1214 3227 1306 3294 sunt,
1338 3217 1455 3297 quique
1481 3219 1598 3280 dudum
1627 3217 1801 3280 istiusmodi

1056 3313 1287 3390 congregationi
1309 3327 1427 3374 nomen
1453 3311 1618 3387 dederont,
1641 3318 1693 3374 aut
1714 3312 1799 3374 dein-

1056 3423 1126 3486 ceps
1146 3407 1248 3469 daturi
1268 3413 1352 3480 sunt,
1370 3406 1402 3468 in
1424 3420 1525 3469 unum
1546 3419 1657 3483 corpus
1679 3413 1710 3468 et
1730 3422 1800 3470 con·

1056 3499 1269 3579 gregationem
1285 3499 1444 3563 Societatis
1463 3500 1531 3562 lesu
1547 3499 1643 3576 uniri,
1659 3499 1800 3578 adunari,

1055 3594 1203 3672 coniungi
1224 3609 1322 3673 posse,
1351 3594 1431 3654 intra
1454 3599 1558 3655 tamen
1586 3593 1722 3656 Rtrssiaci
1744 3595 1802 3657 im-

1056 3688 1130 3766 perii
1153 3688 1230 3750 fines
1252 3688 1411 3750 dumtaxat
1432 3694 1462 3747 et
1484 3701 1546 3748 non
1568 3694 1667 3761 extra,
1691 3685 1723 3748 in
1739 3703 1801 3749 una

1055 3789 1107 3845 aut
1135 3781 1276 3860 pluribus
1307 3779 1449 3842 domibus
1477 3779 1604 3843 arbitrio
1631 3781 1800 3860 superioris

1055 3872 1266 3950 designandis,
1297 3872 1403 3934 eadem
1427 3871 1589 3951 apostolica
1618 3873 1799 3936 auctoritate

1055 3966 1263 4046 permittimus
1285 3974 1316 4029 et
1337 3965 1548 4044 indulgemus.

1094 4062 1163 4136 ΙΙΙ.
1187 4062 1284 4124 Huius
1315 4068 1418 4122 autem
1441 4059 1688 4137 congregationis
1709 4076 1801 4140 supe·
1840 4076 2031 4138 ΙΙΙΙΙΙΙΙΙΙΙ-

1055 4157 1170 4219 riorem
1200 4172 1255 4218 seu
1288 4155 1458 4232 praesidem
1484 4152 1664 4229 generalem
1685 4153 1721 4214 ad
1744 4171 1799 4218 no·
1818 4129 1929 4238 {1⁰3¹ssssssss
1943 4134 2031 4241 6,ζὸῗί

1053 4259 1098 4313 ΙΙΙ
1102 4267 1153 4313 um
1176 4256 1207 4312 et
1232 4249 1318 4314 Sedis
1344 4247 1533 4328 Apostolicae
1557 4247 1798 4325 beneplacitum,
1819 4234 1868 4282 ¹³⁰

1056 4353 1096 4418 te,
1119 4344 1230 4407 dilecte
1253 4342 1307 4418 tili,
1326 4341 1507 4420 deputamus
1529 4347 1560 4402 et
1581 4341 1799 4405 constituimus

1053 4453 1125 4501 cum
1140 4436 1285 4498 omnihus
1300 4433 1494 4498 facultatibus
1510 4433 1687 4496 necessariis
1702 4443 1733 4497 et
1748 4450 1801 4514 op-

1054 4529 1213 4609 portunis;
1247 4528 1451 4606 primigenam
1481 4527 1585 4590 Sancti
1611 4527 1723 4604 ignatii
1752 4544 1799 4590 re·

1054 4626 1158 4703 gulam
1180 4640 1195 4684 a
1218 4621 1309 4685 Paulo
1331 4621 1385 4683 PP.
1409 4621 1459 4682 ΙΙΙ.
1488 4621 1721 4698 praedecessore
1745 4637 1800 4684 no·

1052 4728 1117 4780 stro
1127 4719 1191 4781 suis
1213 4715 1384 4794 apostolicis
1399 4714 1671 4777 constitutionibus
1686 4716 1799 4777 confir-

1054 4818 1167 4874 matam
1180 4818 1211 4872 et
1224 4807 1420 4888 approbatam
1429 4807 1516 4886 sequi
1529 4813 1560 4868 et
1571 4807 1700 4868 retineri
1711 4823 1800 4886 posse

1053 4904 1265 4979 concedimus;
1290 4911 1433 4980 tuosque,
1449 4901 1568 4978 quasin
1583 4901 1799 4977 congregatio-

1054 5014 1126 5062 nem
1155 4996 1356 5076 coaptaveris
1378 4995 1477 5057 socios
1498 4994 1533 5056 ad
1559 5008 1728 5070 puerorum
1749 4994 1797 5056 in·

1052 5091 1248 5154 stitutionem
1270 5089 1302 5150 in
1326 5088 1415 5150 bonis
1431 5087 1569 5148 moribus
1584 5095 1615 5148 et
1630 5086 1798 5165 disciplinis

1053 5184 1251 5258 incumbere,
1274 5180 1402 5258 collegia
1428 5187 1458 5242 et
1485 5180 1649 5242 seminaria
1675 5195 1798 5257 regere,

1052 5287 1095 5354 et,
1113 5276 1313 5358 probantibus
1328 5282 1358 5336 et
1375 5273 1643 5337 consentientibus
1660 5272 1799 5337 locorum

1053 5369 1232 5442 Ordinariis,
1253 5366 1459 5430 confessiones
1483 5364 1621 5430 fidelium
1644 5366 1797 5444 excipere,

1054 5464 1184 5526 verbum
1205 5463 1258 5524 Ilei
1280 5460 1478 5534 annuntiare,
1500 5467 1689 5522 sacramenta
1704 5459 1799 5522 admi·

1053 5559 1184 5619 nistrare
1205 5556 1302 5617 libere
1316 5564 1347 5614 et
1362 5553 1462 5616 valide
1483 5568 1581 5631 posse,
1598 5552 1674 5615 item
1695 5551 1799 5615 decer·

1054 5651 1158 5713 nimus
1189 5667 1222 5713 ac
1255 5646 1455 5712 declaramus.
1490 5644 1613 5724 Vosque
1641 5656 1798 5724 praeterea
1880 5637 1884 5644 ’

1052 5757 1160 5805 omnes
1182 5745 1223 5803 ΙΙΙ
1234 5739 1516 5817 congregationem
1533 5739 1622 5800 istam
1638 5737 1798 5802 societatis

1051 5837 1130 5911 lesu,
1143 5834 1201 5898 sub
1215 5843 1320 5897 nostra
1335 5841 1365 5894 et
1381 5831 1467 5895 Sedis
1482 5831 1673 5910 apostolicae
1687 5831 1798 5893 imme-

1051 5929 1129 5990 diata
1144 5927 1332 6007 protectione
1353 5941 1386 5986 ac
1407 5923 1598 5986 subiectione
1619 5924 1797 6002 recipimus,

1823 1383 1930 1430 northus
1947 1391 1974 1434 ot
1987 1387 2036 1443 pri·
2100 1445 2104 1454 1
