4776 6974
330 514 384 569 nn.
399 519 428 570 e.
451 519 519 572 trec
569 525 628 586 ιιι

548 683 580 724 ac
601 667 758 728 seminarii
780 686 832 731 seu
856 670 989 747 collegii,
1012 689 1045 730 ar
1070 669 1250 731 xenodochii
1267 675 1296 728 ιι

548 759 615 836 piae
637 759 746 820 dumus
773 764 827 838 sic,
852 773 886 825 ut
912 763 1095 842 praelector,
1122 764 1296 825 laudandae

548 859 579 913 ct
595 853 804 916 instituendae
820 859 957 933 nornine,
970 876 1007 918 ex
1025 876 1107 921 nunc
1123 865 1296 920 conventus

547 956 578 1004 et
600 945 733 1008 duorum
763 947 968 1027 hospitiorum
991 971 1022 1014 ac
1053 954 1239 1025 vacantium,
1263 959 1293 1012 el

547 1039 649 1100 statim
662 1057 791 1101 arrosus
808 1042 933 1105 illorum
949 1047 1117 1124 respective
1130 1046 1296 1108 vacationis

548 1135 705 1208 evenerit,
731 1136 860 1197 minime
881 1139 916 1198 ad
948 1153 1088 1216 praesens
1117 1141 1294 1201 vacantium

548 1229 719 1303 respective
740 1232 974 1292 canonicatuum
991 1241 1022 1293 et
1038 1235 1292 1311 pracbemlarum‚

547 1337 579 1380 ac
604 1321 826 1384 beneficiorum
850 1327 1075 1402 praedictorum
1090 1329 1145 1401 sic,
1164 1335 1197 1388 ιιι
1214 1344 1295 1406 prae-

548 1413 658 1489 lertur,
680 1433 915 1493 suppresserunt
938 1425 969 1480 ιι
991 1421 1213 1495 extincturum,
1230 1421 1295 1482 illo·

548 1524 681 1586 rumque
703 1512 868 1586 respectice
896 1530 1013 1587 rernm,
1038 1514 1204 1588 bonorum,
1227 1530 1295 1590 pro-

549 1603 726 1678 prietatum,
750 1606 926 1681 doruerum,
958 1607 1132 1680 vinearum,
1159 1610 1294 1685 praedio·

547 1712 630 1768 rum,
642 1713 809 1771 carrocium,
826 1700 1077 1776 responsionum,
1095 1702 1292 1763 introitorum

548 1795 578 1849 et
591 1790 706 1851 iurium
721 1793 947 1868 praedictorum
961 1811 1077 1868 vetum,
1092 1795 1216 1870 realem,
1229 1813 1294 1855 ιιι·-

550 1883 684 1960 poralent
706 1893 737 1945 et
758 1887 908 1949 actualem
929 1889 1151 1965 possessionem
1174 1891 1294 1966 propria

547 1976 727 2038 attctorltate
754 1980 850 2040 libere
878 1981 1109 2058 apprehendere
1137 1992 1167 2043 ot
1189 2001 1294 2062 appre-

549 2070 674 2130 hensam
698 2072 875 2134 huiusmodi
905 2087 1055 2153 perpetuo
1081 2079 1227 2151 rotinere,
1251 2078 1296 2138 di-

548 2174 656 2241 ctaquo
681 2165 770 2240 bona,
795 2183 853 2241 res,
876 2171 1087 2246 proprietates,
1111 2173 1227 2246 domos,
1251 2173 1294 2232 vi-

549 2273 621 2316 neas
642 2267 672 2319 et
701 2260 821 2334 praedia
850 2263 1024 2323 huiusmodi
1056 2267 1225 2342 respective
1254 2266 1295 2325 lo-

548 2369 628 2427 care,
652 2353 809 2429 distortae,
832 2358 1010 2433 arrendare,
1030 2358 1215 2436 illorumque
1231 2360 1296 2420 sru-

547 2454 626 2520 ctus‚
649 2448 799 2522 redditus,
823 2458 1008 2527 proventus,
1032 2453 1236 2514 obventiones
1265 2461 1295 2514 et

547 2543 771 2621 emolumenta,
794 2562 937 2621 canones,
962 2547 1175 2626 responsiones
1198 2556 1228 2608 et
1251 2550 1296 2609 in-

548 2636 636 2698 troita
655 2637 829 2699 huiusmodi
854 2642 1025 2717 respective
1048 2643 1215 2720 percipere,
1232 2643 1296 2703 exi·

547 2747 631 2806 gere,
656 2733 768 2808 levare,
795 2751 840 2808 ar,
861 2737 1048 2812 supportatis
1075 2743 1179 2797 tamen
1210 2737 1294 2814 prius

548 2843 601 2904 per
621 2828 778 2888 seminarii
801 2846 855 2888 seu
878 2828 1046 2904 colleghae
1065 2830 1247 2892 xenodochii
1263 2841 1293 2894 et

548 2921 613 2996 piae
635 2923 744 2982 domus
774 2923 828 2992 sic,
854 2932 886 2985 ιιι
913 2922 1097 3002 praelector,
1121 2925 1294 2988 fundandae

547 3023 638 3092 atque
661 3017 868 3078 instituendae
890 3033 943 3095 per
964 3035 1149 3080 oeconomos
1169 3037 1223 3081 scu
1243 3020 1293 3080 de-

548 3116 666 3185 putatos
696 3127 749 3188 pro
777 3121 914 3189 tempore
943 3115 1096 3175 extituros
1124 3117 1293 3194 praedictos

548 3206 793 3267 ruanutentionis
822 3207 1038 3282 ecclesiarum,
1068 3220 1241 3273 conventus
1263 3222 1294 3273 et

547 3299 680 3358 «luorum
709 3300 914 3377 hospitiorum
943 3317 975 3362 ac
1001 3303 1240 3364 carronicatuum
1263 3313 1293 3366 et

548 3391 790 3468 praebendarum
812 3403 843 3455 et
865 3394 1088 3458 beneficiorum
1107 3413 1161 3475 per
1177 3413 1242 3474 nos,
1260 3406 1294 3460 ut

548 3484 736 3560 praefertur,
761 3504 998 3565 suppressorum
1023 3498 1053 3551 et
1082 3491 1292 3554 extincturum

547 3579 735 3654 huiusmodi,
757 3598 790 3642 ac
811 3581 933 3659 piarum
955 3583 1172 3647 fundationum
1192 3601 1294 3663 respe-

546 3674 627 3735 ctive
642 3676 798 3749 oneribus
815 3684 844 3738 et
860 3677 993 3740 detracta
1010 3695 1133 3756 quoque
1155 3680 1240 3756 prius
1256 3699 1293 3742 ex

548 3767 607 3828 illis
628 3784 765 3845 congrua
787 3773 927 3848 portione
955 3777 1163 3836 convertenda
1189 3775 1221 3836 in
1252 3784 1295 3838 tot

546 3878 648 3923 annua
663 3863 888 3938 assignamenta
903 3866 1044 3928 favorum
1062 3867 1294 3930 individuorum

546 3965 719 4018 conventus
733 3966 763 4018 et
780 3956 915 4020 duorum
937 3961 1140 4039 hospitiorum
1157 3980 1293 4042 pernes,

547 4058 582 4110 ut
597 4050 777 4127 praefertur,
790 4069 1027 4130 suppressorum
1041 4065 1071 4116 ιι
1083 4057 1293 4118 extincturum

547 4143 723 4204 huiusmodi
748 4161 800 4222 per
823 4146 1051 4226 inlrasrriplnm
1068 4157 1294 4226 exequutorem

547 4235 689 4311 discrete,
702 4239 824 4315 praevia
840 4241 979 4303 eiusdem
992 4243 1103 4304 blaciae
1118 4243 1295 4306 Franciscae

549 4331 673 4406 reginae
696 4333 890 4395 fidelissimae
911 4335 1139 4412 approbatione,
1158 4346 1188 4399 et
1203 4347 1296 4416 prout

548 4423 717 4500 indigentia
739 4425 917 4503 postulabit,
940 4429 1156 4491 constituenda
1186 4441 1215 4491 et
1241 4446 1296 4510 per

548 4531 732 4579 oeconomos
763 4536 817 4580 sen
849 4521 1008 4598 deputatos
1039 4523 1207 4598 praedictos
1240 4540 1295 4602 pro

550 4619 688 4690 tempore
710 4612 861 4675 extituros
885 4613 1052 4676 individuis
1074 4619 1237 4692 praedictis
1259 4621 1294 4681 ad

547 4702 642 4764 alium
664 4715 856 4768 conventum
878 4707 1015 4770 eiusdem
1032 4709 1147 4770 ordinis
1163 4711 1194 4772 iu
1211 4729 1296 4789 prae·

548 4796 675 4872 lectura,
697 4799 794 4874 vulgo
816 4800 963 4878 capitania
978 4800 1016 4862 clo
1031 4801 1192 4864 lllaranhao
1214 4820 1296 4866 nun·

548 4900 668 4969 cupata,
685 4890 788 4956 Sancti
811 4895 958 4958 ludovici
980 4894 1018 4958 de
1040 4897 1201 4960 blaranbao
1223 4898 1297 4959 civi-

550 4988 618 5047 tatis
640 4987 689 5046 ιιι
710 4987 854 5048 dioecesis
882 4989 1079 5051 subditione
1107 4989 1205 5052 dictae
1234 4992 1296 5053 bla-

549 5080 609 5140 riae
632 5081 809 5144 Franciscae
830 5085 955 5158 reginae
982 5083 1174 5148 fidelissimae
1202 5087 1295 5147 etiam

548 5175 746 5250 consistente,
771 5187 804 5237 ut
826 5177 917 5250 inlru,
942 5179 1174 5254 transferendis,
1190 5188 1296 5258 quate·

549 5283 607 5329 nus
631 5276 731 5331 tamen
753 5279 926 5331 conventus
947 5273 1082 5334 serundo
1098 5273 1197 5334 dictus
1211 5274 1294 5334 sulli-

549 5362 665 5423 cientes
687 5377 749 5424 nou
773 5363 880 5424 babeat
903 5364 1040 5426 redditus
1066 5365 1295 5443 predictorum

549 5454 795 5532 individuorum,
812 5462 846 5518 ut
866 5457 1050 5535 praelector,
1069 5459 1297 5520 transferendo-

550 5565 620 5610 rum
642 5550 786 5610 abmonia
808 5560 838 5612 et
861 5552 1296 5626 manutentioue,seuetia1n

551 5647 581 5707 in
604 5656 767 5719 eventum,
791 5647 822 5707 in
846 5663 939 5726 quem
962 5645 1056 5724 aliqui
1075 5663 1113 5708 ex
1128 5647 1296 5709 individuis

551 5741 711 5817 praedictis
732 5740 887 5802 indultum
918 5741 1044 5802 vivendi
1067 5741 1098 5801 in
1121 5741 1242 5802 saeculo
1264 5741 1294 5801 in

551 5836 656 5897 habitu
686 5836 937 5913 presbyterorum
965 5835 1190 5896 seculariuma
1220 5835 1297 5897 Sede

550 5929 723 6008 Apostolica
746 5929 991 6006 impetraverint,
1007 5929 1041 5988 ad
1065 5945 1174 5990 eorum
1196 5945 1297 6006 respe-

1070 552 1135 594 ttttt·
1160 551 1249 595 PON'l'·
1276 551 1314 594 DE
1339 550 1366 592 l'·
1391 551 1418 594 F.
1444 553 1524 596 PARS
1548 554 1567 596 Ι.

1349 670 1431 730 ιιιιι
1453 671 1559 746 vitam,
1576 680 1608 732 et
1623 689 1687 734 nun
1709 673 1791 748 alias,
1807 674 2005 751 persolvendi
2028 693 2097 752 apo-

1349 763 1453 823 stolica
1469 765 1650 828 artrctoritate
1666 767 1817 844 praedicta
1834 767 1927 828 etlam
1948 777 2098 846 perpetuo

1350 858 1655 934 propmtiouahlliter
1675 859 1861 937 applicamus
1878 869 1909 921 el
1924 864 2099 940 appropria-

1352 967 1429 1010 mus.
1455 951 1494 1011 hc
1517 959 1678 1028 prepterea
1700 951 1810 1014 lratrcs
1833 954 2008 1030 primodicti
2025 973 2098 1016 con-

1350 1054 1462 1104 ventus
1483 1053 1513 1105 et
1535 1044 1670 1107 duorum
1687 1047 1892 1122 hospitiorum
1909 1065 1963 1125 per
1979 1065 2045 1122 nos,
2064 1056 2097 1110 ut

1350 1137 1534 1214 praefertur,
1563 1155 1799 1216 suppresserunt
1829 1150 1859 1202 et
1887 1143 2098 1204 extinctorem

1348 1232 1525 1294 huiusmodi
1548 1236 1584 1296 ad
1605 1237 1742 1296 secundo
1763 1234 1881 1296 dictum
1910 1237 2005 1299 alium
2027 1254 2099 1298 con·

1350 1337 1479 1390 ventum
1502 1329 1574 1390 dicti
1597 1331 1712 1392 ordinis
1733 1331 1839 1396 eadem
1860 1333 2023 1410 apostolica
2045 1351 2098 1392 au-

1349 1423 1490 1484 ctoritate
1514 1423 1738 1486 transierimus.

2132 539 2196 588 Au.
2217 535 2257 584 C.
2288 529 2368 580 1787

1388 1516 1456 1589 §ii
1482 1518 1689 1579 decernentes
1718 1529 1893 1596 praesentes
1919 1531 2036 1582 nostras
2063 1522 2098 1583 li·
2145 1524 2365 1584 ctausutaesa.

2117 1582 2239 1628 lunares
2265 1583 2294 1622 et
2312 1591 2368 1624 rrrr-

1351 1615 1429 1669 teras
1445 1611 1622 1686 apostolicas
1644 1612 1737 1672 etiam
1760 1627 1798 1672 ex
1819 1631 1867 1687 eo,
1889 1616 1971 1695 quod
1988 1613 2097 1675 iratres
2116 1637 2234 1682 rantes.

1350 1705 1524 1781 prirnotlicti
1545 1713 1720 1766 cotxventus
1742 1715 1772 1766 et
1795 1709 1926 1769 ιιιιιιιιιιι
1950 1709 2098 1787 bospitio-

1351 1811 1419 1857 rum
1452 1813 1506 1874 per
1529 1812 1584 1858 nos
1607 1809 1641 1860 ut
1664 1798 1835 1876 praelector
1860 1816 2096 1878 suppressorum

1349 1898 1379 1950 ιι
1401 1891 1611 1952 extincturum
1641 1893 1830 1968 huiusmodi,
1854 1909 2026 1972 eorumque
2048 1913 2097 1955 or-

1348 1985 1429 2045 dinis
1461 1988 1607 2061 praedicti
1636 1989 1810 2066 superiores
1832 1995 1863 2050 et
1884 1989 1998 2049 cntueri
2030 1989 2097 2067 qui·

1348 2095 1482 2156 rtuuque
1506 2081 1535 2142 in
1559 2081 1732 2158 praemissis
1756 2083 1904 2144 interesse
1934 2082 2097 2144 haebentes

1347 2189 1401 2233 seu
1414 2173 1646 2250 quomodolibet
1661 2176 1773 2236 habere
1790 2177 2025 2253 praetendentes
2037 2177 2097 2236 uns

1350 2282 1410 2326 non
1433 2269 1660 2341 corseuseunr,
1680 2284 1736 2328 nec
1754 2267 1788 2326 ad
1807 2268 1836 2328 id
1851 2270 1949 2332 vocati
1965 2277 1996 2330 et
2012 2271 2097 2333 audi-

1350 2360 1383 2434 ti,
1401 2378 1502 2438 neque
1517 2379 1625 2424 causae
1641 2370 1766 2440 propter
1781 2379 1855 2440 quas
1871 2365 1994 2424 eaedem
2012 2380 2096 2440 prae-

1348 2458 1832 2530 sentesemanarunt,adductae,
1846 2456 2032 2528 veriticatae,
2044 2466 2097 2519 aut

1350 2550 1530 2611 iustihcatae
1552 2549 1707 2611 ullatenus
1724 2549 1852 2620 luerint,
1870 2549 1932 2611 ullo
1949 2567 2096 2626 umquam

1350 2652 1489 2720 tempore
1511 2645 1548 2703 do
1569 2643 1789 2718 subreptionis,
1816 2643 1865 2703 vel
1894 2643 2094 2722 obreptionis,

1349 2745 1401 2798 aut
1430 2735 1593 2811 nullitatis,
1621 2754 1676 2797 scu
1703 2737 1902 2798 invaliditatis
1933 2739 2019 2807 vitio,
2048 2739 2096 2799 vel

1350 2831 1531 2892 intentionis
1555 2839 1689 2905 nostrae,
1706 2838 1761 2890 aut
1775 2831 1834 2891 alio
1849 2832 1959 2908 quovis
1974 2832 2093 2894 delectu

1348 2927 1439 2985 etiarn
1463 2924 1664 3003 quantumvis
1687 2939 1811 2999 stragan,
1837 2924 2042 3002 inexcogitato
2063 2937 2095 2988 et

1348 3019 1557 3079 substantiali:
1581 3019 1647 3078 sive
1669 3019 1761 3078 etiam
1777 3036 1814 3080 ex
1830 3035 1878 3091 eo,
1893 3020 1975 3097 quod
1993 3021 2022 3081 ln
2040 3021 2096 3080 eis-

1348 3113 1417 3172 dem
1442 3112 1614 3189 praemissis
1629 3111 1840 3174 solemnitates
1855 3121 1885 3175 ιι
1899 3116 2025 3191 quaevis
2039 3115 2096 3176 alia

1348 3209 1496 3268 servanda
1519 3215 1549 3266 ιι
1573 3207 1777 3283 adimplenda,
1801 3215 1921 3267 servata
1943 3216 1975 3268 et
2000 3209 2095 3269 adim-

1349 3297 1427 3374 pleta
1457 3314 1518 3358 nou
1550 3297 1678 3373 luerint,
1703 3298 1752 3359 vel
1772 3314 1788 3357 a
1810 3314 2009 3376 quocumque
2037 3301 2097 3360 alio

1349 3393 1446 3470 eapite
1462 3393 1569 3466 aiore,
1587 3393 1635 3454 vel
1652 3391 1741 3466 lacto,
1754 3402 1807 3454 ant
1820 3400 1947 3467 statuto,
1962 3392 2010 3455 vel
2024 3412 2096 3456 con·

1348 3485 1515 3546 suetudine
1536 3485 1636 3564 aliqua
1660 3486 1845 3558 resultante,
1865 3486 1958 3547 etiam
1977 3488 2007 3548 in
2030 3505 2098 3549 cor-

1349 3595 1423 3656 pore
1435 3579 1511 3640 iuris
1526 3579 1640 3652 clauso,
1657 3579 1722 3638 sive
1736 3580 1829 3640 etiam
1846 3581 1994 3654 enormis,
2006 3597 2098 3641 enor-

1349 3673 1505 3733 missimae
1526 3680 1557 3733 et
1580 3672 1681 3733 totalis
1696 3673 1839 3733 laesionis
1861 3681 1892 3733 et
1913 3674 2023 3751 quovis
2037 3674 2097 3734 alio

1349 3774 1523 3844 praetextu,
1540 3767 1710 3838 occasione,
1723 3766 1774 3827 vel
1788 3784 1876 3827 causa
1893 3770 1986 3827 etiarn
2000 3783 2097 3846 quan·

1351 3861 1467 3922 tuturis
1496 3861 1593 3934 iusta,
1622 3861 1797 3922 rationabili
1826 3870 1857 3923 et
1886 3861 2094 3938 privilegiata,

1349 3955 1445 4015 etiam
1478 3955 1546 4029 tali,
1578 3972 1658 4032 quae
1689 3957 1723 4016 ad
1755 3949 1907 4016 ellectum'
1933 3956 2096 4017 validitatis

1351 4047 1590 4126 praemissorum
1622 4050 1794 4110 necessario
1823 4048 2024 4125 exprimenda
2053 4049 2096 4110 lo·

1350 4150 1409 4216 ret,
1436 4141 1546 4216 notari,
1575 4142 1769 4220 impugnari,
1798 4141 1977 4216 invalidari,
2002 4151 2094 4204 retra·

1350 4235 1436 4308 ctari,
1467 4236 1498 4295 in
1520 4235 1567 4296 ius
1595 4235 1645 4294 vel
1673 4234 1917 4296 controversiam
1946 4235 2094 4308 revocari,

1350 4329 1384 4389 ad
1407 4329 1489 4392 viem
1511 4337 1541 4388 ιι
1564 4328 1715 4389 termines
1736 4327 1813 4388 iuris
1834 4327 1953 4401 reduci,
1977 4328 2027 4390 vel
2046 4330 2096 4390 ad·

1351 4441 1458 4484 versus
1481 4423 1547 4484 illas
1569 4423 1774 4484 restitutionis
1789 4422 1821 4481 in
1839 4422 2011 4496 integrum,
2027 4438 2095 4499 ape·

1349 4517 1472 4579 ritionis
1493 4517 1568 4592 orie,
1591 4515 1781 4578 reductionis
1808 4516 1842 4576 ad
1866 4515 1948 4576 viam
1976 4523 2006 4576 et
2036 4523 2096 4576 ter-

1351 4611 1452 4672 minos
1474 4611 1560 4684 iuris,
1583 4620 1636 4671 aut
1664 4609 1743 4670 aliud
1766 4611 1984 4687 quodcumque
2006 4609 2094 4682 iuris,

1351 4703 1400 4766 vel
1424 4703 1504 4777 lacti,
1528 4703 1578 4763 vel
1607 4703 1733 4778 gratiae,
1757 4701 1805 4763 rel
1836 4703 1969 4764 iustitiae
1997 4717 2096 4764 reme-

1350 4801 1437 4861 dium
1469 4798 1645 4874 impetrari,
1678 4812 1733 4858 seu
1763 4795 1992 4873 quomodolibet
2024 4813 2096 4860 con·

1350 4911 1433 4956 cesso
1456 4901 1487 4952 et
1508 4893 1672 4969 impetrato
1693 4905 1879 4969 quemquam
1907 4892 1965 4966 ιιιι,
1988 4909 2097 4952 sense

1350 4986 1450 5047 iuvari
1479 5000 1584 5062 posse,
1618 5001 1721 5062 neque
1749 4984 1883 5059 debere;
1914 5002 1948 5048 ιιι
1975 4987 2096 5048 easdem

1350 5089 1526 5158 praesentes
1546 5095 1669 5158 semper
1697 5080 1812 5154 llrmas,
1838 5077 1951 5140 validas
1975 5086 2006 5140 ιι
2033 5080 2095 5140 elli-

1349 5191 1431 5238 caces
1453 5175 1586 5236 existere
1607 5181 1638 5235 et
1653 5173 1728 5249 lore,
1749 5188 1884 5250 suosque
1899 5173 2051 5250 plenarios
2066 5181 2096 5234 et

1348 5270 1488 5346 integros
1510 5267 1635 5329 ellectus
1656 5266 1761 5326 sortiri
1780 5273 1810 5326 et
1833 5265 1984 5340 obtinere,
2007 5283 2040 5328 ac
2060 5267 2097 5327 ab

1349 5362 1506 5434 omnihus,
1530 5362 1564 5422 ad
1594 5376 1671 5438 quos
1692 5365 1806 5435 spectat
1828 5366 1859 5420 ιι
1881 5375 1936 5436 pro
1959 5366 2097 5429 tempore

1349 5454 1578 5533 quomodolibet
1599 5451 1759 5530 spectabit,
1782 5450 1978 5514 inlaturum
2000 5453 2100 5514 invio·
2149 5479 2153 5484 ·

1351 5550 1482 5610 labiliter
1502 5547 1679 5622 ohservari;
1701 5547 1818 5624 sicque,
1835 5555 1865 5607 et
1880 5560 1943 5608 non
1964 5549 2047 5623 alies,
2063 5551 2097 5612 in

1352 5644 1523 5721 praemissis
1549 5644 1695 5704 omnibus
1723 5649 1753 5704 et
1775 5643 1906 5719 singulis
1932 5659 1987 5722 per
2008 5661 2098 5723 quos·

1351 5754 1483 5815 cumque
1514 5737 1629 5798 iudices
1661 5737 1832 5798 ordinarios
1863 5738 1911 5799 ιιι
1943 5740 2097 5816 delegatos

1351 5832 1459 5909 quavis
1480 5831 1662 5892 auctoritate
1683 5830 1860 5907 iungentes,
1883 5831 1976 5892 etiam
1998 5849 2098 5893 causa·

1351 5940 1421 5986 rum
1437 5923 1539 6002 palatii
1553 5925 1710 6002 apostolici
1727 5924 1892 5998 auditores
1909 5941 1943 5986 ae
1958 5924 1988 5986 S.
2007 5924 2042 5984 ll.
2060 5925 2094 5985 Ε.
