4722 6976
926 576 997 620 rius
1017 576 1066 621 rr.
1090 576 1146 621 vn.
1727 552 1785 614 557
1835 556 1888 608 An.
1902 555 1932 607 e.
1954 557 2023 610 1817

264 693 407 772 prosequi
428 693 586 768 volumus,
609 699 643 756 ut
664 702 764 767 antea,
780 707 834 770 per
855 691 1003 755 dilectum
1098 693 1117 768 ἓ
1137 691 1166 754 6.
1191 691 1258 756 Non
1288 693 1437 768 obstante,
1460 692 1540 772 quod
1567 690 1803 756 commissarius

263 785 363 848 filium
394 785 633 848 Thesaurarium
655 793 797 849 nostrum
827 784 1004 862 generalem
1059 785 1249 866 apostolicae
1275 796 1398 850 nostrae
1423 788 1569 850 Gamerae
1595 793 1717 847 vocatus
1738 799 1802 845 non

263 879 392 956 eiusque
412 895 599 942 successores
627 878 663 940 ad
687 885 831 941 nostrum
859 884 890 939 et
911 878 1004 940 huius
1059 876 1162 955 luerit,
1179 896 1212 942 ac
1228 895 1290 942 non
1306 879 1499 942 obstantibus
1521 878 1619 940 literis
1634 875 1803 956 apostolicis

262 970 389 1035 Sanctae
412 973 497 1036 Sedis
518 973 692 1036 arbitrium.
727 971 876 1035 Volumus
898 970 1003 1046 etiam,
1058 971 1109 1034 iel.
1126 989 1186 1036 rec.
1210 973 1256 1036 Pii
1277 973 1328 1036 111.
1346 975 1383 1036 de
1397 973 1503 1050 gratiis
1526 973 1674 1034 interesse
1697 972 1803 1033 Came-

262 1066 342 1145 quod
365 1066 622 1145 congregatione
642 1065 839 1146 Propaganda
857 1064 931 1128 Fide
952 1065 1004 1126 de·
1058 1082 1108 1128 rae
1128 1067 1318 1146 apostolicae
1338 1066 1568 1147 quomodolibet
1588 1062 1804 1128 concernenti-

262 1163 328 1223 beat
349 1163 385 1224 de
408 1161 545 1225 triennio
565 1162 598 1223 in
613 1161 786 1224 trienninm
807 1158 918 1222 dilecto
940 1155 1003 1218 filio
1058 1159 1114 1221 bus
1135 1160 1214 1223 inira
1235 1170 1356 1225 certum
1370 1175 1550 1239 expressum
1572 1169 1693 1237 tempus
1707 1158 1740 1220 in
1754 1174 1802 1219 ea-

261 1255 462 1318 l'nesaurario
485 1264 591 1317 nostro
622 1253 758 1330 generali
786 1268 842 1331 pro
863 1257 1004 1329 tempore
1058 1255 1129 1317 dem
1141 1257 1266 1320 Camere
1281 1257 1480 1334 registrandis
1501 1257 1555 1338 (ita
1570 1255 1650 1335 quod
1666 1257 1801 1332 Congre-

261 1349 393 1412 rationes
414 1348 561 1410 exhibere
581 1347 740 1410 irustuum
762 1345 916 1418 omnium,
938 1343 1004 1404 sive
1059 1349 1140 1426 gatis
1161 1348 1198 1412 de
1220 1351 1414 1429 Propaganda
1429 1350 1502 1415 Fide
1523 1359 1576 1414 aut
1597 1350 1648 1412 alii
1662 1349 1729 1412 eius
1743 1349 1801 1414 mi-

260 1441 356 1505 annui
384 1442 521 1504 redditus
551 1440 730 1504 eorumdem
759 1438 948 1516 spoliorum,
970 1452 1004 1496 ac
1059 1440 1148 1503 nistri
1163 1444 1199 1505 ad
1214 1443 1391 1508 huiusmodi
1412 1445 1654 1508 insinuationem
1670 1443 1801 1505 minime

260 1535 612 1614 praelataodpostolicae
625 1537 769 1598 Gamerae
781 1535 813 1594 in
826 1533 1004 1598 1111666166-
1059 1535 1249 1616 teneantur),
1271 1538 1399 1616 aliisque
1422 1539 1532 1600 litteris
1554 1537 1725 1616 apostolicis
1746 1553 1800 1599 no-

259 1631 333 1694 libet
355 1629 481 1692 triennii
497 1628 617 1690 solvere
631 1643 783 1692 summam
799 1629 1002 1690 excedentem
1057 1629 1128 1690 stris
1154 1630 1203 1690 vel
1231 1631 1500 1709 praedecessorum
1525 1642 1705 1694 nostrorum
1726 1648 1800 1710 quo·

258 1734 419 1788 scutorum
434 1722 601 1799 nonaginta
622 1723 730 1799 millia,
747 1722 1002 1802 compensandam
1057 1737 1262 1803 rumcumque
1288 1726 1499 1790 Romanorum
1522 1728 1708 1790 Pontificum
1733 1727 1800 1804 qui-

258 1836 329 1885 cum
349 1819 500 1882 lructibus
521 1817 580 1880 LL.
592 1817 661 1880 llll.
686 1833 750 1880 non
771 1815 953 1879 vacabitium
966 1815 1002 1878 ad
1057 1815 1161 1878 busvis
1175 1819 1389 1882 efficacissimis
1403 1829 1435 1883 et
1449 1822 1580 1885 insolitis
1594 1821 1737 1886 clausulis
1752 1837 1800 1883 ro·

258 1916 443 1996 praedictam
474 1915 754 1992 congregationem
775 1912 1000 1991 spectantium,
1057 1912 1169 1974 boratis
1199 1923 1230 1976 et
1261 1917 1459 1981 confirmatis.
1492 1917 1607 1993 Quibus
1636 1917 1798 1991 omnibus,

257 2011 329 2072 licet
348 2007 518 2088 spoliorum
533 2006 669 2070 redditus
683 2006 892 2084 praecedentis
908 2004 1001 2066 trien·
1057 2007 1174 2069 etiamsi
1202 2010 1239 2072 de
1255 2011 1328 2094 ,illis
1354 2011 1507 2089 specialis,
1538 2011 1676 2091 specifica
1697 2017 1728 2072 et
1749 2027 1800 2072 ex·

257 2105 301 2166 nii
323 2105 358 2168 ad
379 2101 521 2164 eamdem
547 2105 718 2180 nonaginta
744 2102 878 2164 millium
901 2107 1000 2164 scutu-
1057 2115 1168 2177 pressa,
1184 2118 1217 2166 ac
1238 2105 1275 2168 de
1297 2106 1392 2168 verbo
1408 2108 1443 2170 ad
1460 2106 1601 2182 verbum,
1617 2121 1681 2168 non
1696 2111 1799 2168 autem

256 2213 328 2262 rum
340 2197 542 2274 quantitatem
556 2212 619 2258 non
635 2197 861 2273 pervenissent,
872 2194 922 2256 sed
938 2196 1001 2256 imo
1056 2211 1111 2272 per
1131 2197 1279 2262 clausulas
1300 2202 1458 2276 generales
1481 2202 1563 2264 idem
1584 2202 1798 2278 importantes,

256 2293 387 2356 inissent
408 2291 500 2368 longe
521 2291 668 2353 minores.
1057 2294 1185 2368 mentio,
1197 2310 1251 2356 seu
1266 2295 1392 2372 quaevis
1406 2295 1463 2358 alia
1477 2295 1633 2374 expressio
1647 2294 1797 2370 habenda,

61 2401 215 2448 secessores.
297 2389 364 2466 §ln
388 2387 538 2466 Denique,
557 2394 591 2448 ut
607 2387 713 2449 eadem
736 2385 942 2462 congregatio
956 2392 1001 2446 te·
1055 2394 1107 2449 aut
1128 2388 1185 2449 alia
1212 2389 1362 2468 exquisita
1392 2389 1490 2452 forma
1511 2392 1547 2454 ad
1568 2392 1626 2455 boc
1652 2391 1799 2452 servanda

256 2491 369 2544 neatur
397 2482 513 2544 nedum
541 2481 706 2558 pensiones
733 2480 904 2553 exsolvere,
931 2479 1003 2540 alia·
1055 2479 1146 2556 leret,
1168 2482 1315 2546 latissime
1337 2484 1392 2546 bac
1412 2485 1478 2546 vice
1492 2484 1685 2561 derogamus,
1701 2495 1799 2548 caete·

256 2593 317 2656 qne
332 2591 426 2638 onera
440 2573 532 2648 lerre,
548 2589 626 2654 quae
640 2581 708 2637 actu
724 2572 900 2651 Spoliorum
914 2588 1002 2635 arcae
1056 2575 1159 2652 risque
1180 2577 1341 2638 contrariis
1362 2577 1620 2656 quibuscumque.

256 2668 454 2741 incombunt,
467 2667 681 2730 verumetiam
695 2668 725 2728 in
737 2667 918 2730 eorumdem
930 2666 1001 2743 sps
1095 2670 1206 2732 Datum
1220 2685 1258 2732 ea
1274 2673 1378 2734 Castro
1400 2671 1582 2750 dandulpno
1603 2675 1653 2737 die
1669 2691 1737 2737 xix.
1752 2675 1799 2738 iu·

256 2761 370 2826 liorum
394 2762 659 2826 administratione
689 2763 734 2824 uti
762 2776 852 2838 opera
880 2760 1000 2822 ratioci-
1056 2766 1099 2828 nii
1122 2781 1309 2828 npcccxvn.

256 2855 385 2930 natoris,
407 2855 602 2932 aliorumque
628 2854 843 2917 ministrorum
865 2869 999 2917 camera-

255 2953 347 3027 lium,
362 2951 417 3030 qui
429 2949 520 3012 modo
536 2949 636 3011 eidem
657 2949 913 3012 administrationi
928 2957 1001 3011 sunt

254 3043 383 3118 addicti,
406 3041 581 3104 iisdemmet
608 3042 787 3120 stipendiis,
818 3058 895 3120 quae
916 3057 1000 3105 nunc
1378 3053 1472 3119 Lxx,

254 3137 419 3216 accipiunt,
435 3143 477 3211 et,
493 3136 666 3198 senioribus
681 3135 909 3212 decedentibus,
926 3135 999 3198 alios
1241 3161 1246 3171 ·

255 3231 340 3292 iunia
366 3245 475 3294 eorum
504 3229 692 3293 antianitatis
719 3229 830 3306 gradus
857 3230 999 3292 Sufficiil'e
1055 3241 1295 3321 Archippiggopo
1312 3243 1541 3306 Baltimqrgngi
1552 3245 1727 3322 respondet,
1744 3261 1798 3308 effi.

254 3339 327 3388 0¹1OE
347 3339 385 3386 00
406 3323 515 3386 11111011
540 3323 764 3398 efflOlUfflessiQ
787 3324 867 3402 <1¹¹⁰d
890 3321 999 3386 11erss-
1093 3352 1197 3398 cessus
1226 3334 1404 3415 presbyteri
1434 3336 1606 3418 Galicqiter
1634 3339 1797 3402 evidenter

254 3424 322 3480 ctus
350 3417 518 3494 obtinebat,
539 3425 571 3478 et
596 3418 652 3480 boc
673 3417 828 3480 observari
854 3417 998 3495 praecipi·
1092 3435 1212 3507 pacm,
1235 3437 1265 3492 ep
1286 3431 1385 3494 camp
1400 3409 1641 3512 ‘appellationis
1671 3450 1710 3496 επ
1735 3450 1796 3496 ,ua

255 3528 336 3588 mus,
359 3513 556 3592 quoadusque
577 3511 656 3574 alter
676 3513 830 3590 supererit
853 3527 891 3572 ex
912 3511 998 3574 dictis
1092 3529 1122 3584 pc
1147 3524 1177 3585 s,
1207 3525 1469 3604 gopqrgpappoms
1500 3527 1662 3589 gementia
1687 3527 1794 3605 fincta,

254 3608 456 3674 camenalibus
471 3607 660 3671 officialibus.
678 3607 822 3683 Quocirca
836 3607 914 3669 illito
930 3608 998 3671 Car·
1093 3617 1197 3695 ipsum
1206 3623 1416 3696 poggepppara
1428 3616 1521 3681 picum
1532 3619 1661 3698 piusque
1674 3621 1796 3683 soccum

254 3703 348 3768 dinali
370 3701 465 3766 Scotti
493 3704 592 3780 quoad
614 3717 680 3764 rem
708 3702 890 3764 familiarem
913 3719 999 3765 oeco-
1093 3712 1217 3773 sciere
1230 3711 1410 3789 procedere:
1427 3711 1648 3776 elusorbitrio
1663 3729 1796 3791 prorsus

254 3793 408 3860 nomicar'n
429 3796 616 3874 saepedictae
643 3796 892 3872 congregationis
913 3812 999 3874 prae·
1092 3804 1217 3865 remitit
1245 3802 1510 3868 substitutionem
1536 3806 1711 3868 sucerdotis
1732 3811 1795 3872 Ac-

253 3889 345 3966 lecto,
367 3889 495 3968 eiusque
516 3889 549 3951 in
571 3891 677 3952 eodem
698 3887 797 3951 officio
818 3893 998 3953 successori·
1091 3898 1137 3977 qli
1159 3897 1339 3975 preceptora
1364 3897 1454 3962 Gallo
1478 3899 1652 3962 clericidas
1669 3901 1703 3962 in
1718 3898 1796 3964 crde

254 3985 323 4061 bus,
338 3983 561 4046 6011111111ῑὶῐῦΰὸ
582 3992 613 4046 61
635 3981 825 4058 mandamus,
847 3990 999 4061 quatenus
1094 3991 1294 4069 decapoleos:
1316 3989 1479 4071 significat
1495 3992 1622 4055 taudem
1638 4009 1795 4057 eunocum

254 4077 459 4142 exactioni·et
486 4076 711 4153 recuperationi
736 4073 913 4155 Spoliorum
942 4076 998 4138 bu·
1091 4090 1219 4147 statuta
1247 4086 1335 4146 circa
1361 4083 1588 4163 appellationes
1615 4087 1707 4165 firma
1729 4103 1794 4150 mo-

252 4172 386 4236 iusmodi
406 4169 513 4233 sedulo
528 4169 720 4246 incumbant,
741 4177 918 4248 caeteraque
933 4186 998 4232 om·
1091 4196 1164 4242 pare
1186 4175 1293 4241 dedere
1314 4175 1371 4261 (l).

253 4269 304 4329 nia
325 4266 458 4330 fideliter
479 4272 683 4342 exequantur,
706 4281 783 4342 quae
804 4281 819 4324 a
841 4264 928 4327 nobis
948 4282 998 4326 sn*

252 4362 356 4440 perius
377 4359 518 4438 disposita
538 4365 623 4426 sunt·
1071 4365 1241 4434 Venerabili
1260 4365 1347 4434 tratri
1364 4365 1521 4433 tesnardo
1538 4365 1773 4450 trctiepiscopo

293 4457 360 4533 §ti
384 4457 612 4529 Decernentes,
635 4455 738 4517 omnia
759 4463 789 4518 et
814 4457 935 4532 singula
963 4459 995 4521 in
1308 4457 1534 4539 Bullinorensi,

252 4551 405 4631 praesenti
427 4554 532 4611 nostro
553 4548 637 4611 lllotu
654 4549 787 4628 proprio,
804 4566 965 4630 quousque
980 4569 995 4615 a
1415 4619 1417 4624 ,

252 4645 339 4707 nobis
360 4643 411 4706 vel
425 4659 440 4704 a
454 4641 679 4706 successoribus
702 4644 815 4706 nostris
835 4654 996 4708 revocatus
1114 4691 1118 4701 -
1296 4645 1382 4713 etus
1406 4648 1465 4714 ΡΡ.
1489 4647 1547 4716 vlt.

252 4755 315 4802 non
337 4737 443 4813 inerit,
466 4744 611 4799 contenta
628 4743 659 4799 et
673 4754 828 4816 expressa,
851 4739 948 4804 valida
964 4751 995 4806 et

251 4834 339 4896 firma
360 4831 436 4908 lore,
459 4849 492 4894 ac
512 4832 549 4894 ab
570 4831 714 4894 omnibus
744 4840 774 4895 et
794 4835 937 4912 singulis,
959 4839 995 4900 ad
1261 4835 1450 4904 Venerabilis
1472 4838 1579 4917 irater,

251 4943 327 5006 quos
348 4933 463 5005 spectat
485 4933 514 4988 et
536 4926 569 4987 in
593 4925 735 4990 intusum
763 4929 995 5007 quomodolibet
1082 4928 1210 4996 salutent
1232 4933 1264 4995 el
1285 4929 1482 5012 eposioiieent
1506 4931 1755 5001 benedielionetn·

250 5020 409 5098 spectabit,
421 5020 553 5082 iirmiter
566 5027 595 5081 et
610 5019 830 5084 inviolabiliter
844 5033 994 5100 perpetuo

250 5113 406 5175 obseruari
420 5111 543 5174 debere.
562 5109 683 5192 Sisque,
698 5120 730 5174 ct
744 5129 807 5176 non
822 5114 922 5193 aliter,
938 5133 994 5195 per
1087 5120 1105 5194 5
1130 5119 1157 5180 1.
1179 5119 1296 5182 Literas
1319 5128 1384 5184 tuas
1405 5121 1466 5184 diei
1487 5137 1557 5184 xrrr.
1575 5123 1678 5201 aprilis
1702 5125 1792 5188 buius

250 5221 461 5286 quoscumque
485 5204 600 5268 iudices
625 5205 796 5267 ordinarios
817 5213 847 5268 et
873 5209 994 5286 delega·
1048 5213 1120 5274 anui
1132 5213 1293 5276 celerrime
1308 5215 1489 5293 accepimus,
1503 5217 1791 5298 sexagesimaqutn-

251 5307 308 5376 tos,
331 5299 425 5361 etiam
453 5313 614 5361 causarum
640 5298 740 5375 palatii
764 5300 919 5377 apostolici
940 5319 992 5364 au·
1048 5308 1075 5369 ta
1096 5305 1212 5368 scilicet
1233 5306 1282 5368 die
1303 5317 1464 5388 postquam
1486 5308 1608 5373 iuerant
1630 5311 1726 5374 datae.
1753 5314 1791 5376 Et

250 5395 373 5482 ditores,
390 5411 423 5456 ac
438 5392 564 5456 Sanctae
578 5393 732 5455 Romanae
747 5394 899 5457 Ecclesiae
920 5397 991 5458 Car·
1046 5415 1232 5477 quamquam
1254 5415 1291 5462 co
1305 5409 1444 5478 tempore
1465 5404 1590 5466 adversa
1612 5405 1790 5468 valetudine

250 5487 377 5559 dinales,
394 5487 508 5567 ubique
528 5487 656 5548 indicari
678 5503 711 5548 ac
732 5488 853 5550 deliniri
868 5489 991 5566 debere,
1045 5491 1118 5573 (qua
1129 5506 1214 5556 nunc
1229 5493 1345 5571 optimi
1359 5495 1484 5559 favente
1497 5499 1559 5560 Deo
1575 5496 1707 5578 utimur)
1722 5516 1792 5578 pre-

249 5599 282 5644 ac
303 5582 428 5644 irritum
450 5589 481 5642 et
501 5580 596 5642 inane
618 5579 766 5659 quidquid
788 5597 875 5643 secus
898 5599 993 5661 super
1046 5601 1216 5662 meremur,
1240 5587 1403 5665 negotium
1425 5597 1540 5667 tamen,
1557 5591 1594 5653 de
1615 5608 1677 5671 quo
1699 5595 1731 5654 in
1753 5595 1790 5654 iis

249 5676 297 5738 bis
317 5693 333 5736 a
354 5675 491 5754 quolibet
518 5676 625 5753 quavis
649 5677 829 5738 auctoritate
859 5676 992 5740 scienter
1045 5680 1201 5757 agebatur,
1225 5697 1280 5760 pro
1306 5684 1352 5744 rei
1374 5683 1523 5760 gravitate
1550 5702 1667 5764 proque
1687 5689 1790 5750 studio

249 5769 300 5831 vel
324 5769 503 5846 ignoranter
524 5769 689 5847 contigerit
710 5769 865 5832 attentari.
1046 5775 1077 5836 in
1099 5781 1129 5837 te
1150 5782 1267 5851 nostro,
1284 5775 1451 5854 diligenter
1472 5777 1620 5858 nullique
1640 5781 1726 5842 mord
1742 5781 1789 5842 in·

289 5973 316 6031 tl)
332 5977 368 6020 iix
382 5977 445 6031 Reg.
461 5974 541 6032 Epist.
557 5976 642 6021 Latin.
657 5976 719 6022 vide
734 5980 793 6022 Non
806 5982 865 6024 stne
878 5976 954 6024 inira.
1036 6029 1039 6034 ,
