4734 7004
69 615 113 672 An.
124 597 150 668 t'l.
170 597 236 666 ttbtl

267 745 522 830 protestantibus,
535 745 615 828 quod
637 759 693 828 per
705 765 755 812 eos
776 764 842 811 uon
857 754 928 823 stat,
944 763 1017 810 con-

267 843 376 920 tigerit
396 842 464 905 illas
485 844 529 906 eis
550 841 707 920 denegari.

307 937 423 1000 Datum
443 937 568 1011 Romae,
601 937 687 1015 apud·
710 936 740 1000 S.
768 935 892 998 blaciam
924 935 1015 997 bloio·

266 1047 348 1108 rem,
375 1031 434 1093 sub
461 1030 578 1092 anttulo
604 1029 765 1093 Piscatoris
793 1029 842 1091 die
867 1045 919 1089 xv.
944 1029 1015 1090 maii

268 1139 421 1187 unccutx.
448 1123 643 1204 pontificatus
664 1123 764 1185 nostri
783 1139 865 1184 anno
887 1139 908 1183 t.

525 1327 764 1336 ——-·-——-—-—·-·—

620 1506 660 1569 X.

265 1692 315 1754 Ad
337 1693 566 1764 Potricrcbns,
596 1693 766 1764 Primntes,
798 1689 1016 1767 Archiepisco·

304 1803 361 1866 pos
389 1797 418 1850 ct
448 1786 618 1866 Episcopos
648 1784 763 1848 scribit
791 1799 888 1860 snper
915 1779 1017 1844 obser-

305 1881 421 1944 onntin
437 1881 670 1942 canonicorum
685 1879 890 1941 sanctionum
906 1875 1014 1936 odacr-

304 1965 1015 2053 snsclericosnepotintores,ctsnecoioribns

305 2067 444 2147 nepotiis
459 2083 494 2154 se¹
511 2067 734 2134 immiscentes,
756 2063 920 2126 editorum
942 2059 954 2137 (
975 2059 999 2137 ).

263 2245 1014 2330 stwfflffimmfflmummhfflme

305 2339 1014 2428 msfflmwmhmmmmmfim

305 2441 411 2524 scopis
441 2440 568 2526 qratiam
597 2444 629 2507 et
657 2439 892 2506 communionem
924 2433 1012 2501 Sedis

305 2532 718 2618 mmmmmm

457 2718 642 2788 CLEMENS
669 2720 728 2787 ΡΡ.
754 2718 822 2786 ΧΙΙΙ.

466 2896 664 2965 venerabiles
687 2896 813 2974 tratres,

297 3003 428 3072 salutem
450 3009 483 3072 et
503 3004 701 3088 apostolicam
728 3000 978 3070 benedictionem.

154 3204 159 3212 ·
207 3238 213 3250 .
305 3196 325 3270 ἓ
348 3194 374 3255 l.
394 3197 625 3274 cumprimum
640 3191 945 3275 incomprehensibili
960 3191 1012 3251 Pa-

260 3291 355 3350 storis
378 3291 494 3352 aeterni
517 3291 629 3353 iudicio
653 3291 683 3350 in
699 3289 780 3351 beati
800 3288 882 3350 Petri
905 3285 1012 3348 Cathe-

262 3381 317 3445 dr'a
340 3383 511 3458 constituti,
528 3384 673 3446 dominici
696 3383 799 3461 gregis
820 3397 924 3444 curam
947 3396 1011 3440 sus-

261 3476 416 3555 cepimus,
429 3478 603 3556 complures
617 3465 793 3540 audivimus
808 3475 1012 3539 ecclesiastico

260 3568 330 3638 zelo
352 3569 509 3633 terrentes
530 3572 626 3647 viros,
639 3573 819 3650 praesertim
835 3569 1009 3631 animarum

259 3671 399 3741 pastores
421 3672 452 3724 et
473 3664 561 3726 verbi
583 3665 637 3726 Dei
660 3681 837 3743 praecones,
862 3661 915 3739 qui
937 3661 1010 3722 eivi-

259 3764 341 3818 tates
358 3765 451 3836 atque
467 3758 641 3837 proiincins
656 3763 833 3835 peragrant,
850 3755 1011 3833 poeniten·

260 3851 337 3912 tiam
359 3851 482 3930 populis
504 3858 535 3913 et
556 3868 679 3914 morum
696 3850 946 3912 emendationem
964 3848 1010 3908 in·

259 3941 412 4018 dicentes,
425 3960 559 4024 quorum
576 3944 732 4006 unanimis
743 3942 924 4020 conquestio
938 3941 1008 4015 fuit,

261 4035 346 4097 inter
367 4037 477 4099 abusus
499 4045 530 4099 et
552 4037 755 4115 corruptelas,
779 4053 853 4114 quas
876 4051 930 4112 pro
952 4035 1010 4095 mi-

260 4129 385 4191 nisterii
399 4131 447 4192 sui
462 4131 563 4193 allicio
578 4137 740 4204 notarunt,
757 4146 812 4210 pro
828 4129 946 4190 viribus
962 4144 1008 4188 re·

259 4221 397 4285 formare
420 4225 623 4299 studuerunt,
643 4223 928 4301 reprehendendam
951 4222 1007 4282 sibi

259 4315 444 4395 frequenter
464 4319 635 4380 occurrisse
656 4317 851 4396 quorundam
868 4316 1008 4377 ecclesia-

257 4411 409 4472 sticorum
443 4412 603 4472 avaritiam
637 4409 831 4490 habendique
861 4409 1008 4488 cupidita·

259 4510 336 4564 tem.
361 4505 443 4580 Quae
466 4507 612 4582 quoniam
626 4505 779 4566 malorum
802 4507 946 4564 omnium
961 4521 1008 4564 ra-

258 4598 314 4659 dix
328 4615 344 4658 a
360 4597 477 4675 Spiritu
493 4597 606 4660 Sancto
622 4597 804 4676 appellatur,
818 4597 862 4657 nil
879 4597 1005 4671 mirum,

257 4689 285 4751 si
307 4705 359 4751 eos
380 4705 505 4768 omnes,
528 4705 665 4769 quorum
686 4689 780 4752 semel
809 4689 928 4752 animos
950 4690 1006 4750 im-

256 4783 340 4859 buit,
364 4792 435 4846 utut
455 4785 489 4847 in
512 4785 659 4846 atrociora
691 4783 820 4846 crimina
843 4799 906 4844 nou
928 4783 1006 4844 abri-

258 4878 335 4956 piat,
358 4877 452 4938 talem
480 4878 512 4939 in
544 4877 597 4939 Dei
622 4876 708 4939 cultu
729 4877 932 4956 propriaeque
954 4891 1007 4937 vo·

258 4970 389 5032 cationis
411 4971 596 5032 muneribus
612 4968 761 5032 obeundis
774 4972 916 5033 socordes
938 4971 1006 5032 red·

258 5064 323 5140 dat,
351 5065 437 5126 etad
463 5065 627 5126 saecularia
661 5057 810 5126 desideria
841 5078 1006 5126 conversos

257 5154 427 5218 mundanis
448 5158 565 5219 addicat
587 5158 669 5219 curis
691 5165 721 5218 et
742 5157 1004 5235 occupationibus,

257 5249 373 5327 quibus
387 5249 611 5312 abrenunciare
625 5265 658 5311 se
673 5249 793 5328 publice
809 5249 1004 5325 addixerunt,

257 5358 358 5420 quum
391 5343 475 5406 inter
505 5359 607 5405 sacrae
638 5341 823 5404 initiationis
859 5344 1005 5422 mysteria

256 5437 360 5498 solum
372 5437 469 5500 Deum
480 5437 678 5500 haereditatis
692 5451 765 5497 suae
777 5445 894 5514 partem
910 5453 1005 5514 agno·

299 5621 329 5678 tl)
345 5620 416 5670 Quod
430 5621 588 5667 clericorum
602 5622 670 5668 bone
680 5633 709 5668 ex
720 5621 814 5668 illicita
825 5621 1005 5680 negociatione

254 5688 381 5747 quaesita
392 5689 426 5734 ad
440 5699 572 5735 cameram
593 5689 739 5746 spoliorum
760 5690 911 5747 pertineant
925 5691 1004 5737 iussit

253 5757 319 5804 Pius
333 5761 373 5803 lv.
389 5757 493 5804 constit.
513 5757 575 5802 edit.
596 5768 664 5804 anno
680 5769 770 5812 unux,
786 5769 841 5803 nov.
858 5771 892 5814 v.,
907 5769 1004 5806 merea·

255 5830 348 5872 turem
370 5827 396 5871 et
419 5824 613 5882 negociatioues
634 5827 796 5880 saeculares,
818 5827 1004 5873 ecclesiasticis

253 5893 387 5952 personis,
400 5893 558 5951 praesertim
572 5893 600 5938 in
613 5894 695 5939 indiis
705 5894 884 5940 orientalibus
894 5898 920 5940 et
931 5899 1005 5940 dme-

253 5961 312 6008 rien
325 5962 511 6019 existentlbus,
522 5964 571 6009 sub
585 5963 865 6009 excommunicationis
874 5973 958 6020 poene
967 5963 1004 6008 iu·

253 6029 367 6079 terdixit
380 6031 501 6077 Urbanus
515 6033 579 6076 vill.
593 6033 675 6077 const.
691 6034 731 6076 Ex
745 6034 828 6076 aedito
845 6035 1000 6086 pastoratus,

925 613 1067 676 obnitens
1089 615 1158 676 xnl.

1760 597 1799 677 bn
1848 603 1947 665 tao.
1970 593 2037 665 mei

1072 763 1158 810 scere
1172 747 1301 827 proiessi
1315 756 1398 812 sunt.
1422 743 1500 812 Hinc
1514 747 1608 813 etiam
1624 748 1750 826 litigiosi
1765 765 1819 811 ne·

1072 843 1202 904 cessario
1225 843 1315 918 liunt,
1332 851 1424 922 atque
1445 843 1549 905 omnia
1565 843 1694 906 miscere
1709 843 1817 922 parati,

1073 950 1112 995 ne
1141 935 1204 996 vile
1230 936 1353 1014 aliquod
1387 937 1527 1011 lucrum,
1554 937 1620 998 sive
1647 943 1817 1015 speratum,

1070 1028 1136 1088 sive
1149 1027 1208 1090 iam
1231 1037 1354 1108 partum
1370 1031 1524 1093 amittant.
1550 1030 1628 1092 Hinc
1642 1046 1674 1090 se
1689 1031 1723 1092 ad
1739 1030 1818 1091 abie-

1072 1129 1119 1182 cta
1140 1122 1294 1200 quaelibet
1317 1123 1415 1184 officia
1437 1133 1467 1185 et
1490 1123 1673 1198 ministeria,
1696 1123 1728 1184 in
1751 1137 1818 1199 gra-

1072 1215 1129 1276 dus
1149 1223 1182 1277 et
1203 1217 1319 1279 ordinis
1340 1218 1387 1280 sui
1406 1217 1550 1292 dedecus,
1574 1216 1739 1280 demittere
1753 1232 1817 1278 non

1073 1309 1271 1373 erubescunt.
1295 1311 1360 1388 Quo
1391 1312 1426 1374 ht
1448 1319 1483 1373 ut
1506 1311 1655 1374 laicorum
1677 1311 1818 1390 plerique

1072 1418 1135 1465 uon
1157 1418 1209 1466 ens
1231 1405 1312 1482 ipsos
1341 1407 1517 1481 dumtaxat,
1547 1406 1600 1483 qui
1622 1405 1692 1468 talia
1720 1412 1818 1481 agunt

1069 1497 1122 1558 sed
1134 1513 1222 1576 saepe
1233 1499 1326 1561 etiam
1342 1499 1526 1561 universum
1541 1499 1816 1561 ecclesiasticorum

1069 1596 1206 1666 coetum,
1222 1599 1440 1670 contemnant;
1462 1595 1537 1670 quin
1560 1600 1591 1654 et
1612 1609 1715 1654 antaro
1730 1607 1818 1652 aver-

1070 1699 1167 1762 soque
1187 1686 1292 1746 animo
1306 1688 1369 1748 sint
1390 1703 1463 1764 erga
1485 1687 1561 1749 illud
1584 1688 1749 1749 hominum
1765 1701 1817 1763 ge-

1070 1792 1140 1848 nus,
1154 1793 1289 1856 quorum
1312 1780 1380 1842 lites
1396 1789 1427 1843 et
1440 1782 1668 1855 contentiones,
1684 1781 1722 1842 oh
1739 1771 1816 1842 tem-

1070 1871 1183 1948 poralia
1206 1873 1342 1948 negotia,
1365 1874 1519 1936 sustinere
1542 1876 1637 1936 coacti
1657 1882 1743 1948 suut,
1766 1875 1832 1936 vel

1070 1965 1219 2045 aquibus
1248 1975 1407 2046 praerepto
1435 1967 1491 2029 sibi
1514 1967 1660 2030 viderunt
1687 1967 1815 2030 honesta
1904 2041 1906 2050 Ι

1069 2059 1181 2133 media,
1204 2076 1259 2139 per
1280 2077 1357 2141 quae
1384 2079 1457 2124 suae
1481 2079 1672 2143 suorumque
1693 2070 1832 2124 susten

1069 2153 1178 2215 lationi
1199 2155 1363 2216 consulere
1384 2157 1566 2234 potuissent.

1107 2245 1176 2320 §2
1201 2247 1318 2310 Horum
1341 2248 1553 2324 relationibus
1577 2267 1651 2328 quas
1671 2251 1744 2311 satis
1764 2267 1814 2310 su·
1864 2271 1899 2316 nc
1918 2273 2046 2327 corrupte-

1068 2357 1184 2420 perque
1206 2343 1328 2404 veritati
1351 2344 1472 2406 innixas
1500 2343 1724 2418 existimamus,
1747 2344 1814 2422 qui·
1833 2323 2047 2424 {ssm’,⁰,²„,⁸0⁰3,¹¹„‘¹d³,'

1069 2435 1187 2512 litusque
1202 2436 1371 2498 nonnullos
1383 2439 1474 2498 etiam
1487 2438 1640 2514 designari
1651 2455 1813 2500 censemus
1832 2431 2046 2532 ssssfflfflffiffiffi

1068 2530 1227 2604 regulares
1250 2530 1344 2604 viros,
1361 2532 1413 2608 qui
1434 2530 1597 2610 aliquando
1619 2533 1656 2594 ab
1672 2533 1812 2611 imposita
1832 2539 1959 2595 exprimit.

1067 2623 1124 2683 sibi
1145 2623 1354 2686 sollicitudine
1376 2627 1413 2686 de
1435 2626 1655 2704 temporalibus
1675 2643 1815 2690 commu-

1039 2778 1042 2797 ,
1069 2715 1202 2778 uitatum
1223 2733 1351 2779 suarum
1367 2719 1599 2794 emolumentis,
1616 2721 1697 2782 ultra
1719 2720 1816 2784 eccle-

1039 2800 1042 2893 i
1067 2812 1203 2875 siasticae
1225 2813 1444 2876 moderationis
1459 2815 1537 2877 lines
1559 2814 1633 2878 terri
1647 2833 1679 2878 se
1693 2819 1812 2892 sinunt,

1068 2907 1195 2968 excitari
1218 2923 1274 2969 nos
1296 2908 1422 2986 quidem
1445 2909 1670 2986 intelleximus,
1687 2919 1721 2973 ut
1743 2927 1813 2990 apo-

1066 3000 1185 3076 stolice,
1208 3017 1267 3079 qua
1290 3002 1490 3064 immerentes
1512 3002 1688 3080 fungimur,
1711 3016 1813 3067 aucto-

1067 3095 1169 3169 ritate,
1185 3096 1365 3158 huiusmodi
1379 3098 1597 3175 corruptelam,
1615 3099 1699 3161 unde
1715 3101 1813 3162 tidelis

1067 3191 1173 3268 populi
1203 3189 1399 3266 scandalum,
1431 3189 1559 3269 aliisque
1590 3193 1675 3254 noxii
1708 3209 1814 3256 cortse-

1067 3293 1211 3363 quuntur
1232 3285 1371 3362 edoctus,
1388 3288 1542 3349 demedio
1566 3287 1674 3350 tollere
1696 3297 1812 3368 satage-

1067 3393 1184 3440 remus.

1105 3473 1124 3547 5
1145 3472 1173 3534 3.
1198 3471 1329 3548 Verum,
1345 3491 1443 3552 quum
1458 3475 1495 3536 ab
1510 3475 1582 3554 ipsis
1598 3475 1750 3540 Ecclesiae
1768 3478 1812 3540 in·
1857 3493 2043 3557 conscensus-

1066 3567 1226 3629 cunabulis
1259 3569 1414 3645 usquead
1436 3572 1508 3630 haec
1539 3580 1643 3632 nostra
1673 3580 1809 3649 tempora
1830 3545 2043 3603 ⁰¹⁹⁸¹³⁰¹¹¹⁵⁰¹⁹'¹'

1831 3610 1865 3644 na
1879 3599 1928 3646 init
1958 3603 1987 3646 ut
2005 3612 2042 3646 ec·

1066 3662 1145 3724 nihil
1167 3663 1314 3740 apertius,
1339 3663 1418 3722 nibil
1440 3663 1609 3726 districtius
1635 3635 2044 3764 ³¹¹t⁶⁰¹¹⁶⁵·3¹0⁰11⁸2¹t³0⁸ff⁰t{⁰11l’1,⁸52

1036 3802 1039 3841 ,
1066 3755 1178 3817 liorum
1192 3756 1677 3833 decretisantpraedecessorum
1690 3768 1809 3819 nostro·
1829 3760 1923 3806 rantum
1953 3761 2042 3861 iffi

1036 3872 1038 3893 =
1065 3865 1135 3910 rum
1150 3847 1363 3910 Romanorum
1376 3849 1559 3910 Pontificum
1580 3851 1810 3912 constitutioni·
1829 3825 2026 3915 {gsgoffleinc

1065 3942 1120 4004 bus
1141 3951 1294 4005 statutum
1318 3943 1456 4019 legatur,
1479 3942 1556 4004 nihil
1579 3962 1594 4004 a
1617 3943 1735 4006 Sanctis
1757 3947 1810 4008 Pa·

1064 4037 1163 4098 tribus
1184 4036 1447 4114 ecclesiarumque
1469 4037 1642 4100 Pastoribus
1665 4040 1811 4118 frequen-

1065 4130 1126 4190 tius
1154 4137 1207 4190 aut
1236 4130 1406 4208 impensius
1435 4130 1625 4192 inculcatum
1653 4143 1808 4211 appareat,

1064 4239 1155 4302 quam
1179 4233 1213 4286 ut
1235 4223 1388 4285 Ecclesiae
1414 4225 1565 4300 ministri,
1594 4242 1665 4288 cum
1688 4227 1807 4304 clerici,

1066 4327 1132 4378 tum
1148 4317 1330 4392 monachia
1347 4317 1563 4394 temporalium
1583 4318 1741 4382 lucrorum
1756 4340 1808 4384 cu·

1063 4412 1189 4489 piditate
1210 4411 1377 4486 abstinere,
1401 4420 1431 4474 et
1452 4430 1467 4472 a
1488 4413 1694 4476 saecularium
1715 4431 1809 4492 nego·

1061 4505 1183 4566 ciorum
1203 4504 1463 4568 sollicitudinibus
1484 4523 1588 4568 arcere
1608 4523 1641 4568 se
1662 4509 1806 4586 debeant3

1062 4613 1198 4676 cumque
1225 4615 1289 4660 nnn
1314 4599 1416 4661 solum
1448 4600 1621 4678 spirituales
1648 4618 1806 4678 censurae,

1061 4691 1228 4754 sedetiam
1255 4693 1454 4771 gravissimae
1484 4695 1669 4772 temporales
1691 4711 1807 4773 poenae

1061 4787 1093 4847 in
1116 4802 1167 4848 eos
1188 4787 1330 4849 decretae
1352 4788 1482 4864 inerint,
1506 4791 1559 4867 qni
1580 4789 1744 4851 canonicas
1761 4805 1807 4850 re-

1062 4879 1148 4954 gulas
1162 4880 1217 4940 hac
1232 4881 1264 4940 in
1276 4896 1310 4941 re
1324 4880 1497 4956 intringere
1519 4891 1571 4942 aut
1591 4883 1708 4944 violare
1723 4899 1808 4962 prae-

1060 4974 1260 5049 sumpserint.
1279 4973 1427 5035 Omnibus
1444 4984 1564 5035 mature
1576 4976 1746 5053 perpensis
1760 4976 1807 5037 ni-

1062 5063 1105 5124 hil
1127 5064 1393 5145 nobisreliquum
1415 5083 1480 5128 esse
1503 5069 1722 5144 iudicavimus,
1746 5071 1805 5130 nisi

1061 5168 1096 5223 nt
1119 5176 1184 5234 vos,
1208 5160 1402 5233 venerabiles
1434 5161 1559 5236 iratres,
1586 5164 1623 5225 de
1654 5163 1806 5225 constanti

1061 5252 1215 5330 enixeque
1234 5253 1395 5314 voluntate
1410 5261 1524 5327 nostra,
1538 5254 1806 5331 praedecessorum

1060 5354 1237 5434 nostrorum
1262 5344 1373 5418 menti,
1387 5343 1603 5424 Ecclesiaeque
1613 5347 1734 5423 spiritui
1752 5363 1806 5426 per

1060 5439 1164 5500 omnic
1201 5437 1414 5512 inhaerentes,
1446 5439 1723 5514 commonelactos,
1756 5455 1805 5518 pa·

1058 5632 1071 5674 s
1085 5627 1106 5680 8,
1121 5627 1278 5682 r01.1.,png.
1292 5629 1337 5670 lid.
1354 5629 1424 5678 Quae
1438 5638 1501 5672 sane
1515 5626 1700 5684 dispositiones
1714 5629 1806 5674 conor-

1058 5697 1147 5740 metae
1161 5693 1267 5740 luerunt
1282 5705 1298 5740 e
1312 5697 1445 5740 clemente
1454 5698 1495 5740 lx.
1506 5700 1587 5740 const.
1599 5699 1751 5741 Sntttcttncrto
1757 5709 1806 5750 po·

1057 5766 1173 5811 storacis,
1190 5761 1346 5820 vol.1.,pap.
1357 5765 1403 5808 390.
1419 5761 1533 5808 Tandem
1549 5764 1734 5820 praecedentes
1749 5775 1806 5821 poe·

1058 5840 1105 5874 nes
1119 5841 1135 5874 a
1149 5830 1274 5876 Romanis
1289 5829 1458 5876 Pontificibus
1470 5830 1583 5876 indictas
1592 5835 1686 5894 contra
1695 5831 1804 5876 clericos

1057 5895 1238 5953 negociatores
1259 5896 1396 5944 renovavit
1415 5901 1442 5943 et
1463 5897 1602 5955 ampliauit
1626 5899 1719 5944 Beued.
1741 5901 1803 5943 xlv.

1056 5967 1138 6012 const.
1154 5969 1317 6020 apostoticae
1330 5971 1474 6016 servitutis,
1491 5965 1533 6010 die
1547 5976 1601 6012 xiv.
1613 5966 1661 6012 teb.
1672 5978 1804 6028 maeoseu,

1057 6043 1114 6090 pag.
1132 6035 1164 6090 lit,
1179 6033 1228 6078 vol.
1243 6036 1287 6079 111.
