<?xml version="1.0" encoding="UTF-8"?>
<!DOCTYPE html PUBLIC "-//W3C//DTD XHTML 1.0 Transitional//EN"
    "http://www.w3.org/TR/xhtml1/DTD/xhtml1-transitional.dtd">
<html xmlns="http://www.w3.org/1999/xhtml" xml:lang="en" lang="en">
 <head>
  <title>
</title>
<meta http-equiv="Content-Type" content="text/html;charset=utf-8" />
  <meta name='ocr-system' content='tesseract 3.04.00' />
  <meta name='ocr-capabilities' content='ocr_page ocr_carea ocr_par ocr_line ocrx_word'/>
</head>
<body>
  <div class='ocr_page' id='page_1' title='image "./iurispontificii00martgoog_0734.png"; bbox 0 0 4856 7010; ppageno 0'>
   <div class='ocr_carea' id='block_1_1' title="bbox 975 531 1208 590">
    <p class='ocr_par' dir='ltr' id='par_1_1' title="bbox 975 531 1208 590">
     <span class='ocr_line' id='line_1_1' title="bbox 975 531 1208 590; baseline -0.017 0"><span class='ocrx_word' id='word_1_1' title='bbox 975 531 1045 590; x_wconf 82' lang='lat' dir='ltr'>brtts</span> <span class='ocrx_word' id='word_1_2' title='bbox 1065 538 1116 590; x_wconf 81' lang='grc' dir='ltr'>ιι.</span> <span class='ocrx_word' id='word_1_3' title='bbox 1140 533 1208 589; x_wconf 84' lang='lat' dir='ltr'>tut.</span> 
     </span>
    </p>
   </div>
   <div class='ocr_carea' id='block_1_2' title="bbox 319 663 1079 5623">
    <p class='ocr_par' dir='ltr' id='par_1_2' title="bbox 319 663 1061 1032">
     <span class='ocr_line' id='line_1_2' title="bbox 319 663 1061 749; baseline -0.018 -11"><span class='ocrx_word' id='word_1_4' title='bbox 319 674 464 738; x_wconf 89' lang='lat' dir='ltr'>detestata</span> <span class='ocrx_word' id='word_1_5' title='bbox 487 679 545 747; x_wconf 89' lang='lat' dir='ltr'>est,</span> <span class='ocrx_word' id='word_1_6' title='bbox 559 667 690 734; x_wconf 83' lang='lat' dir='ltr'>audeant</span> <span class='ocrx_word' id='word_1_7' title='bbox 712 668 769 749; x_wconf 91' lang='lat' dir='ltr'>ipsi</span> <span class='ocrx_word' id='word_1_8' title='bbox 789 671 953 741; x_wconf 90' lang='lat' dir='ltr'>attentare,</span> <span class='ocrx_word' id='word_1_9' title='bbox 969 663 1061 743; x_wconf 87' lang='lat' dir='ltr'>idque</span> 
     </span>
     <span class='ocr_line' id='line_1_3' title="bbox 319 761 1061 846; baseline -0.012 -17"><span class='ocrx_word' id='word_1_10' title='bbox 319 783 378 846; x_wconf 92' lang='lat' dir='ltr'>qua</span> <span class='ocrx_word' id='word_1_11' title='bbox 390 765 463 828; x_wconf 89' lang='lat' dir='ltr'>estis</span> <span class='ocrx_word' id='word_1_12' title='bbox 474 765 597 844; x_wconf 89' lang='lat' dir='ltr'>pietate,</span> <span class='ocrx_word' id='word_1_13' title='bbox 609 761 747 829; x_wconf 91' lang='lat' dir='ltr'>doctrina</span> <span class='ocrx_word' id='word_1_14' title='bbox 761 781 793 826; x_wconf 92' lang='lat' dir='ltr'>ac</span> <span class='ocrx_word' id='word_1_15' title='bbox 804 761 964 838; x_wconf 79' lang='lat' dir='ltr'>diligentia</span> <span class='ocrx_word' id='word_1_16' title='bbox 977 776 1061 840; x_wconf 88' lang='lat' dir='ltr'>prae·</span> 
     </span>
     <span class='ocr_line' id='line_1_4' title="bbox 319 857 1061 938; baseline -0.004 -18"><span class='ocrx_word' id='word_1_17' title='bbox 319 861 387 934; x_wconf 91' lang='lat' dir='ltr'>diti,</span> <span class='ocrx_word' id='word_1_18' title='bbox 404 868 438 923; x_wconf 91' lang='lat' dir='ltr'>ut</span> <span class='ocrx_word' id='word_1_19' title='bbox 453 860 623 938; x_wconf 90' lang='lat' dir='ltr'>praestetis,</span> <span class='ocrx_word' id='word_1_20' title='bbox 634 858 671 920; x_wconf 89' lang='lat' dir='ltr'>ab</span> <span class='ocrx_word' id='word_1_21' title='bbox 686 865 786 920; x_wconf 86' lang='lat' dir='ltr'>restra</span> <span class='ocrx_word' id='word_1_22' title='bbox 800 857 952 934; x_wconf 86' lang='lat' dir='ltr'>religione</span> <span class='ocrx_word' id='word_1_23' title='bbox 966 870 1061 933; x_wconf 90' lang='lat' dir='ltr'>quau-</span> 
     </span>
     <span class='ocr_line' id='line_1_5' title="bbox 320 949 1060 1032; baseline -0.012 -17"><span class='ocrx_word' id='word_1_24' title='bbox 320 960 386 1016; x_wconf 87' lang='lat' dir='ltr'>tum</span> <span class='ocrx_word' id='word_1_25' title='bbox 398 951 842 1032; x_wconf 88' lang='lat' dir='ltr'>possumusvehemeutissime</span> <span class='ocrx_word' id='word_1_26' title='bbox 855 949 1060 1028; x_wconf 81' lang='lat' dir='ltr'>exposcimus.</span> 
     </span>
    </p>

    <p class='ocr_par' dir='ltr' id='par_1_3' title="bbox 319 1041 1070 2886">
     <span class='ocr_line' id='line_1_6' title="bbox 359 1041 1061 1127; baseline -0.013 -17"><span class='ocrx_word' id='word_1_27' title='bbox 359 1047 537 1127; x_wconf 77' lang='lat' dir='ltr'>decepistis,</span> <span class='ocrx_word' id='word_1_28' title='bbox 560 1045 680 1119; x_wconf 81' lang='lat' dir='ltr'>iratres,</span> <span class='ocrx_word' id='word_1_29' title='bbox 696 1059 774 1123; x_wconf 90' lang='lat' dir='ltr'>quae</span> <span class='ocrx_word' id='word_1_30' title='bbox 796 1059 866 1122; x_wconf 93' lang='lat' dir='ltr'>prae</span> <span class='ocrx_word' id='word_1_31' title='bbox 887 1042 1014 1105; x_wconf 91' lang='lat' dir='ltr'>caeteris</span> <span class='ocrx_word' id='word_1_32' title='bbox 1029 1041 1061 1102; x_wconf 90' lang='lat' dir='ltr'>in</span> 
     </span>
     <span class='ocr_line' id='line_1_7' title="bbox 319 1136 1063 1218; baseline -0.009 -16"><span class='ocrx_word' id='word_1_33' title='bbox 319 1140 425 1204; x_wconf 89' lang='lat' dir='ltr'>dolore</span> <span class='ocrx_word' id='word_1_34' title='bbox 447 1140 479 1202; x_wconf 92' lang='lat' dir='ltr'>iu</span> <span class='ocrx_word' id='word_1_35' title='bbox 506 1153 650 1218; x_wconf 85' lang='lat' dir='ltr'>praesens</span> <span class='ocrx_word' id='word_1_36' title='bbox 677 1153 820 1200; x_wconf 90' lang='lat' dir='ltr'>essenos</span> <span class='ocrx_word' id='word_1_37' title='bbox 843 1136 964 1213; x_wconf 91' lang='lat' dir='ltr'>iubent,</span> <span class='ocrx_word' id='word_1_38' title='bbox 986 1150 1063 1213; x_wconf 92' lang='lat' dir='ltr'>quos</span> 
     </span>
     <span class='ocr_line' id='line_1_8' title="bbox 319 1230 1062 1312; baseline -0.009 -15"><span class='ocrx_word' id='word_1_39' title='bbox 319 1251 413 1312; x_wconf 91' lang='lat' dir='ltr'>super</span> <span class='ocrx_word' id='word_1_40' title='bbox 424 1230 755 1309; x_wconf 89' lang='lat' dir='ltr'>cathedramprlncipis</span> <span class='ocrx_word' id='word_1_41' title='bbox 764 1230 980 1309; x_wconf 84' lang='lat' dir='ltr'>Apostolorum</span> <span class='ocrx_word' id='word_1_42' title='bbox 991 1243 1062 1292; x_wconf 93' lang='lat' dir='ltr'>con-</span> 
     </span>
     <span class='ocr_line' id='line_1_9' title="bbox 319 1323 1062 1391; baseline -0.005 -3"><span class='ocrx_word' id='word_1_43' title='bbox 319 1329 444 1391; x_wconf 91' lang='lat' dir='ltr'>stitutos</span> <span class='ocrx_word' id='word_1_44' title='bbox 466 1327 551 1388; x_wconf 89' lang='lat' dir='ltr'>zelus</span> <span class='ocrx_word' id='word_1_45' title='bbox 573 1326 737 1388; x_wconf 88' lang='lat' dir='ltr'>universae</span> <span class='ocrx_word' id='word_1_46' title='bbox 757 1323 866 1386; x_wconf 89' lang='lat' dir='ltr'>domus</span> <span class='ocrx_word' id='word_1_47' title='bbox 887 1323 941 1386; x_wconf 88' lang='lat' dir='ltr'>Dei</span> <span class='ocrx_word' id='word_1_48' title='bbox 962 1338 1062 1384; x_wconf 89' lang='lat' dir='ltr'>conre-</span> 
     </span>
     <span class='ocr_line' id='line_1_10' title="bbox 321 1416 1061 1498; baseline -0.007 -16"><span class='ocrx_word' id='word_1_49' title='bbox 321 1423 370 1482; x_wconf 91' lang='lat' dir='ltr'>dat</span> <span class='ocrx_word' id='word_1_50' title='bbox 396 1425 525 1498; x_wconf 89' lang='lat' dir='ltr'>oportet.</span> <span class='ocrx_word' id='word_1_51' title='bbox 555 1421 712 1482; x_wconf 77' lang='lat' dir='ltr'>Accedunt</span> <span class='ocrx_word' id='word_1_52' title='bbox 742 1425 772 1480; x_wconf 88' lang='lat' dir='ltr'>et</span> <span class='ocrx_word' id='word_1_53' title='bbox 801 1417 857 1479; x_wconf 89' lang='lat' dir='ltr'>alia</span> <span class='ocrx_word' id='word_1_54' title='bbox 885 1416 1061 1494; x_wconf 90' lang='lat' dir='ltr'>complura,</span> 
     </span>
     <span class='ocr_line' id='line_1_11' title="bbox 321 1511 1063 1591; baseline -0.007 -15"><span class='ocrx_word' id='word_1_55' title='bbox 321 1530 379 1577; x_wconf 90' lang='lat' dir='ltr'>nec</span> <span class='ocrx_word' id='word_1_56' title='bbox 400 1513 506 1576; x_wconf 87' lang='lat' dir='ltr'>minus</span> <span class='ocrx_word' id='word_1_57' title='bbox 527 1513 641 1590; x_wconf 87' lang='lat' dir='ltr'>gravia,</span> <span class='ocrx_word' id='word_1_58' title='bbox 657 1529 735 1591; x_wconf 92' lang='lat' dir='ltr'>quae</span> <span class='ocrx_word' id='word_1_59' title='bbox 752 1513 800 1574; x_wconf 91' lang='lat' dir='ltr'>hic</span> <span class='ocrx_word' id='word_1_60' title='bbox 820 1527 983 1574; x_wconf 89' lang='lat' dir='ltr'>recensere</span> <span class='ocrx_word' id='word_1_61' title='bbox 997 1511 1063 1572; x_wconf 92' lang='lat' dir='ltr'>lon·</span> 
     </span>
     <span class='ocr_line' id='line_1_12' title="bbox 322 1604 1063 1686; baseline -0.005 -16"><span class='ocrx_word' id='word_1_62' title='bbox 322 1624 398 1684; x_wconf 90' lang='lat' dir='ltr'>gum</span> <span class='ocrx_word' id='word_1_63' title='bbox 417 1607 564 1686; x_wconf 66' lang='lat' dir='ltr'>lopehac</span> <span class='ocrx_word' id='word_1_64' title='bbox 585 1622 639 1669; x_wconf 82' lang='lat' dir='ltr'>ros</span> <span class='ocrx_word' id='word_1_65' title='bbox 661 1607 755 1685; x_wconf 80' lang='lat' dir='ltr'>probe</span> <span class='ocrx_word' id='word_1_66' title='bbox 776 1606 884 1668; x_wconf 90' lang='lat' dir='ltr'>nostis.</span> <span class='ocrx_word' id='word_1_67' title='bbox 905 1604 1063 1682; x_wconf 87' lang='lat' dir='ltr'>Numquid</span> 
     </span>
     <span class='ocr_line' id='line_1_13' title="bbox 321 1698 1065 1764; baseline -0.005 0"><span class='ocrx_word' id='word_1_68' title='bbox 321 1702 551 1764; x_wconf 71' lang='lat' dir='ltr'>nominabimus</span> <span class='ocrx_word' id='word_1_69' title='bbox 582 1705 690 1763; x_wconf 85' lang='lat' dir='ltr'>vocem</span> <span class='ocrx_word' id='word_1_70' title='bbox 712 1700 744 1761; x_wconf 91' lang='lat' dir='ltr'>ln</span> <span class='ocrx_word' id='word_1_71' title='bbox 771 1706 853 1762; x_wconf 92' lang='lat' dir='ltr'>tanta</span> <span class='ocrx_word' id='word_1_72' title='bbox 882 1698 1065 1760; x_wconf 82' lang='lat' dir='ltr'>christianae</span> 
     </span>
     <span class='ocr_line' id='line_1_14' title="bbox 323 1791 1065 1872; baseline -0.008 -14"><span class='ocrx_word' id='word_1_73' title='bbox 323 1796 368 1858; x_wconf 93' lang='lat' dir='ltr'>rei</span> <span class='ocrx_word' id='word_1_74' title='bbox 389 1796 588 1858; x_wconf 86' lang='lat' dir='ltr'>necessitatel</span> <span class='ocrx_word' id='word_1_75' title='bbox 606 1793 762 1872; x_wconf 86' lang='lat' dir='ltr'>Numquid</span> <span class='ocrx_word' id='word_1_76' title='bbox 777 1793 923 1856; x_wconf 90' lang='lat' dir='ltr'>humanis</span> <span class='ocrx_word' id='word_1_77' title='bbox 939 1791 1065 1854; x_wconf 88' lang='lat' dir='ltr'>rationi-</span> 
     </span>
     <span class='ocr_line' id='line_1_15' title="bbox 322 1886 1066 1965; baseline -0.005 -15"><span class='ocrx_word' id='word_1_78' title='bbox 322 1889 379 1952; x_wconf 89' lang='lat' dir='ltr'>bus</span> <span class='ocrx_word' id='word_1_79' title='bbox 401 1888 519 1951; x_wconf 89' lang='lat' dir='ltr'>detenti</span> <span class='ocrx_word' id='word_1_80' title='bbox 540 1887 591 1949; x_wconf 81' lang='lat' dir='ltr'>uel</span> <span class='ocrx_word' id='word_1_81' title='bbox 611 1887 725 1950; x_wconf 87' lang='lat' dir='ltr'>desidia</span> <span class='ocrx_word' id='word_1_82' title='bbox 750 1893 918 1965; x_wconf 89' lang='lat' dir='ltr'>torpentes,</span> <span class='ocrx_word' id='word_1_83' title='bbox 940 1886 1066 1949; x_wconf 89' lang='lat' dir='ltr'>silentio</span> 
     </span>
     <span class='ocr_line' id='line_1_16' title="bbox 321 1979 1066 2056; baseline -0.004 -12"><span class='ocrx_word' id='word_1_84' title='bbox 321 1983 470 2056; x_wconf 89' lang='lat' dir='ltr'>feremus,</span> <span class='ocrx_word' id='word_1_85' title='bbox 490 1979 627 2044; x_wconf 89' lang='lat' dir='ltr'>tunicam</span> <span class='ocrx_word' id='word_1_86' title='bbox 648 1980 777 2042; x_wconf 89' lang='lat' dir='ltr'>discindi</span> <span class='ocrx_word' id='word_1_87' title='bbox 799 1981 912 2043; x_wconf 88' lang='lat' dir='ltr'>Christi</span> <span class='ocrx_word' id='word_1_88' title='bbox 932 1989 1066 2044; x_wconf 86' lang='lat' dir='ltr'>serrato-</span> 
     </span>
     <span class='ocr_line' id='line_1_17' title="bbox 323 2075 1068 2155; baseline -0.005 -17"><span class='ocrx_word' id='word_1_89' title='bbox 323 2077 377 2151; x_wconf 89' lang='lat' dir='ltr'>ris,</span> <span class='ocrx_word' id='word_1_90' title='bbox 392 2091 484 2155; x_wconf 88' lang='lat' dir='ltr'>quoru</span> <span class='ocrx_word' id='word_1_91' title='bbox 499 2089 557 2136; x_wconf 89' lang='lat' dir='ltr'>nec</span> <span class='ocrx_word' id='word_1_92' title='bbox 571 2075 786 2150; x_wconf 74' lang='lat' dir='ltr'>crucifigentes</span> <span class='ocrx_word' id='word_1_93' title='bbox 798 2075 915 2136; x_wconf 82' lang='lat' dir='ltr'>&#39;milites</span> <span class='ocrx_word' id='word_1_94' title='bbox 929 2075 1068 2137; x_wconf 84' lang='lat' dir='ltr'>dividere</span> 
     </span>
     <span class='ocr_line' id='line_1_18' title="bbox 323 2167 1065 2246; baseline -0.003 -16"><span class='ocrx_word' id='word_1_95' title='bbox 323 2170 388 2231; x_wconf 91' lang='lat' dir='ltr'>ausi</span> <span class='ocrx_word' id='word_1_96' title='bbox 409 2175 483 2231; x_wconf 92' lang='lat' dir='ltr'>suut</span> <span class='ocrx_word' id='word_1_97' title='bbox 503 2168 570 2246; x_wconf 78' lang='lat' dir='ltr'>(ht</span> <span class='ocrx_word' id='word_1_98' title='bbox 591 2167 687 2242; x_wconf 82' lang='lat' dir='ltr'>Absit,</span> <span class='ocrx_word' id='word_1_99' title='bbox 704 2167 865 2243; x_wconf 86' lang='lat' dir='ltr'>carissimi,</span> <span class='ocrx_word' id='word_1_100' title='bbox 881 2177 916 2230; x_wconf 89' lang='lat' dir='ltr'>ut</span> <span class='ocrx_word' id='word_1_101' title='bbox 931 2167 1017 2244; x_wconf 84' lang='lat' dir='ltr'>gregi</span> <span class='ocrx_word' id='word_1_102' title='bbox 1033 2168 1065 2228; x_wconf 94' lang='lat' dir='ltr'>in</span> 
     </span>
     <span class='ocr_line' id='line_1_19' title="bbox 324 2260 1067 2348; baseline 0 -24"><span class='ocrx_word' id='word_1_103' title='bbox 324 2263 448 2325; x_wconf 90' lang='lat' dir='ltr'>ruinam</span> <span class='ocrx_word' id='word_1_104' title='bbox 476 2261 618 2324; x_wconf 83' lang='lat' dir='ltr'>divexato</span> <span class='ocrx_word' id='word_1_105' title='bbox 648 2261 777 2324; x_wconf 91' lang='lat' dir='ltr'>amantis</span> <span class='ocrx_word' id='word_1_106' title='bbox 802 2260 971 2348; x_wconf 87' lang='lat' dir='ltr'>sedulique</span> <span class='ocrx_word' id='word_1_107' title='bbox 990 2263 1067 2325; x_wconf 90' lang='lat' dir='ltr'>desit</span> 
     </span>
     <span class='ocr_line' id='line_1_20' title="bbox 325 2353 1066 2434; baseline 0 -17"><span class='ocrx_word' id='word_1_108' title='bbox 325 2371 397 2418; x_wconf 91' lang='lat' dir='ltr'>cura</span> <span class='ocrx_word' id='word_1_109' title='bbox 412 2355 549 2434; x_wconf 88' lang='lat' dir='ltr'>pastoris.</span> <span class='ocrx_word' id='word_1_110' title='bbox 561 2353 623 2418; x_wconf 94' lang='lat' dir='ltr'>Nos</span> <span class='ocrx_word' id='word_1_111' title='bbox 634 2354 759 2434; x_wconf 91' lang='lat' dir='ltr'>quidem</span> <span class='ocrx_word' id='word_1_112' title='bbox 776 2356 854 2418; x_wconf 91' lang='lat' dir='ltr'>haud</span> <span class='ocrx_word' id='word_1_113' title='bbox 869 2355 1066 2432; x_wconf 80' lang='lat' dir='ltr'>ambigimus,</span> 
     </span>
     <span class='ocr_line' id='line_1_21' title="bbox 320 2448 1066 2526; baseline 0.001 -16"><span class='ocrx_word' id='word_1_114' title='bbox 320 2448 457 2512; x_wconf 79' lang='lat' dir='ltr'>&#39;facturos</span> <span class='ocrx_word' id='word_1_115' title='bbox 478 2465 533 2510; x_wconf 90' lang='lat' dir='ltr'>vos</span> <span class='ocrx_word' id='word_1_116' title='bbox 552 2448 621 2526; x_wconf 91' lang='lat' dir='ltr'>plus</span> <span class='ocrx_word' id='word_1_117' title='bbox 642 2448 748 2523; x_wconf 90' lang='lat' dir='ltr'>etiam,</span> <span class='ocrx_word' id='word_1_118' title='bbox 771 2463 864 2526; x_wconf 92' lang='lat' dir='ltr'>quam</span> <span class='ocrx_word' id='word_1_119' title='bbox 891 2448 1066 2524; x_wconf 87' lang='lat' dir='ltr'>scribimus,</span> 
     </span>
     <span class='ocr_line' id='line_1_22' title="bbox 327 2541 1067 2622; baseline -0.001 -17"><span class='ocrx_word' id='word_1_120' title='bbox 327 2550 359 2605; x_wconf 93' lang='lat' dir='ltr'>et</span> <span class='ocrx_word' id='word_1_121' title='bbox 379 2557 456 2622; x_wconf 91' lang='lat' dir='ltr'>quae</span> <span class='ocrx_word' id='word_1_122' title='bbox 476 2543 512 2605; x_wconf 92' lang='lat' dir='ltr'>ad</span> <span class='ocrx_word' id='word_1_123' title='bbox 540 2543 653 2603; x_wconf 85' lang='lat' dir='ltr'>avitam</span> <span class='ocrx_word' id='word_1_124' title='bbox 680 2541 864 2618; x_wconf 84' lang='lat' dir='ltr'>religionem</span> <span class='ocrx_word' id='word_1_125' title='bbox 891 2541 1067 2618; x_wconf 88' lang='lat' dir='ltr'>fovendam,</span> 
     </span>
     <span class='ocr_line' id='line_1_23' title="bbox 327 2633 1070 2718; baseline -0.003 -20"><span class='ocrx_word' id='word_1_126' title='bbox 327 2635 498 2712; x_wconf 90' lang='lat' dir='ltr'>augendam</span> <span class='ocrx_word' id='word_1_127' title='bbox 519 2652 551 2696; x_wconf 91' lang='lat' dir='ltr'>ac</span> <span class='ocrx_word' id='word_1_128' title='bbox 572 2637 776 2712; x_wconf 81' lang='lat' dir='ltr'>proluendam</span> <span class='ocrx_word' id='word_1_129' title='bbox 797 2633 967 2718; x_wconf 89' lang='lat' dir='ltr'>conferant,</span> <span class='ocrx_word' id='word_1_130' title='bbox 983 2651 1070 2713; x_wconf 89' lang='lat' dir='ltr'>prae-</span> 
     </span>
     <span class='ocr_line' id='line_1_24' title="bbox 326 2728 1070 2808; baseline -0.001 -17"><span class='ocrx_word' id='word_1_131' title='bbox 326 2728 531 2808; x_wconf 89' lang='lat' dir='ltr'>ceptionibus,</span> <span class='ocrx_word' id='word_1_132' title='bbox 553 2728 693 2806; x_wconf 90' lang='lat' dir='ltr'>consilio,</span> <span class='ocrx_word' id='word_1_133' title='bbox 717 2744 819 2808; x_wconf 89' lang='lat' dir='ltr'>opera,</span> <span class='ocrx_word' id='word_1_134' title='bbox 848 2728 957 2792; x_wconf 88' lang='lat' dir='ltr'>studiis</span> <span class='ocrx_word' id='word_1_135' title='bbox 982 2744 1070 2791; x_wconf 89' lang='lat' dir='ltr'>cura-</span> 
     </span>
     <span class='ocr_line' id='line_1_25' title="bbox 325 2830 507 2886; baseline -0.005 -2"><span class='ocrx_word' id='word_1_136' title='bbox 325 2830 410 2886; x_wconf 87' lang='lat' dir='ltr'>turos</span> <span class='ocrx_word' id='word_1_137' title='bbox 431 2838 507 2884; x_wconf 89' lang='lat' dir='ltr'>esse.</span> 
     </span>
    </p>

    <p class='ocr_par' dir='ltr' id='par_1_4' title="bbox 327 2917 1075 4479">
     <span class='ocr_line' id='line_1_26' title="bbox 367 2917 1070 2983; baseline 0.004 -3"><span class='ocrx_word' id='word_1_138' title='bbox 367 2917 486 2980; x_wconf 91' lang='lat' dir='ltr'>llerum</span> <span class='ocrx_word' id='word_1_139' title='bbox 507 2918 540 2979; x_wconf 95' lang='lat' dir='ltr'>in</span> <span class='ocrx_word' id='word_1_140' title='bbox 563 2924 646 2981; x_wconf 90' lang='lat' dir='ltr'>tanta</span> <span class='ocrx_word' id='word_1_141' title='bbox 666 2933 774 2980; x_wconf 89' lang='lat' dir='ltr'>rerum</span> <span class='ocrx_word' id='word_1_142' title='bbox 794 2919 960 2982; x_wconf 85' lang='lat' dir='ltr'>acerbitate</span> <span class='ocrx_word' id='word_1_143' title='bbox 981 2935 1070 2983; x_wconf 91' lang='lat' dir='ltr'>orau-</span> 
     </span>
     <span class='ocr_line' id='line_1_27' title="bbox 327 3010 1070 3090; baseline 0 -16"><span class='ocrx_word' id='word_1_144' title='bbox 327 3010 402 3074; x_wconf 92' lang='lat' dir='ltr'>dum</span> <span class='ocrx_word' id='word_1_145' title='bbox 424 3026 509 3072; x_wconf 89' lang='lat' dir='ltr'>nuuc</span> <span class='ocrx_word' id='word_1_146' title='bbox 524 3011 658 3073; x_wconf 81' lang='lat' dir='ltr'>maxime</span> <span class='ocrx_word' id='word_1_147' title='bbox 672 3011 705 3072; x_wconf 91' lang='lat' dir='ltr'>in</span> <span class='ocrx_word' id='word_1_148' title='bbox 720 3012 828 3090; x_wconf 92' lang='lat' dir='ltr'>spiritu</span> <span class='ocrx_word' id='word_1_149' title='bbox 844 3018 899 3088; x_wconf 87' lang='lat' dir='ltr'>est,</span> <span class='ocrx_word' id='word_1_150' title='bbox 916 3017 947 3074; x_wconf 90' lang='grc' dir='ltr'>ιι</span> <span class='ocrx_word' id='word_1_151' title='bbox 961 3012 1070 3075; x_wconf 92' lang='lat' dir='ltr'>arden·</span> 
     </span>
     <span class='ocr_line' id='line_1_28' title="bbox 330 3104 1071 3183; baseline 0.003 -17"><span class='ocrx_word' id='word_1_152' title='bbox 330 3105 398 3168; x_wconf 93' lang='lat' dir='ltr'>tiori</span> <span class='ocrx_word' id='word_1_153' title='bbox 421 3104 578 3182; x_wconf 86' lang='lat' dir='ltr'>multaque</span> <span class='ocrx_word' id='word_1_154' title='bbox 599 3120 690 3183; x_wconf 90' lang='lat' dir='ltr'>prece</span> <span class='ocrx_word' id='word_1_155' title='bbox 710 3105 939 3183; x_wconf 90' lang='lat' dir='ltr'>postulandum,</span> <span class='ocrx_word' id='word_1_156' title='bbox 963 3114 998 3168; x_wconf 91' lang='lat' dir='ltr'>ut</span> <span class='ocrx_word' id='word_1_157' title='bbox 1026 3123 1071 3168; x_wconf 89' lang='lat' dir='ltr'>sa-</span> 
     </span>
     <span class='ocr_line' id='line_1_29' title="bbox 327 3197 1071 3280; baseline 0.001 -19"><span class='ocrx_word' id='word_1_158' title='bbox 327 3205 421 3262; x_wconf 90' lang='lat' dir='ltr'>nante</span> <span class='ocrx_word' id='word_1_159' title='bbox 434 3198 496 3261; x_wconf 86' lang='lat' dir='ltr'>Deo</span> <span class='ocrx_word' id='word_1_160' title='bbox 510 3197 706 3258; x_wconf 84' lang='lat' dir='ltr'>contritiones</span> <span class='ocrx_word' id='word_1_161' title='bbox 727 3198 829 3276; x_wconf 89' lang='lat' dir='ltr'>lsrael,</span> <span class='ocrx_word' id='word_1_162' title='bbox 841 3207 941 3263; x_wconf 88' lang='lat' dir='ltr'>sancta</span> <span class='ocrx_word' id='word_1_163' title='bbox 957 3201 1071 3280; x_wconf 93' lang='lat' dir='ltr'>ubique</span> 
     </span>
     <span class='ocr_line' id='line_1_30' title="bbox 328 3290 1072 3371; baseline 0.003 -17"><span class='ocrx_word' id='word_1_164' title='bbox 328 3293 435 3354; x_wconf 91' lang='lat' dir='ltr'>floreat</span> <span class='ocrx_word' id='word_1_165' title='bbox 458 3290 578 3367; x_wconf 89' lang='lat' dir='ltr'>religio,</span> <span class='ocrx_word' id='word_1_166' title='bbox 594 3306 729 3369; x_wconf 87' lang='lat' dir='ltr'>veraque</span> <span class='ocrx_word' id='word_1_167' title='bbox 745 3292 929 3371; x_wconf 93' lang='lat' dir='ltr'>populorum</span> <span class='ocrx_word' id='word_1_168' title='bbox 943 3293 1072 3356; x_wconf 86' lang='lat' dir='ltr'>felicitas</span> 
     </span>
     <span class='ocr_line' id='line_1_31' title="bbox 330 3385 1071 3462; baseline 0.003 -16"><span class='ocrx_word' id='word_1_169' title='bbox 330 3385 496 3446; x_wconf 91' lang='lat' dir='ltr'>immobilis</span> <span class='ocrx_word' id='word_1_170' title='bbox 516 3389 706 3461; x_wconf 89' lang='lat' dir='ltr'>perseveret,</span> <span class='ocrx_word' id='word_1_171' title='bbox 729 3390 824 3462; x_wconf 89' lang='lat' dir='ltr'>utque</span> <span class='ocrx_word' id='word_1_172' title='bbox 849 3386 1071 3450; x_wconf 87' lang='lat' dir='ltr'>misericordia·</span> 
     </span>
     <span class='ocr_line' id='line_1_32' title="bbox 329 3469 1071 3560; baseline 0.003 -20"><span class='ocrx_word' id='word_1_173' title='bbox 329 3493 401 3540; x_wconf 89' lang='lat' dir='ltr'>rum</span> <span class='ocrx_word' id='word_1_174' title='bbox 422 3485 509 3555; x_wconf 94' lang='lat' dir='ltr'>pater</span> <span class='ocrx_word' id='word_1_175' title='bbox 534 3487 669 3554; x_wconf 89' lang='lat' dir='ltr'>tempora</span> <span class='ocrx_word' id='word_1_176' title='bbox 697 3469 860 3540; x_wconf 82' lang='lat' dir='ltr'>ministerii</span> <span class='ocrx_word' id='word_1_177' title='bbox 882 3481 980 3541; x_wconf 87' lang='lat' dir='ltr'>nostri</span> <span class='ocrx_word' id='word_1_178' title='bbox 1001 3495 1071 3560; x_wconf 88' lang='lat' dir='ltr'>pro-</span> 
     </span>
     <span class='ocr_line' id='line_1_33' title="bbox 330 3571 1071 3650; baseline 0.001 -15"><span class='ocrx_word' id='word_1_179' title='bbox 330 3571 423 3650; x_wconf 88' lang='lat' dir='ltr'>pitius</span> <span class='ocrx_word' id='word_1_180' title='bbox 451 3571 609 3648; x_wconf 87' lang='lat' dir='ltr'>aspiciens,</span> <span class='ocrx_word' id='word_1_181' title='bbox 632 3578 783 3647; x_wconf 87' lang='lat' dir='ltr'>pastorem</span> <span class='ocrx_word' id='word_1_182' title='bbox 805 3572 913 3634; x_wconf 86' lang='lat' dir='ltr'>orium</span> <span class='ocrx_word' id='word_1_183' title='bbox 942 3589 1071 3636; x_wconf 89' lang='lat' dir='ltr'>suarum</span> 
     </span>
     <span class='ocr_line' id='line_1_34' title="bbox 330 3663 1069 3745; baseline -0.001 -18"><span class='ocrx_word' id='word_1_184' title='bbox 330 3673 362 3728; x_wconf 90' lang='lat' dir='ltr'>et</span> <span class='ocrx_word' id='word_1_185' title='bbox 381 3663 534 3728; x_wconf 89' lang='lat' dir='ltr'>custodire</span> <span class='ocrx_word' id='word_1_186' title='bbox 560 3679 683 3742; x_wconf 88' lang='lat' dir='ltr'>semper</span> <span class='ocrx_word' id='word_1_187' title='bbox 710 3665 858 3741; x_wconf 85' lang='lat' dir='ltr'>dignetur</span> <span class='ocrx_word' id='word_1_188' title='bbox 879 3675 910 3728; x_wconf 94' lang='lat' dir='ltr'>et</span> <span class='ocrx_word' id='word_1_189' title='bbox 936 3682 1069 3745; x_wconf 90' lang='lat' dir='ltr'>pascere.</span> 
     </span>
     <span class='ocr_line' id='line_1_35' title="bbox 330 3756 1073 3837; baseline 0 -15"><span class='ocrx_word' id='word_1_190' title='bbox 330 3759 449 3824; x_wconf 88' lang='lat' dir='ltr'>Nostris</span> <span class='ocrx_word' id='word_1_191' title='bbox 469 3774 544 3819; x_wconf 83' lang='lat' dir='ltr'>uero</span> <span class='ocrx_word' id='word_1_192' title='bbox 565 3756 647 3820; x_wconf 89' lang='lat' dir='ltr'>curis</span> <span class='ocrx_word' id='word_1_193' title='bbox 673 3758 843 3837; x_wconf 89' lang='lat' dir='ltr'>studiisque</span> <span class='ocrx_word' id='word_1_194' title='bbox 864 3759 985 3822; x_wconf 85' lang='lat' dir='ltr'>faveant</span> <span class='ocrx_word' id='word_1_195' title='bbox 1013 3761 1073 3825; x_wconf 89' lang='lat' dir='ltr'>ani·</span> 
     </span>
     <span class='ocr_line' id='line_1_36' title="bbox 331 3851 1072 3931; baseline 0.001 -16"><span class='ocrx_word' id='word_1_196' title='bbox 331 3869 383 3916; x_wconf 91' lang='lat' dir='ltr'>mo</span> <span class='ocrx_word' id='word_1_197' title='bbox 404 3868 466 3931; x_wconf 90' lang='lat' dir='ltr'>quo</span> <span class='ocrx_word' id='word_1_198' title='bbox 484 3859 558 3920; x_wconf 89' lang='lat' dir='ltr'>sunt</span> <span class='ocrx_word' id='word_1_199' title='bbox 580 3864 693 3927; x_wconf 90' lang='lat' dir='ltr'>magno</span> <span class='ocrx_word' id='word_1_200' title='bbox 713 3855 745 3912; x_wconf 90' lang='lat' dir='ltr'>ot</span> <span class='ocrx_word' id='word_1_201' title='bbox 763 3851 883 3914; x_wconf 85' lang='lat' dir='ltr'>excelso</span> <span class='ocrx_word' id='word_1_202' title='bbox 896 3855 1072 3931; x_wconf 89' lang='lat' dir='ltr'>potentissi-</span> 
     </span>
     <span class='ocr_line' id='line_1_37' title="bbox 331 3943 1073 4024; baseline 0.001 -15"><span class='ocrx_word' id='word_1_203' title='bbox 331 3946 376 4009; x_wconf 90' lang='lat' dir='ltr'>mi</span> <span class='ocrx_word' id='word_1_204' title='bbox 396 3945 562 4023; x_wconf 86' lang='lat' dir='ltr'>principes,</span> <span class='ocrx_word' id='word_1_205' title='bbox 579 3949 611 4004; x_wconf 92' lang='grc' dir='ltr'>ιι</span> <span class='ocrx_word' id='word_1_206' title='bbox 631 3944 684 4024; x_wconf 93' lang='lat' dir='ltr'>qui</span> <span class='ocrx_word' id='word_1_207' title='bbox 705 3943 788 4006; x_wconf 89' lang='lat' dir='ltr'>dedit</span> <span class='ocrx_word' id='word_1_208' title='bbox 809 3945 881 4022; x_wconf 91' lang='lat' dir='ltr'>ipsis</span> <span class='ocrx_word' id='word_1_209' title='bbox 902 3961 955 4009; x_wconf 92' lang='lat' dir='ltr'>cor</span> <span class='ocrx_word' id='word_1_210' title='bbox 975 3946 1073 4010; x_wconf 86' lang='lat' dir='ltr'>docile</span> 
     </span>
     <span class='ocr_line' id='line_1_38' title="bbox 332 4038 1073 4115; baseline 0.004 -13"><span class='ocrx_word' id='word_1_211' title='bbox 332 4041 368 4102; x_wconf 92' lang='lat' dir='ltr'>ad</span> <span class='ocrx_word' id='word_1_212' title='bbox 393 4038 544 4103; x_wconf 90' lang='lat' dir='ltr'>faciendas</span> <span class='ocrx_word' id='word_1_213' title='bbox 564 4038 796 4100; x_wconf 89' lang='lat' dir='ltr'>iustificationes</span> <span class='ocrx_word' id='word_1_214' title='bbox 817 4056 897 4115; x_wconf 89' lang='lat' dir='ltr'>suas,</span> <span class='ocrx_word' id='word_1_215' title='bbox 921 4058 1002 4104; x_wconf 86' lang='lat' dir='ltr'>nora</span> <span class='ocrx_word' id='word_1_216' title='bbox 1021 4058 1073 4105; x_wconf 91' lang='lat' dir='ltr'>eos</span> 
     </span>
     <span class='ocr_line' id='line_1_39' title="bbox 331 4133 1072 4198; baseline 0.001 -2"><span class='ocrx_word' id='word_1_217' title='bbox 331 4148 489 4196; x_wconf 91' lang='lat' dir='ltr'>sacrorum</span> <span class='ocrx_word' id='word_1_218' title='bbox 518 4133 734 4194; x_wconf 87' lang='lat' dir='ltr'>charismatum</span> <span class='ocrx_word' id='word_1_219' title='bbox 765 4134 935 4197; x_wconf 89' lang='lat' dir='ltr'>accessione</span> <span class='ocrx_word' id='word_1_220' title='bbox 961 4136 1072 4198; x_wconf 86' lang='lat' dir='ltr'>contir-</span> 
     </span>
     <span class='ocr_line' id='line_1_40' title="bbox 333 4228 1074 4307; baseline 0.003 -17"><span class='ocrx_word' id='word_1_221' title='bbox 333 4234 409 4303; x_wconf 89' lang='lat' dir='ltr'>met,</span> <span class='ocrx_word' id='word_1_222' title='bbox 431 4234 466 4290; x_wconf 90' lang='lat' dir='ltr'>ut</span> <span class='ocrx_word' id='word_1_223' title='bbox 490 4234 617 4289; x_wconf 87' lang='lat' dir='ltr'>strenue</span> <span class='ocrx_word' id='word_1_224' title='bbox 638 4235 795 4306; x_wconf 89' lang='lat' dir='ltr'>peragant,</span> <span class='ocrx_word' id='word_1_225' title='bbox 822 4243 900 4307; x_wconf 86' lang='lat' dir='ltr'>quae</span> <span class='ocrx_word' id='word_1_226' title='bbox 921 4228 1074 4292; x_wconf 85' lang='lat' dir='ltr'>Ecclesiae</span> 
     </span>
     <span class='ocr_line' id='line_1_41' title="bbox 333 4319 1075 4400; baseline 0.005 -16"><span class='ocrx_word' id='word_1_227' title='bbox 333 4330 378 4385; x_wconf 91' lang='lat' dir='ltr'>tot</span> <span class='ocrx_word' id='word_1_228' title='bbox 398 4320 619 4384; x_wconf 86' lang='lat' dir='ltr'>calamitatibus</span> <span class='ocrx_word' id='word_1_229' title='bbox 640 4319 766 4383; x_wconf 83' lang='lat' dir='ltr'>afflictae</span> <span class='ocrx_word' id='word_1_230' title='bbox 787 4336 931 4400; x_wconf 89' lang='lat' dir='ltr'>prospera</span> <span class='ocrx_word' id='word_1_231' title='bbox 950 4323 1013 4388; x_wconf 92' lang='lat' dir='ltr'>sint</span> <span class='ocrx_word' id='word_1_232' title='bbox 1041 4341 1075 4388; x_wconf 89' lang='lat' dir='ltr'>ac</span> 
     </span>
     <span class='ocr_line' id='line_1_42' title="bbox 332 4414 487 4479; baseline -0.039 0"><span class='ocrx_word' id='word_1_233' title='bbox 332 4414 487 4479; x_wconf 88' lang='lat' dir='ltr'>salutaria.</span> 
     </span>
    </p>

    <p class='ocr_par' dir='ltr' id='par_1_5' title="bbox 334 4507 1079 5623">
     <span class='ocr_line' id='line_1_43' title="bbox 372 4507 1075 4586; baseline 0 -12"><span class='ocrx_word' id='word_1_234' title='bbox 372 4511 451 4574; x_wconf 91' lang='lat' dir='ltr'>llaec</span> <span class='ocrx_word' id='word_1_235' title='bbox 472 4509 509 4570; x_wconf 91' lang='lat' dir='ltr'>ab</span> <span class='ocrx_word' id='word_1_236' title='bbox 529 4507 718 4570; x_wconf 89' lang='lat' dir='ltr'>sanctissima</span> <span class='ocrx_word' id='word_1_237' title='bbox 739 4509 792 4570; x_wconf 87' lang='lat' dir='ltr'>llei</span> <span class='ocrx_word' id='word_1_238' title='bbox 813 4510 962 4586; x_wconf 87' lang='lat' dir='ltr'>genitrice</span> <span class='ocrx_word' id='word_1_239' title='bbox 984 4513 1075 4576; x_wconf 90' lang='lat' dir='ltr'>llaria</span> 
     </span>
     <span class='ocr_line' id='line_1_44' title="bbox 334 4603 1075 4686; baseline -0.001 -16"><span class='ocrx_word' id='word_1_240' title='bbox 334 4605 484 4686; x_wconf 90' lang='lat' dir='ltr'>supplices</span> <span class='ocrx_word' id='word_1_241' title='bbox 506 4603 720 4679; x_wconf 84' lang='lat' dir='ltr'>efflagitemus,</span> <span class='ocrx_word' id='word_1_242' title='bbox 733 4617 827 4680; x_wconf 91' lang='lat' dir='ltr'>quam</span> <span class='ocrx_word' id='word_1_243' title='bbox 845 4604 942 4667; x_wconf 88' lang='lat' dir='ltr'>solam</span> <span class='ocrx_word' id='word_1_244' title='bbox 961 4607 1075 4669; x_wconf 90' lang='lat' dir='ltr'>intere·</span> 
     </span>
     <span class='ocr_line' id='line_1_45' title="bbox 335 4699 1075 4776; baseline 0 -13"><span class='ocrx_word' id='word_1_245' title='bbox 335 4701 427 4763; x_wconf 90' lang='lat' dir='ltr'>misse</span> <span class='ocrx_word' id='word_1_246' title='bbox 448 4704 570 4762; x_wconf 91' lang='lat' dir='ltr'>cunctas</span> <span class='ocrx_word' id='word_1_247' title='bbox 598 4699 737 4758; x_wconf 89' lang='lat' dir='ltr'>haereses</span> <span class='ocrx_word' id='word_1_248' title='bbox 763 4699 960 4776; x_wconf 89' lang='lat' dir='ltr'>confitemur,</span> <span class='ocrx_word' id='word_1_249' title='bbox 984 4708 1015 4762; x_wconf 91' lang='lat' dir='ltr'>et</span> <span class='ocrx_word' id='word_1_250' title='bbox 1035 4701 1075 4763; x_wconf 94' lang='lat' dir='ltr'>ob</span> 
     </span>
     <span class='ocr_line' id='line_1_46' title="bbox 335 4791 1076 4873; baseline 0.001 -16"><span class='ocrx_word' id='word_1_251' title='bbox 335 4793 513 4857; x_wconf 90' lang='lat' dir='ltr'>restitutum</span> <span class='ocrx_word' id='word_1_252' title='bbox 530 4794 587 4854; x_wconf 92' lang='lat' dir='ltr'>hoc</span> <span class='ocrx_word' id='word_1_253' title='bbox 607 4791 656 4852; x_wconf 92' lang='lat' dir='ltr'>die</span> <span class='ocrx_word' id='word_1_254' title='bbox 671 4803 817 4855; x_wconf 89' lang='lat' dir='ltr'>romanae</span> <span class='ocrx_word' id='word_1_255' title='bbox 839 4793 909 4856; x_wconf 90' lang='lat' dir='ltr'>urbi</span> <span class='ocrx_word' id='word_1_256' title='bbox 931 4800 998 4873; x_wconf 91' lang='lat' dir='ltr'>post</span> <span class='ocrx_word' id='word_1_257' title='bbox 1012 4811 1076 4858; x_wconf 92' lang='lat' dir='ltr'>om-</span> 
     </span>
     <span class='ocr_line' id='line_1_47' title="bbox 335 4884 1076 4965; baseline 0.001 -15"><span class='ocrx_word' id='word_1_258' title='bbox 335 4889 384 4950; x_wconf 88' lang='lat' dir='ltr'>nis</span> <span class='ocrx_word' id='word_1_259' title='bbox 405 4887 528 4965; x_wconf 89' lang='lat' dir='ltr'>generis</span> <span class='ocrx_word' id='word_1_260' title='bbox 548 4900 711 4947; x_wconf 86' lang='lat' dir='ltr'>aerumnas</span> <span class='ocrx_word' id='word_1_261' title='bbox 736 4884 925 4949; x_wconf 85' lang='lat' dir='ltr'>decessorem</span> <span class='ocrx_word' id='word_1_262' title='bbox 952 4890 1076 4952; x_wconf 88' lang='lat' dir='ltr'>sanctis-</span> 
     </span>
     <span class='ocr_line' id='line_1_48' title="bbox 334 4977 1076 5045; baseline 0.004 -3"><span class='ocrx_word' id='word_1_263' title='bbox 334 4981 452 5044; x_wconf 90' lang='lat' dir='ltr'>simum</span> <span class='ocrx_word' id='word_1_264' title='bbox 472 4980 560 5042; x_wconf 91' lang='lat' dir='ltr'>Pium</span> <span class='ocrx_word' id='word_1_265' title='bbox 582 4977 645 5041; x_wconf 91' lang='lat' dir='ltr'>llll.</span> <span class='ocrx_word' id='word_1_266' title='bbox 659 4978 750 5042; x_wconf 91' lang='lat' dir='ltr'>titulo</span> <span class='ocrx_word' id='word_1_267' title='bbox 771 4980 877 5044; x_wconf 83' lang='lat' dir='ltr'>Aurili</span> <span class='ocrx_word' id='word_1_268' title='bbox 891 4981 1076 5045; x_wconf 87' lang='lat' dir='ltr'>Christiano-</span> 
     </span>
     <span class='ocr_line' id='line_1_49' title="bbox 336 5073 1076 5150; baseline 0.003 -13"><span class='ocrx_word' id='word_1_269' title='bbox 336 5091 408 5139; x_wconf 91' lang='lat' dir='ltr'>rum</span> <span class='ocrx_word' id='word_1_270' title='bbox 442 5073 631 5150; x_wconf 88' lang='lat' dir='ltr'>gratulantes</span> <span class='ocrx_word' id='word_1_271' title='bbox 660 5074 898 5138; x_wconf 81' lang='lat' dir='ltr'>cousaldtamus.</span> <span class='ocrx_word' id='word_1_272' title='bbox 931 5075 1013 5140; x_wconf 86' lang='lat' dir='ltr'>llaec</span> <span class='ocrx_word' id='word_1_273' title='bbox 1039 5077 1076 5139; x_wconf 92' lang='lat' dir='ltr'>ab</span> 
     </span>
     <span class='ocr_line' id='line_1_50' title="bbox 336 5165 1079 5248; baseline 0.004 -18"><span class='ocrx_word' id='word_1_274' title='bbox 336 5166 551 5248; x_wconf 81' lang='lat' dir='ltr'>Apostolorum</span> <span class='ocrx_word' id='word_1_275' title='bbox 574 5165 711 5245; x_wconf 89' lang='lat' dir='ltr'>principe</span> <span class='ocrx_word' id='word_1_276' title='bbox 724 5169 814 5230; x_wconf 88' lang='lat' dir='ltr'>Petro</span> <span class='ocrx_word' id='word_1_277' title='bbox 836 5177 866 5230; x_wconf 93' lang='lat' dir='ltr'>et</span> <span class='ocrx_word' id='word_1_278' title='bbox 880 5169 917 5232; x_wconf 94' lang='lat' dir='ltr'>ab</span> <span class='ocrx_word' id='word_1_279' title='bbox 934 5171 1000 5232; x_wconf 90' lang='lat' dir='ltr'>eius</span> <span class='ocrx_word' id='word_1_280' title='bbox 1014 5187 1079 5233; x_wconf 93' lang='lat' dir='ltr'>coa·</span> 
     </span>
     <span class='ocr_line' id='line_1_51' title="bbox 336 5259 1078 5343; baseline 0.004 -17"><span class='ocrx_word' id='word_1_281' title='bbox 336 5264 454 5343; x_wconf 94' lang='lat' dir='ltr'>postolo</span> <span class='ocrx_word' id='word_1_282' title='bbox 475 5259 567 5324; x_wconf 91' lang='lat' dir='ltr'>Paulo</span> <span class='ocrx_word' id='word_1_283' title='bbox 589 5262 798 5340; x_wconf 89' lang='lat' dir='ltr'>deposcamus,</span> <span class='ocrx_word' id='word_1_284' title='bbox 815 5269 849 5329; x_wconf 90' lang='lat' dir='ltr'>ut</span> <span class='ocrx_word' id='word_1_285' title='bbox 869 5264 904 5326; x_wconf 90' lang='lat' dir='ltr'>in</span> <span class='ocrx_word' id='word_1_286' title='bbox 927 5264 1078 5329; x_wconf 82' lang='lat' dir='ltr'>Ecclesiae</span> 
     </span>
     <span class='ocr_line' id='line_1_52' title="bbox 336 5356 1078 5434; baseline 0.003 -15"><span class='ocrx_word' id='word_1_287' title='bbox 336 5356 535 5420; x_wconf 87' lang='lat' dir='ltr'>confessionis</span> <span class='ocrx_word' id='word_1_288' title='bbox 563 5363 649 5434; x_wconf 89' lang='lat' dir='ltr'>petra</span> <span class='ocrx_word' id='word_1_289' title='bbox 674 5356 819 5419; x_wconf 91' lang='lat' dir='ltr'>solidatos</span> <span class='ocrx_word' id='word_1_290' title='bbox 839 5357 934 5420; x_wconf 91' lang='lat' dir='ltr'>nullis</span> <span class='ocrx_word' id='word_1_291' title='bbox 963 5375 1019 5423; x_wconf 91' lang='lat' dir='ltr'>uos</span> <span class='ocrx_word' id='word_1_292' title='bbox 1039 5359 1078 5423; x_wconf 92' lang='lat' dir='ltr'>si-</span> 
     </span>
     <span class='ocr_line' id='line_1_53' title="bbox 339 5447 1078 5531; baseline 0.004 -17"><span class='ocrx_word' id='word_1_293' title='bbox 339 5459 414 5514; x_wconf 91' lang='lat' dir='ltr'>nant</span> <span class='ocrx_word' id='word_1_294' title='bbox 434 5447 716 5530; x_wconf 88' lang='lat' dir='ltr'>perturbationibus</span> <span class='ocrx_word' id='word_1_295' title='bbox 740 5453 874 5530; x_wconf 91' lang='lat' dir='ltr'>concuti,</span> <span class='ocrx_word' id='word_1_296' title='bbox 897 5453 965 5531; x_wconf 92' lang='lat' dir='ltr'>ipso</span> <span class='ocrx_word' id='word_1_297' title='bbox 986 5455 1078 5518; x_wconf 88' lang='lat' dir='ltr'>dante</span> 
     </span>
     <span class='ocr_line' id='line_1_54' title="bbox 337 5544 1079 5623; baseline 0.005 -15"><span class='ocrx_word' id='word_1_298' title='bbox 337 5553 493 5623; x_wconf 88' lang='lat' dir='ltr'>pastorum</span> <span class='ocrx_word' id='word_1_299' title='bbox 523 5544 672 5623; x_wconf 90' lang='lat' dir='ltr'>principe,</span> <span class='ocrx_word' id='word_1_300' title='bbox 699 5545 767 5610; x_wconf 85' lang='lat' dir='ltr'>lesu</span> <span class='ocrx_word' id='word_1_301' title='bbox 794 5546 918 5611; x_wconf 89' lang='lat' dir='ltr'>Christo</span> <span class='ocrx_word' id='word_1_302' title='bbox 946 5547 1079 5612; x_wconf 80' lang='lat' dir='ltr'>llomirm</span> 
     </span>
    </p>
   </div>
   <div class='ocr_carea' id='block_1_3' title="bbox 338 5634 1085 5718">
    <p class='ocr_par' dir='ltr' id='par_1_6' title="bbox 338 5634 1085 5718">
     <span class='ocr_line' id='line_1_55' title="bbox 338 5634 1085 5718; baseline 0.008 -21"><span class='ocrx_word' id='word_1_303' title='bbox 338 5644 456 5710; x_wconf 86' lang='lat' dir='ltr'>nostro,</span> <span class='ocrx_word' id='word_1_304' title='bbox 476 5651 494 5695; x_wconf 91' lang='lat' dir='ltr'>a</span> <span class='ocrx_word' id='word_1_305' title='bbox 515 5650 576 5713; x_wconf 90' lang='lat' dir='ltr'>quo</span> <span class='ocrx_word' id='word_1_306' title='bbox 597 5634 835 5699; x_wconf 91' lang='lat' dir='ltr'>cumulatissima</span> <span class='ocrx_word' id='word_1_307' title='bbox 855 5637 983 5713; x_wconf 91' lang='lat' dir='ltr'>gratiae,</span> <span class='ocrx_word' id='word_1_308' title='bbox 998 5641 1085 5718; x_wconf 88' lang='lat' dir='ltr'>pacis-</span> 
     </span>
    </p>
   </div>
   <div class='ocr_carea' id='block_1_4' title="bbox 339 5728 1079 5806">
    <p class='ocr_par' dir='ltr' id='par_1_7' title="bbox 339 5728 1079 5806">
     <span class='ocr_line' id='line_1_56' title="bbox 339 5728 1079 5806; baseline 0.003 -14"><span class='ocrx_word' id='word_1_309' title='bbox 339 5737 370 5792; x_wconf 91' lang='lat' dir='ltr'>et</span> <span class='ocrx_word' id='word_1_310' title='bbox 400 5729 502 5806; x_wconf 88' lang='lat' dir='ltr'>gaudii</span> <span class='ocrx_word' id='word_1_311' title='bbox 533 5730 612 5793; x_wconf 90' lang='lat' dir='ltr'>dona</span> <span class='ocrx_word' id='word_1_312' title='bbox 640 5728 885 5793; x_wconf 83' lang='lat' dir='ltr'>fraternitatibus</span> <span class='ocrx_word' id='word_1_313' title='bbox 913 5733 1026 5794; x_wconf 87' lang='lat' dir='ltr'>vestris</span> <span class='ocrx_word' id='word_1_314' title='bbox 1049 5740 1079 5794; x_wconf 91' lang='lat' dir='ltr'>et</span> 
     </span>
    </p>
   </div>
   <div class='ocr_carea' id='block_1_5' title="bbox 1116 655 1863 1208">
    <p class='ocr_par' dir='ltr' id='par_1_8' title="bbox 1116 655 1862 927">
     <span class='ocr_line' id='line_1_57' title="bbox 1117 655 1862 738; baseline -0.004 -14"><span class='ocrx_word' id='word_1_315' title='bbox 1117 660 1263 738; x_wconf 90' lang='lat' dir='ltr'>gregibus</span> <span class='ocrx_word' id='word_1_316' title='bbox 1278 655 1364 724; x_wconf 86' lang='lat' dir='ltr'>vobis</span> <span class='ocrx_word' id='word_1_317' title='bbox 1378 655 1561 724; x_wconf 87' lang='lat' dir='ltr'>concreditis</span> <span class='ocrx_word' id='word_1_318' title='bbox 1580 660 1791 738; x_wconf 87' lang='lat' dir='ltr'>adprecamur,</span> <span class='ocrx_word' id='word_1_319' title='bbox 1807 674 1862 721; x_wconf 93' lang='lat' dir='ltr'>no-</span> 
     </span>
     <span class='ocr_line' id='line_1_58' title="bbox 1116 749 1862 834; baseline -0.005 -16"><span class='ocrx_word' id='word_1_320' title='bbox 1116 749 1234 834; x_wconf 86' lang='lat' dir='ltr'>strique</span> <span class='ocrx_word' id='word_1_321' title='bbox 1261 755 1386 817; x_wconf 89' lang='lat' dir='ltr'>aflectus</span> <span class='ocrx_word' id='word_1_322' title='bbox 1412 753 1526 833; x_wconf 90' lang='lat' dir='ltr'>pignus</span> <span class='ocrx_word' id='word_1_323' title='bbox 1547 753 1744 832; x_wconf 91' lang='lat' dir='ltr'>apostolicam</span> <span class='ocrx_word' id='word_1_324' title='bbox 1772 752 1862 816; x_wconf 90' lang='lat' dir='ltr'>bene-</span> 
     </span>
     <span class='ocr_line' id='line_1_59' title="bbox 1117 847 1734 927; baseline -0.008 -16"><span class='ocrx_word' id='word_1_325' title='bbox 1117 849 1284 912; x_wconf 91' lang='lat' dir='ltr'>dictionem</span> <span class='ocrx_word' id='word_1_326' title='bbox 1305 855 1502 926; x_wconf 86' lang='lat' dir='ltr'>peramanter</span> <span class='ocrx_word' id='word_1_327' title='bbox 1524 847 1734 927; x_wconf 90' lang='lat' dir='ltr'>impertimur.</span> 
     </span>
    </p>

    <p class='ocr_par' dir='ltr' id='par_1_9' title="bbox 1118 941 1863 1208">
     <span class='ocr_line' id='line_1_60' title="bbox 1157 941 1863 1020; baseline 0 -16"><span class='ocrx_word' id='word_1_328' title='bbox 1157 943 1270 1005; x_wconf 87' lang='lat' dir='ltr'>Datum</span> <span class='ocrx_word' id='word_1_329' title='bbox 1284 942 1400 1004; x_wconf 85' lang='lat' dir='ltr'>Romae</span> <span class='ocrx_word' id='word_1_330' title='bbox 1413 942 1492 1020; x_wconf 91' lang='lat' dir='ltr'>apud</span> <span class='ocrx_word' id='word_1_331' title='bbox 1508 941 1540 1005; x_wconf 86' lang='lat' dir='ltr'>S.</span> <span class='ocrx_word' id='word_1_332' title='bbox 1554 941 1679 1004; x_wconf 87' lang='lat' dir='ltr'>Petrum</span> <span class='ocrx_word' id='word_1_333' title='bbox 1693 941 1751 1003; x_wconf 90' lang='lat' dir='ltr'>sub</span> <span class='ocrx_word' id='word_1_334' title='bbox 1765 957 1863 1004; x_wconf 89' lang='lat' dir='ltr'>anuu-</span> 
     </span>
     <span class='ocr_line' id='line_1_61' title="bbox 1118 1034 1862 1111; baseline -0.003 -13"><span class='ocrx_word' id='word_1_335' title='bbox 1118 1034 1147 1098; x_wconf 92' lang='lat' dir='ltr'>lo</span> <span class='ocrx_word' id='word_1_336' title='bbox 1170 1035 1342 1111; x_wconf 88' lang='lat' dir='ltr'>Piscatoris,</span> <span class='ocrx_word' id='word_1_337' title='bbox 1370 1035 1420 1097; x_wconf 90' lang='lat' dir='ltr'>die</span> <span class='ocrx_word' id='word_1_338' title='bbox 1441 1050 1530 1098; x_wconf 77' lang='lat' dir='ltr'>xxiv.</span> <span class='ocrx_word' id='word_1_339' title='bbox 1556 1034 1629 1096; x_wconf 92' lang='lat' dir='ltr'>maii</span> <span class='ocrx_word' id='word_1_340' title='bbox 1649 1049 1862 1111; x_wconf 60' lang='lat' dir='ltr'>uncecrxrx„</span> 
     </span>
     <span class='ocr_line' id='line_1_62' title="bbox 1118 1129 1558 1208; baseline -0.002 -19"><span class='ocrx_word' id='word_1_341' title='bbox 1118 1129 1313 1208; x_wconf 88' lang='lat' dir='ltr'>pontificatus</span> <span class='ocrx_word' id='word_1_342' title='bbox 1328 1129 1425 1192; x_wconf 90' lang='lat' dir='ltr'>nostri</span> <span class='ocrx_word' id='word_1_343' title='bbox 1440 1144 1521 1192; x_wconf 89' lang='lat' dir='ltr'>anno</span> <span class='ocrx_word' id='word_1_344' title='bbox 1535 1144 1558 1190; x_wconf 89' lang='lat' dir='ltr'>t.</span> 
     </span>
    </p>
   </div>
   <div class='ocr_carea' id='block_1_6' title="bbox 1375 1332 1613 1341">
    <p class='ocr_par' dir='ltr' id='par_1_10' title="bbox 1375 1332 1613 1341">
     <span class='ocr_line' id='line_1_63' title="bbox 1375 1332 1613 1341; baseline 0.004 -1"><span class='ocrx_word' id='word_1_345' title='bbox 1375 1332 1613 1341; x_wconf 58' lang='lat' dir='ltr'>m</span> 
     </span>
    </p>
   </div>
   <div class='ocr_carea' id='block_1_7' title="bbox 1465 1510 1514 1572">
    <p class='ocr_par' dir='ltr' id='par_1_11' title="bbox 1465 1510 1514 1572">
     <span class='ocr_line' id='line_1_64' title="bbox 1465 1510 1514 1572; baseline -0.061 -1"><span class='ocrx_word' id='word_1_346' title='bbox 1465 1510 1514 1572; x_wconf 91' lang='lat' dir='ltr'>tlt.</span> 
     </span>
    </p>
   </div>
   <div class='ocr_carea' id='block_1_8' title="bbox 1120 1695 1866 1764">
    <p class='ocr_par' dir='ltr' id='par_1_12' title="bbox 1120 1695 1866 1764">
     <span class='ocr_line' id='line_1_65' title="bbox 1120 1695 1866 1764; baseline 0.005 -8"><span class='ocrx_word' id='word_1_347' title='bbox 1120 1695 1866 1764; x_wconf 79' lang='lat' dir='ltr'>uomoottoetaccommootcotioMotttoettet-</span> 
     </span>
    </p>
   </div>
   <div class='ocr_carea' id='block_1_9' title="bbox 1160 1789 1866 1961">
    <p class='ocr_par' dir='ltr' id='par_1_13' title="bbox 1160 1789 1866 1961">
     <span class='ocr_line' id='line_1_66' title="bbox 1161 1789 1866 1870; baseline 0.009 -19"><span class='ocrx_word' id='word_1_348' title='bbox 1161 1789 1241 1870; x_wconf 80' lang='lat' dir='ltr'>podo</span> <span class='ocrx_word' id='word_1_349' title='bbox 1254 1789 1387 1867; x_wconf 82' lang='lat' dir='ltr'>parochi</span> <span class='ocrx_word' id='word_1_350' title='bbox 1403 1790 1551 1852; x_wconf 77' lang='lat' dir='ltr'>dioecesis</span> <span class='ocrx_word' id='word_1_351' title='bbox 1565 1793 1819 1856; x_wconf 81' lang='lat' dir='ltr'>Guutimolenst&#39;s</span> <span class='ocrx_word' id='word_1_352' title='bbox 1831 1795 1866 1856; x_wconf 84' lang='lat' dir='ltr'>io</span> 
     </span>
     <span class='ocr_line' id='line_1_67' title="bbox 1160 1881 1505 1961; baseline 0.009 -19"><span class='ocrx_word' id='word_1_353' title='bbox 1160 1881 1330 1943; x_wconf 83' lang='lat' dir='ltr'>schismate</span> <span class='ocrx_word' id='word_1_354' title='bbox 1351 1882 1505 1961; x_wconf 83' lang='lat' dir='ltr'>prolapsi.</span> 
     </span>
    </p>
   </div>
   <div class='ocr_carea' id='block_1_10' title="bbox 1157 2059 1833 2247">
    <p class='ocr_par' dir='ltr' id='par_1_14' title="bbox 1157 2059 1833 2247">
     <span class='ocr_line' id='line_1_68' title="bbox 1355 2059 1635 2139; baseline 0.014 -5"><span class='ocrx_word' id='word_1_355' title='bbox 1355 2059 1525 2136; x_wconf 83' lang='lat' dir='ltr'>llenerabil&#39;i</span> <span class='ocrx_word' id='word_1_356' title='bbox 1546 2070 1635 2139; x_wconf 87' lang='lat' dir='ltr'>fratri</span> 
     </span>
     <span class='ocr_line' id='line_1_69' title="bbox 1157 2159 1833 2247; baseline 0.006 -19"><span class='ocrx_word' id='word_1_357' title='bbox 1157 2159 1326 2245; x_wconf 77' lang='lat' dir='ltr'>Rarnuudo</span> <span class='ocrx_word' id='word_1_358' title='bbox 1349 2160 1585 2247; x_wconf 71' lang='lat' dir='ltr'>archiepiscopo</span> <span class='ocrx_word' id='word_1_359' title='bbox 1607 2165 1833 2244; x_wconf 81' lang='lat' dir='ltr'>(lustinalensi,</span> 
     </span>
    </p>
   </div>
   <div class='ocr_carea' id='block_1_11' title="bbox 1363 2348 1626 2450">
    <p class='ocr_par' dir='ltr' id='par_1_15' title="bbox 1363 2348 1626 2450">
     <span class='ocr_line' id='line_1_70' title="bbox 1363 2348 1626 2450; baseline 0 -34"><span class='ocrx_word' id='word_1_360' title='bbox 1363 2348 1449 2450; x_wconf 84' lang='lat' dir='ltr'>rrus</span> <span class='ocrx_word' id='word_1_361' title='bbox 1472 2350 1532 2418; x_wconf 78' lang='lat' dir='ltr'>aa.</span> <span class='ocrx_word' id='word_1_362' title='bbox 1556 2352 1626 2420; x_wconf 88' lang='lat' dir='ltr'>rur.</span> 
     </span>
    </p>
   </div>
   <div class='ocr_carea' id='block_1_12' title="bbox 1158 2537 1833 2717">
    <p class='ocr_par' dir='ltr' id='par_1_16' title="bbox 1158 2537 1833 2717">
     <span class='ocr_line' id='line_1_71' title="bbox 1341 2537 1656 2623; baseline 0.016 -19"><span class='ocrx_word' id='word_1_363' title='bbox 1341 2537 1529 2608; x_wconf 85' lang='lat' dir='ltr'>lleoerobllla</span> <span class='ocrx_word' id='word_1_364' title='bbox 1551 2542 1656 2623; x_wconf 88' lang='lat' dir='ltr'>frater,</span> 
     </span>
     <span class='ocr_line' id='line_1_72' title="bbox 1158 2629 1833 2717; baseline 0.004 -20"><span class='ocrx_word' id='word_1_365' title='bbox 1158 2629 1286 2698; x_wconf 86' lang='lat' dir='ltr'>salutent</span> <span class='ocrx_word' id='word_1_366' title='bbox 1309 2637 1341 2699; x_wconf 89' lang='lat' dir='ltr'>el</span> <span class='ocrx_word' id='word_1_367' title='bbox 1361 2634 1562 2717; x_wconf 84' lang='lat' dir='ltr'>apostolicam</span> <span class='ocrx_word' id='word_1_368' title='bbox 1586 2636 1833 2705; x_wconf 83' lang='lat' dir='ltr'>benedictionem.</span> 
     </span>
    </p>
   </div>
   <div class='ocr_carea' id='block_1_13' title="bbox 1165 2821 2101 2942">
    <p class='ocr_par' dir='ltr' id='par_1_17' title="bbox 1165 2821 2101 2942">
     <span class='ocr_line' id='line_1_73' title="bbox 1165 2821 2101 2942; baseline 0.016 -60"><span class='ocrx_word' id='word_1_369' title='bbox 1165 2821 1286 2886; x_wconf 88' lang='lat' dir='ltr'>Literae</span> <span class='ocrx_word' id='word_1_370' title='bbox 1305 2823 1505 2888; x_wconf 77' lang='lat' dir='ltr'>fraternitatis</span> <span class='ocrx_word' id='word_1_371' title='bbox 1527 2832 1597 2888; x_wconf 94' lang='lat' dir='ltr'>tuae</span> <span class='ocrx_word' id='word_1_372' title='bbox 1616 2827 1702 2890; x_wconf 90' lang='lat' dir='ltr'>datae</span> <span class='ocrx_word' id='word_1_373' title='bbox 1717 2828 1766 2892; x_wconf 92' lang='lat' dir='ltr'>die</span> <span class='ocrx_word' id='word_1_374' title='bbox 1780 2844 1867 2892; x_wconf 81' lang='lat' dir='ltr'>xxvi.</span> <span class='ocrx_word' id='word_1_375' title='bbox 1889 2841 1984 2942; x_wconf 45' lang='lat'>“1233</span> <span class='ocrx_word' id='word_1_376' title='bbox 1987 2845 2021 2942; x_wconf 43' lang='grc' dir='ltr'>δὲ</span> <span class='ocrx_word' id='word_1_377' title='bbox 2024 2844 2101 2940; x_wconf 51' lang='grc' dir='ltr'>3ῗὲοι</span> 
     </span>
    </p>
   </div>
   <div class='ocr_carea' id='block_1_14' title="bbox 1125 2917 1874 4493">
    <p class='ocr_par' dir='ltr' id='par_1_18' title="bbox 1125 2917 1874 4493">
     <span class='ocr_line' id='line_1_74' title="bbox 1126 2917 1871 2997; baseline 0.009 -19"><span class='ocrx_word' id='word_1_378' title='bbox 1126 2917 1197 2978; x_wconf 90' lang='lat' dir='ltr'>mali</span> <span class='ocrx_word' id='word_1_379' title='bbox 1218 2918 1289 2979; x_wconf 91' lang='lat' dir='ltr'>anni</span> <span class='ocrx_word' id='word_1_380' title='bbox 1313 2918 1470 2994; x_wconf 90' lang='lat' dir='ltr'>praeteriti</span> <span class='ocrx_word' id='word_1_381' title='bbox 1486 2918 1520 2980; x_wconf 91' lang='lat' dir='ltr'>ad</span> <span class='ocrx_word' id='word_1_382' title='bbox 1535 2921 1800 2997; x_wconf 77' lang='lat' dir='ltr'>praedecessorem</span> <span class='ocrx_word' id='word_1_383' title='bbox 1816 2939 1871 2985; x_wconf 91' lang='lat' dir='ltr'>uo·</span> 
     </span>
     <span class='ocr_line' id='line_1_75' title="bbox 1125 3010 1868 3079; baseline 0.007 -8"><span class='ocrx_word' id='word_1_384' title='bbox 1125 3018 1227 3073; x_wconf 92' lang='lat' dir='ltr'>strum</span> <span class='ocrx_word' id='word_1_385' title='bbox 1256 3010 1354 3072; x_wconf 90' lang='lat' dir='ltr'>felicis</span> <span class='ocrx_word' id='word_1_386' title='bbox 1384 3010 1603 3076; x_wconf 90' lang='lat' dir='ltr'>recordatiouis</span> <span class='ocrx_word' id='word_1_387' title='bbox 1634 3012 1770 3078; x_wconf 83' lang='lat' dir='ltr'>Leonem</span> <span class='ocrx_word' id='word_1_388' title='bbox 1802 3016 1868 3079; x_wconf 90' lang='lat' dir='ltr'>llll.</span> 
     </span>
     <span class='ocr_line' id='line_1_76' title="bbox 1125 3104 1872 3187; baseline 0.008 -21"><span class='ocrx_word' id='word_1_389' title='bbox 1125 3104 1223 3166; x_wconf 87' lang='lat' dir='ltr'>serius</span> <span class='ocrx_word' id='word_1_390' title='bbox 1251 3104 1338 3165; x_wconf 89' lang='lat' dir='ltr'>nobis</span> <span class='ocrx_word' id='word_1_391' title='bbox 1363 3106 1499 3169; x_wconf 88' lang='lat' dir='ltr'>redditae</span> <span class='ocrx_word' id='word_1_392' title='bbox 1522 3115 1607 3183; x_wconf 90' lang='lat' dir='ltr'>sunt,</span> <span class='ocrx_word' id='word_1_393' title='bbox 1634 3124 1725 3187; x_wconf 90' lang='lat' dir='ltr'>quam</span> <span class='ocrx_word' id='word_1_394' title='bbox 1753 3125 1872 3186; x_wconf 87' lang='lat' dir='ltr'>urgens</span> 
     </span>
     <span class='ocr_line' id='line_1_77' title="bbox 1126 3197 1872 3279; baseline 0.008 -21"><span class='ocrx_word' id='word_1_395' title='bbox 1126 3199 1188 3276; x_wconf 92' lang='lat' dir='ltr'>ipsa</span> <span class='ocrx_word' id='word_1_396' title='bbox 1210 3197 1256 3258; x_wconf 93' lang='lat' dir='ltr'>rei</span> <span class='ocrx_word' id='word_1_397' title='bbox 1277 3197 1409 3273; x_wconf 90' lang='lat' dir='ltr'>gravitas</span> <span class='ocrx_word' id='word_1_398' title='bbox 1431 3200 1625 3279; x_wconf 87' lang='lat' dir='ltr'>requirebat:</span> <span class='ocrx_word' id='word_1_399' title='bbox 1645 3202 1811 3265; x_wconf 89' lang='lat' dir='ltr'>acerbitate</span> <span class='ocrx_word' id='word_1_400' title='bbox 1826 3202 1872 3264; x_wconf 92' lang='lat' dir='ltr'>in-</span> 
     </span>
     <span class='ocr_line' id='line_1_78' title="bbox 1127 3291 1872 3375; baseline 0.005 -23"><span class='ocrx_word' id='word_1_401' title='bbox 1127 3291 1202 3352; x_wconf 89' lang='lat' dir='ltr'>tima</span> <span class='ocrx_word' id='word_1_402' title='bbox 1222 3306 1256 3353; x_wconf 93' lang='lat' dir='ltr'>ac</span> <span class='ocrx_word' id='word_1_403' title='bbox 1277 3292 1363 3368; x_wconf 91' lang='lat' dir='ltr'>quasi</span> <span class='ocrx_word' id='word_1_404' title='bbox 1390 3293 1572 3368; x_wconf 84' lang='lat' dir='ltr'>gravissimo</span> <span class='ocrx_word' id='word_1_405' title='bbox 1593 3295 1726 3358; x_wconf 87' lang='lat' dir='ltr'>vulnere</span> <span class='ocrx_word' id='word_1_406' title='bbox 1746 3296 1872 3375; x_wconf 89' lang='lat' dir='ltr'>percelli</span> 
     </span>
     <span class='ocr_line' id='line_1_79' title="bbox 1126 3386 1871 3463; baseline 0.009 -17"><span class='ocrx_word' id='word_1_407' title='bbox 1126 3399 1178 3446; x_wconf 89' lang='lat' dir='ltr'>cor</span> <span class='ocrx_word' id='word_1_408' title='bbox 1205 3392 1348 3446; x_wconf 91' lang='lat' dir='ltr'>nostrum</span> <span class='ocrx_word' id='word_1_409' title='bbox 1374 3386 1594 3463; x_wconf 88' lang='lat' dir='ltr'>persensimus,</span> <span class='ocrx_word' id='word_1_410' title='bbox 1621 3388 1673 3451; x_wconf 92' lang='lat' dir='ltr'>ubi</span> <span class='ocrx_word' id='word_1_411' title='bbox 1695 3388 1802 3450; x_wconf 80' lang='lat' dir='ltr'>erbis</span> <span class='ocrx_word' id='word_1_412' title='bbox 1823 3406 1871 3452; x_wconf 91' lang='lat' dir='ltr'>co-</span> 
     </span>
     <span class='ocr_line' id='line_1_80' title="bbox 1127 3476 1872 3560; baseline 0.008 -21"><span class='ocrx_word' id='word_1_413' title='bbox 1127 3477 1303 3552; x_wconf 88' lang='lat' dir='ltr'>gnovimus,</span> <span class='ocrx_word' id='word_1_414' title='bbox 1318 3476 1481 3540; x_wconf 87' lang='lat' dir='ltr'>infandum</span> <span class='ocrx_word' id='word_1_415' title='bbox 1503 3479 1645 3556; x_wconf 88' lang='lat' dir='ltr'>schisma,</span> <span class='ocrx_word' id='word_1_416' title='bbox 1666 3480 1747 3559; x_wconf 91' lang='lat' dir='ltr'>quod</span> <span class='ocrx_word' id='word_1_417' title='bbox 1768 3499 1784 3543; x_wconf 92' lang='lat' dir='ltr'>a</span> <span class='ocrx_word' id='word_1_418' title='bbox 1805 3483 1872 3560; x_wconf 93' lang='lat' dir='ltr'>plu·</span> 
     </span>
     <span class='ocr_line' id='line_1_81' title="bbox 1126 3568 1872 3652; baseline 0.008 -20"><span class='ocrx_word' id='word_1_419' title='bbox 1126 3570 1211 3632; x_wconf 91' lang='lat' dir='ltr'>ribus</span> <span class='ocrx_word' id='word_1_420' title='bbox 1225 3569 1315 3631; x_wconf 91' lang='lat' dir='ltr'>annis</span> <span class='ocrx_word' id='word_1_421' title='bbox 1330 3568 1420 3632; x_wconf 92' lang='lat' dir='ltr'>isthic</span> <span class='ocrx_word' id='word_1_422' title='bbox 1435 3571 1604 3633; x_wconf 90' lang='lat' dir='ltr'>conflatum</span> <span class='ocrx_word' id='word_1_423' title='bbox 1618 3578 1675 3649; x_wconf 81' lang='grc' dir='ltr'>ιιι,</span> <span class='ocrx_word' id='word_1_424' title='bbox 1691 3572 1790 3638; x_wconf 91' lang='lat' dir='ltr'>adhuc</span> <span class='ocrx_word' id='word_1_425' title='bbox 1804 3589 1872 3652; x_wconf 87' lang='lat' dir='ltr'>per·</span> 
     </span>
     <span class='ocr_line' id='line_1_82' title="bbox 1127 3661 1873 3737; baseline 0.001 -10"><span class='ocrx_word' id='word_1_426' title='bbox 1127 3665 1250 3737; x_wconf 88' lang='lat' dir='ltr'>durare,</span> <span class='ocrx_word' id='word_1_427' title='bbox 1275 3672 1306 3725; x_wconf 93' lang='lat' dir='ltr'>et</span> <span class='ocrx_word' id='word_1_428' title='bbox 1327 3661 1428 3725; x_wconf 90' lang='lat' dir='ltr'>forsan</span> <span class='ocrx_word' id='word_1_429' title='bbox 1449 3664 1593 3726; x_wconf 90' lang='lat' dir='ltr'>audacius</span> <span class='ocrx_word' id='word_1_430' title='bbox 1614 3663 1744 3730; x_wconf 90' lang='lat' dir='ltr'>diffundi</span> <span class='ocrx_word' id='word_1_431' title='bbox 1772 3667 1873 3731; x_wconf 81' lang='lat' dir='ltr'>enixis</span> 
     </span>
     <span class='ocr_line' id='line_1_83' title="bbox 1128 3755 1873 3835; baseline 0.005 -16"><span class='ocrx_word' id='word_1_432' title='bbox 1128 3756 1353 3820; x_wconf 90' lang='lat' dir='ltr'>nonnullorum</span> <span class='ocrx_word' id='word_1_433' title='bbox 1378 3755 1571 3835; x_wconf 86' lang='lat' dir='ltr'>perditorum</span> <span class='ocrx_word' id='word_1_434' title='bbox 1597 3758 1763 3822; x_wconf 90' lang='lat' dir='ltr'>homiuum</span> <span class='ocrx_word' id='word_1_435' title='bbox 1783 3776 1873 3823; x_wconf 91' lang='lat' dir='ltr'>oona·</span> 
     </span>
     <span class='ocr_line' id='line_1_84' title="bbox 1128 3848 1873 3929; baseline 0.004 -17"><span class='ocrx_word' id='word_1_436' title='bbox 1128 3849 1220 3912; x_wconf 90' lang='lat' dir='ltr'>tibus.</span> <span class='ocrx_word' id='word_1_437' title='bbox 1251 3848 1396 3912; x_wconf 86' lang='lat' dir='ltr'>lletulisti</span> <span class='ocrx_word' id='word_1_438' title='bbox 1424 3850 1508 3911; x_wconf 92' lang='lat' dir='ltr'>enim</span> <span class='ocrx_word' id='word_1_439' title='bbox 1536 3851 1705 3929; x_wconf 90' lang='lat' dir='ltr'>parochum</span> <span class='ocrx_word' id='word_1_440' title='bbox 1730 3852 1873 3916; x_wconf 92' lang='lat' dir='ltr'>llathiam</span> 
     </span>
     <span class='ocr_line' id='line_1_85' title="bbox 1128 3941 1873 4020; baseline 0.005 -14"><span class='ocrx_word' id='word_1_441' title='bbox 1128 3941 1261 4020; x_wconf 87' lang='lat' dir='ltr'>Delgado</span> <span class='ocrx_word' id='word_1_442' title='bbox 1283 3943 1363 4006; x_wconf 90' lang='lat' dir='ltr'>tanti</span> <span class='ocrx_word' id='word_1_443' title='bbox 1388 3942 1532 4006; x_wconf 91' lang='lat' dir='ltr'>facinoris</span> <span class='ocrx_word' id='word_1_444' title='bbox 1560 3944 1610 4006; x_wconf 85' lang='lat' dir='ltr'>vel</span> <span class='ocrx_word' id='word_1_445' title='bbox 1637 3953 1794 4010; x_wconf 89' lang='lat' dir='ltr'>auctorem</span> <span class='ocrx_word' id='word_1_446' title='bbox 1821 3947 1873 4009; x_wconf 82' lang='lat' dir='ltr'>rel</span> 
     </span>
     <span class='ocr_line' id='line_1_86' title="bbox 1128 4036 1873 4116; baseline 0.008 -18"><span class='ocrx_word' id='word_1_447' title='bbox 1128 4036 1329 4116; x_wconf 90' lang='lat' dir='ltr'>praecipuum</span> <span class='ocrx_word' id='word_1_448' title='bbox 1361 4044 1540 4113; x_wconf 88' lang='lat' dir='ltr'>patronum,</span> <span class='ocrx_word' id='word_1_449' title='bbox 1563 4038 1640 4116; x_wconf 94' lang='lat' dir='ltr'>quin</span> <span class='ocrx_word' id='word_1_450' title='bbox 1665 4048 1788 4116; x_wconf 90' lang='lat' dir='ltr'>pareret</span> <span class='ocrx_word' id='word_1_451' title='bbox 1808 4056 1873 4103; x_wconf 86' lang='lat' dir='ltr'>nro-</span> 
     </span>
     <span class='ocr_line' id='line_1_87' title="bbox 1129 4127 1871 4210; baseline 0.005 -19"><span class='ocrx_word' id='word_1_452' title='bbox 1129 4129 1202 4192; x_wconf 86' lang='lat' dir='ltr'>nitis</span> <span class='ocrx_word' id='word_1_453' title='bbox 1217 4137 1247 4190; x_wconf 92' lang='lat' dir='ltr'>et</span> <span class='ocrx_word' id='word_1_454' title='bbox 1262 4128 1354 4191; x_wconf 92' lang='lat' dir='ltr'>minis</span> <span class='ocrx_word' id='word_1_455' title='bbox 1368 4127 1495 4208; x_wconf 89' lang='lat' dir='ltr'>praefati</span> <span class='ocrx_word' id='word_1_456' title='bbox 1508 4133 1747 4208; x_wconf 89' lang='lat' dir='ltr'>praedecessoris</span> <span class='ocrx_word' id='word_1_457' title='bbox 1762 4135 1871 4210; x_wconf 89' lang='lat' dir='ltr'>nostri,</span> 
     </span>
     <span class='ocr_line' id='line_1_88' title="bbox 1129 4222 1873 4304; baseline 0.001 -17"><span class='ocrx_word' id='word_1_458' title='bbox 1129 4225 1216 4289; x_wconf 90' lang='lat' dir='ltr'>cuius</span> <span class='ocrx_word' id='word_1_459' title='bbox 1236 4222 1408 4304; x_wconf 91' lang='lat' dir='ltr'>epistolam,</span> <span class='ocrx_word' id='word_1_460' title='bbox 1431 4222 1465 4286; x_wconf 91' lang='lat' dir='ltr'>in</span> <span class='ocrx_word' id='word_1_461' title='bbox 1486 4240 1545 4303; x_wconf 89' lang='lat' dir='ltr'>qua</span> <span class='ocrx_word' id='word_1_462' title='bbox 1566 4223 1744 4289; x_wconf 90' lang='lat' dir='ltr'>huiusmodi</span> <span class='ocrx_word' id='word_1_463' title='bbox 1764 4228 1873 4290; x_wconf 92' lang='lat' dir='ltr'>adhor-</span> 
     </span>
     <span class='ocr_line' id='line_1_89' title="bbox 1129 4317 1873 4396; baseline 0.005 -16"><span class='ocrx_word' id='word_1_464' title='bbox 1129 4318 1258 4380; x_wconf 86' lang='lat' dir='ltr'>tationes</span> <span class='ocrx_word' id='word_1_465' title='bbox 1283 4325 1314 4379; x_wconf 93' lang='lat' dir='ltr'>et</span> <span class='ocrx_word' id='word_1_466' title='bbox 1341 4319 1444 4378; x_wconf 90' lang='lat' dir='ltr'>minae</span> <span class='ocrx_word' id='word_1_467' title='bbox 1473 4317 1727 4396; x_wconf 90' lang='lat' dir='ltr'>continebantur,</span> <span class='ocrx_word' id='word_1_468' title='bbox 1759 4320 1873 4384; x_wconf 91' lang='lat' dir='ltr'>iamdiu</span> 
     </span>
     <span class='ocr_line' id='line_1_90' title="bbox 1130 4410 1874 4493; baseline 0.004 -19"><span class='ocrx_word' id='word_1_469' title='bbox 1130 4413 1194 4491; x_wconf 93' lang='lat' dir='ltr'>ipse</span> <span class='ocrx_word' id='word_1_470' title='bbox 1222 4411 1349 4493; x_wconf 91' lang='lat' dir='ltr'>accepit,</span> <span class='ocrx_word' id='word_1_471' title='bbox 1375 4410 1507 4474; x_wconf 89' lang='lat' dir='ltr'>ulterius</span> <span class='ocrx_word' id='word_1_472' title='bbox 1527 4411 1560 4474; x_wconf 93' lang='lat' dir='ltr'>in</span> <span class='ocrx_word' id='word_1_473' title='bbox 1588 4413 1752 4476; x_wconf 91' lang='lat' dir='ltr'>schismate</span> <span class='ocrx_word' id='word_1_474' title='bbox 1777 4413 1874 4478; x_wconf 91' lang='lat' dir='ltr'>fuisse</span> 
     </span>
    </p>
   </div>
   <div class='ocr_carea' id='block_1_15' title="bbox 1122 4507 1873 4588">
    <p class='ocr_par' dir='ltr' id='par_1_19' title="bbox 1122 4507 1873 4588">
     <span class='ocr_line' id='line_1_91' title="bbox 1122 4507 1873 4588; baseline -0.001 -16"><span class='ocrx_word' id='word_1_475' title='bbox 1122 4523 1338 4588; x_wconf 89' lang='lat' dir='ltr'>progressum,</span> <span class='ocrx_word' id='word_1_476' title='bbox 1360 4513 1390 4569; x_wconf 90' lang='lat' dir='ltr'>et</span> <span class='ocrx_word' id='word_1_477' title='bbox 1407 4507 1627 4585; x_wconf 86' lang='lat' dir='ltr'>impedimenta</span> <span class='ocrx_word' id='word_1_478' title='bbox 1652 4511 1747 4573; x_wconf 92' lang='lat' dir='ltr'>etiam</span> <span class='ocrx_word' id='word_1_479' title='bbox 1768 4511 1873 4573; x_wconf 90' lang='lat' dir='ltr'>matri·</span> 
     </span>
    </p>
   </div>
   <div class='ocr_carea' id='block_1_16' title="bbox 1130 4603 1876 5811">
    <p class='ocr_par' dir='ltr' id='par_1_20' title="bbox 1130 4603 1876 5811">
     <span class='ocr_line' id='line_1_92' title="bbox 1130 4603 1873 4684; baseline 0.001 -18"><span class='ocrx_word' id='word_1_480' title='bbox 1130 4603 1275 4667; x_wconf 90' lang='lat' dir='ltr'>monialia</span> <span class='ocrx_word' id='word_1_481' title='bbox 1296 4605 1425 4668; x_wconf 86' lang='lat' dir='ltr'>Sanctae</span> <span class='ocrx_word' id='word_1_482' title='bbox 1439 4603 1510 4668; x_wconf 84' lang='lat' dir='ltr'>Sedi</span> <span class='ocrx_word' id='word_1_483' title='bbox 1531 4610 1684 4666; x_wconf 87' lang='lat' dir='ltr'>reservata</span> <span class='ocrx_word' id='word_1_484' title='bbox 1698 4603 1873 4684; x_wconf 89' lang='lat' dir='ltr'>dispensare</span> 
     </span>
     <span class='ocr_line' id='line_1_93' title="bbox 1131 4697 1873 4779; baseline 0.001 -18"><span class='ocrx_word' id='word_1_485' title='bbox 1131 4698 1342 4779; x_wconf 86' lang='lat' dir='ltr'>procacissime</span> <span class='ocrx_word' id='word_1_486' title='bbox 1356 4697 1484 4773; x_wconf 87' lang='lat' dir='ltr'>audere;</span> <span class='ocrx_word' id='word_1_487' title='bbox 1507 4711 1540 4759; x_wconf 93' lang='lat' dir='ltr'>ac</span> <span class='ocrx_word' id='word_1_488' title='bbox 1554 4706 1717 4774; x_wconf 89' lang='lat' dir='ltr'>propterea</span> <span class='ocrx_word' id='word_1_489' title='bbox 1730 4713 1873 4776; x_wconf 86' lang='lat' dir='ltr'>exposce·</span> 
     </span>
     <span class='ocr_line' id='line_1_94' title="bbox 1132 4787 1873 4871; baseline 0.001 -17"><span class='ocrx_word' id='word_1_490' title='bbox 1132 4792 1196 4868; x_wconf 87' lang='lat' dir='ltr'>bas,</span> <span class='ocrx_word' id='word_1_491' title='bbox 1218 4790 1309 4854; x_wconf 93' lang='lat' dir='ltr'>illum</span> <span class='ocrx_word' id='word_1_492' title='bbox 1329 4789 1367 4851; x_wconf 92' lang='lat' dir='ltr'>ab</span> <span class='ocrx_word' id='word_1_493' title='bbox 1387 4790 1442 4850; x_wconf 91' lang='lat' dir='ltr'>hac</span> <span class='ocrx_word' id='word_1_494' title='bbox 1472 4788 1581 4852; x_wconf 92' lang='lat' dir='ltr'>Sancta</span> <span class='ocrx_word' id='word_1_495' title='bbox 1603 4787 1693 4867; x_wconf 89' lang='lat' dir='ltr'>Sede,</span> <span class='ocrx_word' id='word_1_496' title='bbox 1716 4798 1873 4871; x_wconf 90' lang='lat' dir='ltr'>tamquam</span> 
     </span>
     <span class='ocr_line' id='line_1_95' title="bbox 1131 4883 1873 4966; baseline 0.003 -18"><span class='ocrx_word' id='word_1_497' title='bbox 1131 4892 1314 4966; x_wconf 83' lang='lat' dir='ltr'>protervum</span> <span class='ocrx_word' id='word_1_498' title='bbox 1333 4883 1562 4946; x_wconf 88' lang='lat' dir='ltr'>schismaticum</span> <span class='ocrx_word' id='word_1_499' title='bbox 1583 4892 1615 4948; x_wconf 90' lang='lat' dir='ltr'>et</span> <span class='ocrx_word' id='word_1_500' title='bbox 1634 4885 1807 4949; x_wconf 91' lang='lat' dir='ltr'>schismatis</span> <span class='ocrx_word' id='word_1_501' title='bbox 1821 4905 1873 4950; x_wconf 93' lang='lat' dir='ltr'>au-</span> 
     </span>
     <span class='ocr_line' id='line_1_96' title="bbox 1132 4977 1875 5057; baseline 0.003 -15"><span class='ocrx_word' id='word_1_502' title='bbox 1132 4988 1262 5055; x_wconf 90' lang='lat' dir='ltr'>ctorem,</span> <span class='ocrx_word' id='word_1_503' title='bbox 1278 4980 1471 5040; x_wconf 85' lang='lat' dir='ltr'>anathemate</span> <span class='ocrx_word' id='word_1_504' title='bbox 1484 4977 1600 5057; x_wconf 92' lang='lat' dir='ltr'>puniri,</span> <span class='ocrx_word' id='word_1_505' title='bbox 1616 4985 1647 5042; x_wconf 91' lang='grc' dir='ltr'>ιι</span> <span class='ocrx_word' id='word_1_506' title='bbox 1661 4982 1875 5044; x_wconf 85' lang='lat' dir='ltr'>excommuni-</span> 
     </span>
     <span class='ocr_line' id='line_1_97' title="bbox 1131 5071 1875 5138; baseline 0 0"><span class='ocrx_word' id='word_1_507' title='bbox 1131 5080 1232 5138; x_wconf 89' lang='lat' dir='ltr'>catum</span> <span class='ocrx_word' id='word_1_508' title='bbox 1259 5072 1317 5135; x_wconf 88' lang='lat' dir='ltr'>toti</span> <span class='ocrx_word' id='word_1_509' title='bbox 1345 5071 1488 5135; x_wconf 90' lang='lat' dir='ltr'>ecclesiae</span> <span class='ocrx_word' id='word_1_510' title='bbox 1516 5072 1704 5135; x_wconf 89' lang='lat' dir='ltr'>denuntiari.</span> <span class='ocrx_word' id='word_1_511' title='bbox 1736 5073 1776 5137; x_wconf 89' lang='lat' dir='ltr'>Ut</span> <span class='ocrx_word' id='word_1_512' title='bbox 1800 5092 1875 5138; x_wconf 82' lang='lat' dir='ltr'>vero</span> 
     </span>
     <span class='ocr_line' id='line_1_98' title="bbox 1133 5167 1875 5247; baseline -0.001 -15"><span class='ocrx_word' id='word_1_513' title='bbox 1133 5171 1166 5232; x_wconf 92' lang='lat' dir='ltr'>in</span> <span class='ocrx_word' id='word_1_514' title='bbox 1181 5185 1215 5231; x_wconf 93' lang='lat' dir='ltr'>re</span> <span class='ocrx_word' id='word_1_515' title='bbox 1230 5168 1309 5231; x_wconf 91' lang='lat' dir='ltr'>tanti</span> <span class='ocrx_word' id='word_1_516' title='bbox 1320 5167 1484 5242; x_wconf 92' lang='lat' dir='ltr'>momenti,</span> <span class='ocrx_word' id='word_1_517' title='bbox 1500 5183 1558 5245; x_wconf 89' lang='lat' dir='ltr'>qua</span> <span class='ocrx_word' id='word_1_518' title='bbox 1579 5176 1722 5247; x_wconf 89' lang='lat' dir='ltr'>parerat,</span> <span class='ocrx_word' id='word_1_519' title='bbox 1745 5168 1875 5232; x_wconf 88' lang='lat' dir='ltr'>circum-</span> 
     </span>
     <span class='ocr_line' id='line_1_99' title="bbox 1132 5261 1874 5344; baseline -0.004 -19"><span class='ocrx_word' id='word_1_520' title='bbox 1132 5262 1288 5344; x_wconf 91' lang='lat' dir='ltr'>spectione</span> <span class='ocrx_word' id='word_1_521' title='bbox 1308 5269 1340 5323; x_wconf 91' lang='lat' dir='ltr'>et</span> <span class='ocrx_word' id='word_1_522' title='bbox 1361 5261 1539 5323; x_wconf 87' lang='lat' dir='ltr'>maturitate</span> <span class='ocrx_word' id='word_1_523' title='bbox 1557 5262 1808 5339; x_wconf 90' lang='lat' dir='ltr'>procederemus,</span> <span class='ocrx_word' id='word_1_524' title='bbox 1824 5277 1874 5340; x_wconf 90' lang='lat' dir='ltr'>pe-</span> 
     </span>
     <span class='ocr_line' id='line_1_100' title="bbox 1133 5353 1875 5432; baseline -0.007 -12"><span class='ocrx_word' id='word_1_525' title='bbox 1133 5355 1241 5420; x_wconf 90' lang='lat' dir='ltr'>culiari</span> <span class='ocrx_word' id='word_1_526' title='bbox 1262 5354 1500 5431; x_wconf 80' lang='lat' dir='ltr'>congregationi</span> <span class='ocrx_word' id='word_1_527' title='bbox 1515 5353 1631 5432; x_wconf 92' lang='lat' dir='ltr'>aliquot</span> <span class='ocrx_word' id='word_1_528' title='bbox 1652 5353 1875 5417; x_wconf 82' lang='lat' dir='ltr'>venerabilium</span> 
     </span>
     <span class='ocr_line' id='line_1_101' title="bbox 1133 5446 1876 5513; baseline -0.004 0"><span class='ocrx_word' id='word_1_529' title='bbox 1133 5451 1265 5513; x_wconf 89' lang='lat' dir='ltr'>fratrum</span> <span class='ocrx_word' id='word_1_530' title='bbox 1287 5457 1430 5510; x_wconf 90' lang='lat' dir='ltr'>nostrum</span> <span class='ocrx_word' id='word_1_531' title='bbox 1451 5446 1482 5511; x_wconf 87' lang='lat' dir='ltr'>S.</span> <span class='ocrx_word' id='word_1_532' title='bbox 1493 5447 1529 5508; x_wconf 82' lang='grc' dir='ltr'>ιι.</span> <span class='ocrx_word' id='word_1_533' title='bbox 1540 5447 1575 5509; x_wconf 86' lang='grc' dir='ltr'>Ε.</span> <span class='ocrx_word' id='word_1_534' title='bbox 1599 5446 1808 5511; x_wconf 72' lang='lat' dir='ltr'>cardinalium</span> <span class='ocrx_word' id='word_1_535' title='bbox 1822 5463 1876 5510; x_wconf 90' lang='grc' dir='ltr'>ιιι-</span> 
     </span>
     <span class='ocr_line' id='line_1_102' title="bbox 1135 5540 1876 5623; baseline -0.005 -16"><span class='ocrx_word' id='word_1_536' title='bbox 1135 5543 1229 5623; x_wconf 90' lang='lat' dir='ltr'>gociis</span> <span class='ocrx_word' id='word_1_537' title='bbox 1260 5540 1469 5606; x_wconf 89' lang='lat' dir='ltr'>ecclesiasticis</span> <span class='ocrx_word' id='word_1_538' title='bbox 1504 5540 1755 5603; x_wconf 82' lang='lat' dir='ltr'>extraordinariis</span> <span class='ocrx_word' id='word_1_539' title='bbox 1785 5555 1876 5621; x_wconf 84' lang='lat' dir='ltr'>expe-</span> 
     </span>
     <span class='ocr_line' id='line_1_103' title="bbox 1135 5634 1876 5716; baseline -0.007 -15"><span class='ocrx_word' id='word_1_540' title='bbox 1135 5637 1253 5702; x_wconf 91' lang='lat' dir='ltr'>diendis</span> <span class='ocrx_word' id='word_1_541' title='bbox 1284 5635 1473 5716; x_wconf 90' lang='lat' dir='ltr'>praepositae</span> <span class='ocrx_word' id='word_1_542' title='bbox 1503 5641 1681 5696; x_wconf 88' lang='lat' dir='ltr'>accuratum</span> <span class='ocrx_word' id='word_1_543' title='bbox 1712 5634 1876 5697; x_wconf 89' lang='lat' dir='ltr'>universae</span> 
     </span>
     <span class='ocr_line' id='line_1_104' title="bbox 1135 5726 1875 5811; baseline -0.003 -19"><span class='ocrx_word' id='word_1_544' title='bbox 1135 5732 1230 5811; x_wconf 90' lang='lat' dir='ltr'>ipsius</span> <span class='ocrx_word' id='word_1_545' title='bbox 1251 5732 1296 5793; x_wconf 88' lang='lat' dir='ltr'>rei</span> <span class='ocrx_word' id='word_1_546' title='bbox 1325 5744 1455 5794; x_wconf 83' lang='lat' dir='ltr'>eramen</span> <span class='ocrx_word' id='word_1_547' title='bbox 1483 5727 1743 5792; x_wconf 89' lang='lat' dir='ltr'>committendum</span> <span class='ocrx_word' id='word_1_548' title='bbox 1764 5726 1875 5791; x_wconf 89' lang='lat' dir='ltr'>iudica-</span> 
     </span>
    </p>
   </div>
   <div class='ocr_carea' id='block_1_17' title="bbox 380 5944 1239 6008">
    <p class='ocr_par' dir='ltr' id='par_1_21' title="bbox 380 5944 1239 6008">
     <span class='ocr_line' id='line_1_105' title="bbox 380 5944 1239 6008; baseline -0.001 -14"><span class='ocrx_word' id='word_1_549' title='bbox 380 5949 410 6008; x_wconf 81' lang='grc' dir='ltr'>(ι)</span> <span class='ocrx_word' id='word_1_550' title='bbox 426 5951 449 5995; x_wconf 83' lang='lat' dir='ltr'>S.</span> <span class='ocrx_word' id='word_1_551' title='bbox 465 5947 539 5994; x_wconf 79' lang='lat' dir='ltr'>Felix</span> <span class='ocrx_word' id='word_1_552' title='bbox 559 5949 603 5994; x_wconf 83' lang='lat' dir='ltr'>PP.</span> <span class='ocrx_word' id='word_1_553' title='bbox 619 5946 647 5992; x_wconf 90' lang='lat' dir='ltr'>ln</span> <span class='ocrx_word' id='word_1_554' title='bbox 664 5959 704 6005; x_wconf 82' lang='lat' dir='ltr'>op.</span> <span class='ocrx_word' id='word_1_555' title='bbox 719 5959 776 6006; x_wconf 76' lang='lat' dir='ltr'>tyn.</span> <span class='ocrx_word' id='word_1_556' title='bbox 790 5946 824 5994; x_wconf 78' lang='lat' dir='ltr'>ad</span> <span class='ocrx_word' id='word_1_557' title='bbox 838 5958 876 6008; x_wconf 88' lang='lat' dir='ltr'>op.</span> <span class='ocrx_word' id='word_1_558' title='bbox 892 5947 990 5994; x_wconf 85' lang='lat' dir='ltr'>orient.</span> <span class='ocrx_word' id='word_1_559' title='bbox 1009 5945 1078 6006; x_wconf 84' lang='lat' dir='ltr'>apud</span> <span class='ocrx_word' id='word_1_560' title='bbox 1092 5944 1170 5994; x_wconf 76' lang='lat' dir='ltr'>Hasd.</span> <span class='ocrx_word' id='word_1_561' title='bbox 1186 5948 1205 5992; x_wconf 85' lang='lat' dir='ltr'>t.</span> <span class='ocrx_word' id='word_1_562' title='bbox 1218 5946 1239 5994; x_wconf 75' lang='grc'>2.</span> 
     </span>
    </p>
   </div>
   <div class='ocr_carea' id='block_1_18' title="bbox 0 0 2457 7010">
    <p class='ocr_par' dir='ltr' id='par_1_22' title="bbox 0 0 2457 7010">
     <span class='ocr_line' id='line_1_106' title="bbox 0 0 2457 7010; baseline 0 0"><span class='ocrx_word' id='word_1_563' title='bbox 0 0 2457 7010; x_wconf 95' lang='lat' dir='ltr'> </span> 
     </span>
    </p>
   </div>
   <div class='ocr_carea' id='block_1_19' title="bbox 1783 506 2079 582">
    <p class='ocr_par' dir='ltr' id='par_1_23' title="bbox 1783 506 2079 582">
     <span class='ocr_line' id='line_1_107' title="bbox 1783 506 2079 582; baseline -0.047 0"><span class='ocrx_word' id='word_1_564' title='bbox 1783 506 1840 582; x_wconf 73' lang='lat' dir='ltr'>tlt</span> <span class='ocrx_word' id='word_1_565' title='bbox 1890 511 1945 572; x_wconf 73' lang='lat' dir='ltr'>Aa.</span> <span class='ocrx_word' id='word_1_566' title='bbox 1958 512 1990 572; x_wconf 86' lang='lat' dir='ltr'>c.</span> <span class='ocrx_word' id='word_1_567' title='bbox 2011 511 2079 570; x_wconf 74' lang='lat'>182⁰</span> 
     </span>
    </p>
   </div>
  </div>
 </body>
</html>
