4722 6976
342 507 397 564 An.
411 511 441 564 0.
462 504 532 564 1814
580 502 639 571 524

561 648 642 728 geris
654 646 790 710 exterius
805 633 936 709 interius
948 658 1050 706 serves
1064 640 1097 702 in
1113 645 1230 713 mente,
1246 637 1303 700 ira·

562 744 740 808 tenuitatem
762 747 848 802 tuam
859 753 1025 800 monemus
1039 744 1070 798 11
1084 736 1246 796 hortamur
1261 741 1304 795 at-

561 845 646 900 tente
672 843 824 915 quatenus
848 831 1056 894 humilitatem
1081 837 1112 889 et
1140 828 1302 902 iustitiam,

560 932 651 994 dante
672 930 803 992 nomino
825 927 879 1005 qui
900 926 950 987 dat
964 923 1098 1002 praemia
1120 930 1152 984 et
1173 938 1303 985 munera

560 1024 721 1100 elargitur,
734 1023 895 1084 observare
909 1019 1029 1081 studeas
1045 1033 1123 1096 quae
1137 1033 1303 1081 11111111-

559 1125 633 1179 vant
648 1124 678 1178 et
692 1123 878 1195 promovent
899 1120 1101 1184 servatorem,
1115 1129 1148 1173 ac
1164 1113 1304 1174 eamdem

561 1211 724 1274 Ecclesiam
742 1209 974 1272 Patriarcnaiem
991 1207 1155 1268 Armeniae
1176 1206 1303 1270 Minoris

558 1312 589 1366 et
602 1305 724 1368 Ciliciae
738 1321 879 1383 sponsam
897 1310 980 1364 tuam
993 1318 1083 1364 cures
1097 1300 1238 1376 sollicite,
1251 1319 1303 1363 au·

558 1408 643 1465 ctore
658 1399 801 1473 Domino,
817 1397 1019 1478 spiritualiter
1039 1412 1072 1458 ac
1092 1395 1302 1474 temporaliter

558 1501 772 1572 augmentare.
785 1492 928 1567 Quocirca
940 1487 1082 1568 praelatis
1093 1489 1303 1568 archiepisco-

558 1589 605 1668 pis
620 1587 671 1650 vel
682 1587 838 1666 Episcopis
853 1602 908 1663 per
918 1583 1079 1662 apostolica
1091 1583 1201 1660 scripta
1217 1598 1303 1643 man·

557 1681 666 1744 damus
694 1690 846 1760 quatenus
874 1680 931 1756 ipsi
953 1678 1003 1739 vel
1025 1677 1103 1738 alter
1127 1693 1237 1740 eorum
1259 1678 1303 1740 di·

558 1784 643 1839 ctum
666 1775 795 1838 Pailium
810 1774 894 1836 iuxta
909 1771 1048 1834 eamdem
1062 1771 1302 1849 subsequentem

559 1871 688 1932 lormam
712 1869 764 1932 tibi
787 1873 897 1930 curent
911 1882 965 1927 seu
980 1872 1067 1927 curet
1088 1863 1255 1940 assignare,
1272 1872 1302 1926 et

558 1983 572 2026 a
593 1975 622 2028 te
638 1970 743 2026 nostro
764 1969 795 2024 et
815 1961 955 2023 eiusdem
976 1960 1128 2021 Romanae
1152 1959 1302 2022 Ecclesiae

558 2061 685 2122 nomine
700 2057 758 2120 sub
773 2057 890 2134 reliqua
912 2055 1010 2116 lorma
1032 2054 1206 2116 uniusmodi
1229 2055 1302 2116 side·

557 2155 649 2218 litatis
670 2153 789 2216 debitae
816 2151 942 2212 solitum
972 2149 1122 2227 recipiant
1148 2165 1203 2210 seu
1224 2148 1301 2210 alter

556 2266 665 2311 eorum
688 2246 814 2323 recipiat
840 2245 1071 2316 iuramentum,
1099 2242 1300 2321 eiusdemque

554 2345 597 2406 sic
618 2361 633 2404 a
656 2352 686 2405 te
706 2341 842 2420 praestiti
870 2337 1038 2400 iuramenti
1059 2335 1190 2398 lormam
1212 2338 1299 2400 nobis

555 2439 593 2500 de
614 2437 708 2500 verbo
729 2437 765 2498 ad
787 2434 919 2496 verbum
934 2449 989 2512 per
1011 2441 1076 2494 tuas
1095 2439 1234 2508 patentes
1249 2433 1298 2494 lit-

557 2540 633 2594 teras
649 2537 702 2592 tuo
717 2528 818 2605 sigillo
828 2527 964 2588 munitas
975 2541 1030 2602 per
1041 2525 1203 2604 proprium
1218 2543 1299 2588 nun-

554 2627 637 2688 cium
659 2621 865 2703 quantocitius
881 2621 1034 2682 destinare
1049 2633 1202 2699 procures.
1225 2620 1298 2682 Eor-

555 2725 728 2783 meantem
755 2733 815 2794 qua
842 2714 969 2794 praelati
997 2713 1225 2790 acchiepiscopi
1248 2715 1297 2776 vel

556 2811 695 2890 Episcopi
718 2811 748 2870 in
771 2807 954 2884 assignando
978 2806 1030 2868 tibi
1052 2805 1133 2868 dicio
1154 2807 1249 2869 Pallio
1265 2825 1298 2868 u-

556 2916 673 2980 tentur,
689 2906 761 2966 baec
783 2911 842 2964 est:
863 2935 896 2945 -
913 2902 957 2964 rid
980 2901 1132 2963 irorrorem
1153 2900 1298 2978 Omnipo-

556 3002 647 3064 tentis
667 3000 721 3062 liei
742 3015 776 3060 ac
790 2999 894 3058 beatae
908 2995 1019 3058 Mariae
1033 2993 1170 3070 Virginis
1183 3013 1216 3058 ao
1231 2995 1299 3057 bea-

555 3105 659 3158 torum
688 3091 903 3170 Apostolorum
928 3089 1008 3150 Pctri
1031 3098 1061 3150 ct
1084 3088 1298 3152 1111111111-

523 3203 528 3216 *
554 3189 630 3250 mini
654 3187 752 3249 nostri
774 3184 896 3247 bornini
913 3183 955 3243 Pii
980 3184 1074 3260 Papum
1096 3179 1160 3244 1111.
1178 3185 1297 3246 etSan-

554 3293 619 3345 ctae
644 3283 798 3342 Romanae
826 3278 976 3339 Ecclesiae
998 3293 1053 3338 nec
1084 3292 1146 3338 non
1169 3277 1297 3340 Patriac-

554 3378 647 3439 enatis
660 3374 810 3436 Ecclesiae
822 3371 984 3433 ilr'rnoniue
994 3370 1119 3431 Minoris
1132 3379 1161 3432 oi
1174 3373 1297 3436 Ciliciae

555 3471 608 3532 tibi
640 3467 820 3530 commissae
849 3465 996 3526 tradimus
1025 3464 1078 3525 tibi
1107 3464 1237 3526 Pallium
1260 3468 1297 3527 de

553 3580 681 3642 corpore
692 3562 771 3624 beati
786 3560 868 3622 Petri
882 3565 1054 3636 sumptum,
1067 3558 1295 3636 plenitudinem

554 3657 697 3720 videlicet
712 3653 870 3733 pastoralis
885 3651 987 3726 cilicii,
1000 3659 1035 3713 11
1051 3669 1087 3713 eo
1104 3653 1199 3714 utaris
1215 3653 1295 3715 intra

552 3749 711 3814 ecclesiam
723 3757 807 3810 tuam
819 3746 910 3808 certis
925 3745 1032 3808 dicbus
1046 3745 1099 3823 qui
1115 3746 1295 3824 exprimun-

553 3856 603 3908 tur
618 3847 650 3906 in
672 3841 843 3921 privilegiis
857 3841 884 3901 ei
899 3839 936 3900 ab
951 3839 1120 3917 apostolica
1132 3840 1210 3903 Sede
1224 3858 1296 3903 con·

552 3937 815 4003 cessis-Forma
826 3933 1106 3996 antemiuramenti
1118 3933 1197 4011 quod
1211 3949 1297 4011 prae·

551 4034 654 4107 stabis,
667 4034 855 4093 111111111-
868 4028 932 4103 Ego
943 4027 1110 4104 Gregorius
1121 4028 1230 4090 Petrus
1243 4029 1292 4091 Vl.

540 4134 749 4204 nuncupatus
759 4121 931 4185 Patriarcba
943 4121 1076 4183 nationis
1085 4120 1295 4187 Armenorum

551 4220 715 4283 Armeniae
737 4217 864 4280 Minoris
886 4223 916 4277 et
941 4215 1065 4280 Ciliciae
1086 4216 1123 4278 ab
1145 4217 1199 4280 hac
1220 4219 1294 4280 liora

551 4314 583 4376 in
605 4319 692 4375 antea
715 4310 813 4374 fidelis
826 4319 858 4373 et
873 4310 1019 4372 obediens
1034 4327 1087 4372 ero
1102 4311 1190 4373 beato
1204 4313 1295 4377 Petro

551 4407 741 4504 Sapctaeque
760 4403 949 4481 apostoticae
971 4403 1123 4467 Romanae
1146 4407 1295 4472 Ecclesiae

551 4508 580 4560 et
602 4499 734 4561 llomino
756 4508 861 4558 nostro
882 4497 1013 4558 liomino
1038 4498 1090 4559 Pio
1111 4500 1207 4578 Papae
1228 4502 1291 4566 1111.

552 4595 678 4671 suisque
692 4591 916 4676 successoribus
932 4592 1077 4654 canonice
1093 4593 1290 4660 intrantibus.

550 4684 620 4748 Non
642 4701 694 4746 ero
709 4686 741 4746 in
760 4684 886 4746 consilio
908 4691 959 4746 aut
977 4701 1130 4748 consensu
1152 4688 1201 4748 rel
1217 4689 1293 4752 lacto

550 4787 584 4843 ut
595 4780 691 4843 vitam
703 4780 831 4859 perdant
842 4783 894 4840 aut
905 4779 1093 4854 membrum,
1105 4797 1159 4844 seu
1174 4785 1293 4860 capian-

552 4872 704 4937 turmale
727 4871 876 4950 captione.
912 4872 1084 4935 Consilium
1110 4891 1184 4936 vero
1211 4880 1292 4955 quod

549 4967 626 5030 mihi
649 4965 797 5029 credituri
811 4973 886 5028 sunt
900 4979 956 5042 per
976 4982 1009 5028 se
1026 4976 1079 5028 aut
1095 4970 1224 5031 nuncios
1238 4989 1293 5035 seu

549 5061 678 5135 litterae,
693 5059 727 5121 ad
744 5074 853 5122 eorum
874 5058 1023 5120 damnum
1038 5075 1088 5122 me
1102 5061 1218 5124 sciente
1240 5080 1292 5126 ne-

549 5156 629 5219 mini
650 5155 792 5233 pandam.
815 5153 963 5230 Papatum
987 5153 1160 5217 Romanum
1184 5158 1292 5220 11111-

550 5251 626 5328 gaiia
648 5248 751 5312 Sancti
775 5247 856 5309 Petri
879 5245 999 5309 adiutor
1020 5247 1064 5310 eis
1086 5250 1196 5312 11111
1219 5252 1293 5314 reti-

548 5345 688 5406 nendum
716 5348 747 5402 et
772 5339 1002 5403 defendendum
1030 5349 1136 5403 contra
1164 5359 1290 5406 omnem

548 5436 718 5499 hominem.
750 5433 900 5510 Legatum
928 5434 1116 5510 Apostolicae
1144 5435 1228 5498 Sedis
1257 5437 1290 5500 in

548 5529 650 5592 eundo
672 5535 701 5592 et
721 5527 880 5592 redeundo
901 5527 1070 5589 honorifice
1094 5529 1237 5606 tractabo,
1261 5539 1291 5594 et

548 5623 580 5685 in
601 5622 664 5685 suis
681 5621 912 5684 necessitatibus
925 5621 1084 5684 adiuvabo.
1108 5620 1240 5685 Vocatus
1255 5626 1290 5687 ad

549 5715 708 5794 Synodum
731 5713 866 5790 veniam,
896 5714 954 5776 nisi
984 5715 1178 5794 praepeditus
1202 5715 1290 5779 luero

1084 517 1149 566 tuti.
1174 519 1264 565 PONE·
1289 519 1329 564 DE
1350 516 1378 564 1².
1403 513 1432 564 F·
1456 517 1538 564 PARS
1560 514 1581 562 1.

1359 637 1503 699 canonica
1533 635 1775 715 praepeditione.
1811 631 2030 712 apostotorum
2056 632 2108 694 Li-

1360 733 1445 796 mina
1475 731 1606 808 singuiis
1637 729 1861 810 quinquenniis
1892 728 2023 791 visitabo
2053 737 2107 790 aut

1360 844 1414 907 per
1435 843 1486 890 me
1507 835 1560 889 aut
1581 843 1636 904 per
1657 841 1763 887 meum
1778 825 1941 897 nuncium,
1962 824 2021 887 nisi
2035 839 2105 902 apo-

1359 922 1463 984 stolica
1483 921 1622 983 absolvar
1642 919 1778 982 licentia.
1802 918 2011 980 Possessiones
2031 932 2107 980 vero

1360 1017 1395 1078 ad
1411 1031 1551 1076 mensam
1564 1029 1665 1077 meam
1678 1013 1871 1092 pertinentes
1883 1028 1947 1074 nou
1960 1009 2104 1085 vendam,

1360 1126 1462 1189 neque
1483 1109 1613 1182 donabo,
1630 1123 1732 1186 neque
1753 1106 1978 1183 impignorabo,
2002 1120 2105 1184 neque

1359 1201 1396 1264 de
1418 1219 1499 1265 novo
1521 1201 1697 1275 inleudabo,
1721 1200 1769 1262 vei
1791 1199 1894 1279 aliquo
1921 1200 2012 1261 modo
2033 1199 2104 1260 alie-

1360 1296 1437 1358 nabo
1459 1295 1635 1358 iaconsulto
1657 1295 1795 1356 Romano
1810 1293 1970 1367 Pontifice,
1988 1298 2017 1354 et
2031 1307 2105 1354 con·

1359 1391 1555 1452 stitutionem
1584 1403 1677 1468 super
1702 1386 1912 1466 prohibitione
1939 1385 2107 1447 investitu-

1360 1500 1465 1546 rarum
1488 1483 1648 1546 Bonorum
1663 1479 1954 1545 iurisdictionalium
1971 1480 2009 1541 de
2023 1494 2105 1541 anno

1358 1576 1482 1639 Doniini
1500 1594 1664 1640 unccnxv.
1681 1575 1811 1638 aeditam
1826 1573 1965 1636 servabo.
1990 1571 2040 1635 Sic
2053 1587 2105 1634 me

1360 1672 1439 1732 [leus
1468 1672 1604 1748 adiuvet,
1628 1680 1658 1733 et
1690 1671 1763 1732 haec
1785 1668 1892 1732 Sancta
1920 1670 1974 1731 Dei
2004 1668 2104 1730 Eran-

1360 1765 1448 1842 11111.
1468 1798 1505 1812 -

1398 1861 1509 1922 Datum
1529 1859 1645 1921 Romae
1666 1859 1745 1938 apud
1768 1857 1799 1921 S.
1816 1857 1942 1918 Mariam
1957 1855 2103 1918 Maiorem

1359 1969 1440 2014 anno
1476 1952 1699 2014 incarnationis
1730 1950 1903 2013 dominicae
1938 1949 2103 2011 millesimo

1359 2047 1617 2122 octingentesimo
1649 2053 1759 2124 quarto
1785 2043 1916 2117 decimo,
1938 2045 2032 2106 tertio
2052 2044 2104 2105 de-

1357 2140 1439 2202 cimo
1460 2140 1606 2202 kalendas
1627 2140 1770 2214 ianuarii,
1793 2137 1989 2216 pontificatus
2005 2137 2103 2199 nostri

1356 2249 1437 2295 anno
1458 2233 1568 2312 quinto
1588 2231 1718 2294 decimo.

1613 2435 1850 2443 -..—.———-——---

1674 2615 1780 2680 xciv.

1356 2806 1519 2868 Morietur
1540 2805 1652 2885 nepem
1676 2806 1877 2866 Francorum
1899 2808 1937 2866 111
1953 2819 2101 2864 11111111·-

1395 2903 1481 2963 111111
1504 2900 1713 2981 Niqrr‘torum
1735 2900 1771 2962 in
1796 2901 1936 2978 propriis
1966 2902 2100 2962 111111111-

1395 2995 1452 3058 bus
1473 2996 1603 3072 pertitus
1619 2994 1771 3066 11111111,
1788 2994 2050 3072 qatcotadmodum
2065 2996 2100 3056 11

1395 3090 1600 3151 Brdtunoicis
1633 3085 1776 3150 Cotooiis
1808 3087 1935 3148 11111111
1963 3089 2100 3150 vetitum

1394 3186 1463 3267 1111
1484 3183 1538 3264 (a).

1354 3367 1519 3436 Carissimo
1541 3369 1568 3434 in
1592 3367 1714 3434 carisio
1736 3367 1800 3435 lilio
1823 3373 1927 3434 nostro
1949 3368 2099 3435 ludovico

1394 3463 1578 3530 francorum
1602 3458 1675 3545 ileqi
1698 3460 1964 3542 christianissimo,

1604 3643 1690 3714 etus
1715 3647 1773 3715 ΡΡ.
1796 3646 1853 3715 litt.

1542 3838 1771 3907 6111111111111
1796 3843 1908 3916 noster,

1385 3933 1512 4002 salutem
1535 3939 1567 4000 11
1588 3931 1784 4017 apostolicam
1812 3932 2061 4000 benedictionem.

1392 4126 1597 4188 1111111111
1625 4132 1740 4200 tantas,
1764 4140 1841 4203 quae
1870 4140 1925 4186 nos
1953 4125 1989 4186 ad
2014 4122 2097 4185 Petri

1353 4219 1535 4283 Catbedram
1550 4228 1672 4280 evectos
1687 4223 1836 4296 perpetuo
1851 4215 2032 4292 allecerunt,
2049 4235 2097 4278 so-

1352 4312 1539 4386 licitudines,
1561 4327 1649 4374 suam
1670 4327 1793 4390 quoque
1814 4316 1934 4388 partem
1955 4311 2011 4372 sibi
2027 4311 2097 4373 vin-

1351 4407 1462 4470 dicarit
1485 4403 1591 4467 inlelix
1612 4404 1805 4481 Nigritarum
1827 4405 1922 4478 natio,
1945 4407 1980 4465 ad
2002 4421 2096 4482 quam

1350 4499 1558 4562 amiserrimo
1571 4505 1651 4560 statu
1673 4497 1894 4560 sublevandam
1912 4499 2096 4561 enitendum

1351 4595 1439 4657 nobis
1460 4593 1604 4655 essehoc
1631 4591 1812 4670 praesertim
1841 4600 1981 4668 tempore
2008 4593 2097 4654 duui-

1352 4705 1432 4764 mus,
1455 4704 1517 4766 quo
1539 4687 1669 4748 illustria
1691 4691 1721 4746 11
1742 4684 1943 4746 saluberrima
1965 4685 2096 4748 redden-

1351 4782 1404 4844 dae
1436 4781 1501 4843 orbi
1532 4780 1678 4842 universo
1707 4777 1788 4855 pacis
1815 4785 1846 4840 et
1873 4777 2094 4857 calamitatum,

1350 4883 1502 4954 quantum
1525 4875 1592 4934 sieri
1620 4881 1731 4952 potest,
1758 4873 1794 4934 ab
1814 4873 1952 4934 humano
1980 4889 2095 4950 genere

1350 4967 1601 5046 depellendorum
1615 4967 1715 5029 studia
1730 4967 1865 5028 maxime
1883 4965 2017 5028 fervent.
2042 4967 2096 5029 lis-

1349 5061 1432 5138 dem,
1455 5062 1567 5140 quibus
1582 5077 1649 5137 nos,
1665 5060 1761 5122 animi
1779 5060 1920 5122 sensibus
1942 5062 2092 5137 lectiam,

1349 5155 1505 5218 carissime
1532 5155 1563 5216 in
1594 5154 1716 5217 Christo
1744 5152 1786 5216 srii
1815 5160 1937 5232 noster,
1970 5155 2095 5232 penitas

1349 5247 1490 5325 animari,
1507 5248 1662 5325 explorata
1676 5247 1764 5310 nobis
1782 5247 1962 5310 iamdudum
1983 5247 2095 5324 religio

1348 5352 1379 5404 11
1400 5341 1576 5404 hnmanitas
1598 5351 1660 5416 tua,
1683 5358 1741 5419 qua
1763 5346 1795 5424 et
1817 5341 2006 5404 Francorum
2028 5341 2094 5403 leli-

1347 5439 1472 5498 citatem
1494 5435 1643 5498 indefesse
1665 5451 1763 5511 curas,
1778 5441 1810 5497 et
1831 5435 1975 5498 omnium
1996 5436 2094 5497 natio·

1348 5545 1426 5592 num
1447 5531 1592 5592 ardenter
1613 5529 1741 5607 expetis,
1761 5527 1901 5591 dubitare
1922 5545 1984 5590 non
2004 5529 2091 5592 sinit.

1347 5623 1445 5698 Quare
1466 5623 1563 5684 cilicia
1585 5631 1689 5685 nostra
1711 5637 1766 5700 pro
1780 5620 1939 5684 allevandd
1960 5620 2095 5698 Nigrita-

1347 5733 1418 5779 rum
1439 5724 1522 5779 sorte
1544 5715 1648 5794 pronis
1670 5715 1795 5777 auribus
1816 5713 1986 5793 libentique
2007 5703 2092 5792 pror·

589 5935 618 5994 (l)
634 5935 671 5978 Ex
685 5935 747 5990 Reg.
763 5931 843 5979 vatic.
859 5943 897 5992 ep.
912 5931 945 5979 ad
964 5931 1094 5991 Principes
1110 5935 1158 5980 etc.
1174 5934 1485 5992 videinrradreg.xv1.
1502 5936 1528 5980 et
1542 5937 1653 5979 Leonem
1668 5935 1732 5980 xlia.

2140 495 2298 562 111111
2348 471 2349 512 ³
