4740 6962
289 553 343 622 Aa.
357 565 387 620 (l.
409 567 478 620 1773

310 3607 431 3655 clausula
445 3607 502 3654 sub·

290 3663 351 3716 lata,
370 3667 396 3707 et
417 3661 501 3706 deere-

291 3722 346 3762 tum
363 3717 474 3760 irritans.

334 4913 458 4960 Omnibus
479 4913 506 4958 in

294 4969 452 5013 contrarium
473 4967 507 5012 la-

293 5021 421 5068 etentibus
437 5020 508 5066 dero·

293 5079 377 5130 gatar.

530 561 587 627 tea

508 716 682 778 possumus,
704 700 913 764 favorabiliter
938 716 1077 763 annuere
1098 698 1250 772 volentes,

508 795 572 858 suis
592 794 868 874 supplicationibus
898 794 1056 866 inclinati,
1085 792 1253 871 praedictas

509 888 667 950 facultates
684 905 737 966 per
753 895 937 949 memoratas
952 886 1055 948 literas
1068 886 1252 948 eorumdem

510 982 624 1044 Urbani
647 990 678 1043 et
695 981 865 1043 innocentii
888 981 1156 1058 praedecessorum
1180 988 1255 1040 tunc

510 1075 655 1136 existenti
678 1073 790 1135 rectori
812 1073 948 1148 regulari
970 1073 1043 1134 dicti
1060 1071 1182 1146 collegii
1204 1070 1254 1132 lli·

511 1167 672 1228 bernensis
700 1182 868 1240 concessas,
892 1172 984 1244 atque
1013 1164 1125 1241 gratias
1147 1179 1255 1224 omnes

512 1260 594 1322 illius
626 1259 776 1333 alumnis,
807 1267 841 1320 ut
874 1257 1059 1336 praefertur,
1092 1255 1256 1317 attributas

510 1353 746 1426 confirmantes,
777 1367 832 1429 per
853 1357 1030 1428 praesentes
1056 1349 1256 1410 decernimus

511 1453 543 1507 et
564 1446 757 1519 mandamus,
781 1452 815 1506 ot
841 1445 873 1506 in
895 1451 1054 1522 posterum
1082 1441 1164 1503 idem
1186 1441 1256 1503 Car-

511 1539 622 1600 dinalis
642 1537 755 1600 Marius
786 1542 924 1599 nuncet
946 1552 1001 1615 pro
1033 1543 1173 1612 tempore
1194 1532 1257 1594 exi·

512 1640 629 1695 stentes
650 1633 723 1694 dicti
744 1631 867 1705 collegii
894 1637 1093 1706 protectores
1120 1626 1257 1688 testimo-

513 1725 608 1786 niales
637 1722 741 1784 literas
770 1721 936 1801 praedictas
963 1730 1024 1783 tam
1053 1721 1089 1781 iis
1110 1718 1257 1793 alumnis,

513 1818 567 1896 qui
588 1820 624 1879 ad
645 1832 753 1878 omnes
774 1815 866 1876 etiam
888 1830 988 1875 sacros
1016 1823 1047 1876 et
1068 1813 1261 1892 presbytera·

515 1921 564 1974 tus
586 1910 708 1972 ordines
737 1909 871 1970 inorbo
901 1907 1054 1986 praedicta
1080 1905 1259 1984 promoveri

513 2022 547 2067 se
568 2005 705 2082 cupiant,
728 2017 821 2080 quam
843 2000 878 2062 ad
899 2003 1024 2062 eosdem
1046 2000 1138 2061 etiam
1160 2015 1260 2060 sacros

515 2109 546 2160 et
567 2098 795 2176 presbyteratus
817 2095 942 2156 ordines
963 2102 1050 2156 extra
1073 2092 1168 2167 illam,
1192 2099 1223 2152 et
1244 2109 1260 2151 a

515 2205 712 2270 quocumque
724 2189 872 2252 antistite
887 2188 1041 2266 praedicto
1056 2185 1260 2264 promovendi

515 2285 589 2359 sint,
605 2284 699 2344 etiam
717 2283 892 2343 interstitiis
907 2297 922 2340 a
938 2287 1110 2341 memorato
1131 2279 1262 2340 concilio

516 2376 710 2456 praescriptis
731 2375 863 2436 minime
888 2376 1033 2447 servatis,
1057 2373 1153 2434 libere
1174 2380 1205 2433 et
1228 2371 1262 2432 li-

517 2473 576 2534 cite
595 2471 764 2540 cpncedere
786 2469 890 2546 possit,
907 2475 938 2528 et
953 2467 1123 2544 respective
1144 2467 1262 2544 possint

517 2574 548 2627 et
576 2564 699 2626 valeant
730 2562 912 2624 auctoritate
943 2561 1121 2640 apostolica,
1156 2570 1265 2622 tenore

518 2658 727 2738 praesentium
757 2655 954 2717 concedimus
985 2661 1015 2716 et
1047 2654 1262 2730 indulgemus3

518 2753 722 2830 eamdemque
743 2749 920 2812 facultatem
941 2765 996 2827 per
1018 2757 1205 2826 praesentes,
1230 2754 1265 2808 ut

519 2845 704 2925 praefertur,
727 2858 902 2905 concessam
925 2850 956 2903 et
978 2843 1144 2915 indultam,
1160 2841 1196 2902 ad
1219 2857 1265 2900 ea·

518 2955 590 3000 suan
611 2951 746 3016 quoque,
762 2952 825 3013 quo
840 2935 950 3013 aliquis
967 2951 1005 2995 ex
1020 2934 1108 2996 dictis
1130 2933 1264 2995 alumnis

519 3039 591 3093 ante
612 3037 770 3092 assuetam
793 3037 914 3106 tempus
930 3028 1112 3106 epraedicto
1133 3024 1264 3102 collegio

520 3124 705 3187 valetudinis
719 3123 883 3195 curandae,
896 3121 962 3181 sire
977 3121 1034 3180 alia
1050 3119 1127 3182 iusta
1142 3135 1180 3179 ex
1195 3134 1264 3180 cau·

519 3235 550 3279 sa
572 3219 609 3279 ab
630 3234 667 3278 eo
698 3215 840 3289 discedat,
870 3213 958 3274 etad
987 3213 1068 3276 aliud
1100 3213 1264 3288 collegium

521 3319 607 3372 extra
630 3311 740 3373 urbem
756 3308 941 3388 praedictam
953 3323 985 3368 se
996 3306 1143 3381 conlerat,
1161 3313 1264 3368 aucto·

520 3405 612 3467 ritate
639 3412 670 3466 et
698 3413 807 3465 tenore
829 3401 992 3480 praedictis
1017 3401 1214 3462 extendimus
1236 3407 1266 3461 et

521 3497 714 3577 ampliamus.
1234 3513 1238 3520 ·

562 3593 580 3668 5
602 3590 630 3652 8.
656 3592 862 3652 decernentes
884 3591 1006 3651 easdem
1028 3596 1203 3667 praesentes
1231 3588 1267 3648 li-

523 3694 602 3748 teras
624 3687 739 3758 drmas,
752 3683 865 3744 validas
887 3691 917 3744 et
932 3683 1066 3743 efficaces
1088 3683 1221 3744 existere
1236 3688 1267 3742 et

522 3779 599 3854 iore,
621 3793 754 3854 suosque
772 3775 926 3854 plenarios
940 3784 972 3836 et
986 3775 1126 3850 integros
1141 3775 1268 3836 ellectus

521 3873 626 3934 sortiri
658 3876 688 3932 et
717 3870 877 3944 obtinere,
910 3885 943 3929 ac
965 3867 1026 3928 illis
1047 3870 1083 3928 ad
1105 3883 1181 3944 tpuos
1201 3883 1269 3946 spe·

522 3973 595 4038 ctat,
616 3970 648 4024 et
669 3979 725 4041 pro
755 3969 896 4040 ternpore
921 3959 1181 4039 quandocumque
1201 3977 1268 4039 spe-

523 4059 628 4132 ctabit,
645 4056 823 4135 plenissime
844 4053 1017 4130 sullragari,
1040 4064 1071 4116 et
1092 4053 1129 4116 ab
1156 4054 1198 4115 eis
1220 4071 1269 4115 re-

523 4152 661 4231 spective
682 4148 902 4211 inviolabiliter
918 4147 1092 4210 observari:
1116 4149 1220 4225 sicque
1237 4148 1267 4208 in

524 4243 699 4323 praemissis
728 4241 872 4302 omnibus
894 4248 924 4302 et
945 4240 1077 4316 singulis
1103 4255 1158 4318 per
1178 4232 1271 4317 quos·¹

524 4353 659 4415 cumque
690 4335 805 4398 iudices
836 4334 1007 4395 ordinarios
1037 4341 1068 4394 et
1099 4333 1268 4410 delegatos,

524 4433 619 4492 etiam
635 4445 795 4492 causarum
810 4427 913 4506 palatii
929 4427 1085 4505 apostolici
1102 4427 1268 4502 auditores,

525 4523 651 4587 indicari
674 4531 705 4584 et
726 4521 849 4584 definiri
881 4521 1004 4597 debere,
1033 4536 1066 4580 ac
1086 4519 1213 4582 irritum
1240 4529 1271 4580 et

526 4619 631 4692 inane,
654 4617 679 4676 si
701 4631 788 4677 secus
809 4631 901 4694 super·
922 4615 969 4675 bis
991 4629 1177 4693 equaquam
1198 4631 1272 4692 qua-

526 4712 572 4773 vis
588 4710 770 4773 auctoritate
785 4709 920 4770 scienter
935 4708 984 4769 vel
1003 4709 1185 4785 ignoranter
1199 4724 1273 4770 cen·

525 4806 633 4882 tigerit
654 4805 810 4868 attentari.

565 4899 585 4974 5
605 4897 634 4960 9.
659 4897 729 4960 Non
748 4900 940 4964 obstantibus
956 4903 1140 4982 praemissis,
1152 4922 1185 4966 ac
1200 4919 1272 4966 con·

526 4997 740 5062 stitutionibus
763 5005 794 5058 ct
815 4997 1063 5060 ordinationibus
1087 4997 1272 5076 apostolicis,

528 5111 585 5156 nec
607 5109 683 5170 non,
709 5099 861 5170 quatenus
883 5107 959 5169 opus
980 5091 1031 5165 sit,
1057 5091 1130 5154 dicti
1151 5090 1273 5167 collegii

528 5183 736 5250 Hibernorum
749 5187 841 5246 etiam
864 5185 1051 5260 iuramento,
1067 5185 1276 5246 confirmatio-

528 5297 568 5343 re
590 5280 752 5358 apostolica
775 5279 824 5340 vel
848 5279 955 5357 quavis
978 5278 1124 5340 firmitate
1146 5277 1204 5338 alia
1226 5291 1276 5338 ro·

528 5374 642 5435 boratis
661 5375 785 5436 statutis
807 5379 838 5434 et
859 5371 1152 5447 consuetudinibus;
1180 5371 1274 5450 privi-

529 5469 618 5544 legiis
639 5484 762 5546 quoque
778 5466 918 5541 indultis,
934 5473 965 5528 et
981 5466 1079 5527 literis
1101 5463 1275 5544 apostolicis

526 5560 750 5640 superioribus,
773 5566 804 5620 et
827 5558 965 5636 personis
989 5559 1047 5621 sub
1077 5559 1275 5637 quibuscum·

527 5673 588 5734 que
611 5655 769 5717 tenoribus
791 5661 822 5714 et
844 5652 952 5714 lormis
973 5670 1006 5714 ac
1022 5659 1092 5715 c'um
1115 5652 1276 5731 quibusvis

527 5750 621 5810 etiam
636 5749 903 5824 derogatoriarum
918 5746 1130 5823 derogatoriis,
1147 5745 1277 5824 aliisque

1029 571 1092 626 iun.
1118 565 1209 626 bour.
1233 572 1273 624 be
1294 572 1323 622 e.
1347 567 1376 621 n.
1401 563 1484 620 bans
1506 563 1527 618 t.

1310 693 1529 756 edlcacioribus
1544 690 1770 766 efficacissimis,
1781 707 1814 751 ac
1829 685 1960 751 insolitis
1975 686 2058 748 clau·

1309 788 1394 864 solis,
1428 786 1695 864 irritantibusque,
1719 791 1750 846 et
1776 783 1842 844 aliis
1870 782 2002 844 decretis
2023 782 2055 842 in

1311 899 1426 960 genere
1453 880 1503 942 vel
1535 880 1567 942 in
1596 879 1708 957 specie,
1731 893 1765 939 ac
1790 876 1858 937 aliis
1880 875 1912 937 in
1938 881 2058 937 contra·

1310 976 1392 1037 riam
1414 973 1645 1054 quomodolibet
1661 971 1823 1044 concessis,
1840 967 2013 1047 approbatis
2028 976 2059 1029 et

1311 1065 1475 1130 innovatis.
1499 1065 1615 1140 Quibus
1642 1063 1788 1126 omnibus
1816 1071 1848 1126 et
1868 1061 2002 1138 singolis
2024 1060 2058 1122 il-

1310 1163 1413 1225 lorum
1437 1169 1561 1224 tenores
1593 1157 1806 1235 praesentibus
1827 1172 1883 1235 pro
1914 1155 2007 1232 plene
2027 1161 2057 1214 et

1312 1255 1502 1316 sufficienter
1523 1254 1685 1332 expressis,
1702 1268 1735 1313 ac
1756 1252 1794 1312 de
1815 1248 1911 1311 verbo
1932 1249 1967 1309 ad
1990 1263 2059 1308 ver-

1312 1348 1388 1410 bum
1409 1347 1534 1410 insertis
1556 1347 1714 1418 babentes,
1730 1343 1791 1404 illis
1806 1343 1878 1404 alias
1894 1344 1924 1404 in
1939 1359 1997 1404 suo
2012 1358 2059 1403 ro

1313 1442 1387 1503 bore
1408 1441 1632 1519 permansuris,
1655 1437 1689 1498 ad
1720 1436 1962 1516 praemissorum
1989 1435 2061 1496 elle-

1313 1543 1399 1596 ctum
1422 1537 1476 1595 bao
1497 1532 1565 1594 viee
1586 1530 1746 1593 dumtaxat
1769 1529 1943 1607 specialiter
1963 1536 1995 1590 et
2009 1545 2062 1589 ex-

1315 1643 1416 1704 presse
1447 1629 1648 1701 derogamus,
1679 1623 1871 1701 caeterisque
1901 1620 2062 1684 contrariis

1314 1720 1572 1798 quibuscumque.

1356 1815 1465 1875 Datum
1487 1814 1601 1874 Romae
1623 1814 1701 1890 apud
1724 1811 1755 1874 S.
1773 1811 1900 1874 llariam
1916 1811 2061 1872 Maiorem

1314 1909 1372 1971 sub
1393 1907 1508 1969 annulo
1535 1906 1693 1985 piscatoris
1718 1903 1767 1966 die
1795 1921 1849 1965 xx.
1878 1905 2063 1982 septembris

1316 2016 1532 2075 possumne,
1549 1999 1746 2076 pontificatus
1767 1999 1865 2061 nostri
1887 2015 1971 2061 anno
1992 2015 2020 2061 v.

1482 2247 1489 2256 ’
1551 2245 1552 2250 ¹
1634 2285 1745 2348 xxxx.

1320 2473 1475 2535 Socictete
1497 2475 1568 2536 lesu
1590 2488 1771 2550 suppresso,
1785 2471 1903 2534 adimit
1924 2471 2065 2553 faculta-

1360 2569 1405 2624 tes
1426 2569 1457 2623 ei
1477 2564 1651 2643 privilegio
1673 2579 1817 2624 conterere
1847 2565 2066 2626 misaioaurdis

1359 2657 1499 2719 circadam
1526 2657 1698 2719 societatis
1722 2655 1756 2718 ia
1790 2657 1935 2738 dustria
1957 2663 1988 2718 ct
2012 2659 2066 2720 Ce-

1360 2749 1500 2820 ciucioa,
1530 2767 1568 2812 ec
1600 2749 1737 2810 l⁷icariis
1767 2750 1959 2828 apostolicis
1986 2768 2067 2813 com-

1361 2843 1479 2915 ruitiit,
1504 2848 1543 2904 ut
1565 2843 1727 2905 communi
1757 2860 1889 2906 assensu
1916 2861 1995 2922 ptrue
2017 2861 2069 2906 tte·

1361 2937 1499 2998 cessario
1521 2937 1555 2996 ia
1577 2933 1786 2998 nrissioeibus
1808 2939 1966 3000 mutanda
1988 2945 2067 3000 autri

1362 3037 1499 3098 mulctat,
1514 3029 1655 3106 aliosque
1670 3030 1894 3092 misaioaarios
1911 3029 1977 3091 illis
1999 3032 2068 3113 aas·

1361 3125 1486 3201 ficiunt.
1513 3122 1627 3184 lisdem
1655 3139 1728 3184 uere
1754 3123 1892 3185 l'iccriia
1920 3123 2070 3186 districtc

1361 3218 1531 3297 praecipit,
1549 3217 1735 3294 utquisque
1757 3217 1946 3278 relictionem
1960 3224 2070 3280 status

1368 3312 1551 3374 Vicorietus
1572 3310 1626 3371 sui
1648 3310 1821 3388 quotannis
1841 3309 1972 3373 Romam
1996 3312 2071 3373 mit·

1365 3412 1415 3468 tui
1435 3404 1492 3488 (l).

1512 3575 1700 3644 edideris
1724 3576 1783 3642 ΡΡ.
1808 3574 1879 3643 xit.

1463 3700 1500 3767 ed
1521 3701 1652 3768 loturam
1679 3699 1722 3766 rei
1748 3699 1927 3769 memoriam.

1364 3880 1465 3958 Super
1487 3879 1635 3941 lamiliam
1657 3877 1779 3940 Domini
1802 3876 1947 3940 Caelestis
1976 3875 2072 3938 Patris

1324 3975 1520 4036 ordinatione
1542 3971 1713 4046 constituti,
1735 3973 1770 4032 ad
1793 3985 1903 4032 omnes
1932 3970 2071 4031 nationes

1325 4076 1356 4130 et
1378 4074 1498 4144 gentes,
1522 4081 1599 4145 qnae
1627 4065 1774 4126 catholica
1802 4065 1948 4126 societate
1976 4064 2073 4125 conti·

1325 4171 1454 4235 nentur,
1478 4159 1683 4221 solicitudinis
1710 4164 1833 4219 nostrae
1861 4175 1948 4220 curas
1971 4157 2072 4219 inten-

1325 4255 1438 4328 dimus,
1462 4262 1554 4332 atqae
1577 4252 1608 4313 in
1631 4251 1667 4312 iis
1689 4251 1844 4326 omnibus,
1868 4267 1946 4329 quae
1968 4251 2004 4313 ad
2025 4265 2073 4311 ea·

1325 4363 1395 4409 rom
1419 4355 1576 4408 aeternam
1598 4343 1730 4407 salutern
1747 4345 1973 4422 procurandam
1996 4343 2073 4404 obti-

1326 4441 1524 4517 nendamque
1545 4439 1716 4516 pertinent,
1739 4439 1780 4500 ita
1801 4436 1969 4513 advigilare
1989 4437 2074 4498 adni-

1328 4533 1436 4606 timur,
1459 4536 1494 4592 ut
1515 4539 1704 4610 opportunas
1731 4529 1914 4608 apostolicae
1940 4529 2073 4591 caritatis

1326 4624 1548 4705 potestatisque
1563 4632 1684 4686 nostrae
1700 4634 1800 4703 partes
1815 4625 1848 4684 in
1863 4621 1975 4685 dissitis
1989 4637 2076 4700 prae·

1327 4720 1435 4782 sertim
1458 4719 1640 4796 regionibus
1661 4726 1692 4780 et
1713 4718 1892 4796 provinciis,
1906 4719 2006 4796 quoad
2021 4731 2075 4776 no-

1329 4814 1374 4876 bis
1396 4815 1556 4890 integrum
1586 4823 1642 4889 est,
1673 4812 1839 4875 desiderari
1866 4813 1997 4876 minime
2026 4827 2075 4889 pa·

1329 4909 1455 4970 tiamur.
1910 4967 1915 4976 ,

1369 5001 1438 5076 §l
1464 5001 1587 5090 boilum
1614 4999 1778 5079 siquidem,
1802 4999 1881 5062 sicut
1909 5015 2010 5078 nuper
2031 5017 2077 5062 ae·

1329 5095 1480 5173 cepimus,
1498 5095 1529 5155 in
1552 5093 1658 5171 regnis
1680 5093 1820 5156 lunkini
1835 5100 1867 5155 et
1882 5091 2075 5168 Cocincinae,

1330 5188 1362 5249 in
1385 5186 1498 5265 quibus
1518 5186 1742 5249 catholicorum
1764 5201 1927 5260 numerus,
1952 5184 2076 5248 benedi-

1331 5291 1421 5344 cente
1442 5279 1584 5354 Domino,
1601 5279 1632 5342 in
1649 5280 1712 5341 dies
1733 5279 1830 5356 magis
1851 5279 2009 5357 magisque
2024 5295 2078 5338 ao·

1332 5378 1436 5449 g'etur,
1461 5373 1606 5436 nonnulli
1634 5371 1746 5435 Vicarii
1774 5371 1941 5452 Apostolici
1967 5371 2004 5432 ab
2024 5371 2079 5432 bac

1332 5465 1363 5530 S.
1388 5467 1467 5532 Sede
1495 5467 1667 5545 respective
1696 5467 1831 5544 deputati
1865 5465 2076 5544 reperiuntur.

1329 5562 1411 5624 Cum
1434 5567 1539 5622 autem
1562 5561 1646 5622 inter
1666 5567 1796 5633 ceterae,
1819 5559 1873 5638 qui
1893 5558 1985 5620 sacris
2009 5557 2080 5618 mis-

2086 538 2141 600 An.
2155 537 2186 598 0.
2212 531 2290 595 1773

1332 5654 1471 5716 sionibus
1493 5651 1606 5715 ibidem
1635 5668 1759 5731 operam
1786 5652 1909 5727 dabant,
1936 5665 2081 5713 numera·
2152 5649 2153 5654 ’

1334 5755 1447 5808 rentur
1468 5761 1592 5825 quoque
1607 5745 1780 5824 presbyteri
1802 5745 1959 5821 regulares
1981 5741 2081 5806 Socie-

1036 5887 1332 5893 --..-‹.—....-.-.--—
1353 5887 1404 5892 ..-
1421 5886 1566 5893 ——--.-

570 5967 599 6023 tl)
615 5965 677 6010 vide
692 5965 760 6010 inira
775 5965 850 6010 Pium
866 5967 916 6008 vll.
932 5967 1085 6011 Sollicitudo
1100 5968 1223 6008 ostiarium
1238 5967 1417 6012 ecelesiarum,
1435 5965 1460 6008 et
1476 5965 1587 6008 Leonem
1601 5964 1667 6006 XIII.
1685 5965 1810 6006 Deiernue
1824 5963 1896 6004 {nter
1910 5963 1971 6006 atta.
