4740 6962
923 569 993 622 alos
1016 563 1064 621 ab.
1090 565 1132 620 vl.
1722 543 1781 620 227
1832 547 1885 614 An.
1899 557 1930 614 c.
1951 547 2020 615 1777

254 690 313 754 dita
333 689 504 768 observata,
527 691 637 757 inserti
657 693 760 757 icrent
781 692 897 757 eisdem
912 707 997 772 prae·
1052 693 1273 771 omnipotentis
1309 695 1362 758 Dei
1397 693 1529 774 gloriam
1564 703 1595 760 et
1625 695 1800 758 animarum

253 784 402 862 sentibus,
424 801 481 864 pro
501 787 593 866 plene
614 795 645 851 ot
664 789 855 852 sufficienter
875 802 998 865 expres·
1051 786 1183 850 salntem
1204 790 1417 865 cognoscimus
1439 790 1471 851 in
1495 790 1626 852 Domino
1640 787 1796 867 expedire.

252 879 291 942 sis
310 885 342 941 et
363 879 490 943 insertis
520 881 680 958 habentes,
712 882 773 944 illis
793 881 865 944 alias
887 881 920 942 in
941 897 998 943 sno
1053 879 1173 959 Exponi
1193 881 1346 960 siqnidem
1369 882 1456 945 nobis
1478 897 1578 960 nuper
1597 881 1739 945 iecerunt
1754 882 1798 943 di·

252 972 360 1034 robore
374 974 597 1051 permansuris,
613 973 759 1037 latissime
774 981 805 1036 et
819 973 997 1052 plenissime
1051 973 1122 1036 lecti
1143 973 1199 1036 lrlii
1228 975 1399 1054 presbyteri
1430 976 1603 1038 saeculares
1632 989 1801 1052 congrega-

251 1067 286 1130 ad
297 1065 537 1144 praemissorum
549 1067 774 1131 validissimum
785 1068 931 1130 ellectum
943 1067 998 1130 bac
1053 1067 1144 1130 tionis
1165 1068 1269 1132 Sancti
1291 1069 1423 1148 Philippi
1445 1068 1533 1132 Nerii
1547 1069 1649 1148 oppidi
1665 1068 1799 1130 civitatis

252 1159 316 1222 vice
336 1159 498 1224 dumtaxat
518 1161 692 1240 specialiter
713 1168 744 1223 et
765 1177 920 1241 expresse,
940 1177 998 1224 nec
1052 1167 1246 1240 nuncupatae
1256 1170 1380 1225 sanctae
1388 1163 1473 1226 licei
1486 1163 1518 1226 di
1532 1165 1724 1227 Goooosotc
1739 1161 1799 1224 lle·

252 1269 314 1318 non
334 1263 510 1335 opportune
531 1265 562 1318 et
581 1257 694 1334 valide,
710 1256 822 1318 irarum
837 1257 918 1318 serie
933 1269 997 1317 mo·
1051 1267 1198 1317 coacanae
1227 1254 1375 1318 dioecesis
1398 1257 1429 1318 in
1456 1256 1562 1332 indiis,
1585 1256 1667 1335 quod
1698 1271 1799 1335 nuper

169 1339 172 1346 ’
252 1357 296 1427 tu,
318 1349 446 1413 scientia
467 1359 498 1414 et
518 1353 675 1432 potestatis
701 1349 897 1430 plenitudine
919 1348 997 1430 pari·
1051 1348 1159 1410 eadem
1187 1349 1386 1426 congregatio
1407 1365 1423 1411 a
1445 1350 1533 1412 nobis
1559 1351 1740 1413 conllrmata
1768 1359 1800 1411 et

251 1447 306 1508 bus
325 1445 522 1523 derogamus,
544 1446 734 1524 caeterisque
753 1443 915 1507 contrariis
930 1443 997 1524 qui·
1050 1441 1211 1503 nonnullis
1233 1443 1341 1520 gratiis
1361 1449 1393 1505 et
1415 1441 1544 1506 indultis
1572 1461 1606 1508 ac
1628 1443 1799 1523 privilegiis

252 1537 455 1616 busoumque.
1051 1536 1190 1599 decorata
1204 1535 1274 1608 luit,
1293 1537 1449 1615 ipsiusque
1463 1537 1713 1616 congregationis
1728 1552 1798 1617 pre-

101 1635 233 1732 lesggiglv
289 1633 309 1708 ἓ
331 1629 378 1692 ta.
403 1629 556 1693 Volumus
576 1639 682 1694 autem
703 1633 785 1710 qnod
806 1630 931 1694 ecclesia
950 1645 996 1692 ca·
1050 1627 1165 1708 sbyieri
1186 1630 1245 1692 sub
1262 1631 1370 1692 eodem
1385 1631 1529 1694 instituto
1545 1631 1649 1695 Sancti
1664 1631 1797 1710 Philippi

75 1693 233 1804 Ῠιῗιῖῧὲἓιεῖιῗ
251 1725 395 1788 thedralis
416 1724 578 1788 Crisicnsis
599 1725 678 1788 ritus
700 1725 800 1801 graeci
815 1724 897 1787 uniti
911 1739 995 1801 prae·
1051 1719 1148 1797 Nonii,
1172 1724 1253 1802 qnod
1276 1721 1380 1787 dilecti
1402 1725 1517 1802 pariter
1540 1725 1594 1786 dlii
1623 1724 1796 1804 presbyteri

76 1793 234 1904 {22⁸2}ss
250 1819 321 1884 dicti
342 1835 398 1898 per
424 1835 491 1892 nos,
514 1825 549 1884 ιιι
574 1819 759 1900 praefertur,
788 1827 889 1883 erecta
909 1819 995 1882 iuxta
1050 1815 1221 1877 saeculares
1241 1818 1490 1894 congregationis
1511 1819 1636 1880 oratorii
1658 1817 1798 1880 eiusdem

79 1905 146 1950 ‘²1¹⁰‘
250 1914 316 1977 eius
336 1913 477 1976 redditus
492 1912 530 1975 de
544 1930 632 1977 moro
648 1914 755 1988 taxari,
772 1922 803 1976 et
816 1911 996 1976 huiusmodi
1051 1907 1155 1971 Sancti
1175 1908 1307 1990 Philippi
1323 1909 1409 1972 Nerii
1426 1912 1457 1972 in
1474 1911 1600 1974 ecclesia
1616 1910 1670 1975 SS.
1688 1910 1799 1972 llariae

252 2015 317 2070 taxa
339 2007 373 2070 in
394 2007 482 2069 libris
502 2023 641 2070 camerae
665 2005 845 2086 apostolicae
866 2005 996 2068 describi
1050 2009 1081 2064 et
1102 2003 1242 2080 Gregorii
1271 2005 1303 2066 in
1325 2003 1481 2067 vallicella
1503 2004 1541 2068 de
1573 2005 1650 2066 urbe
1678 2011 1799 2067 erectae

251 2103 376 2180 debcat3
399 2103 544 2182 quodque
560 2103 593 2164 in
611 2109 838 2180 exequutorem
853 2116 909 2179 pro
925 2115 995 2162 exe·
1049 2104 1187 2172 servant,
1220 2097 1327 2160 vivere
1358 2100 1539 2162 intendunt.
1571 2100 1650 2163 Cum
1678 2107 1795 2175 antem,

250 2197 402 2279 quntione
434 2205 538 2260 tamen
570 2197 752 2260 earumdem
784 2195 994 2276 praesentium
1049 2194 1128 2256 sicut
1148 2196 1255 2256 eadem
1269 2197 1420 2274 expositio
1434 2197 1654 2274 subiungebat,
1671 2193 1796 2272 regulae

251 2291 409 2354 dumtaxat
430 2291 577 2355 Nuncius
598 2291 786 2354 Viennensis
806 2307 879 2353 cum
901 2290 994 2353 iacal·
1050 2298 1081 2352 et
1102 2289 1244 2353 instituta
1267 2292 1365 2354 dictae
1380 2293 1630 2369 congregationis
1644 2292 1798 2355 Romanae

34 2427 36 2472 t
250 2393 311 2449 tate
332 2387 425 2448 etiam
447 2384 668 2463 subdelegandi
689 2387 867 2463 deputetur.
1050 2385 1182 2447 subinde
1203 2403 1219 2446 a
1240 2385 1425 2449 recolendae
1446 2387 1614 2448 memoriae
1636 2387 1729 2449 Paulo
1745 2385 1796 2448 Pa·

34 2495 36 2560 l
73 2483 234 2584 „ffiflmffi
288 2481 377 2558 5¹3·
396 2479 481 2544 Nulli
494 2495 568 2557 ergo
583 2480 889 2543 omninobominnm
904 2479 995 2541 liceat
1049 2493 1086 2557 pa
1108 2478 1159 2555 v,
1182 2478 1330 2556 Gregorio
1353 2478 1420 2543 llll.
1444 2487 1475 2542 et
1497 2479 1620 2542 Urbano
1642 2477 1719 2542 lllll.
1746 2497 1796 2542 ro·

34 2577 36 2596 ’
250 2575 326 2637 banc
350 2575 492 2652 paginam
513 2583 636 2636 nostrae
653 2575 874 2652 suspensionis,
891 2575 995 2636 extin·
1050 2573 1149 2634 manis
1171 2570 1371 2635 Pontificibus
1387 2574 1668 2652 praedecessoribus
1683 2573 1798 2636 nostris

248 2668 369 2745 ctionis,
391 2667 608 2744 decorationiS,
631 2667 806 2743 erectionis,
823 2668 994 2730 institutio-
1048 2665 1220 2744 specialiter
1235 2666 1411 2744 approbata,
1424 2666 1480 2745 ipsi
1492 2667 1726 2744 congregationi
1739 2666 1797 2728 llo-

250 2763 306 2837 nis,
322 2761 551 2839 assignationis,
569 2759 695 2836 decreti,
712 2761 930 2836 concessionis,
947 2775 996 2822 rc·
1050 2774 1171 2835 manae,
1193 2776 1226 2822 ac
1253 2759 1336 2822 illius
1367 2760 1511 2823 ecclesiae
1541 2760 1741 2840 presbyteris,
1763 2777 1797 2824 ac

249 2855 443 2931 servationis,
466 2853 613 2930 mandati,
629 2852 795 2928 facultatis,
811 2852 994 2932 impartitio·
1049 2854 1190 2933 personis
1211 2854 1248 2915 ab
1270 2853 1378 2917 iisdem
1399 2862 1430 2916 et
1451 2855 1555 2918 iorsan
1570 2854 1637 2917 aliis
1651 2855 1797 2917 Romanis

249 2949 306 3026 nis,
329 2948 537 3026 derogationis
557 2954 588 3010 et
610 2947 779 3010 voluntatis
807 2947 991 3025 intringere,
1050 2949 1249 3012 Pontificibus
1279 2965 1404 3029 quoqne
1434 2951 1720 3030 praedecessoribus
1742 2967 1796 3013 nc-

248 3042 298 3106 vel
319 3042 351 3104 ei
374 3058 452 3105 ausu
482 3041 646 3104 temerario
677 3041 852 3119 contraire,
876 3040 994 3119 siquis
1048 3047 1120 3109 stris
1141 3047 1240 3109 multa
1261 3044 1434 3125 privilegia,
1457 3047 1587 3123 iavores,
1605 3049 1731 3126 gratiae,
1749 3050 1795 3112 in·

249 3143 351 3198 autem
372 3139 431 3198 noc
451 3141 603 3198 attentare
631 3135 888 3214 praesumpserit,
915 3133 993 3196 indi·
1049 3141 1237 3218 dulgentiae,
1250 3142 1472 3219 exemptiones,
1490 3143 1616 3219 regulae
1629 3151 1660 3205 et
1675 3143 1796 3208 indulta

249 3231 431 3308 gnationem
451 3229 675 3308 omnipotentis
703 3227 755 3291 Dei
776 3243 810 3292 ac
831 3227 994 3291 beatorum
1049 3249 1188 3296 concessa
1208 3232 1338 3309 tuerint,
1360 3243 1454 3313 prout
1468 3235 1502 3296 in
1517 3236 1655 3314 ipsorum
1670 3237 1795 3316 praede-

247 3324 329 3386 Petri
351 3331 381 3386 et
403 3324 489 3386 Pauli
506 3323 727 3402 Apostolorum
741 3322 808 3385 eius
823 3337 856 3384 se
870 3319 994 3383 noverit
1048 3342 1205 3389 cessorum
1227 3326 1326 3389 literis
1346 3328 1519 3406 apostolicis
1540 3330 1673 3408 desuper
1693 3347 1796 3410 respe-

248 3419 459 3480 incursurum.
1047 3421 1129 3484 ctive
1150 3420 1300 3500 expeditis
1330 3422 1457 3484 uberius
1485 3421 1599 3486 dicitur
1621 3423 1793 3487 contineri:

285 3511 396 3572 ilatum
412 3510 538 3585 llomae,
554 3509 634 3588 apud
649 3507 681 3572 S.
699 3509 827 3571 Petrum
847 3523 931 3570 anno
946 3509 993 3568 in·
1046 3513 1103 3591 ipsi
1126 3529 1201 3576 vero
1233 3521 1425 3591 exponentes
1456 3515 1579 3592 regulas
1600 3523 1631 3578 et
1654 3517 1795 3581 instituta

247 3603 432 3666 carnationis
445 3603 618 3668 dominicae
632 3602 993 3680 millesimoseptingen·
1047 3607 1226 3669 huiusmodi
1248 3607 1424 3686 receperint
1444 3624 1499 3670 seu
1521 3610 1670 3687 recipere,
1689 3618 1722 3674 et
1743 3611 1795 3673 illa

248 3695 357 3757 tesimo
376 3695 605 3772 septuagesimo
626 3694 772 3771 septimo,
788 3695 899 3770 quinto
913 3692 992 3755 deci·
1047 3715 1103 3778 pro
1124 3699 1243 3762 viribus
1264 3700 1430 3763 observare
1456 3702 1553 3778 parati
1573 3703 1648 3779 sint,
1671 3719 1704 3766 ac
1725 3721 1793 3784 pro·

247 3803 297 3848 mo
315 3787 464 3850 kalendas
484 3787 564 3862 iulii,
581 3787 779 3866 pontificatus
795 3786 894 3848 nostri
909 3800 991 3848 anno
1048 3793 1120 3856 inde
1142 3793 1256 3857 eisdem
1288 3810 1413 3874 quoque
1442 3795 1613 3874 privilegiis
1634 3805 1666 3859 et
1687 3800 1794 3876 gratiis

247 3882 352 3942 tertio.
501 3931 504 3938 ,
1048 3886 1110 3950 irui
1138 3895 1169 3950 et
1199 3889 1333 3964 gaudere
1362 3903 1450 3965 posse
1477 3889 1650 3966 plurimum
1679 3891 1796 3954 deside-

1049 3987 1137 4058 rent3
1160 3981 1249 4044 nobis
1270 3989 1433 4061 propterea
1451 3983 1614 4046 humiliter
1628 3985 1794 4064 supplicari

1048 4073 1201 4150 lecerunt,
1231 4082 1265 4137 ut
1285 4076 1343 4137 sibi
1365 4076 1397 4137 in
1418 4077 1592 4155 praemissis
1617 4087 1794 4158 opportune

578 4167 659 4232 llll.
1048 4169 1222 4245 providere,
1238 4177 1279 4245 et,
1299 4175 1334 4231 ut
1355 4169 1454 4245 inira,¹
1464 4170 1628 4248 indulgere
1648 4173 1686 4234 de
1707 4172 1795 4235 beni-

1047 4263 1164 4340 gnitate
1185 4262 1348 4340 apostolica
1370 4263 1582 4340 dignaremur.

247 4355 494 4438 Conpregota'ortr'
517 4356 656 4419 oratorii
678 4356 710 4419 S.
735 4355 877 4434 Philippi
898 4355 990 4419 Neria'
1087 4357 1155 4434 52.
1174 4355 1235 4419 Nos
1257 4357 1354 4434 igitur
1367 4357 1530 4435 specialem
1546 4359 1617 4438 ipsis
1633 4377 1792 4440 exponen·
1828 4365 2024 4430 procrastines,

284 4451 391 4532 oppidi
413 4450 560 4513 civitatis
577 4455 786 4527 ortucupctce
801 4450 832 4512 S.
852 4449 942 4511 Fidei
960 4451 991 4513 di
1049 4450 1128 4513 tibus
1159 4452 1290 4528 gratiam
1321 4450 1420 4513 lacere
1448 4450 1601 4530 volentes,
1631 4462 1661 4517 et
1683 4471 1792 4519 eornm
1811 4421 2025 4522 {haimim

282 4544 452 4607 Gnanasato
483 4544 519 4606 irc
548 4543 650 4605 lodiis
678 4543 885 4608 Mecooccooe
909 4545 991 4608 dioc·
1045 4547 1219 4623 singulares
1233 4561 1379 4624 personas
1400 4561 1415 4606 a
1437 4546 1595 4625 quibusvis
1614 4565 1792 4614 excommn-
1905 4543 1910 4558 '

283 4639 371 4712 cesis,
398 4639 613 4700 cornmcoicot
632 4637 805 4718 privilegio
821 4653 990 4719 congrego·
1046 4641 1209 4703 nicationis
1229 4647 1260 4702 et
1281 4638 1451 4715 interdicti,
1467 4639 1595 4720 aliisque
1610 4643 1792 4706 ecclesiasti·

284 4734 383 4796 tionis
398 4731 559 4795 Romanoa
572 4731 713 4793 ciusdem
730 4731 760 4794 S.
775 4731 921 4811 Philippi
932 4735 990 4800 Ne·
1046 4737 1088 4798 cis
1115 4735 1266 4810 censuris,
1296 4733 1460 4798 sententiis
1487 4745 1517 4799 et
1545 4737 1653 4814 poenis
1683 4741 1792 4818 quovis

284 4827 329 4889 rii
349 4833 408 4889 etc.
1047 4832 1137 4892 modo
1158 4836 1188 4890 et
1207 4843 1404 4908 quacumque
1426 4831 1463 4892 de
1477 4847 1564 4893 cansa
1580 4831 1661 4910 latis,
1676 4836 1702 4896 si
1717 4851 1792 4913 qnas

1045 4924 1125 4987 iorte
1145 4923 1361 4999 incurrerunt,
1383 4923 1476 4985 huius
1499 4930 1621 4987 tantum
1636 4927 1681 4988 rei
1696 4929 1792 5004 gratia

498 4997 586 5067 9¹⁰⁸
609 4999 668 5070 ΡΡ·
690 4999 734 5068 Ἦ·
1044 5018 1237 5080 absolventes
1258 5023 1289 5079 et
1309 5017 1463 5079 absolutos
1485 5016 1549 5079 iore
1570 5028 1743 5098 censentes,
1759 5037 1792 5084 ac

362 5121 399 5189 ad
421 5128 594 5206 perpetuam
616 5123 660 5190 pei
688 5125 868 5192 memoriam,
1045 5113 1271 5191 praedictarum
1304 5111 1464 5173 literarum
1486 5113 1725 5189 deSlOIlcdl'llm
1748 5122 1792 5178 ῑθ·

1045 5221 1136 5267 nores
1157 5204 1371 5284 praesentibus
1395 5221 1449 5284 pro
1471 5205 1564 5284 plene
1585 5213 1616 5268 et
1636 5207 1791 5271 sufficien-

73 5297 228 5402 ssssfflffifflfg
282 5299 351 5373 §b
377 5299 537 5362 ldilitantis
568 5301 720 5363 Ecclesiae
749 5303 895 5379 regimini
918 5301 988 5364 licet
1045 5308 1092 5362 ter
1113 5297 1267 5376 expressis
1295 5305 1327 5360 et
1349 5298 1472 5360 insertis
1501 5299 1659 5378 babentes,
1682 5301 1791 5364 buius-

73 5365 145 5452 ΜΨ
187 5387 189 5390 ’
245 5393 412 5473 imparibus
434 5411 488 5473 per
510 5395 697 5459 incllabilem
725 5395 849 5459 divinae
869 5398 988 5474 sapien·
1046 5394 1127 5454 modi
1149 5390 1419 5469 supplicationibus
1441 5392 1592 5469 inclinati,
1620 5395 1791 5474 praedictae

246 5487 304 5550 tiae
333 5495 427 5566 atque
457 5489 601 5550 bonitatis
632 5487 854 5551 abundantiam
876 5491 988 5569 praesi·
1043 5486 1279 5563 congregationi
1301 5486 1429 5547 oratorii
1451 5485 1556 5550 Sancti
1579 5489 1709 5566 Pbilippi
1731 5489 1792 5553 Ne·

246 5581 364 5656 dentes,
376 5581 629 5661 presbyterorum
644 5582 848 5644 saecularium
859 5599 989 5662 congre-
1043 5579 1083 5641 rii
1104 5580 1205 5658 oppidi
1228 5579 1361 5642 civitatis
1382 5589 1576 5658 nuncupatae
1597 5591 1720 5645 sanctae
1742 5583 1790 5646 Fi·

245 5675 374 5750 gationis
394 5676 426 5738 in
449 5675 583 5738 Ecclesia
605 5675 659 5737 llci
682 5675 731 5754 pie
752 5684 919 5756 sancteque
941 5679 988 5740 in·
1044 5671 1092 5734 dei
1109 5672 1143 5734 di
1157 5673 1347 5736 Gnaeoscto
1359 5673 1518 5751 praedicti,
1534 5675 1680 5758 illiusque
1695 5679 1790 5740 eccle·

244 5767 376 5845 stitutas,
401 5767 572 5848 uberesque
595 5771 747 5832 bonorum
771 5787 902 5850 operum
921 5773 986 5834 iru-
1043 5767 1105 5829 siae
1126 5783 1159 5829 ao
1186 5767 1374 5846 presbyteris
1399 5769 1606 5832 saecularibus
1634 5780 1666 5834 et
1687 5787 1790 5850 perso·

245 5869 310 5923 ctns
327 5863 447 5926 assidue
462 5861 603 5941 prolerre
616 5870 799 5940 satagentes,
815 5865 986 5943 privilegiis
1044 5862 1093 5922 nis
1114 5879 1199 5924 nunc
1219 5870 1250 5925 et
1272 5878 1328 5942 pro
1349 5871 1489 5941 tempore
1517 5864 1733 5942 existentibus,
1755 5875 1790 5929 nt

246 5959 276 6016 et
306 5955 412 6032 gratiis
442 5955 577 6018 libenter
609 5958 806 6033 decoramus,
839 5959 918 6020 sicut
949 5961 986 6022 ad
1043 5956 1189 6018 omnibns
1211 5963 1242 6018 et
1262 5956 1394 6032 singulis
1415 5957 1597 6035 privilegiis,
1620 5959 1787 6045 favoribus,
