4808 6988
965 566 1022 614 tuo
1043 566 1094 612 1³1³.
1118 567 1175 614 xil.

296 689 438 770 patriam.
461 691 531 754 Post
551 691 625 754 haec
646 689 767 754 iuvenis
788 689 969 752 humanitus
987 685 1042 752 'ex-

296 783 438 862 cipietur,
454 784 582 864 eiusque
596 784 661 847 dies
682 784 840 860 ingressus
860 781 960 861 aliqua
982 782 1041 845 lae·

296 877 381 941 tiliae
401 877 627 954 signiucationa
647 877 880 953 honestabitur3
902 874 976 938 hinc
997 875 1042 937 illi

296 970 354 1049 piis
373 985 429 1049 per
448 969 565 1050 aliquot
586 970 649 1032 dies
671 967 984 1032 commentationibus
1010 974 1042 1029 ct

296 1062 451 1128 exercitiis
470 1062 503 1125 in
525 1079 646 1126 recessu
672 1061 802 1140 peractis
824 1061 907 1124 inter
928 1059 1042 1138 praeci-

296 1171 373 1235 puos
401 1156 523 1234 collegii
548 1157 691 1220 alumnos
716 1155 913 1235 suscipietur,
936 1163 967 1215 et
988 1169 1042 1231 per

296 1251 485 1326 triennium,
505 1257 539 1312 ut
559 1248 676 1312 dictum
690 1248 832 1326 superius
846 1255 903 1323 est,
920 1245 1041 1324 collegii

296 1353 424 1424 sumptu
444 1343 536 1423 plane
556 1341 656 1421 deget.

336 1439 370 1504 Si
389 1453 464 1500 vero
486 1437 619 1512 iuvenis,
641 1435 694 1515 qui
717 1435 873 1511 adveniet,
895 1433 1042 1497 constitu·

296 1542 345 1597 tus
367 1533 476 1611 utique
503 1531 543 1594 sit
565 1531 598 1592 in
612 1530 704 1592 sacris
728 1528 900 1603 ordinibus,
926 1534 957 1588 et
977 1533 1041 1588 stu-

295 1625 419 1690 diorum
433 1639 555 1705 quoque
568 1638 695 1687 cursum
709 1621 895 1702 expleverit,
908 1621 961 1683 sed
977 1635 1040 1682 non

294 1721 335 1784 sit
357 1733 527 1782 excomm
557 1717 662 1792 classe,
684 1715 736 1796 qui
758 1732 796 1778 ex
819 1715 931 1777 merito
961 1711 1041 1775 exci-

296 1812 411 1892 piendi,
427 1811 476 1874 bic
489 1812 582 1873 etiam
603 1808 738 1892 (quoties
759 1808 797 1872 de
818 1808 901 1870 iliius
915 1806 1039 1886 pietate,

295 1906 425 1986 ingenio
452 1909 482 1968 et
509 1901 674 1966 sufficienti
701 1901 827 1964 scientia
854 1897 1041 1978 constiterit)

296 2003 329 2064 in
349 1998 517 2076 collegium
537 1997 653 2076 poterit
673 1994 857 2058 convicieris
880 1993 971 2057 titulo
992 1992 1040 2054 ad-

296 2094 391 2158 mitti.
406 2093 474 2171 lpse
496 2099 599 2152 tamen
615 2089 699 2166 prius
713 2086 978 2152 commendatitias
992 2085 1041 2149 sui

296 2184 435 2267 Episcopi
456 2185 560 2247 literas
579 2183 681 2246 eidem
703 2181 813 2244 rectori
829 2179 976 2244 exhibere
990 2181 1041 2242 de-

295 2281 583 2357 habiturumque
608 2274 843 2337 authenticitate
869 2282 1039 2353 perspecta,

294 2383 459 2454 antequam
480 2371 546 2450 ipse
566 2370 650 2432 inter
674 2368 867 2430 convictores
893 2365 1040 2428 adnume-

294 2477 393 2545 retur,
411 2466 530 2529 tradere
550 2463 650 2525 eidem
673 2462 784 2524 rectori
804 2459 961 2523 tenebitur
976 2473 1039 2519 non

294 2564 385 2626 modo
401 2567 516 2624 tantam
532 2556 678 2636 pecuniae
693 2555 758 2616 vim
774 2561 889 2633 quanta
903 2567 979 2630 opus
994 2557 1040 2612 est

292 2655 329 2720 ad
351 2653 468 2717 reditus
488 2651 655 2728 impensas,
677 2662 790 2709 verum
805 2647 898 2708 etiam
913 2659 991 2724 quae
1004 2642 1039 2704 ad

292 2765 348 2812 sex
369 2745 527 2811 mensium
547 2741 708 2807 convictus
735 2742 917 2820 pensionem
939 2739 1040 2819 requi-

294 2843 387 2918 ritur,
409 2855 551 2919 quaeque
570 2852 694 2915 semper
713 2838 746 2897 in
767 2844 965 2898 antecessum
981 2832 1040 2895 scl-

294 2943 396 2999 vetur.
408 2934 491 3011 Quae
505 2931 610 2995 omnia
623 2945 695 2992 cum
709 2928 775 3006 ipse
789 2928 956 3007 peregerit,
969 2942 1040 2990 con-

294 3030 394 3093 victus
416 3027 544 3090 initium
568 3024 666 3103 capiet
686 3039 702 3082 a
722 3020 932 3101 spiritualibus
954 3035 1040 3082 exer-

293 3123 373 3187 citiis
392 3122 502 3184 eodem
523 3118 614 3198 plane
636 3117 738 3192 modo,
754 3132 814 3196 quo
837 3116 954 3196 primae
967 3112 1042 3176 clas·

292 3219 333 3282 sis
353 3215 484 3279 alumni.

333 3308 419 3388 Quod
439 3308 463 3370 si
486 3304 619 3381 iuvenis,
643 3304 697 3385 qui
717 3319 783 3366 seso
799 3305 881 3382 inter
897 3303 1040 3366 alumnos

293 3402 429 3484 cooptari
459 3399 606 3479 deposcit,
631 3414 732 3476 neque
762 3396 829 3459 eius
859 3397 899 3460 sit
920 3396 1039 3472 aetatis,

293 3513 372 3579 quae
392 3498 428 3559 ad
449 3508 550 3556 sacros
571 3492 696 3554 ordines
716 3489 922 3569 suscipiendos
937 3489 1039 3567 requi-

293 3594 386 3668 ritur,
409 3603 513 3668 neque
531 3586 706 3649 studiorum
722 3600 847 3647 cursum
863 3582 1039 3663 perfecerit,

293 3689 344 3752 sed
367 3690 400 3748 in
422 3681 552 3758 collegio
574 3679 678 3752 locum
698 3678 810 3741 babere
825 3677 920 3757 possit
935 3691 972 3741 ex
987 3677 1041 3739 ali-

293 3797 353 3862 qua
372 3775 542 3854 cuiuspiam
566 3772 740 3848 voluntate,
757 3771 810 3850 qui
826 3786 967 3850 expresse
983 3787 1039 3850 pro

293 3874 348 3936 hac
361 3867 603 3936 adolescentium
618 3865 712 3928 classe
729 3865 806 3928 bona
824 3880 1041 3945 congruosque

293 3966 431 4030 redditus
460 3960 592 4038 collegio
623 3958 790 4036 legaverit3
819 3965 886 4020 tum
915 3959 1038 4022 iuvenis

294 4061 350 4122 iste
370 4056 483 4120 rectori
503 4052 649 4133 praebere
670 4050 792 4114 debebit
818 4051 1039 4114 testimoniales

291 4153 340 4215 sui
362 4148 503 4230 Episcopi
529 4146 632 4210 literas
653 4163 686 4208 ac
707 4147 903 4221 documenta,
926 4146 1039 4225 quibus

291 4252 412 4309 constet
432 4243 535 4322 ipsum
556 4239 696 4316 legitime
710 4244 819 4301 natum
833 4239 865 4300 in
881 4238 1038 4314 Hibernia,

292 4339 343 4402 vel
363 4337 472 4400 saltem
493 4350 531 4395 ex
554 4342 640 4412 patre
669 4332 818 4408 ilibernc,
846 4348 968 4396 sacrum
989 4332 1038 4395 ba-

291 4432 397 4511 ptismi
427 4430 583 4493 lavacrum
611 4434 642 4488 et
669 4425 911 4488 confirmationis
939 4443 1038 4489 sacra-

291 4534 435 4590 mentum
457 4521 637 4600 suscepisse,
653 4518 833 4582 catholicam
850 4521 988 4600 profiteri
1003 4521 1037 4582 d-

291 4621 373 4692 dcm,
395 4633 460 4681 non
491 4615 645 4677 minorem
674 4613 792 4675 decimo
822 4615 945 4693 quinto,
980 4631 1037 4680 nec

290 4713 440 4776 maiorem
455 4709 605 4786 vigesimo
620 4723 703 4770 anno
719 4723 797 4782 esse,
813 4707 1035 4772 humaniorum

289 4806 398 4870 saltem
419 4804 581 4866 literarum
599 4801 737 4864 studium
752 4800 935 4881 explevisse,
951 4819 1037 4881 prae-

289 4900 398 4964 stantis
419 4913 485 4961 esse
505 4895 625 4972 ingenii
646 4903 677 4959 et
700 4897 806 4958 firmae
836 4896 1033 4976 valetudinis,

289 4995 327 5057 ab
347 5010 383 5056 eo
403 4991 496 5056 inisse
518 4989 647 5052 missum
661 4998 692 5052 et
704 4990 969 5067 commendatum,
985 4993 1035 5054 eui

289 5085 470 5152 nominandi
491 5086 539 5148 ius
560 5091 617 5160 est,
639 5083 774 5163 deniqne
792 5085 916 5162 pietate,
932 5085 1035 5148 docili-

290 5188 367 5256 tate,
398 5179 570 5257 diligentia,
601 5178 758 5257 studiique
787 5178 961 5242 assiduitate
994 5182 1034 5243 ita

288 5274 552 5348 commendatum,
568 5278 602 5334 ut
623 5287 747 5350 sperare
763 5271 831 5334 iure
845 5272 934 5335 liceat
950 5291 1034 5354 prae·

288 5363 406 5432 clarum
422 5365 574 5428 Ecclesiae
588 5363 769 5427 ministrum
783 5365 816 5426 in
833 5373 973 5444 tempore
989 5368 1034 5430 lu-

289 5469 405 5525 turum.
430 5459 517 5523 Hisce
548 5457 693 5520 omnibus
724 5460 901 5539 perspectis,
933 5471 1034 5526 rector

288 5557 372 5620 hunc
398 5557 547 5643 iuvenem
567 5569 659 5615 curae
686 5568 720 5615 ac
744 5553 918 5631 probationi
939 5556 1035 5619 subii-

287 5651 348 5714 ciet
369 5649 500 5713 alicuius
520 5664 559 5711 ex
580 5647 617 5710 iis
637 5648 756 5725 primae
770 5649 871 5712 classis
886 5651 1032 5730 alumnis,

286 5745 340 5825 qui
362 5741 523 5824 prudentia
551 5749 645 5822 atque
672 5743 799 5805 consilio
823 5746 920 5824 magis
949 5762 1034 5824 prae·

286 5845 368 5900 stare
382 5837 534 5913 videatur,
546 5838 663 5917 quique
677 5851 792 5899 munus
805 5839 951 5916 suscipiet
963 5857 1031 5902 eru·

287 5930 391 5995 diendi
412 5931 560 5993 iuvenem
582 5947 636 6012 per
651 5938 784 6010 quatuor
800 5947 922 5995 menses
937 5934 968 5996 in
986 5951 1031 5997 re·

1098 697 1144 752 cta
1166 690 1289 770 collegii
1318 692 1424 770 logum
1453 691 1658 771 intelligentia
1679 697 1772 772 atque
1793 689 1846 753 ob·

1098 785 1264 862 servantia,
1281 794 1312 850 et
1326 785 1420 849 simul
1443 785 1567 866 pietate,
1583 788 1713 863 virtute,
1728 803 1762 848 ac
1776 785 1845 848 lite-

1099 893 1204 940 rarum
1231 878 1343 940 studio.
1366 880 1451 956 Quod
1473 881 1499 942 si
1520 888 1712 959 compertum
1735 877 1842 954 luerit,

1098 968 1186 1032 illum
1208 970 1409 1035 ecelesiastica
1431 972 1557 1052 quidem
1580 974 1738 1036 vocatione
1759 988 1845 1051 prae-

1098 1062 1209 1139 ditum,
1233 1064 1407 1144 utilemque
1436 1066 1613 1144 operarium
1643 1081 1709 1128 esse
1739 1081 1846 1128 evasu-

1097 1169 1181 1230 rum,
1207 1165 1283 1219 tune
1310 1158 1500 1234 adolescens,
1533 1157 1717 1236 praehabitis
1741 1158 1845 1221 triduo

1096 1248 1306 1325 spiritualibus
1321 1251 1489 1328 exercitiis,
1505 1252 1605 1316 locum
1621 1251 1748 1329 accipiet
1762 1251 1846 1314 inter

1096 1340 1237 1406 alumnos
1260 1346 1369 1408 tertiae
1390 1345 1504 1421 classis,
1527 1345 1581 1425 qui
1610 1344 1751 1408 nondum
1771 1352 1846 1408 sunt

1096 1437 1133 1499 ad
1153 1453 1254 1500 sacros
1275 1437 1400 1501 ordines
1422 1439 1532 1502 evecti.

1136 1530 1218 1593 Fieri
1240 1531 1366 1595 demum
1387 1539 1499 1612 potest,
1523 1539 1558 1598 ut
1578 1530 1690 1612 aliquis
1715 1547 1846 1610 magnae

1096 1625 1318 1702 expectationis
1345 1626 1520 1688 adolescens
1542 1625 1593 1687 vel
1621 1641 1673 1687 sua
1703 1624 1752 1686 vel
1775 1625 1844 1705 Epi-

1096 1717 1177 1796 scopi
1207 1719 1368 1782 voluntate
1395 1719 1499 1797 cupiat
1520 1719 1551 1781 in
1574 1718 1655 1781 idem
1677 1718 1843 1796 collegium

1096 1811 1254 1874 convictor
1281 1811 1404 1876 adscisci
1432 1829 1536 1874 annua
1559 1811 1660 1874 soluta
1681 1811 1841 1891 pensione.

1097 1904 1158 1967 lloc
1180 1905 1213 1966 in
1235 1921 1343 1968 rerum
1364 1914 1446 1969 statu
1467 1911 1513 1968 sat
1534 1905 1607 1982 erit,
1627 1912 1662 1967 ut
1682 1905 1747 1983 ipse
1762 1921 1844 1968 com-

1098 1998 1291 2060 mendatitias
1312 1999 1360 2061 sui
1383 1999 1530 2079 praesulis
1546 1999 1649 2062 literas
1663 1999 1775 2063 rectori
1791 2017 1844 2062 ex·

1096 2091 1209 2167 hibeat,
1232 2109 1310 2172 quae
1331 2097 1485 2156 testentur
1506 2095 1544 2156 de
1570 2093 1694 2157 dotibus
1715 2094 1844 2174 aliisque

1095 2200 1172 2264 quae
1189 2187 1360 2248 necessario
1374 2188 1593 2266 requiruntur,
1603 2195 1777 2266 et‚praetor
1791 2203 1844 2267 pe·

1095 2279 1204 2341 cuniae
1218 2277 1283 2340 vim
1297 2279 1334 2342 ad
1350 2281 1466 2342 reditus
1483 2281 1645 2360 impensas,
1659 2281 1843 2362 pensionem

1096 2387 1150 2450 pro
1171 2387 1225 2434 sex
1247 2373 1402 2434 mensium
1418 2374 1576 2437 convictui
1596 2375 1629 2438 in
1649 2382 1843 2439 antecessum

1096 2464 1261 2545 persolvat,
1275 2466 1383 2528 idonea
1395 2467 1540 2544 praestita
1555 2468 1586 2529 iu
1599 2476 1759 2546 posterum
1773 2486 1843 2531 cau·

1097 2557 1193 2622 tione.
1226 2550 1391 2622 Caeterum
1422 2559 1460 2622 de
1490 2560 1538 2622 his
1568 2563 1674 2624 eadem
1703 2562 1780 2624 ratio
1811 2579 1844 2625 ac

1095 2668 1204 2715 norma
1218 2653 1395 2738 servabitur
1409 2671 1488 2733 quae
1502 2654 1540 2717 de
1554 2655 1783 2719 convictoribus
1797 2673 1843 2718 se·

1094 2749 1213 2810 eundae
1234 2746 1337 2812 classis
1357 2749 1500 2826 superius
1517 2755 1643 2825 statuta,
1658 2759 1689 2811 et
1706 2749 1736 2811 hi
1751 2765 1844 2830 quar·

1098 2847 1159 2901 tam
1180 2838 1309 2902 classem
1329 2840 1530 2904 constituent.

1137 2932 1270 3009 Quilibet
1298 2942 1403 2996 autem
1432 2934 1607 2997 adolescens
1633 2935 1755 3014 collegii
1779 2935 1842 2998 alu-

1097 3041 1201 3103 mnus,
1214 3027 1315 3104 elapso
1326 3026 1453 3089 biennio
1466 3025 1506 3110 (si
1520 3027 1549 3088 id
1562 3045 1577 3089 a
1589 3028 1777 3107 praesidibus
1793 3047 1844 3091 ex·

1096 3117 1263 3200 quiratur),
1286 3120 1393 3197 legum
1413 3129 1445 3183 et
1466 3119 1646 3199 regularum
1667 3121 1762 3201 ipsius
1782 3123 1844 3186 col-

1097 3214 1169 3292 legii
1191 3215 1417 3277 observantiam
1439 3217 1590 3295 spondere
1617 3216 1787 3294 tenebitur,
1809 3234 1843 3281 ac

1096 3307 1310 3371 iuramentum
1321 3314 1476 3388 praestare
1490 3325 1528 3371 ex
1540 3308 1672 3370 lormula
1689 3311 1797 3373 tradita
1808 3309 1843 3373 in

1097 3401 1194 3464 linem
1215 3401 1474 3464 constitutionum
1495 3401 1610 3464 veteris
1632 3401 1844 3466 Hibernorum

1096 3494 1229 3572 collegii,
1250 3510 1329 3574 quae
1350 3494 1479 3559 totidem
1500 3495 1601 3557 verbis
1623 3495 1673 3558 hic
1694 3496 1840 3560 relertur.

1190 3681 1343 3746 Formoln
1365 3681 1545 3745 iuramenti
1564 3685 1753 3761 praestandi

1116 3795 1136 3841 c
1157 3775 1296 3857 quolibet
1317 3777 1448 3840 olomeo
1464 3774 1587 3858 collegii
1602 3776 1819 3842 Hiberncnsis.

1136 3965 1200 4043 Ego
1223 3963 1261 4026 N.
1286 3962 1369 4026 iilius
1383 3963 1421 4027 N.
1437 3963 1583 4028 dioecesis
1598 3963 1635 4027 N.
1654 3965 1777 4044 plenam
1791 3967 1843 4030 ha-

1096 4060 1171 4123 bens
1193 4058 1327 4121 instituti
1349 4057 1443 4120 huius
1457 4056 1578 4134 collegii
1594 4059 1750 4135 notitiam,
1767 4060 1842 4138 legi·

1096 4153 1152 4216 bus
1177 4159 1208 4214 et
1229 4149 1501 4214 constitutionibus
1531 4149 1637 4229 ipsius,
1660 4168 1735 4230 quas
1757 4153 1841 4216 iuxta

1095 4245 1293 4323 superiorum
1321 4242 1557 4320 explicationem
1586 4242 1767 4322 amplector,
1791 4260 1842 4308 me

1093 4343 1202 4419 sponte
1222 4335 1362 4412 sublicio,
1379 4352 1492 4415 easque
1506 4352 1561 4415 pro
1575 4351 1662 4414 posse
1677 4337 1843 4402 observare

1093 4432 1252 4512 promitto.

1134 4526 1262 4604 insuper
1282 4522 1418 4602 spondeo
1439 4531 1470 4586 et
1492 4523 1572 4601 iuro,
1595 4526 1688 4604 quod,
1710 4525 1785 4588 dum
1809 4525 1840 4588 in

1092 4620 1151 4682 hoc
1170 4618 1301 4696 collegio
1315 4616 1515 4696 permanebo,
1532 4626 1563 4680 et
1577 4627 1739 4697 postquam
1754 4618 1791 4680 ab
1804 4635 1842 4705 eo

1092 4728 1291 4794 quocumque
1306 4712 1407 4786 modo,
1422 4711 1490 4774 sive
1507 4711 1679 4790 completis,
1695 4713 1762 4774 sive
1777 4728 1840 4775 non

1092 4806 1252 4884 completis
1274 4804 1394 4881 studiis,
1420 4805 1536 4881 exiero,
1565 4805 1686 4868 nullam
1716 4806 1841 4884 religio·

1093 4916 1178 4976 nem,
1193 4899 1369 4962 societatem
1383 4907 1439 4961 aut
1454 4899 1728 4976 congregationem
1750 4915 1840 4976 regu·

1092 4994 1187 5058 larem
1208 4995 1275 5055 sine
1295 4992 1418 5072 speciali
1439 4991 1525 5056 Sedis
1541 4993 1731 5071 Apostolicae
1746 4992 1840 5056 licen·

1092 5089 1132 5150 tia
1145 5088 1194 5150 vel
1205 5102 1307 5150 sacrae
1323 5085 1577 5162 congregationis
1592 5087 1629 5148 de
1644 5087 1839 5166 Propaganda

1091 5181 1165 5246 Fide
1181 5181 1349 5258 ingrediar,
1366 5196 1469 5259 neque
1483 5180 1515 5241 iu
1531 5196 1639 5243 aarum
1653 5181 1755 5260 aliqua
1771 5198 1838 5262 pro-

1091 5273 1256 5336 fessionem
1277 5273 1428 5335 emittam.

1131 5368 1274 5444 Spondeo
1304 5366 1418 5444 pariter
1439 5375 1469 5430 et
1492 5367 1559 5429 iuro
1589 5367 1683 5446 quod,
1713 5369 1839 5433 volente

1090 5461 1180 5526 Sacra
1202 5461 1452 5538 congregatione
1475 5461 1514 5524 de
1536 5461 1731 5540 Propaganda
1752 5463 1837 5538 Fide,

1091 5559 1140 5622 vel
1162 5555 1411 5620 eminentissimo
1432 5569 1488 5631 pro
1509 5561 1649 5634 tempore
1670 5555 1763 5618 huius
1779 5556 1841 5620 col·

1091 5652 1162 5730 legii
1178 5650 1330 5728 regnique
1345 5646 1509 5710 Hiberniae
1524 5657 1709 5725 protectore,
1723 5657 1839 5713 statum

1090 5745 1329 5810 ecclesiasticum
1355 5740 1532 5820 amplectar,
1555 5749 1585 5804 et
1605 5743 1641 5804 ad
1663 5758 1774 5805 omnes
1793 5761 1840 5806 sa-

1089 5857 1156 5903 eros
1177 5840 1270 5900 etiam
1291 5835 1522 5914 presbyteratus
1542 5836 1677 5913 ordines,
1700 5851 1772 5898 cum
1786 5853 1839 5898 su·

1089 5932 1262 6014 perioribus
1284 5931 1387 5992 visum
1409 5925 1515 6003 luerit,
1538 5930 1755 6006 promovebor.

1767 543 1825 616 663
1875 543 1929 602 Aa.
1944 548 1975 603 (l.
1996 545 2065 604 tete
