4722 6976
324 556 377 612 An.
392 560 422 612 G.
444 559 512 614 1807
561 557 619 623 500

582 695 601 769 ἓ
621 693 650 756 3.
674 693 750 769 Quid
773 697 855 773 quod
870 695 937 758 iura
952 694 1014 772 ipsa
1025 693 1214 756 sanctissima
1229 692 1284 754 Ec-

542 786 651 850 clesiae
674 787 707 848 in
738 789 835 850 causis
862 787 1141 850 matrimonialibus
1171 787 1227 848 laoc
1252 786 1285 847 in

541 880 668 956 negotio
699 881 869 958 posthabita
900 879 1101 958 neglectaque
1130 879 1284 958 perspexi·

541 976 636 1034 must
657 973 737 1035 Cum
759 973 844 1034 enim
876 981 1090 1051 quaereretur,
1114 973 1286 1034 brmnmne

540 1083 578 1127 an
601 1067 726 1130 irritum
747 1068 923 1132 babendum
946 1083 1013 1130 esse
1037 1066 1199 1129 vinculum
1222 1080 1285 1128 nra·

539 1160 692 1236 aimonii,
714 1163 795 1239 quod
822 1177 920 1222 novae
941 1161 1032 1238 Legis
1059 1163 1285 1220 sacramentum

541 1259 597 1327 est,
620 1254 686 1314 eius
708 1255 753 1316 rei
776 1253 923 1316 indicium
943 1255 978 1317 ad
1000 1252 1096 1314 solam
1118 1250 1286 1314 Ecclesiam

541 1346 727 1424 pertinebat,
737 1347 782 1410 ati
794 1346 965 1424 dogmatico
976 1362 1093 1408 canone
1106 1347 1143 1408 la
1154 1362 1227 1406 sess.
1237 1343 1285 1406 24

542 1438 577 1500 de
598 1443 696 1501 matr.
720 1457 734 1499 a
759 1440 896 1504 Concilio
913 1439 1096 1506 Tridentino
1119 1437 1285 1500 definitum

540 1540 598 1594 est.
622 1531 741 1596 Verum
763 1533 941 1595 fraternitas
956 1541 1007 1594 tna
1023 1547 1086 1594 non
1107 1531 1177 1592 inre
1191 1529 1285 1592 eccle-

540 1626 670 1702 siastico,
693 1644 754 1705 quo
775 1628 931 1707 praeditus
952 1636 999 1689 est
1027 1627 1206 1706 Episcopus,
1232 1623 1284 1684 sed

541 1719 610 1780 iure
624 1735 657 1782 ac
676 1719 819 1783 mandato
836 1721 935 1783 civilis
950 1719 1108 1798 potestatis
1123 1715 1285 1793 negotium

541 1811 616 1874 illud
638 1814 777 1876 absolvit.
802 1813 880 1877 Nam
902 1816 939 1877 ab
959 1831 992 1876 ea
1013 1814 1171 1890 delegatus
1192 1829 1224 1874 es
1239 1811 1285 1873 iu·

541 1909 611 1982 dea,
635 1907 797 1986 iussusque
819 1907 978 1986 inquirere
1000 1907 1032 1969 in
1054 1909 1117 1968 vim
1139 1913 1192 1968 aut
1214 1904 1284 1967 nul·

541 2000 660 2063 litatem
691 2001 901 2078 matrimonii3
934 2001 1072 2062 civilium
1105 2001 1211 2077 legum
1239 2016 1285 2060 se·

541 2101 658 2171 qualus
678 2109 712 2155 es
733 2092 925 2170 disciplinam
948 2095 980 2155 in
1003 2092 1176 2170 indicando;
1200 2093 1285 2154 deni·

540 2203 601 2264 que
627 2188 787 2263 integrum
818 2203 994 2266 processum
1020 2193 1193 2265 cunctaque
1221 2193 1284 2247 acta

540 2288 688 2359 tuamque
698 2282 886 2343 sententiam
897 2281 1053 2343 subiecisti
1066 2281 1179 2343 iudicio
1193 2279 1285 2342 laicae

540 2375 709 2452 potestatis,
733 2391 749 2435 a
769 2391 828 2452 qua
851 2375 957 2436 eadem
987 2375 1082 2436 robur
1103 2374 1230 2453 accepit,
1254 2380 1284 2435 et

540 2467 627 2529 cuius
648 2467 828 2544 auctoritate
843 2476 874 2530 et
897 2467 1038 2530 mandato
1060 2483 1128 2529 eam
1149 2483 1286 2545 exequu-

541 2569 590 2624 tus
611 2577 653 2623 cs.

580 2655 648 2730 §ln
671 2657 822 2730 Quoniam
843 2671 918 2718 vere
940 2664 1003 2718 acta
1025 2657 1087 2734 ipsa
1103 2671 1143 2717 ex
1165 2654 1285 2732 delega-

529 2749 625 2824 tione
647 2751 749 2812 nostrt
772 2748 908 2810 conlecta
930 2750 965 2811 ad
988 2765 1056 2822 nas,
1073 2757 1108 2811 ιιι
1129 2748 1163 2808 in
1186 2748 1285 2810 literis

541 2842 654 2904 nostris
681 2858 862 2919 expressum
892 2851 970 2917 erat,
993 2841 1124 2903 minime
1153 2840 1283 2918 misisti;

541 2937 697 2999 nescimus
719 2943 828 2999 utrum
850 2953 865 2996 a
887 2935 1080 2998 fraternitate
1101 2935 1153 2998 tui
1173 2934 1225 2995 illa
1246 2933 1285 2994 sit

541 3029 705 3091 methodus
726 3029 896 3104 observata,
914 3046 990 3108 quae
1010 3046 1026 3090 a
1048 3028 1203 3092 canonicis
1218 3043 1287 3090 san-

528 3123 706 3196 ctionibus,
721 3123 901 3203 praesertim
918 3139 934 3182 a
949 3122 1115 3184 Benedicta
1131 3122 1185 3183 PP.
1203 3119 1284 3183 xlv.

541 3217 772 3294 praedecessore
793 3224 900 3278 nostro
922 3215 954 3277 in
983 3215 1206 3278 constitutione
1227 3213 1286 3276 Dei

541 3310 748 3372 miseratione
762 3311 945 3388 praescripta
961 3316 1018 3370 est.
1035 3309 1069 3370 ln
1081 3309 1116 3370 ea
1131 3307 1284 3369 nimirum

542 3402 672 3465 traditur
693 3403 780 3478 ratio,
793 3419 886 3481 quarn
907 3421 1032 3465 servare
1052 3411 1175 3482 oportet
1190 3405 1223 3465 in
1238 3419 1286 3464 co·

541 3497 723 3574 gnoscendis
744 3496 990 3576 definiendisque
1010 3498 1108 3559 causis
1129 3497 1286 3558 matrimo-

541 3593 689 3655 nialibus:
715 3592 877 3669 eligendus
899 3602 944 3656 est
968 3593 1161 3656 matrimonii
1182 3593 1287 3656 delen-

540 3703 601 3761 sor,
624 3686 819 3748 examinandi
836 3686 1003 3763 diligenter
1019 3695 1121 3763 testea,
1138 3696 1287 3767 certoque

541 3779 605 3840 ritu
626 3777 848 3841 absolvendum
871 3779 1031 3854 iudicium,
1048 3796 1089 3842 ne
1109 3781 1183 3859 qnid
1206 3781 1238 3842 in
1254 3797 1287 3843 re

541 3871 721 3947 gravissima
732 3871 955 3935 inconsiderate
968 3889 1001 3934 ac
1011 3873 1209 3949 negligenter
1221 3874 1283 3934 siat.

543 3963 618 4026 lllud
634 3979 709 4025 vero
730 3972 815 4026 certo
830 3963 956 4039 scimus,
969 3965 1119 4044 qnoniam
1135 3982 1172 4027 er
1188 3966 1286 4028 literis

541 4055 613 4132 ipsis
636 4055 696 4118 tnis
718 4057 933 4134 cognovimus,
951 4057 1176 4120 fraternitatem
1200 4064 1284 4121 tuam

541 4149 701 4211 canonicas
722 4150 806 4225 leges
827 4150 959 4211 minime
980 4166 1116 4213 servasse
1138 4152 1170 4211 in
1186 4150 1288 4213 easal-

542 4251 605 4303 tem
620 4249 706 4321 parte
720 4261 779 4322 qua
800 4245 955 4306 sancitum
970 4255 1027 4321 est,
1045 4253 1090 4321 ut,
1106 4253 1173 4324 post
1189 4261 1285 4307 unam

541 4343 648 4398 contra
671 4337 734 4397 rim
757 4337 947 4398 matrimonii
971 4338 1063 4400 latam
1084 4338 1284 4413 sententiam,

540 4427 634 4489 altera
650 4427 723 4490 lerri
746 4429 865 4504 debeat,
882 4430 923 4490 ita
939 4437 973 4491 ut
996 4445 1058 4491 non
1070 4431 1132 4493 und
1147 4431 1198 4492 sed
1214 4428 1286 4492 dua-

541 4520 598 4582 bus
612 4521 774 4582 sententiis
789 4522 940 4584 iudicium
953 4521 1035 4583 finiri
1047 4524 1169 4584 debeat:
1188 4539 1286 4601 quum

541 4621 575 4675 tu
597 4630 614 4675 e
635 4615 790 4676 contrario
807 4617 858 4677 tna
874 4623 995 4678 tantum
1015 4617 1170 4678 sententiat
1193 4632 1286 4693 nego·

538 4706 620 4768 tium
651 4708 828 4784 expeditum
862 4709 1076 4785 declaraveris,
1106 4727 1139 4772 ae
1167 4710 1287 4773 dnobus

539 4801 723 4877 coniugibus
738 4800 846 4864 solutis
860 4803 956 4880 priori
978 4803 1104 4865 vinculo
1125 4803 1286 4880 integrum

540 4908 606 4954 esse
627 4895 782 4970 statueris,
804 4895 876 4958 alias
898 4897 978 4958 inire
1001 4897 1133 4975 nuptias.
1168 4899 1284 4977 ltaque,

540 4994 574 5047 ut
596 4987 692 5062 vides,
708 4988 749 5049 ita
772 4997 855 5064 gesta
877 4996 951 5051 sunt
972 4991 1075 5050 omnia
1097 4998 1143 5064 ut,
1166 4990 1286 5051 etiamsi

540 5080 666 5141 anobis
687 5081 807 5156 integra
835 5080 889 5142 tibi
920 5080 1025 5143 relicta
1051 5090 1131 5144 esset
1161 5081 1286 5145 lacultas

539 5172 660 5235 ferendi
673 5174 705 5234 in
720 5173 808 5235 causa
823 5173 982 5248 iudicium,
1000 5174 1131 5236 minime
1146 5175 1202 5236 boc
1217 5190 1285 5252 pro·

539 5267 604 5327 bari
619 5265 706 5328 nobis
721 5265 862 5343 pluribus
877 5267 1058 5329 nominibus
1073 5274 1183 5344 posset.
1204 5267 1285 5329 Cum

539 5375 615 5421 vero
637 5358 757 5421 nnllam
780 5358 835 5421 tibi
856 5358 1186 5420 ferendaesententiae
1207 5359 1285 5422 iece-

538 5453 637 5512 rimus
658 5459 854 5528 potestatem,
876 5449 928 5512 sed
950 5465 1017 5511 eam
1046 5451 1134 5512 nobis
1155 5451 1285 5513 omnino

538 5545 811 5619 reservaverimus,
824 5545 962 5620 agnoscis
975 5544 1122 5622 proiecto,
1136 5544 1283 5623 quidquid

537 5653 553 5696 a
576 5643 606 5696 te
627 5644 730 5697 actum
751 5644 797 5698 est
813 5637 936 5699 nullum
953 5637 1045 5699 luisse
1061 5644 1092 5698 et
1107 5653 1183 5713 esse,
1200 5653 1282 5713 cum,

537 5744 576 5789 eu
597 5727 736 5790 canonici
765 5730 926 5806 civilisque
952 5730 1029 5792 iuris
1059 5729 1178 5807 reguli,
1203 5733 1283 5810 qnod

538 5819 619 5881 ultra
640 5822 775 5882 mandati
797 5823 874 5883 lines
896 5823 1028 5898 geritur,
1041 5823 1160 5885 nullius
1181 5823 1221 5884 sit
1236 5839 1284 5884 rn-

539 5911 620 5973 boris
642 5928 674 5973 ac
696 5913 850 5976 firmitatis
872 5915 1061 5979 nabendum.

1064 575 1128 621 lun.
1153 575 1243 620 PONT.
1267 572 1307 619 bn
1329 575 1357 618 P.
1382 574 1411 620 F·
1436 574 1518 620 PARS
1541 575 1561 619 l.

1379 693 1397 768 5
1419 694 1448 754 ii.
1467 693 1738 772 llinisteriiigitur
1750 694 1999 756 nostridebitum
2014 709 2087 756 cam

1341 784 1471 847 minime
1493 793 1597 849 tecum
1612 786 1702 849 silere
1718 803 1773 848 nos
1788 787 1934 865 patiatur,
1952 793 2021 848 turn
2036 803 2089 866 po-

1339 877 1432 942 stulat
1458 895 1582 958 quoque
1602 897 1617 940 a
1640 880 1744 956 nobis,
1767 887 1801 944 ut
1831 881 2015 959 opportunis
2036 897 2088 943 ne·

1339 973 1539 1052 cessariisque
1560 973 1706 1036 remediis
1730 975 1844 1052 corrigi
1867 984 2017 1050 erratum,
2040 991 2089 1037 re·

1341 1066 1460 1128 moveri
1475 1067 1814 1145 scandala,.praecaveri
1831 1067 1979 1132 ulteriora
1995 1068 2088 1143 mala,

1339 1159 1364 1218 si
1395 1160 1558 1236 integrum
1584 1161 1683 1223 adbuc
1704 1161 1755 1236 sit,
1777 1161 1900 1224 sivero
1932 1163 1993 1226 iam
2014 1165 2087 1227 inde

1340 1249 1458 1314 luerint
1474 1258 1590 1327 exorta,
1607 1253 1703 1316 finem
1718 1252 1777 1315 illis
1792 1256 1910 1334 imponi
1929 1272 2086 1319 curemus.

1340 1343 1375 1405 ln
1398 1359 1459 1422 qno
1480 1345 1606 1422 quidem
1627 1347 1740 1424 primas
1756 1353 1878 1426 opertet
1899 1365 1965 1410 esse
1988 1357 2087 1428 partes

1341 1441 1420 1512 tuas,
1444 1439 1624 1515 praesertim
1647 1455 1720 1502 cum
1744 1446 1883 1502 erratum
1905 1457 1921 1501 a
1943 1441 2089 1504 fraterni-

1342 1535 1403 1590 tate
1426 1529 1476 1592 ιιι
1496 1530 1665 1592 admissum
1686 1531 1735 1592 sit.
1758 1533 1864 1610 ltaque
1884 1532 1941 1594 tibi
1967 1535 2000 1595 in
2023 1535 2088 1596 vim

1340 1630 1461 1684 sanctae
1482 1623 1677 1687 obedientiae
1698 1626 1900 1706 praecipimus
1916 1634 1946 1689 et
1962 1629 2088 1691 manda·
2113 1707 2119 1715 ι

1341 1728 1411 1776 mas
1433 1722 1478 1790 ut,
1494 1734 1564 1780 curn
1581 1719 1638 1780 liae
1659 1727 1782 1782 nostrae
1804 1720 1911 1784 literae
1925 1723 1960 1784 ad
1979 1731 2008 1784 te
2022 1738 2090 1801 per·

1341 1807 1418 1869 latae
1432 1807 1561 1886 luerint,
1577 1813 1681 1873 statim
1698 1829 1824 1876 revoces
1839 1814 2022 1894 nullamque
2036 1818 2088 1879 de-

1340 1899 1435 1962 clares
1455 1907 1656 1980 sententiam',
1672 1923 1766 1985 quam
1781 1907 1818 1968 de
1833 1910 2036 1986 matrimonii,
2052 1911 2091 1973 de

1341 2011 1401 2072 quo
1423 1997 1537 2072 agitur,
1560 1998 1716 2061 solutione
1742 2000 1858 2077 tulisti3
1883 2003 2089 2080 nequeatiud

1341 2088 1473 2151 audeant
1494 2093 1687 2168 contrahere,
1714 2095 1775 2155 nisi
1801 2095 1940 2172 primam
1960 2112 1976 2156 a
1999 2097 2090 2158 nobis

1340 2196 1428 2242 cansa
1450 2185 1572 2260 cognita
1591 2192 1684 2264 atque
1706 2185 1747 2247 ita
1768 2185 1894 2251 definita
1917 2187 2030 2264 luerit,
2054 2195 2090 2251 ut

1341 2274 1384 2336 eis
1409 2274 1535 2338 lacultas
1564 2278 1616 2338 liat
1637 2280 1672 2340 ad
1701 2279 1759 2340 alia
1786 2287 1857 2341 vota
1885 2269 2100 2356 convolandi}

1341 2367 1420 2445 quod
1442 2369 1521 2430 siin
1543 2370 1608 2432 vim
1629 2373 1803 2436 sententiae
1828 2381 1899 2436 tuae
1920 2375 2003 2438 aliud
2025 2376 2087 2438 iam

1341 2460 1423 2524 iorte
1442 2466 1677 2541 attentaverint,
1693 2482 1759 2528 sese
1780 2467 1911 2529 minime
1936 2468 2090 2532 trahendos

1341 2569 1406 2616 esse
1423 2562 1579 2633 tamquam
1597 2557 1738 2634 legitimo
1759 2559 1903 2636 coniugio
1919 2561 2088 2638 copulatos,

1341 2664 1429 2710 secus
1450 2655 1481 2709 et
1501 2650 1539 2711 ab
1559 2650 1710 2712 Ecclesiae
1725 2653 1924 2714 sacramentis
1938 2655 2087 2717 arcendos

1341 2757 1417 2816 esse,
1441 2741 1700 2822 illegitimamqne
1726 2747 1913 2808 censendam
1938 2746 2086 2824 sobolem,

1341 2851 1419 2912 quae
1443 2851 1481 2896 ex
1506 2836 1602 2897 vetita
1626 2837 1681 2899 lrac
1704 2837 1925 2901 coniunctione
1948 2855 2088 2903 nascere·

1342 2934 1403 2988 tur.

1382 3023 1400 3096 5
1421 3023 1450 3084 6.
1475 3023 1655 3098 aegerrime
1675 3025 1712 3087 ad
1735 3033 1775 3099 te,
1799 3041 1870 3088 ven.
1894 3026 1999 3104 trater,
2017 3030 2091 3092 baec

1341 3115 1530 3195 scripsimus,
1555 3116 1671 3196 tibique
1692 3120 1884 3196 persuadeas,
1902 3121 2033 3183 minime
2053 3123 2091 3184 ad

1343 3216 1373 3270 te
1393 3209 1560 3288 scripturos
1588 3209 1692 3286 luisse,
1717 3211 1775 3272 nisi
1806 3213 1994 3277 admonente
2016 3231 2090 3276 con·

1341 3302 1465 3364 scientita
1477 3301 1581 3364 nostra
1601 3308 1692 3381 atque
1714 3312 1846 3380 urgente
1861 3306 2019 3382 apostolici
2034 3307 2085 3370 de-

1342 3394 1405 3456 bito
1439 3394 1616 3456 ministerii.
1648 3393 1709 3456 Nos
1739 3411 1815 3458 nero
1846 3412 1901 3475 pro
1931 3399 2089 3479 opinione,

1341 3504 1434 3567 quam
1456 3488 1616 3564 habemus,
1633 3488 1705 3550 lidei
1720 3489 1909 3568 virtutisque
1932 3500 2013 3569 tuae,
2037 3495 2089 3556 do·

1342 3582 1434 3644 cilcm
1450 3588 1480 3642 te
1495 3581 1755 3643 admonitionibus
1777 3585 1890 3645 nostris
1911 3593 2005 3662 atque
2019 3603 2090 3666 apo·

1341 3675 1465 3737 stelicae
1487 3675 1570 3736 vocis
1591 3675 1883 3737 reverentissimum
1907 3693 1974 3740 esse
1994 3682 2090 3742 conli-

1342 3771 1455 3844 dimm,
1471 3783 1694 3847 speramusque
1708 3769 1795 3830 omni
1810 3775 1840 3831 te
1851 3773 1925 3832 cura
1939 3789 1972 3832 ac
1987 3774 2089 3836 studio

1341 3862 1572 3934 laboraturum,
1595 3867 1630 3922 ut
1651 3861 1788 3938 singula,
1817 3879 1895 3940 quae
1916 3881 1932 3926 a
1954 3874 1985 3927 te
2005 3875 2088 3945 opta-

1343 3971 1412 4016 mus
1433 3961 1463 4016 et
1484 3953 1630 4031 petimus,
1660 3954 1896 4029 diligentissime
1923 3960 2088 4022 condcnn·

1341 4056 1404 4109 tur.
1427 4048 1488 4110 llac
1509 4063 1562 4126 spe
1576 4045 1658 4119 ireti,
1676 4047 1742 4122 tibi,
1760 4064 1832 4110 ven.
1850 4049 1955 4127 irater,
1974 4060 2089 4132 tuoque

1342 4143 1429 4218 gregi
1451 4141 1598 4204 universo
1619 4141 1815 4219 apostolicam
1841 4143 2088 4210 benedictionem

1342 4241 1538 4314 peramanter
1559 4233 1769 4312 impertimur.

1382 4328 1493 4390 Datum
1516 4327 1630 4388 Romae
1658 4327 1738 4406 apud
1768 4328 1799 4391 S.
1827 4330 1954 4392 lllariam
1980 4332 2090 4395 llario-

1342 4436 1410 4482 rem
1430 4420 1488 4482 sub
1505 4419 1622 4481 annulo
1644 4419 1814 4497 Piscatoris,
1831 4423 1880 4484 die
1892 4438 1962 4486 ιιιιι.
1985 4428 2088 4488 martii

1342 4526 1522 4587 aucuerre,
1549 4512 1744 4591 pontificatus
1766 4515 1864 4576 nostri
1885 4532 1967 4578 anno
1989 4534 2045 4579 vn.

1656 5261 1767 5326 XXXl.

1342 5543 1493 5605 Declarat
1515 5542 1756 5620 ampliationem
1783 5543 2016 5610 ecclesiasticae
2038 5549 2090 5610 itt·

1381 5637 1584 5698 scrutationis
1615 5637 1796 5699 Castrensis
1823 5647 2032 5716 aaacapatoc
2053 5643 2089 5703 ia

1381 5747 1476 5811 regma
1499 5729 1736 5808 Hispaniarum
1758 5747 1920 5794 concessae
1935 5732 2087 5796 Patriar·

1379 5825 1456 5886 abac
1477 5824 1647 5887 ladiaram
1670 5827 1700 5884 ct
1721 5822 1844 5885 sicario
1869 5825 2012 5904 generali
2034 5843 2088 5889 ca-

1381 5917 1543 5978 crcitaam
1566 5916 1718 5981 catholici
1740 5915 1834 5998 regia.
