4722 6976
351 472 406 534 An.
420 477 452 535 (l.
472 476 541 536 toto
590 473 649 544 ΜΩ

570 627 603 689 in
624 625 751 689 alteram
773 621 943 704 paroeciam
957 621 1104 686 canonice
1119 615 1239 683 institui
1254 635 1270 679 a
1286 624 1316 680 te

570 725 729 797 poterunt.
752 718 826 781 Eius
854 725 958 780 autem
980 730 1075 794 quern
1104 715 1207 775 denuo
1228 727 1315 790 paro-

568 812 662 873 chum
683 811 823 874 volueris
844 811 972 888 eligere,
990 807 1126 870 habenda
1147 805 1315 881 diligenter

568 912 615 967 est
629 905 707 966 ratio
722 919 847 966 morum
864 902 1023 982 probitatis
1038 907 1069 962 et
1083 899 1222 977 publicae
1236 913 1314 976 quae

569 999 606 1060 de
625 999 692 1076 ipso
707 999 867 1072 habeatur,
883 993 1132 1058 existimationis.
1149 991 1314 1070 Praecipue

568 1107 643 1152 vero
657 1092 829 1154 curandum
840 1096 897 1164 est,
911 1103 951 1152 ne
963 1086 1122 1149 translatio
1135 1084 1312 1147 huiusmodi

567 1193 740 1264 opponatur
761 1185 841 1246 bono
862 1182 1022 1244 societatis.

399 1279 549 1342 concutitur
607 1279 626 1354 5
646 1279 675 1339 5.
699 1275 745 1339 Ne
766 1292 840 1338 vero
859 1273 997 1338 fidelium
1011 1271 1228 1346 conscientiae,
1244 1270 1312 1349 qui-

336 1332 549 1442 33¹1i⁸⁰q¹3i¹i¹0¹nt2ss
568 1371 624 1433 bus
638 1385 759 1432 summa
772 1368 920 1430 enaritate
934 1364 1160 1428 consulendum
1173 1371 1230 1437 est,
1244 1378 1307 1440 per-

336 1437 548 1540 {¹0⁰smsniturix'sd'ssi
568 1463 736 1524 turbentur
766 1477 799 1522 ae
831 1465 984 1521 vexentur
1013 1457 1051 1518 ob
1081 1471 1149 1518 eam
1178 1471 1309 1530 causam,

335 1542 479 1594 ⁰⁰¹⁶⁰¹¹¹¹¹l
565 1557 648 1634 qnod
667 1571 736 1616 suas
757 1552 962 1615 confessiones
983 1549 1136 1612 ediderint
1155 1563 1251 1626 penes
1266 1549 1312 1610 in-

566 1658 678 1723 trusos,
701 1648 733 1709 in
755 1646 866 1725 quibus
888 1643 973 1706 nulla
993 1649 1058 1705 erat
1076 1642 1258 1717 iurisdictio,
1277 1656 1311 1701 ea

565 1742 642 1803 ratio
658 1739 790 1802 tenenda
806 1745 863 1813 cst,
877 1745 911 1799 ιιι
927 1737 979 1814 qui
994 1736 1074 1797 bona
1090 1735 1149 1796 lide
1164 1738 1309 1810 egerunt,

563 1844 656 1913 atque
676 1835 707 1895 in
730 1833 836 1893 eadem
850 1829 1032 1908 simpliciter
1048 1834 1259 1906 perseverant,
1275 1827 1311 1889 ad

564 1925 746 2007 repetendas
767 1941 816 1986 eas
836 1922 1043 1986 contorsiones
1062 1937 1100 1982 ex
1115 1920 1312 1996 gravissimo·

564 2037 636 2084 rum
654 2020 869 2095 theologorum
883 2015 1039 2078 sententia
1054 2029 1117 2075 non
1133 2014 1306 2090 adigantur.

565 2113 719 2176 Videntur
733 2113 818 2173 enim
829 2111 858 2170 id
871 2107 1068 2188 praestitisse,
1081 2105 1161 2185 quod
1178 2104 1311 2182 apooni-

564 2206 701 2269 tentibus
719 2209 909 2266 sacrosancta
930 2200 1027 2276 exigit
1041 2199 1223 2262 Tridentina
1237 2213 1323 2275 syn·

563 2300 638 2362 odos
665 2297 802 2360 sessione
825 2295 872 2370 ιι,
894 2307 958 2370 cap.
982 2293 1012 2366 5,
1035 2292 1171 2370 adeoque
1198 2306 1308 2353 eornm

564 2399 681 2473 peecata
703 2391 800 2454 semel
821 2390 881 2451 iant
899 2403 1025 2450 excussa
1039 2401 1111 2448 cum
1126 2385 1162 2446 iis
1177 2384 1309 2460 diligen·

562 2495 609 2549 ter
631 2483 850 2561 cogitantibus,
872 2487 903 2543 et
925 2479 1003 2541 nihil
1027 2477 1250 2552 dubitantibus,
1275 2478 1307 2539 in

561 2577 723 2657 posteriori
752 2574 945 2638 confessione
976 2588 1039 2633 non
1068 2579 1244 2647 occurrant,
1274 2573 1306 2632 in

561 2672 612 2734 illa
639 2672 700 2732 iam
728 2667 828 2730 babila
860 2665 1050 2729 confessione
1083 2663 1308 2741 intelliguntur

560 2764 690 2838 includi,
712 2769 804 2840 atque
825 2761 897 2822 baec
919 2760 970 2822 illa
985 2767 1059 2821 sunt
1074 2777 1129 2838 pro
1144 2761 1256 2836 quibus
1273 2761 1306 2820 d-

560 2858 672 2921 deliter
691 2869 763 2918 eum
784 2854 931 2932 propbeta
957 2852 1087 2915 dicimus
1108 2849 1147 2914 ab
1170 2853 1305 2914 occultis

559 2949 682 3012 mitada
696 2963 754 3018 rae,
772 2945 913 3008 Doctior.
930 2946 1061 3009 Omnem
1078 2955 1234 3022 praeterea
1251 2946 1305 3008 tibi

560 3043 758 3122 impertimur
789 3039 965 3102 facultatem
996 3039 1174 3102 absolvendi
1202 3041 1240 3101 ab
1267 3041 1304 3102 iis

558 3136 709 3212 censuris,
739 3136 838 3212 iisque
865 3132 1156 3208 irregularitatious,
1184 3149 1262 3210 quae
1281 3151 1303 3198 ,a

558 3229 689 3292 lunmtis
711 3230 794 3290 inter
815 3241 868 3286 vos
887 3225 1045 3288 discordiis
1059 3235 1164 3288 ortum
1179 3243 1304 3305 quoquo

558 3322 648 3383 modo
670 3320 844 3382 habuerint.
861 3319 1047 3380 Potestatem
1062 3318 1177 3396 pariter
1192 3319 1246 3380 tibi
1262 3318 1302 3380 la-

556 3415 655 3476 cimus
676 3411 804 3474 sanandi
827 3425 934 3473 omnes
955 3417 985 3472 et
1005 3410 1145 3487 singulos
1166 3420 1250 3473 aetus
1272 3421 1302 3473 ot

556 3506 738 3588 episcopales
752 3505 964 3582 expeditiones
975 3521 991 3563 a
1004 3504 1156 3582 praedicto
1168 3505 1301 3566 llazlum

555 3607 702 3678 peractas,
717 3612 790 3660 cum
811 3596 1025 3675 episcopalem,
1041 3613 1101 3674 quo
1116 3599 1240 3676 penitus
1254 3615 1300 3660 ca-

554 3693 653 3769 rebat,
674 3691 891 3754 auctoritatem
912 3700 1079 3752 exerceret.

352 3787 481 3852 ,roenna
500 3800 535 3835 re
592 3787 612 3862 5
632 3786 661 3848 6.
686 3783 841 3847 Volumus
855 3782 949 3844 etiam
965 3791 998 3843 ut
1014 3783 1188 3859 remittere,
1203 3785 1228 3844 si
1246 3784 1299 3846 tibi

323 3842 536 3942 fflia‘s‘fflexffi
554 3879 722 3952 ridebitur,
745 3885 776 3938 et
796 3877 972 3938 condonare
1001 3877 1097 3954 possis
1118 3892 1227 3940 omnes
1248 3893 1299 3956 pe-

322 3945 536 4061 fflfflffff'
553 3973 728 4046 cuniarum,
745 3984 823 4048 quae
843 3967 879 4028 ad
902 3967 1064 4046 Episcopos
1084 3979 1234 4048 spectant,
1248 3987 1299 4032 ex·

553 4065 687 4128 actiones
707 4081 723 4124 a
745 4067 917 4124 memorato
944 4060 1107 4152 blazlumio
1130 4065 1298 4141 quomodo-

553 4157 628 4220 libet
648 4158 756 4232 lactas;
780 4156 821 4217 ita
843 4163 946 4216 tamen
969 4161 1004 4216 ut
1026 4153 1161 4230 benigne
1186 4159 1298 4219 condo-

552 4258 670 4313 nentur
690 4265 744 4311 eae
772 4247 933 4325 pecuniae,
956 4263 1035 4325 quae
1054 4249 1091 4309 ad
1114 4247 1298 4328 Episcopum

551 4343 731 4421 pertinent3
754 4341 825 4401 illae
846 4356 920 4402 vero
942 4355 1019 4417 quae
1040 4347 1114 4402 sunt
1134 4342 1214 4404 sedis
1236 4343 1298 4421 epi·

550 4434 688 4513 scopalis,
703 4433 802 4495 eidem
816 4432 881 4495 sedi
896 4432 1111 4495 restituantur.
1126 4434 1297 4498 Declarubis

550 4534 653 4588 autem
680 4527 847 4604 scripturas
876 4540 984 4588 omnes
1011 4523 1046 4585 ad
1075 4527 1296 4604 appellantium

550 4637 584 4682 ac
612 4620 773 4681 memorati
799 4618 890 4681 electi
912 4618 1123 4696 patrocinium
1145 4619 1296 4682 latorem-

549 4728 610 4791 que
631 4712 736 4785 editas,
759 4719 789 4773 et
812 4712 982 4790 praedictae
1010 4717 1133 4774 nostrae
1161 4713 1296 4790 Crxngre·

549 4805 666 4881 gationi
688 4804 726 4868 de
747 4805 940 4882 Propaganda
955 4803 1027 4867 ride
1044 4804 1194 4884 utrinque
1209 4808 1296 4868 exhi-

548 4898 635 4973 bitas,
648 4904 804 4976 tamquam
822 4898 854 4960 in
870 4895 967 4958 lorma
983 4913 1046 4959 non
1066 4897 1214 4975 probante
1229 4916 1295 4962 esse

547 4989 666 5052 actore
687 4999 719 5052 ot
748 4989 865 5066 haberi,
888 5005 921 5050 ac
948 4989 1077 5065 proinde
1098 4991 1129 5051 in
1152 4991 1294 5054 laturum

547 5083 673 5145 nullum
699 5081 798 5144 lamae
825 5089 856 5143 et
876 5083 1098 5144 existimationi
1125 5099 1233 5146 eorum
1255 5101 1293 5148 ex

546 5176 618 5254 ipsis
639 5175 864 5239 detrimentum
885 5175 1005 5238 illatum
1027 5191 1104 5250 esse,
1128 5185 1180 5239 aut
1199 5177 1231 5239 in
1247 5177 1295 5240 lu·

546 5274 653 5331 turum
680 5268 790 5330 inierxi
819 5282 915 5346 posse,
939 5268 998 5330 nisi
1025 5268 1209 5331 iudicialiter
1230 5287 1292 5332 ser-

546 5362 623 5422 vatis
643 5362 802 5423 servandis
822 5361 913 5424 aliter
933 5368 1062 5424 constet.

585 5585 615 5643 (lt
630 5589 659 5632 In
674 5587 831 5633 collectione
845 5589 952 5635 lacensl
966 5590 1015 5636 vol.
1031 5592 1071 5646 ll.,
1085 5603 1108 5646 p.
1119 5593 1167 5646 550,
1177 5592 1214 5637 sic
1227 5592 1290 5648 legi-

544 5663 604 5698 mus
618 5653 650 5697 de
665 5653 712 5699 hoc
727 5654 937 5712 archiepiscopo:
951 5658 1121 5714 «monsignor
1134 5659 1235 5714 adami,
1251 5671 1289 5704 ve·

545 5721 609 5765 nuto
622 5721 650 5765 in
665 5721 750 5772 ltalia.
764 5726 899 5768 contracte
909 5724 1028 5770 amicicia
1038 5736 1085 5770 con
1098 5727 1289 5782 transigerem

543 5797 651 5832 vescovo
665 5787 691 5831 di
706 5788 813 5842 Pistoin,
828 5789 948 5846 edique
969 5791 1070 5848 riportb
1087 5792 1115 5836 in
1136 5796 1250 5839 Leuante
1264 5795 1289 5840 le

543 5852 677 5912 riprovate
690 5865 737 5898 stre
751 5853 883 5911 massime',
894 5857 988 5903 scrisse
998 5857 1065 5902 delle
1076 5869 1162 5914 opere,
1173 5859 1198 5905 le
1207 5860 1288 5916 quali,

1094 492 1159 544 lutt-
1183 490 1275 540 PONT·
1299 485 1339 538 Μ
1361 491 1389 538 Ρ.
1412 487 1441 542 ι’.
1466 493 1549 544 PARS
1570 489 1591 544 l.

2150 473 2202 534 Arx.
2215 483 2242 538 0.
2258 485 2313 544 1316
2348 477 2349 538 i

1409 615 1429 692 5
1450 615 1479 678 7.
1502 617 1691 682 Facultatem
1706 617 1842 697 denique
1856 615 1911 682 tibi
1927 613 2055 682 iacimus
2069 619 2117 682 in·
2150 631 2242 680 rosnae
2254 636 2322 700 aava

1370 709 1514 786 quirendi
1540 710 1571 772 in
1600 712 1820 776 ecclesiasticos
1849 711 1917 774 sive
1947 711 2116 788 regulares,
2136 685 2321 786 issfixssiss'ssa‘nffi

1369 803 1423 879 qni
1445 804 1596 868 mandatis
1618 804 1778 883 literisque
1798 803 1972 882 apostolicis
1986 803 2117 880 appella-

1370 894 1487 958 tionem
1509 896 1544 957 ad
1563 896 1676 960 Sedem
1691 893 1975 976 apostolieampvet
1990 912 2117 974 suspen-

1368 989 1487 1052 sionem
1509 994 1540 1052 et
1561 989 1823 1066 irregularitatem
1842 989 1990 1069 praedicti
2005 989 2118 1052 llazlu·

1369 1082 1424 1142 mii
1453 1083 1688 1161 respicientibus
1715 1083 1900 1146 restiterant.
1925 1083 2117 1146 Reimetariis

1368 1174 1518 1239 eiusmodi
1542 1175 1763 1251 ecclesiasticis,
1779 1177 1804 1238 si
1825 1177 1858 1238 in
1878 1193 1933 1239 sua
1948 1176 2116 1255 pervicacia

1368 1269 1606 1345 permanserint,
1623 1285 1671 1332 eas
1685 1285 1741 1347 pro
1757 1276 1808 1332 tua
1822 1269 1988 1347 prudentia
2002 1283 2117 1348 poenas

1368 1359 1511 1437 inlligere
1532 1364 1659 1441 poteris,
1682 1378 1761 1442 quae
1782 1378 1837 1442 per
1861 1376 1960 1424 saeros
1982 1376 2115 1425 canones

1367 1456 1552 1518 constitutae
1572 1465 1657 1520 sunt.
1676 1456 1754 1518 llaec
1768 1455 1835 1531 tibi,
1851 1456 1961 1518 dilecte
1976 1455 2031 1530 lili,
2047 1471 2116 1534 per-

1365 1548 1526 1610 scribenda
1548 1549 1743 1612 habebamus.
1768 1550 1915 1626 Superest
1936 1557 1971 1612 ut
1986 1548 2116 1611 indutus

1368 1640 1452 1716 galea
1473 1639 1579 1703 salutis
1606 1642 1763 1721 armisque
1789 1641 1924 1704 iustitiae
1947 1642 2017 1704 totis
2040 1641 2114 1704 viri·

1367 1733 1424 1796 bus
1445 1735 1480 1796 ad
1496 1733 1656 1796 evellenda
1672 1751 1817 1798 errorum
1837 1743 1870 1796 et
1891 1733 2115 1798 discordiarum

1366 1829 1484 1890 semina
1515 1828 1692 1905 incumbas,
1726 1827 1984 1906 hierapolitanae,
2010 1828 2061 1891 cui
2084 1837 2113 1891 te

1367 1922 1573 1998 praeficimus,
1590 1921 1732 1985 ecclesiae
1755 1936 1860 1999 pacem
1882 1923 2044 1998 restituas;
2067 1921 2114 1984 in·

1366 2015 1516 2093 elitaeque
1538 2015 1671 2077 nationis
1693 2023 1763 2077 tuae
1784 2015 1928 2076 decorem
1949 2031 2114 2078 conserves

1365 2115 1395 2170 et
1416 2124 1537 2185 augeas.
1559 2109 1620 2172 lloc
1640 2117 1727 2187 pacto
1749 2123 1893 2185 magnam
1916 2115 1970 2171 tuo
1990 2110 2112 2173 nomini

1365 2199 1496 2276 gloriam
1518 2203 1717 2281 comparabis,
1737 2201 1869 2280 gratiam
1889 2201 1969 2280 apud
1984 2217 2040 2264 nos
2054 2204 2112 2265 ini·

1365 2293 1409 2354 bis
1424 2293 1456 2354 in
1472 2293 1535 2354 dies
1550 2295 1710 2369 maiorem,
1722 2303 1764 2370 et,
1777 2292 1858 2372 quod
1873 2301 1964 2372 caput
1978 2304 2035 2374 est,
2048 2313 2112 2360 am·

1364 2384 1533 2464 piissimam
1565 2386 1704 2449 laborum
1736 2393 1862 2449 tuorum
1893 2391 2068 2453 mercedem
2095 2410 2110 2452 a

1363 2481 1485 2543 coelesti
1509 2486 1668 2557 pastorum
1689 2480 1829 2560 principe
1850 2483 2058 2560 consequeris.
2076 2485 2110 2547 ln

1362 2589 1496 2651 quorum
1517 2573 1688 2650 auspicium
1709 2573 1907 2651 apostolicam
1931 2573 1985 2636 tibi
2008 2577 2111 2654 gregi-

1362 2683 1422 2745 que
1445 2675 1498 2728 tuo
1521 2667 1768 2728 benedictionem
1783 2674 1982 2745 peramanter
1996 2668 2110 2748 imper·

1361 2762 1467 2822 timur.

1401 2855 1512 2916 Datum
1542 2854 1657 2917 Romae
1687 2854 1767 2932 apud
1799 2855 1830 2918 S.
1860 2857 1985 2918 llariam
2017 2857 2109 2920 llaio·

1360 2963 1428 3010 rem
1447 2947 1507 3010 sub
1526 2948 1642 3010 annulo
1671 2948 1840 3024 Piscatoris,
1870 2949 1921 3013 die
1949 2967 1998 3012 ιιι.
2029 2951 2109 3014 iunii

1362 3058 1549 3117 xenodoxia,
1572 3041 1767 3120 pontificatus
1787 3043 1884 3104 nostri
1905 3059 1988 3106 anno
2008 3061 2085 3108 xvtx.

1700 3323 1761 3387 tx.

1359 3505 1552 3568 dilectionem
1573 3507 1738 3574 Michaelis
1761 3509 1904 3571 Martem
1927 3510 1962 3571 ia
1976 3510 2108 3575 Arabic-

1394 3600 1559 3677 piscopcm
1590 3600 1872 3680 hierapolitanum
1903 3601 2027 3666 nollem
2055 3605 2107 3666 de-

1397 3692 1513 3762 clarat,
1537 3695 1591 3756 cci
1616 3696 1794 3758 sententiae
1815 3711 1847 3755 ee
1869 3694 2011 3761 Manlum
2032 3697 2107 3761 sub·

1395 3785 1505 3847 iecisse
1532 3787 1684 3859 rtoaeiat;
1713 3787 1772 3851 sub
1800 3789 2105 3852 eceommueieatio-

1396 3879 1447 3939 nis
1463 3895 1562 3956 poena
1576 3878 1720 3956 prohibet
1737 3879 1903 3942 lectionem
1919 3882 2105 3945 catechismi

1394 3972 1595 4050 aliorumque
1620 3988 1749 4049 operum
1777 3973 1926 4053 defuncti
1952 3975 2104 4038 Germani

1395 4063 1511 4126 Adanu
1541 4065 1681 4126 eiusdem
1712 4066 1860 4128 dioecesis
1888 4066 2106 4145 Arctteptsee

1393 4157 1427 4234 ri
1447 4155 1504 4238 (1)-

1354 4339 1427 4406 lien
1450 4341 1595 4408 iratribus
1618 4341 1830 4422 Patriarchae,
1853 4342 2102 4428 llrohiepiecopic

1459 4439 1492 4501 et
1515 4434 1674 4519 Episcopie
1695 4436 1997 4517 Graeco-melchius,

1600 4618 1686 4686 t’ttts
1710 4621 1770 4687 ΡΡ.
1795 4620 1851 4689 Vll.

1553 4807 1750 4876 venerabiles
1773 4809 1898 4889 tratres,

1384 4900 1512 4967 salutem
1535 4908 1567 4968 et
1589 4903 1789 4986 apostolicam
1817 4901 2067 4970 benedictionem.

1390 5091 1409 5166 5
1433 5090 1459 5151 l.
1477 5091 1586 5153 Tristis
1606 5093 1733 5172 quidem
1754 5092 1948 5172 acerbosque
1961 5091 1998 5154 de
2013 5091 2099 5155 obitu
2156 5110 2264 5167 ιοιιιιιι
2277 5107 2300 5152 ce

1349 5182 1535 5244 venerabilis
1550 5183 1652 5246 [ratris
1667 5185 1787 5248 blacarii
1803 5185 1889 5247 Tavil
1905 5184 2098 5247 Patriarchae
2116 5164 2300 5266 fflffifflsssswffi

1349 5275 1444 5336 vestri
1472 5276 1606 5339 nuncius
1633 5279 1670 5340 ad
1692 5294 1748 5340 nos
1776 5278 1928 5356 pervenit.
1951 5280 1999 5340 ιιι]
2022 5293 2096 5340 vero

1348 5365 1482 5445 aliquem
1504 5367 1537 5428 in
1559 5369 1626 5431 eius
1647 5369 1750 5433 locum
1770 5370 2027 5448 subrogaveritiS,
2046 5372 2096 5434 ad-

1345 5593 1443 5638 bencbb
1453 5596 1617 5642 condemnate
1628 5596 1700 5642 dalla
1710 5601 1733 5641 S.
1746 5598 1811 5643 Sede
1821 5599 1892 5644 sotto
1901 5609 1967 5655 pena
1977 5599 2003 5644 di
2014 5609 2094 5644 scom-

1346 5661 1459 5716 munica‚
1473 5661 1517 5708 chi
1531 5673 1569 5718 aa,
1582 5675 1610 5708 se
1625 5674 1689 5709 sono
1704 5665 1861 5710 tctalmente
1875 5667 1979 5712 estinte.
1994 5666 2094 5712 Notixic

1345 5729 1495 5774 statieticlxe
1510 5730 1577 5774 delle
1592 5730 1711 5775 Missieni
1725 5732 1877 5787 dipendenti
1895 5733 1965 5779 dalla
1981 5735 2004 5778 S.
2020 5737 2044 5778 C.
2061 5735 2093 5780 de

1346 5796 1418 5850 Prop.
1435 5797 1461 5839 li.
1477 5797 1561 5841 Roma
1577 5798 1637 5851 tata,
1651 5808 1674 5852 p.
1690 5799 1730 5841 tto
1740 5813 1759 5842 ».
