4734 7004
349 563 448 621 sao.
469 557 539 622 lua
587 560 626 630 bh

566 709 728 788 profitear,
747 697 828 786 quod
849 707 886 772 in
907 715 943 770 θα
964 712 1079 771 contro
1095 708 1210 771 Arium
1224 705 1310 770 dam-

567 808 665 866 natae
684 801 855 865 memoriae
874 801 1042 883 definitum
1063 807 1121 874 est,
1139 803 1309 866 Dominam

567 898 669 960 Iesum
693 896 860 959 Christum
881 912 945 956 esse
964 895 1088 958 Filiam
1109 895 1167 959 Dei
1189 915 1228 960 eoa
1250 899 1310 961 Pa-

569 995 617 1050 tre
640 994 755 1052 natum
774 989 988 1070 llnipeuitum,
1003 991 1086 1052 idest
1107 1007 1147 1052 θα
1161 990 1309 1055 substan-

569 1085 616 1146 tio
638 1082 750 1146 Patris
772 1090 898 1154 natum,
928 1100 992 1145 non
1013 1086 1150 1166 lactum,
1179 1084 1310 1149 consub-

566 1174 755 1238 stantialem
776 1175 884 1247 Patri,
908 1182 1003 1254 otpue
1025 1177 1141 1255 impias
1163 1178 1238 1242 illas
1258 1196 1310 1240 oo-

567 1285 615 1330 aes
636 1276 720 1331 recte
732 1269 767 1330 in
782 1268 888 1332 eadem
908 1269 1026 1346 synodo
1048 1269 1218 1333 damnatas
1233 1287 1307 1342 esse,

567 1352 648 1440 p'uod
669 1361 843 1441 aliquando
865 1378 928 1424 non
950 1363 1067 1442 suerit,
1084 1371 1143 1427 out
1166 1365 1278 1447 quod!
1297 1398 1309 1410 ·

566 1463 638 1518 otus
659 1457 704 1517 sit
725 1473 765 1518 eoo
795 1455 855 1529 iis,
878 1472 957 1535 puae
979 1473 1043 1519 non
1069 1461 1157 1530 suut,
1187 1463 1247 1520 aut
1269 1475 1308 1520 eos

566 1549 634 1612 alia
665 1548 870 1622 substantia,
903 1552 949 1612 oei
971 1551 1121 1623 essentie,
1145 1555 1205 1614 out
1228 1551 1308 1630 quad

564 1644 610 1705 sit
630 1641 799 1706 mutabilis
816 1641 864 1704 oel
881 1643 1099 1708 convertibilis
1114 1643 1221 1707 Filius
1237 1643 1309 1718 Dei,-

569 1737 960 1817 Constantinopolitanam
969 1739 1120 1817 primam,
1136 1739 1308 1802 secundam

566 1835 601 1894 in
623 1833 744 1906 ordine,
762 1844 792 1897 et
813 1836 963 1915 profitear
984 1836 1064 1915 quod
1085 1837 1121 1899 in
1136 1854 1171 1898 eo
1194 1843 1307 1898 eorotra

565 1928 784 1992 Macedonium
810 1929 982 1992 damnatae
1008 1929 1177 1992 memoriae
1199 1928 1307 2008 defini-

566 2025 635 2082 tum
656 2027 713 2093 est,
734 2021 895 2098 Spiritum
912 2021 1068 2085 Sanctum
1090 2038 1152 2083 non
1167 2039 1230 2083 esse
1244 2039 1308 2083 ser·

563 2130 650 2186 oum,
672 2116 724 2177 sed
746 2114 928 2184 Dominum,
952 2131 1015 2176 nen
1037 2121 1233 2185 ereaturam,
1254 2115 1306 2177 sed

563 2205 664 2270 Deam
675 2226 712 2271 oc
725 2223 825 2275 unam
836 2209 1001 2272 habeatem
1014 2228 1086 2272 cum
1098 2211 1196 2274 Putre
1208 2217 1237 2272 et
1260 2211 1307 2274 Fi·

562 2303 606 2366 lio
619 2303 792 2379 Deitatem;
804 2302 996 2382 Ephesiorum
1007 2305 1157 2382 primam,
1174 2305 1305 2366 tertiam

561 2397 598 2458 iu
619 2397 740 2471 ordine,
758 2405 787 2458 et
802 2397 963 2476 profiteor,
987 2397 1068 2476 quod
1090 2398 1125 2458 in
1140 2414 1176 2460 ea
1192 2405 1305 2460 contra

562 2491 747 2554 Nestorium
763 2491 934 2554 damnatae
948 2491 1118 2552 memoriae
1138 2491 1305 2568 definitum

510 2649 513 2658 ,
560 2591 617 2657 est,
642 2585 856 2648 Divinitotem
878 2587 908 2644 θα
929 2584 1173 2646 Humanitotem
1195 2582 1306 2662 inoffe-

561 2675 619 2740 bili
640 2685 671 2739 et
692 2674 1024 2754 incompraeheusibili
1046 2677 1162 2739 unione
1181 2677 1216 2740 in
1237 2693 1304 2740 uno

560 2788 694 2850 persona
705 2770 784 2835 Filii
799 2771 868 2844 Dei,
879 2769 1081 2833 anumnobis
1092 2772 1194 2834 Iesum
1213 2770 1303 2833 Chri-

559 2874 648 2927 stum
677 2864 901 2937 constituisse,
925 2882 1021 2943 capue
1049 2865 1085 2924 de
1105 2881 1205 2927 causa
1226 2864 1303 2927 Bea-

562 2959 722 3022 tissimam
742 2958 899 3038 Virpiuem
920 2975 990 3018 uere
1011 2974 1074 3018 esse
1089 2956 1147 3018 Dei
1164 2959 1304 3021 (tonitri-

560 3068 638 3127 cem;
653 3052 922 3122 calcedonensem,
932 3058 1082 3128 quartam
1096 3053 1130 3112 in
1142 3051 1263 3123 ordine,
1273 3059 1303 3114 et

558 3147 720 3225 profitear,
739 3144 820 3223 qued
842 3145 876 3206 in
896 3161 932 3205 ea
953 3149 1066 3206 contro
1089 3143 1257 3222 Eutychen
1272 3152 1303 3207 et

559 3237 867 3308 Dioscorumumbos
883 3237 1055 3301 damnatae
1068 3239 1239 3302 memoriae
1253 3239 1301 3302 de-

559 3336 690 3414 finitum
721 3342 781 3408 est,
816 3350 918 3396 unum
946 3335 1149 3413 eumdemque
1179 3333 1302 3397 Filium

560 3429 618 3492 Dei
645 3428 817 3491 Dominum
838 3434 986 3490 nostrum
1008 3429 1110 3491 iesum
1134 3428 1301 3491 Christum

558 3525 736 3604 perfectum
762 3537 825 3582 esse
853 3521 888 3582 iu
910 3520 1039 3585 Deitate
1067 3525 1098 3582 et
1125 3524 1301 3604 perfectum

560 3617 596 3680 in
623 3617 845 3686 Humanitotu
879 3615 979 3678 Deum
1009 3632 1121 3679 oerum
1149 3621 1179 3678 et
1203 3616 1301 3679 homi·

558 3726 629 3771 nem
655 3725 765 3772 oerum
795 3725 834 3771 en
857 3710 967 3772 anima
998 3711 1157 3773 rationali
1185 3717 1214 3773 ct
1234 3727 1300 3772 eor·

557 3819 645 3883 pore,
674 3801 980 3867 consubstantialem
1005 3803 1102 3866 Patri
1126 3806 1301 3868 secundum

557 3899 728 3968 Deitotem,
752 3897 893 3960 eumdem
921 3895 1226 3961 consubstantialem
1247 3916 1302 3961 no-

558 3990 605 4055 bis
626 3992 801 4055 secundum
828 3991 1090 4063 immanitatem,
1112 4008 1168 4070 per
1193 3995 1300 4056 omnia

558 4083 648 4148 nobis
668 4085 805 4147 similem
831 4083 946 4163 absque
967 4094 1114 4163 peraeto,
1137 4091 1213 4150 ante
1234 4104 1301 4150 soe·

558 4179 632 4242 cula
654 4179 778 4259 quidem
794 4179 831 4242 de
844 4178 944 4242 Patre
965 4180 1110 4258 penitam
1125 4183 1299 4244 secundum

556 4271 1299 4345 Deitatem,innooissirnisautemdiebuseum·

557 4365 625 4428 dem
645 4371 776 4444 propter
797 4381 853 4425 uos
876 4369 906 4426 θα
927 4370 1057 4443 propter
1083 4373 1229 4430 nostram
1250 4387 1300 4432 sa·

557 4457 656 4521 lutens
671 4474 710 4519 ea
724 4457 830 4522 diotre
848 4457 975 4537 Virpine
996 4457 1054 4519 Dei
1078 4459 1241 4523 Genitrice
1255 4480 1299 4524 so·

556 4551 698 4614 eundum
713 4549 967 4621 Humanitatem,
981 4567 1083 4614 unum
1099 4553 1298 4632 eumdemque

556 4644 723 4709 Christum
745 4645 868 4707 Filium
896 4644 1068 4708 Dominum
1094 4647 1299 4729 llnipenitum

555 4740 590 4802 in
612 4736 737 4802 duabus
759 4739 891 4802 naturis
914 4740 1090 4819 inconfuse,
1114 4741 1298 4807 immutabi-

555 4831 642 4905 liter,
673 4831 822 4904 indioise,
845 4831 1107 4908 inseparabiliter
1131 4851 1299 4914 apnosoen·

554 4925 642 4997 dum,
666 4941 825 5005 nusquam
846 4922 975 4988 sublata
997 4925 1179 5006 differentia
1202 4937 1298 4992 natu·

555 5035 670 5082 rarum
690 5023 823 5097 propter
845 5018 1004 5090 unionem,
1027 5022 1187 5101 mapispue
1208 5023 1297 5086 salua

553 5113 752 5191 proprietate
772 5113 945 5190 utriusque
966 5118 1116 5184 naturae,
1141 5114 1176 5176 in
1198 5133 1297 5178 unam

553 5221 732 5284 personam,
742 5213 837 5284 atque
846 5204 1067 5269 substantiam
1075 5214 1295 5279 concurrente,

554 5317 617 5362 nen
639 5301 674 5361 in
695 5300 774 5362 duas
801 5313 953 5378 personas
976 5301 1139 5376 partitum
1168 5309 1227 5363 aut
1250 5301 1297 5364 di·

553 5393 667 5464 oisum,
692 5391 744 5454 sed
765 5407 868 5454 uuum
896 5392 1097 5469 eumdemque
1120 5391 1241 5456 Silium
1266 5403 1296 5457 et

558 5483 765 5566 liuipenitum
778 5486 886 5560 Deum,
904 5483 1047 5559 Verbum,
1061 5485 1243 5560 Dominum,
1253 5490 1296 5552 Ιθ-

552 5595 624 5641 sum
642 5578 827 5642 Christum:
845 5579 919 5641 item
932 5579 1075 5642 eiusdem
1089 5578 1219 5644 Domini
1234 5581 1295 5646 No·

551 5673 616 5735 stri
639 5674 708 5735 Iesu
732 5672 857 5736 Christi
877 5672 1100 5746 Divinitotem,
1122 5677 1295 5741 secundum

551 5781 646 5845 quom
668 5765 954 5830 consubstantialis
969 5775 1015 5830 est
1036 5767 1132 5832 Patri
1147 5778 1177 5833 et
1194 5771 1295 5848 Spiri-

553 5861 604 5921 tai
626 5859 756 5931 Sancta,
780 5858 1008 5938 impassibilem
1032 5879 1096 5923 esse
1116 5868 1147 5923 et
1169 5864 1295 5926 immor·

553 5951 660 6026 talem,
672 5952 814 6056 eumdem
829 5960 939 6017 autem
961 5956 1154 6038 crucifiuum
1169 5961 1199 6020 et
1213 5974 1296 6019 mor-

1086 576 1152 634 ton·
1175 579 1265 635 aaut.
1290 577 1331 634 bn
1352 579 1382 634 t.
1405 579 1435 636 t.
1458 581 1541 638 toas
1562 583 1583 638 1.

1366 713 1461 772 tuum
1484 709 1704 776 tantummodo
1721 711 1894 779 secundum
1915 731 2053 788 earnem,
2070 722 2111 780 ut

1364 805 1491 882 pariter
1513 807 1679 886 definitum
1702 814 1749 869 est
1772 809 1807 871 in
1828 809 1916 873 dieta
1939 809 2063 889 Spuodo
2078 820 2109 876 et

1366 900 1401 962 ia
1421 899 1557 978 epistola
1579 901 1609 964 S.
1635 901 1747 964 Leonis
1770 903 1905 966 Romani
1927 905 2107 984 Pontificis,

1366 993 1460 1054 cutus
1473 1011 1524 1056 ore
1542 996 1574 1056 B.
1590 994 1724 1058 Petrum
1737 997 1923 1075 Apostolum
1938 1000 2109 1076 loquutum

1365 1104 1428 1148 esse
1450 1093 1558 1164 patres
1580 1089 1616 1150 in
1636 1088 1742 1150 eadem
1766 1089 1888 1166 syuodo
1916 1091 2108 1153 acelamare-

1365 1185 1462 1251 runt,
1485 1196 1542 1259 per
1566 1199 1661 1260 potam
1689 1182 1902 1260 definitionem
1930 1184 2109 1247 damnatur

1364 1272 1464 1350 impia
1486 1273 1627 1337 haeresis
1655 1274 1797 1347 illorum,
1820 1277 1876 1354 aui
1902 1277 2046 1356 Trisopio
2068 1275 2107 1340 ab

1365 1367 1494 1448 dapalis
1522 1369 1656 1440 tradito,
1680 1375 1711 1431 et
1732 1369 1768 1430 in
1788 1371 1939 1448 praefata
1963 1369 2108 1434 Calaedo·

1364 1463 1456 1524 nansi
1488 1463 1612 1540 Synodo
1638 1463 1823 1536 decantato,
1853 1465 1983 1529 Sanctus
2014 1467 2106 1541 Deus,

1364 1554 1494 1620 Sanctus
1523 1557 1622 1630 tortis,
1645 1557 1774 1621 Sanctus
1805 1559 1989 1621 immortalis
2017 1560 2109 1621 miso·

1365 1665 1435 1711 rere
1465 1649 1564 1724 nobis,
1595 1647 1766 1721 addebant,
1798 1652 1852 1728 qui
1882 1651 2047 1714 crucifixus
2075 1669 2107 1714 os

1364 1759 1419 1822 pro
1441 1742 1540 1818 nabis
1564 1749 1660 1821 atque
1680 1742 1757 1806 adea
1779 1743 1923 1806 diuinam
1950 1752 2107 1808 naturam

1365 1837 1468 1898 trium
1488 1852 1699 1914 personarum
1719 1837 1901 1915 passibilem
1924 1839 2107 1904 asserebant

1363 1937 1393 1992 et
1422 1928 1607 2003 mortalem;
1641 1929 2035 2010 constantinopolitanam
2062 1953 2107 1998 se-

1364 2024 1515 2095 cundum,
1531 2026 1680 2102 quintam
1696 2023 1731 2085 in
1748 2026 1869 2098 ordine,
1887 2024 1922 2086 in
1940 2044 2003 2106 pua
2016 2044 2106 2106 prae·

1363 2119 1450 2199 potae
1484 2116 1724 2181 calcedonensis
1751 2119 1872 2194 Spnoot
1896 2119 2039 2198 definitio
2060 2140 2108 2185 re·

1364 2216 1482 2272 nooota
1512 2218 1578 2283 est,·
1617 2208 2009 2290 Constantinopolitanam
2045 2224 2106 2278 ter·

1364 2304 1455 2374 tiam,
1478 2310 1604 2365 sentam
1620 2304 1655 2364 iu
1671 2304 1791 2376 ordine,
1806 2311 1838 2366 et
1851 2306 2011 2386 profiteor,
2025 2309 2106 2387 quod

1363 2399 1399 2460 iu
1420 2415 1456 2460 ea
1478 2401 1592 2459 contra
1608 2395 1835 2460 Monothelitas
1857 2399 2025 2478 definitum
2045 2410 2104 2474 ost,

1362 2491 1398 2552 in
1429 2507 1493 2552 nno
1525 2489 1688 2568 eodemque
1718 2491 1853 2552 Domino
1886 2491 2003 2554 Nostro
2034 2495 2104 2557 Iesu

1365 2583 1493 2647 Christo
1506 2583 1586 2646 duas
1601 2599 1664 2645 esse
1686 2584 1855 2647 naturales
1876 2587 2059 2651 voluntates
2074 2596 2105 2651 et

1361 2677 1441 2739 duas
1467 2676 1635 2740 naturales
1664 2679 1860 2755 operationes
1884 2679 2033 2754 indivise,
2056 2684 2104 2744 in-

1361 2769 1627 2843 convertibiliter,
1639 2769 1910 2850 inseparabiliter,
1922 2775 2102 2855 inconfuse,

1359 2870 1389 2926 et
1411 2863 1587 2927 humanum
1609 2867 1677 2927 eius
1692 2865 1890 2928 uoluntatem
1905 2883 1969 2929 uon
1990 2876 2104 2933 eontra

1360 2958 1455 3028 riam,
1478 2958 1531 3020 sed
1558 2957 1734 3021 subiectam
1760 2959 1889 3022 diuinae
1910 2961 1979 3023 eius
2008 2967 2103 3042 atque

1358 3053 1567 3130 omnipotenti
1592 3052 1776 3125 satientatis
1797 3053 1972 3116 Nicaenam
1993 3073 2104 3120 secun-

1358 3145 1441 3214 dnm,
1450 3145 1618 3223 septimam
1629 3145 1664 3206 iu
1677 3145 1797 3214 ordine,
1809 3153 1839 3207 et
1850 3148 2011 3227 profiteor,
2021 3151 2102 3228 quod

1359 3239 1394 3298 in
1416 3255 1451 3300 ea
1474 3245 1587 3299 contra
1610 3239 1821 3301 icariaelostas
1842 3241 2010 3321 definitum
2035 3252 2100 3318 est,

1358 3332 1514 3412 Inopiues
1539 3330 1675 3404 Christi,
1699 3349 1736 3394 aa
1757 3333 1915 3412 Deiparae
1947 3336 2098 3417 Virpinis‚

1357 3439 1412 3486 nec
1434 3441 1497 3486 aon
1510 3424 1651 3488 oliorum
1668 3424 1871 3496 Sanctorum,
1895 3426 2055 3492 habendas
2070 3435 2101 3492 θα

1357 3518 1542 3580 retinendas
1564 3535 1637 3588 osse,
1661 3523 1756 3596 atoue
1776 3519 1820 3579 eis
1842 3519 1982 3583 debitum
2006 3521 2102 3586 hono-

1357 3617 1464 3672 remet
1479 3610 1713 3672 uenerationem
1736 3611 1998 3690 impertiendam·
2021 3618 2100 3683 Gon-

1355 3703 1638 3781 stantinopolitam
1658 3711 1820 3782 puartam,
1839 3712 1983 3770 octauam
1999 3713 2034 3772 in
2050 3729 2098 3772 or-

1356 3795 1441 3868 dine,
1464 3801 1494 3858 et
1514 3797 1664 3876 profiteor
1692 3797 1728 3858 in
1749 3814 1785 3859 ea
1804 3797 1957 3864 Plotium
1984 3805 2100 3866 merito

1355 3891 1457 3970 fuisse
1467 3889 1668 3960 damnatum,
1685 3896 1714 3951 et
1727 3890 1759 3954 S.
1773 3893 1937 3971 Ipnatium
1947 3895 2099 3960 Patriae-

1355 3982 1446 4044 chom
1469 3983 1682 4056 restitutum;
1703 3998 1836 4046 ueneror
1856 3987 1955 4050 etiam
1980 3997 2010 4052 θα
2030 4007 2099 4053 sus·

1355 4075 1438 4154 cipio
1470 4092 1573 4137 omnes
1600 4075 1685 4138 alias
1715 4076 1912 4142 uniuersales
1945 4083 2096 4160 spnodos,

1353 4172 1554 4234 auctoritate
1565 4169 1701 4232 Romani
1717 4169 1884 4251 Pontificis
1899 4175 2039 4254 lepitime
2053 4195 2099 4238 ce-

1354 4263 1493 4327 lebratas
1505 4272 1535 4326 et
1548 4265 1764 4343 confirmatas,
1779 4274 1810 4330 et
1821 4271 2012 4346 praesertim
2027 4269 2097 4335 Flo·

1354 4357 1519 4420 rentinam
1543 4356 1715 4435 Spnodum,
1734 4370 1763 4425 et
1778 4362 1937 4442 profiteor,
1961 4381 2040 4441 puae
2061 4367 2097 4428 in

1352 4468 1389 4514 ea
1410 4450 1541 4530 definita
1561 4457 1653 4524 sunt,
1675 4454 1830 4524 uidelicet,
1846 4455 1929 4532 quod
1951 4457 2097 4534 Spiritus

1354 4545 1493 4609 Sanctus
1508 4561 1547 4607 eo·
1558 4545 1656 4608 Patre
1671 4553 1701 4608 θα
1715 4546 1800 4609 Filia
1815 4551 2023 4613 aeternaliter
2037 4559 2094 4624 est,

1353 4645 1383 4702 et
1405 4640 1576 4703 essentiam
1603 4656 1707 4717 suam,
1729 4657 1885 4721 suumque
1905 4661 1969 4706 esse
1992 4644 2098 4709 subsi-

1351 4741 1439 4796 stens
1461 4733 1554 4799 habet
1582 4751 1621 4796 eor
1643 4735 1742 4798 Patre
1768 4738 1867 4801 simul
1888 4745 1919 4800 et
1947 4740 2042 4811 retro,
2065 4747 2096 4802 et

1352 4843 1391 4889 ea
1414 4837 1550 4907 utroque
1566 4828 1778 4894 aeternaliter
1800 4838 1960 4911 tamquam
1975 4835 2014 4899 ob
2030 4854 2094 4899 uno

1351 4923 1522 4999 principio,
1546 4929 1576 4986 et
1604 4925 1703 4988 unico
1728 4923 1907 5002 spiratione
1933 4930 2096 5006 procedit,-

1353 5015 1428 5076 item
1451 5015 1622 5076 dictionem
1643 5015 1745 5088 iliam,
1769 5018 1920 5099 Filioque,
1943 5023 2095 5086 ueritatis

1353 5107 1563 5170 declarandae
1584 5110 1707 5189 pratia,
1730 5115 1759 5172 et
1782 5111 1967 5175 imminente
1993 5131 2095 5178 neces·

1351 5201 1462 5273 situle,
1492 5201 1581 5262 licite
1608 5219 1646 5264 aa
1677 5203 1921 5267 rationabiliter
1949 5207 2094 5286 Symbola

1351 5293 1452 5372 [uisse
1482 5297 1672 5374 oppositam.
1708 5299 1785 5360 Item
1814 5300 1849 5360 in
1877 5317 2000 5378 azymo,
2028 5305 2095 5365 sioe

1351 5389 1543 5466 [ermeretato
1564 5405 1646 5468 pane
1668 5391 1807 5463 triticeo,
1822 5390 1945 5472 Corpus
1969 5395 2094 5459 Christi

1350 5482 1510 5543 ueraciter
1531 5483 1653 5563 confici,
1676 5485 1912 5565 sacerdotesque
1934 5489 1969 5550 in
1989 5490 2094 5551 altori

1350 5573 1454 5650 ipsum
1486 5575 1616 5638 Domini
1647 5577 1769 5658 Corpus
1798 5580 1948 5660 conficere
1972 5580 2111 5658 debere,

1350 5681 1602 5748 unumquemque
1623 5671 1745 5735 scilicet
1768 5671 1866 5736 tanto
1887 5691 1965 5737 suae
1987 5677 2091 5738 Eccle-

1348 5763 1426 5834 siae,
1439 5763 1505 5824 siae
1522 5763 1735 5827 Occidentalis
1748 5765 1814 5826 siue
1831 5767 2006 5830 orientalis
2022 5786 2093 5830 core-

1348 5857 1563 5918 suetudinem.
1588 5857 1678 5929 Item,
1700 5859 1728 5919 si
1749 5875 1821 5920 uere
1841 5861 2035 5938 poenitentes
2056 5863 2092 5923 in

1349 5943 1407 6009 Dei
1423 5950 1563 6012 caritate
1577 5949 1778 6025 decesserint,
1799 5959 1969 6032 antequam
1984 5955 2091 6038 dipnis

2141 575 2193 636 Aa.
2207 584 2236 638 0.
2256 579 2316 642 thob
