4722 6976
349 525 404 585 An.
417 529 449 585 (t.
470 531 538 584 1806
588 532 646 596 492

345 4478 468 4526 Clausala
481 4481 540 4527 sub·

327 4531 380 4578 lata
403 4537 428 4579 at
449 4533 539 4581 decre-

325 4588 381 4632 tum
399 4585 509 4634 rrnrans.
558 4574 631 4636 fidas
652 4582 682 4636 et
702 4576 838 4638 efficaces
863 4579 996 4640 existere
1015 4595 1048 4642 ac
1073 4579 1148 4656 fore,
1169 4598 1302 4662 suosque

566 673 598 728 et
622 666 741 744 poenis,
764 667 872 744 quovis
893 668 986 736 modo
1007 673 1038 730 et
1059 681 1254 745 quacumque
1276 665 1313 727 de

566 775 653 821 cansa
668 758 748 833 latis,
769 759 795 820 si
817 775 890 837 quas
906 759 986 822 forte
1001 759 1204 832 incurrerint,
1219 757 1313 820 huius

567 858 688 914 tantum
709 852 754 913 rei
776 851 873 928 gratia
894 852 1085 914 absolventes
1106 857 1137 912 et
1158 849 1313 912 absolutos

566 944 632 1007 fore
645 953 818 1019 censentes,
837 944 1111 1022 supplicationibus
1127 959 1236 1006 eorum
1257 959 1311 1005 no-

566 1038 652 1099 mine
674 1039 763 1101 nobis
788 1039 951 1102 humiliter
977 1037 1127 1114 porrectis
1148 1035 1309 1111 inclinati,

1088 547 1151 592 tuta.
1177 547 1268 593 PONT.
1292 547 1332 592 DE
1353 547 1381 591 P·
1405 547 1435 593 lt,
1460 548 1542 593 PARS
1564 547 1586 592 l.

1368 665 1557 743 terpretandi
1588 663 1731 725 facultate
1762 671 1794 725 et
1825 663 2009 725 auctoritate
2036 662 2113 724 iudi-

1366 758 1428 818 cari
1446 762 1478 817 et
1496 756 1618 819 deliniri
1633 755 1756 830 debere,
1773 771 1806 816 ac
1821 755 1947 817 irritum
1962 761 1994 816 et
2009 754 2113 830 inane,

1364 851 1389 910 sl
1405 865 1492 912 secus
1506 867 1597 928 super
1611 849 1660 911 bis
1674 867 1690 910 a
1705 863 1874 928 quoquam,
1890 847 1998 926 quavis
2012 857 2115 911 aucto·

1364 942 1467 1019 ritate,
1481 943 1615 1006 scienter
1629 942 1678 1004 vel
1694 942 1875 1020 ignoranter
1890 941 2056 1018 eontigerit
2070 949 2115 1005 at-

1367 1035 1493 1098 tentari.

2146 526 2199 582 Διι.
2211 531 2238 584 0.
2256 534 2309 590 1806

565 1132 736 1194 venerabili
756 1131 844 1195 fratri
858 1132 1006 1211 Episcopo
1021 1130 1143 1194 Balensi
1158 1146 1213 1208 per
1227 1144 1311 1208 prae·
1405 1129 1424 1202 ὃ
1444 1127 1472 1188 ι.
1490 1129 1530 1191 ιιι
1540 1136 1643 1190 autem
1658 1127 1737 1192 dicta
1752 1127 1989 1192 confraternitas
2005 1130 2112 1209 Bajen·
2157 1146 2277 1196 concessio
2288 1153 2317 1199 ιι-

565 1231 668 1286 sentes
688 1226 913 1288 committimus
932 1233 962 1288 et
978 1227 1171 1299 mandamus,
1189 1232 1223 1285 ιιι
1237 1239 1310 1285 con·

564 1315 637 1379 stito
657 1318 715 1380 sibl
730 1319 814 1396 prius
830 1319 867 1380 de
882 1319 1072 1380 confratrum
1087 1332 1241 1379 consensu
1255 1331 1311 1393 per

565 1416 680 1472 secreta
701 1411 844 1488 suffragia
866 1412 898 1472 in
921 1411 1116 1487 generalibus
1131 1423 1240 1472 eorum
1262 1425 1310 1471 co·

566 1503 661 1564 mitiis
683 1503 829 1579 ferendo,
859 1503 1120 1581 consideratisque
1141 1502 1309 1578 diligenter

564 1595 804 1658 circumstantiis
814 1597 980 1671 universis,
991 1613 1069 1676 qnae
1081 1597 1309 1658 fuerintatten·

564 1689 691 1765 alendae,
707 1705 740 1749 ac
754 1689 923 1750 dummodo
942 1689 1066 1753 nullum
1085 1689 1203 1750 oriatur
1224 1704 1309 1750 scan-

563 1780 680 1856 dalum,
691 1780 830 1856 titulum,
841 1790 871 1842 et
884 1789 1060 1860 praesentes
1070 1781 1308 1844 constitutiones

563 1874 660 1936 dictae
680 1873 943 1936 confraternitatis
964 1874 1101 1951 Bajensis
1115 1890 1170 1952 pro
1184 1891 1241 1936 suo
1261 1891 1307 1934 ar-

563 1966 655 2029 bitrio
686 1974 716 2028 et
744 1969 907 2046 prudentia
933 1969 1104 2046 supprimat
1133 1975 1164 2030 et
1190 1968 1308 2030 aboleat

564 2059 597 2122 in
619 2067 817 2138 perpetuum,
834 2068 926 2139 atque
948 2061 1030 2124 illico
1049 2069 1115 2139 post
1130 2060 1307 2122 huiusmodi

562 2153 822 2230 suppressionem,
846 2153 878 2215 in
903 2154 1191 2217 confraternitatem
1211 2153 1308 2214 aratri·

562 2245 847 2313 confraternitatem
873 2250 1113 2326 nuncupandam
1140 2246 1197 2308 sub
1219 2247 1307 2308 unica

563 2341 758 2406 invocatione
784 2345 869 2407 tertii
897 2343 1019 2408 Ordinis
1048 2343 1215 2420 nuncupati
1238 2357 1306 2404 san-

562 2435 712 2498 ctissimae
734 2438 894 2500 'trinitatis
915 2437 1144 2514 Redemptionis
1168 2437 1308 2514 Captivo-

562 2543 635 2589 rum
661 2528 813 2592 ordinarii
843 2529 1047 2593 iurisdictioni
1078 2529 1248 2591 subiectam
1273 2529 1305 2590 in

561 2628 748 2698 perpetuum
778 2622 957 2700 eriga13ita
984 2629 1105 2698 tamen,
1129 2629 1164 2684 ut
1189 2621 1307 2684 confra-

561 2721 623 2775 tres
637 2719 668 2775 et
684 2730 863 2777 consorores
874 2715 1028 2777 extinctae
1044 2715 1220 2778 huiusmodi
1236 2730 1308 2778 con-

561 2805 760 2870 fraternitatis
775 2815 806 2870 et
820 2810 990 2872 successive
1006 2810 1107 2872 taliter
1120 2819 1241 2873 erectae
1255 2826 1307 2872 an-

561 2916 638 2964 num
668 2901 855 2979 probationis
882 2920 937 2965 seu
968 2903 1136 2965 novitiatus
1164 2910 1306 2982 repetere

561 2993 691 3056 minime
714 3002 890 3072 teneantur,
906 3013 938 3059 ac
954 2997 1047 3058 etiam
1062 3005 1181 3059 servata
1196 2997 1306 3076 (quan-

562 3095 629 3150 tum
644 3087 711 3148 fieri
726 3089 851 3165 poterit,
866 3097 920 3150 aut
935 3105 990 3167 pro
1012 3089 1070 3151 loci
1084 3098 1116 3151 et
1128 3095 1305 3168 temporum

560 3179 680 3241 ratione
706 3193 783 3256 opus
810 3178 918 3259 fuerit)
945 3191 1188 3245 memoratarum
1208 3183 1306 3244 Beue·

560 3270 633 3334 dicti
655 3271 894 3349 praedecessoris
909 3273 1071 3337 literarum
1087 3275 1229 3337 formast
1244 3275 1304 3338 dis-

560 3363 722 3440 positione,
752 3365 844 3427 etiam
874 3368 971 3445 quoad
1000 3369 1229 3449 exemptionem
1254 3387 1306 3433 ve·

561 3457 634 3519 teris
661 3457 824 3533 peculiaris
853 3459 1091 3536 iurisdictionis,
1121 3463 1171 3526 cui
1201 3465 1303 3526 forsan

559 3549 806 3627 confraternitas,
822 3561 857 3614 ιιι
877 3567 980 3630 supra,
1000 3555 1146 3630 extincta,
1168 3557 1304 3619 subiecta

450 3663 455 3674 ·
559 3641 781 3720 reperiebatur,
800 3650 915 3707 etcum
938 3645 1079 3709 facultate
1100 3663 1224 3726 quoque
1245 3650 1304 3711 dis-

559 3733 686 3798 cedendi
708 3737 979 3817 (quotiescumque
995 3739 1026 3801 id
1040 3741 1117 3802 ratio
1133 3743 1303 3818 postulave-

559 3829 614 3906 rit)
635 3845 730 3906 seque
751 3829 784 3891 in
807 3831 904 3892 alium
935 3834 1178 3896 commodiorem
1201 3836 1323 3899 locum¹

558 3922 596 3983 ab
609 3921 772 3985 Orrlinario
786 3925 1015 4002 approbandum
1032 3927 1250 4004 transferendi,
1270 3947 1304 3992 ac

559 4013 683 4076 tandem
705 4032 776 4078 cum
799 4015 926 4094 reliquis
947 4019 1091 4082 omnibus
1121 4030 1151 4084 et
1172 4023 1303 4100 singulis

557 4109 739 4186 privilegiis,
763 4113 879 4188 regulis
906 4121 936 4174 et
957 4115 1090 4190 statutis,
1114 4133 1191 4194 quae
1207 4137 1223 4179 a
1239 4135 1301 4180 ma·

557 4209 676 4264 morato
704 4203 869 4267 Benedicta
898 4206 1129 4282 praedecessore
1154 4209 1187 4271 in
1215 4211 1303 4274 dictis

558 4293 621 4355 suis
641 4292 740 4357 literis
755 4312 809 4373 pro
824 4297 901 4360 dicta
922 4297 1174 4363 confraternitate
1196 4303 1303 4367 Portu·

558 4386 688 4462 gallensi
709 4406 850 4452 concessa
872 4394 1084 4470 reperiuntur.

597 4481 616 4555 ἓ
637 4480 667 4541 3.
690 4482 897 4546 Decernentes
913 4487 988 4563 ipsas
1000 4485 1104 4548 literas
1118 4488 1233 4564 firmas,
1250 4508 1301 4552 va-

556 4665 710 4745 plenarios
732 4674 762 4730 et
783 4669 921 4748 integros
941 4673 1067 4735 effectus
1085 4675 1189 4737 sortiri
1205 4684 1235 4738 et
1250 4679 1301 4740 ob-

558 4759 670 4833 tinere,
686 4776 719 4822 ac
740 4759 788 4836 iis,
811 4762 846 4824 ad
868 4779 944 4841 quos
966 4773 1081 4843 spectat
1102 4773 1134 4829 et
1155 4771 1302 4845 spectabit

555 4852 588 4914 in
615 4851 774 4928 futurum,
801 4854 979 4932 plenissime
1002 4859 1183 4936 suffragari,
1209 4868 1239 4922 et
1265 4863 1302 4924 ab

554 4945 598 5005 eis
620 4945 791 5021 respective
812 4946 1031 5012 inviolabiliter
1054 4950 1229 5030 observari;
1245 4954 1301 5016 sio·

554 5054 616 5115 que
638 5038 668 5098 in
691 5039 866 5117 praemissis
885 5057 940 5120 per
960 5059 1171 5123 quoscumque
1186 5047 1301 5110 iudices

555 5131 725 5193 ordinarios
747 5140 777 5194 et
803 5134 958 5210 delegatos
985 5137 1092 5213 quavis
1119 5140 1300 5202 auctoritate

554 5223 732 5299 fungentes,
745 5224 837 5286 etiam
852 5243 1014 5291 causarum
1026 5229 1128 5306 palatii
1143 5233 1299 5307 apostolici

554 5317 724 5395 auditores,
746 5335 779 5380 ac
808 5319 936 5384 Sanctae
965 5322 1119 5384 Romanae
1147 5323 1300 5387 Ecclesiae

554 5410 729 5473 Cardinales
759 5413 852 5474 etiam
884 5416 919 5475 de
955 5414 1051 5476 latere
1085 5415 1232 5492 Legatos,
1269 5427 1299 5480 et

555 5503 682 5565 Sanctae
710 5505 796 5568 Sedis
816 5504 961 5581 Nuncios,
991 5507 1107 5570 sublata
1131 5509 1173 5570 eis
1195 5515 1226 5571 et
1246 5526 1299 5572 eo·

553 5611 624 5657 rum
643 5597 768 5660 cuilibet
791 5599 898 5676 quavis
919 5601 1008 5662 aliter
1030 5601 1183 5664 iudicandi
1206 5611 1237 5664 et
1252 5602 1297 5664 ιιι-

1364 1221 1405 1284 sis
1426 1223 1469 1284 sic
1490 1227 1590 1284 erecta
1611 1221 1755 1301 suscipiat
1777 1221 1809 1284 in
1831 1221 1895 1286 dies
1917 1224 2032 1285 maiora
2050 1223 2111 1285 vix·-

1366 1323 1469 1380 tutum
1493 1318 1696 1390 incrementa,
1715 1317 1872 1396 ipsiusque
1894 1317 2063 1380 confratres
2082 1326 2112 1380 et

1365 1424 1546 1471 consorores
1556 1409 1590 1470 in
1603 1409 1728 1485 piorum
1743 1423 1874 1486 operum
1885 1409 2033 1471 exercitio
2049 1425 2112 1470 ma-

1365 1500 1410 1578 gis
1431 1500 1667 1576 confoveantur,
1684 1515 1741 1561 nos
1763 1501 1800 1562 de
1821 1499 2043 1579 omnipotentis
2058 1502 2110 1563 Dei

1365 1593 1574 1655 misericordia
1602 1611 1635 1654 ac
1664 1593 1824 1656 beatorum
1855 1594 1938 1656 Petri
1966 1602 1998 1656 et
2026 1593 2112 1655 Pauli

1364 1685 1582 1762 Apostolorum
1597 1685 1662 1748 eius
1677 1686 1857 1748 auctoritate
1879 1686 1998 1762 conlisi,
2011 1687 2111 1748 omni-

1364 1777 1420 1840 bus
1430 1785 1460 1840 et
1474 1778 1605 1854 singulis
1619 1777 1825 1843 confratribus
1837 1785 1869 1842 et
1879 1781 2108 1858 consororibus,

1364 1869 1396 1932 in
1418 1871 1496 1933 dicta
1517 1871 1773 1934 confraternitate
1794 1871 1915 1948 Bapensi
1937 1874 2110 1953 adscriptis,

1363 1971 1394 2024 et
1415 1964 1447 2024 in
1470 1970 1626 2042 posteram
1642 1963 1860 2041 adscribendis,
1877 1980 1985 2028 omnes
2003 1975 2035 2029 et
2048 1969 2111 2032 sin-

2131 1198 2309 1256 dulgentiamn.

1364 2055 1449 2131 gulas
1461 2055 1670 2132 indulgentias
1689 2063 1752 2119 tam
1767 2057 1917 2136 plenarias
1935 2075 2029 2136 quam
2043 2077 2112 2140 par·
2175 2065 2178 2072 ’

1364 2147 1459 2221 tlales,
1472 2149 1607 2226 aliasque
1627 2148 1802 2226 spirituales
1823 2151 1935 2226 gratias
1957 2167 2109 2215 memora·

1362 2246 1411 2301 tae
1432 2240 1679 2302 confraternitati
1701 2241 1925 2320 Portngallensi
1943 2244 1981 2305 ab
2001 2247 2110 2308 eodem

1362 2335 1527 2398 Benedicta
1558 2336 1851 2412 praedecessorem
1880 2337 1968 2399 dictis
1997 2338 2110 2401 litteris

1362 2425 1546 2505 impertitas,
1558 2427 1727 2490 dummodo
1742 2428 1880 2492 iniuncta
1895 2446 1951 2508 pro
1961 2431 2023 2492 illis
2036 2447 2109 2494 aon·

1362 2520 1527 2598 sequendis
1554 2520 1615 2582 rite
1641 2520 1898 2598 adimpleverint,
1926 2525 2109 2586 auctoritate

1362 2613 1531 2690 praedicta,
1568 2618 1677 2674 tenore
1711 2614 1923 2690 praesentium
1959 2623 2108 2694 perpetuo

1361 2693 1636 2768 communicamus.

1403 2799 1421 2874 5
1442 2798 1472 2860 a.
1497 2796 1566 2860 Non
1588 2798 1779 2861 obstantibus
1796 2809 1901 2862 nostra
1916 2810 1947 2862 et
1960 2804 2108 2866 cancella·
2139 2819 2310 2872 nerogaoaaon-

1361 2891 1425 2953 riae
1447 2891 1629 2968 apostolicae
1643 2891 1751 2968 regula
1772 2893 1810 2955 de
1825 2909 1889 2956 non
1904 2896 2108 2962 concedendis

1361 2983 1565 3062 indulgentiis
1585 2985 1622 3046 ad
1643 2984 1752 3060 instar,
1780 2985 1910 3065 allisque
1934 2991 2108 3068 apostolicis

1360 3076 1634 3138 constitutionibus
1648 3083 1679 3139 et
1693 3077 1950 3156 ordinationibus
1963 3084 2107 3145 caeteris·

1360 3184 1421 3245 que
1442 3169 1603 3231 contrariis
1624 3169 1884 3250 quibuscumque.

1401 3262 1513 3324 Datum
1543 3261 1658 3324 Romae
1692 3262 1771 3341 apud
1803 3263 1833 3328 S.
1865 3265 1992 3328 llariam
2017 3269 2107 3332 illaia-

1360 3369 1428 3416 rem
1449 3355 1507 3416 sab
1528 3354 1645 3417 annulo
1659 3355 1820 3418 Piscatoris
1841 3358 1890 3420 die
1905 3374 1992 3422 xxva.
2011 3378 2108 3440 augu-

1359 3447 1410 3524 sti,
1433 3463 1586 3510 xnoccvr.
1604 3447 1801 3526 pontificatus
1823 3453 1921 3513 nostri
1942 3469 2025 3518 anno
2048 3473 2104 3520 vu.

1616 3649 1855 3659 ——-—·-—-—

1670 3824 1795 3889 XXVll.

1363 4010 1566 4072 licitatorem
1586 4011 1805 4088 apostoticam
1829 4015 1961 4095 Collegit
1983 4017 2106 4081 atissio-

1398 4118 1477 4163 aaar
1491 4103 1521 4165 S.
1533 4103 1671 4165 Aratoaii
1682 4105 1828 4184 fratrum
1844 4107 2008 4172 dfiaoram
2027 4111 2105 4173 Coa-

1398 4197 1601 4259 aeataaliaav
1623 4197 1654 4260 S.
1680 4197 1846 4262 liraraoiaoi
1868 4203 2043 4265 coustituit
2060 4206 2105 4267 lo-

1398 4288 1528 4368 septam
1552 4290 1583 4352 S.
1606 4289 1645 4350 ιι.
1671 4289 1708 4352 Ε.
1736 4292 1940 4356 cardinalem
1970 4295 2103 4368 Albani,

1399 4383 1616 4445 determinatas
1639 4381 1795 4446 obiectam
1816 4385 2018 4450 visitationis
2039 4386 2096 4470 (l).

1358 4565 1476 4635 Dilecto
1491 4565 1556 4634 tillo
1573 4572 1678 4635 nostro
1702 4566 1807 4653 taseptr
1824 4570 1857 4637 S.
1870 4571 1903 4638 ll.
1915 4571 1949 4638 Ε.
1969 4575 2104 4646 lliaoouo

1485 4658 1634 4728 cardinali
1657 4661 1771 4731 lllbaao
1795 4673 1972 4751 nuuoupato,

1602 4847 1688 4915 Plus
1712 4850 1772 4917 ΡΡ.
1798 4851 1855 4918 llll.

1569 5040 1685 5108 llileote
1707 5041 1751 5109 lili
1775 5048 1888 5124 noster,

1388 5133 1516 5200 salutem
1539 5138 1570 5200 el
1592 5135 1792 5218 apostolicam
1820 5138 2070 5228 benedictionem.

1395 5325 1413 5399 ἓ
1438 5323 1463 5384 l.
1487 5326 1602 5400 Quum,
1617 5327 1696 5389 sicut
1717 5329 1900 5408 accepimus,
1925 5332 2102 5410 Collegium

1355 5417 1537 5480 Missionum
1559 5435 1659 5481 sacrae
1688 5422 1947 5500 congregationis
1968 5427 2006 5488 de
2030 5426 2102 5490 Pro

1355 5512 1491 5588 paganda
1512 5510 1598 5588 Fide,
1621 5528 1700 5591 quae
1715 5531 1731 5575 a
1746 5516 1898 5593 religiosis
1920 5518 1995 5579 viris
2016 5517 2103 5582 Ordi-

1356 5604 1404 5668 nis
1425 5604 1558 5667 fratrum
1573 5605 1728 5668 llllnorum
1743 5608 2012 5674 conventualium
2028 5611 2103 5676 San·

592 5835 621 5889 (tt
637 5837 674 5880 fax
689 5837 829 5883 tabulario
849 5841 872 5884 s,
893 5842 917 5884 c.
933 5839 965 5885 de
984 5843 1058 5900 Prop.
1074 5843 1143 5890 Fide.
1166 5845 1242 5891 serit.
1263 5844 1333 5890 rifer.
1350 5846 1393 5892 nei
1412 5851 1503 5904 congr.
1519 5847 1713 5904 collegiariis
1730 5850 1844 5897 antonio
1863 5849 1887 5895 (ι’
1897 5849 1988 5897 Assisi.
2010 5854 2064 5900 vol.
2080 5857 2098 5900 1.

550 5901 595 5946 dal
609 5903 661 5946 laea
674 5903 700 5948 al
713 5905 773 5948 1842.

2125 2870 2258 2918 beliorum.
