<?xml version="1.0" encoding="UTF-8"?>
<!DOCTYPE html PUBLIC "-//W3C//DTD XHTML 1.0 Transitional//EN"
    "http://www.w3.org/TR/xhtml1/DTD/xhtml1-transitional.dtd">
<html xmlns="http://www.w3.org/1999/xhtml" xml:lang="en" lang="en">
 <head>
  <title>
</title>
<meta http-equiv="Content-Type" content="text/html;charset=utf-8" />
  <meta name='ocr-system' content='tesseract 3.04.00' />
  <meta name='ocr-capabilities' content='ocr_page ocr_carea ocr_par ocr_line ocrx_word'/>
</head>
<body>
  <div class='ocr_page' id='page_1' title='image "./iurispontificii00martgoog_0013.png"; bbox 0 0 4734 7004; ppageno 0'>
   <div class='ocr_carea' id='block_1_1' title="bbox 257 491 619 563">
    <p class='ocr_par' dir='ltr' id='par_1_1' title="bbox 257 491 619 563">
     <span class='ocr_line' id='line_1_1' title="bbox 257 491 619 563; baseline 0.014 -17"><span class='ocrx_word' id='word_1_1' title='bbox 257 491 311 548; x_wconf 78' lang='grc'><strong>11.</strong></span> <span class='ocrx_word' id='word_1_2' title='bbox 326 497 356 549; x_wconf 89' lang='lat' dir='ltr'><strong>o.</strong></span> <span class='ocrx_word' id='word_1_3' title='bbox 378 498 445 550; x_wconf 82' lang='grc'><strong>1133</strong></span> <span class='ocrx_word' id='word_1_4' title='bbox 495 501 514 563; x_wconf 79' lang='lat' dir='ltr'>q</span> <span class='ocrx_word' id='word_1_5' title='bbox 616 503 619 512; x_wconf 65' lang='lat'>¹</span> 
     </span>
    </p>
   </div>
   <div class='ocr_carea' id='block_1_2' title="bbox 242 2619 456 2720">
    <p class='ocr_par' dir='ltr' id='par_1_2' title="bbox 242 2619 456 2720">
     <span class='ocr_line' id='line_1_2' title="bbox 266 2619 456 2667; baseline 0 -1"><span class='ocrx_word' id='word_1_6' title='bbox 266 2619 359 2667; x_wconf 84' lang='lat' dir='ltr'>Stricta</span> <span class='ocrx_word' id='word_1_7' title='bbox 372 2621 456 2667; x_wconf 85' lang='lat' dir='ltr'>obser·</span> 
     </span>
     <span class='ocr_line' id='line_1_3' title="bbox 242 2673 456 2720; baseline 0.009 -2"><span class='ocrx_word' id='word_1_8' title='bbox 242 2675 332 2720; x_wconf 84' lang='lat' dir='ltr'>vuntla</span> <span class='ocrx_word' id='word_1_9' title='bbox 352 2679 378 2720; x_wconf 85' lang='grc'><strong>31</strong></span> <span class='ocrx_word' id='word_1_10' title='bbox 398 2673 456 2720; x_wconf 85' lang='grc'><strong>3311-</strong></span> 
     </span>
    </p>
   </div>
   <div class='ocr_carea' id='block_1_3' title="bbox 243 2717 1216 2828">
    <p class='ocr_par' dir='ltr' id='par_1_3' title="bbox 243 2717 1216 2828">
     <span class='ocr_line' id='line_1_4' title="bbox 243 2717 1216 2828; baseline 0.012 -54"><span class='ocrx_word' id='word_1_11' title='bbox 243 2727 456 2828; x_wconf 44' lang='grc' dir='ltr'><strong>3313ἶὲἓὲέῆἳὲ</strong></span> <span class='ocrx_word' id='word_1_12' title='bbox 475 2717 611 2794; x_wconf 77' lang='lat' dir='ltr'><strong>collegiis</strong></span> <span class='ocrx_word' id='word_1_13' title='bbox 632 2721 665 2780; x_wconf 91' lang='lat' dir='ltr'><strong>in</strong></span> <span class='ocrx_word' id='word_1_14' title='bbox 688 2721 816 2782; x_wconf 90' lang='lat' dir='ltr'>modum</span> <span class='ocrx_word' id='word_1_15' title='bbox 838 2722 1061 2784; x_wconf 90' lang='lat' dir='ltr'>recollectionis</span> <span class='ocrx_word' id='word_1_16' title='bbox 1087 2723 1216 2797; x_wconf 88' lang='lat' dir='ltr'>vivitur,</span> 
     </span>
    </p>
   </div>
   <div class='ocr_carea' id='block_1_4' title="bbox 243 2810 1218 2894">
    <p class='ocr_par' dir='ltr' id='par_1_4' title="bbox 243 2810 1218 2894">
     <span class='ocr_line' id='line_1_5' title="bbox 243 2810 1218 2894; baseline 0.011 -26"><span class='ocrx_word' id='word_1_17' title='bbox 243 2835 349 2892; x_wconf 63' lang='lat' dir='ltr'>,prmus</span> <span class='ocrx_word' id='word_1_18' title='bbox 370 2837 456 2894; x_wconf 57' lang='grc' dir='ltr'><strong>330.Δ</strong></span> <span class='ocrx_word' id='word_1_19' title='bbox 474 2810 575 2872; x_wconf 91' lang='grc'><strong>3131313</strong></span> <span class='ocrx_word' id='word_1_20' title='bbox 608 2813 801 2876; x_wconf 84' lang='lat' dir='ltr'>observantia</span> <span class='ocrx_word' id='word_1_21' title='bbox 824 2832 857 2876; x_wconf 87' lang='lat' dir='ltr'><strong>aa</strong></span> <span class='ocrx_word' id='word_1_22' title='bbox 879 2815 1002 2877; x_wconf 86' lang='lat' dir='ltr'>feruens</span> <span class='ocrx_word' id='word_1_23' title='bbox 1033 2818 1118 2894; x_wconf 88' lang='lat' dir='ltr'>viget</span> <span class='ocrx_word' id='word_1_24' title='bbox 1147 2819 1218 2879; x_wconf 90' lang='lat' dir='ltr'>sali-</span> 
     </span>
    </p>
   </div>
   <div class='ocr_carea' id='block_1_5' title="bbox 242 2889 456 2990">
    <p class='ocr_par' dir='ltr' id='par_1_5' title="bbox 242 2889 456 2990">
     <span class='ocr_line' id='line_1_6' title="bbox 244 2889 456 2947; baseline 0.014 -13"><span class='ocrx_word' id='word_1_25' title='bbox 244 2899 297 2934; x_wconf 90' lang='lat' dir='ltr'><strong>rem</strong></span> <span class='ocrx_word' id='word_1_26' title='bbox 311 2889 456 2947; x_wconf 83' lang='grc'><strong>13313333-</strong></span> 
     </span>
     <span class='ocr_line' id='line_1_7' title="bbox 242 2941 389 2990; baseline 0.014 -3"><span class='ocrx_word' id='word_1_27' title='bbox 242 2941 389 2990; x_wconf 75' lang='lat' dir='ltr'>litantibus.</span> 
     </span>
    </p>
   </div>
   <div class='ocr_carea' id='block_1_6' title="bbox 474 641 1220 1009">
    <p class='ocr_par' dir='ltr' id='par_1_6' title="bbox 474 641 1220 1009">
     <span class='ocr_line' id='line_1_8' title="bbox 474 641 1220 726; baseline 0.011 -24"><span class='ocrx_word' id='word_1_28' title='bbox 474 641 660 716; x_wconf 89' lang='lat' dir='ltr'>servabitur,</span> <span class='ocrx_word' id='word_1_29' title='bbox 671 662 705 707; x_wconf 89' lang='grc'><strong>33</strong></span> <span class='ocrx_word' id='word_1_30' title='bbox 719 646 906 709; x_wconf 76' lang='lat' dir='ltr'>incessanter</span> <span class='ocrx_word' id='word_1_31' title='bbox 920 651 1105 726; x_wconf 89' lang='lat' dir='ltr'>procedetur</span> <span class='ocrx_word' id='word_1_32' title='bbox 1119 651 1154 713; x_wconf 92' lang='lat' dir='ltr'>ad</span> <span class='ocrx_word' id='word_1_33' title='bbox 1170 651 1220 711; x_wconf 92' lang='grc'><strong>33-</strong></span> 
     </span>
     <span class='ocr_line' id='line_1_9' title="bbox 475 735 1219 823; baseline 0.015 -28"><span class='ocrx_word' id='word_1_34' title='bbox 475 735 623 810; x_wconf 88' lang='grc'><strong>13333333</strong></span> <span class='ocrx_word' id='word_1_35' title='bbox 644 754 741 800; x_wconf 85' lang='grc'><strong>33333</strong></span> <span class='ocrx_word' id='word_1_36' title='bbox 763 742 902 819; x_wconf 89' lang='grc'><strong>3333133,</strong></span> <span class='ocrx_word' id='word_1_37' title='bbox 925 761 1039 823; x_wconf 89' lang='lat' dir='ltr'>eosque</span> <span class='ocrx_word' id='word_1_38' title='bbox 1054 745 1088 806; x_wconf 91' lang='lat' dir='ltr'>ad</span> <span class='ocrx_word' id='word_1_39' title='bbox 1106 745 1219 808; x_wconf 75' lang='lat' dir='ltr'>Christi</span> 
     </span>
     <span class='ocr_line' id='line_1_10' title="bbox 475 829 1219 916; baseline 0.013 -26"><span class='ocrx_word' id='word_1_40' title='bbox 475 829 565 890; x_wconf 86' lang='lat' dir='ltr'>fulera</span> <span class='ocrx_word' id='word_1_41' title='bbox 579 834 816 909; x_wconf 85' lang='lat' dir='ltr'>convertendos,</span> <span class='ocrx_word' id='word_1_42' title='bbox 829 853 930 916; x_wconf 87' lang='lat' dir='ltr'>neque</span> <span class='ocrx_word' id='word_1_43' title='bbox 945 839 1037 900; x_wconf 89' lang='grc'><strong>311313</strong></span> <span class='ocrx_word' id='word_1_44' title='bbox 1053 839 1157 901; x_wconf 91' lang='grc'><strong>131333</strong></span> <span class='ocrx_word' id='word_1_45' title='bbox 1172 839 1219 900; x_wconf 90' lang='grc'><strong>13-</strong></span> 
     </span>
     <span class='ocr_line' id='line_1_11' title="bbox 475 923 1220 1009; baseline 0.016 -26"><span class='ocrx_word' id='word_1_46' title='bbox 475 931 542 984; x_wconf 89' lang='grc'><strong>1333</strong></span> <span class='ocrx_word' id='word_1_47' title='bbox 565 923 643 986; x_wconf 91' lang='grc'><strong>13331</strong></span> <span class='ocrx_word' id='word_1_48' title='bbox 666 928 782 989; x_wconf 88' lang='lat' dir='ltr'>utilitas</span> <span class='ocrx_word' id='word_1_49' title='bbox 805 932 876 992; x_wconf 91' lang='lat' dir='ltr'>iude</span> <span class='ocrx_word' id='word_1_50' title='bbox 894 933 1044 1009; x_wconf 82' lang='lat' dir='ltr'>eraenda3</span> <span class='ocrx_word' id='word_1_51' title='bbox 1063 934 1115 994; x_wconf 91' lang='lat' dir='ltr'>tali</span> <span class='ocrx_word' id='word_1_52' title='bbox 1133 949 1220 995; x_wconf 90' lang='lat' dir='ltr'>nam-</span> 
     </span>
    </p>
   </div>
   <div class='ocr_carea' id='block_1_7' title="bbox 473 1023 1221 1666">
    <p class='ocr_par' dir='ltr' id='par_1_7' title="bbox 473 1023 1221 1666">
     <span class='ocr_line' id='line_1_12' title="bbox 474 1023 1219 1102; baseline 0.016 -21"><span class='ocrx_word' id='word_1_53' title='bbox 474 1038 533 1100; x_wconf 94' lang='lat' dir='ltr'><strong>que</strong></span> <span class='ocrx_word' id='word_1_54' title='bbox 555 1032 642 1100; x_wconf 90' lang='lat' dir='ltr'>pacto</span> <span class='ocrx_word' id='word_1_55' title='bbox 664 1023 695 1086; x_wconf 93' lang='grc'><strong>13</strong></span> <span class='ocrx_word' id='word_1_56' title='bbox 718 1025 849 1102; x_wconf 82' lang='lat' dir='ltr'>collegia</span> <span class='ocrx_word' id='word_1_57' title='bbox 878 1028 1032 1090; x_wconf 90' lang='lat' dir='ltr'>collocatis</span> <span class='ocrx_word' id='word_1_58' title='bbox 1062 1032 1219 1093; x_wconf 89' lang='grc'><strong>311331333-</strong></span> 
     </span>
     <span class='ocr_line' id='line_1_13' title="bbox 474 1115 1218 1198; baseline 0.011 -22"><span class='ocrx_word' id='word_1_59' title='bbox 474 1115 539 1190; x_wconf 87' lang='grc'><strong>3113,</strong></span> <span class='ocrx_word' id='word_1_60' title='bbox 563 1117 677 1178; x_wconf 79' lang='lat' dir='ltr'>occasio</span> <span class='ocrx_word' id='word_1_61' title='bbox 701 1119 820 1182; x_wconf 88' lang='lat' dir='ltr'>tallilur</span> <span class='ocrx_word' id='word_1_62' title='bbox 840 1139 873 1183; x_wconf 85' lang='grc'><strong>33</strong></span> <span class='ocrx_word' id='word_1_63' title='bbox 894 1123 928 1182; x_wconf 90' lang='grc'><strong>33</strong></span> <span class='ocrx_word' id='word_1_64' title='bbox 951 1122 1007 1184; x_wconf 90' lang='grc'><strong>3113</strong></span> <span class='ocrx_word' id='word_1_65' title='bbox 1029 1124 1218 1198; x_wconf 88' lang='lat' dir='ltr'>divertendi,</span> 
     </span>
     <span class='ocr_line' id='line_1_14' title="bbox 474 1211 1219 1295; baseline 0.011 -25"><span class='ocrx_word' id='word_1_66' title='bbox 474 1211 596 1288; x_wconf 86' lang='lat' dir='ltr'>quaesi</span> <span class='ocrx_word' id='word_1_67' title='bbox 619 1227 681 1274; x_wconf 92' lang='grc'><strong>333</strong></span> <span class='ocrx_word' id='word_1_68' title='bbox 704 1215 851 1290; x_wconf 88' lang='grc'><strong>33333113,</strong></span> <span class='ocrx_word' id='word_1_69' title='bbox 873 1216 982 1278; x_wconf 89' lang='lat' dir='ltr'>saltem</span> <span class='ocrx_word' id='word_1_70' title='bbox 1005 1219 1219 1295; x_wconf 85' lang='lat' dir='ltr'>incompatibi-</span> 
     </span>
     <span class='ocr_line' id='line_1_15' title="bbox 474 1301 1221 1386; baseline 0.009 -23"><span class='ocrx_word' id='word_1_71' title='bbox 474 1301 513 1364; x_wconf 85' lang='lat' dir='ltr'><strong>lia</strong></span> <span class='ocrx_word' id='word_1_72' title='bbox 534 1312 609 1365; x_wconf 90' lang='lat' dir='ltr'>sant</span> <span class='ocrx_word' id='word_1_73' title='bbox 630 1322 701 1367; x_wconf 90' lang='lat' dir='ltr'>cum</span> <span class='ocrx_word' id='word_1_74' title='bbox 724 1323 834 1368; x_wconf 91' lang='grc'><strong>333331</strong></span> <span class='ocrx_word' id='word_1_75' title='bbox 856 1312 1016 1386; x_wconf 78' lang='lat' dir='ltr'>exercitia,</span> <span class='ocrx_word' id='word_1_76' title='bbox 1033 1312 1120 1372; x_wconf 87' lang='lat' dir='ltr'>velat</span> <span class='ocrx_word' id='word_1_77' title='bbox 1135 1311 1221 1374; x_wconf 93' lang='lat' dir='ltr'>Ordi-</span> 
     </span>
     <span class='ocr_line' id='line_1_16' title="bbox 475 1397 1219 1482; baseline 0.007 -24"><span class='ocrx_word' id='word_1_78' title='bbox 475 1397 522 1458; x_wconf 88' lang='lat' dir='ltr'><strong>nis</strong></span> <span class='ocrx_word' id='word_1_79' title='bbox 537 1397 645 1471; x_wconf 82' lang='grc'><strong>313313,</strong></span> <span class='ocrx_word' id='word_1_80' title='bbox 659 1401 693 1460; x_wconf 88' lang='grc'><strong>33</strong></span> <span class='ocrx_word' id='word_1_81' title='bbox 705 1417 784 1478; x_wconf 85' lang='grc'><strong>3333</strong></span> <span class='ocrx_word' id='word_1_82' title='bbox 799 1411 904 1464; x_wconf 91' lang='grc'><strong>333133</strong></span> <span class='ocrx_word' id='word_1_83' title='bbox 920 1405 1134 1482; x_wconf 87' lang='grc'><strong>3133331113333</strong></span> <span class='ocrx_word' id='word_1_84' title='bbox 1148 1404 1219 1480; x_wconf 87' lang='grc'><strong>31133</strong></span> 
     </span>
     <span class='ocr_line' id='line_1_17' title="bbox 473 1491 1219 1576; baseline 0.008 -23"><span class='ocrx_word' id='word_1_85' title='bbox 473 1491 564 1553; x_wconf 90' lang='grc'><strong>133133</strong></span> <span class='ocrx_word' id='word_1_86' title='bbox 585 1493 726 1570; x_wconf 89' lang='grc'><strong>33331331</strong></span> <span class='ocrx_word' id='word_1_87' title='bbox 747 1495 857 1557; x_wconf 84' lang='lat' dir='ltr'><strong>solent.</strong></span> <span class='ocrx_word' id='word_1_88' title='bbox 883 1497 943 1560; x_wconf 90' lang='lat' dir='ltr'>Hac</span> <span class='ocrx_word' id='word_1_89' title='bbox 958 1499 1054 1575; x_wconf 92' lang='lat' dir='ltr'>igitur</span> <span class='ocrx_word' id='word_1_90' title='bbox 1070 1499 1134 1561; x_wconf 88' lang='lat' dir='ltr'>visa</span> <span class='ocrx_word' id='word_1_91' title='bbox 1148 1515 1219 1576; x_wconf 90' lang='lat' dir='ltr'>sup-</span> 
     </span>
     <span class='ocr_line' id='line_1_18' title="bbox 473 1585 1220 1666; baseline 0.011 -20"><span class='ocrx_word' id='word_1_92' title='bbox 473 1585 638 1663; x_wconf 80' lang='lat' dir='ltr'>plicatione</span> <span class='ocrx_word' id='word_1_93' title='bbox 664 1603 839 1666; x_wconf 88' lang='lat' dir='ltr'>caagruum</span> <span class='ocrx_word' id='word_1_94' title='bbox 868 1591 941 1652; x_wconf 84' lang='lat' dir='ltr'>duxi</span> <span class='ocrx_word' id='word_1_95' title='bbox 964 1593 999 1654; x_wconf 91' lang='lat' dir='ltr'>ad</span> <span class='ocrx_word' id='word_1_96' title='bbox 1021 1593 1220 1655; x_wconf 87' lang='lat' dir='ltr'>consultatio-</span> 
     </span>
    </p>
   </div>
   <div class='ocr_carea' id='block_1_8' title="bbox 474 1681 1231 1764">
    <p class='ocr_par' dir='ltr' id='par_1_8' title="bbox 474 1681 1231 1764">
     <span class='ocr_line' id='line_1_19' title="bbox 474 1681 1231 1764; baseline 0.008 -24"><span class='ocrx_word' id='word_1_97' title='bbox 474 1695 545 1741; x_wconf 88' lang='lat' dir='ltr'><strong>nem</strong></span> <span class='ocrx_word' id='word_1_98' title='bbox 569 1681 631 1740; x_wconf 92' lang='lat' dir='ltr'><strong>mei</strong></span> <span class='ocrx_word' id='word_1_99' title='bbox 654 1681 811 1745; x_wconf 87' lang='lat' dir='ltr'>indiarum</span> <span class='ocrx_word' id='word_1_100' title='bbox 832 1685 952 1746; x_wconf 89' lang='lat' dir='ltr'>consilii</span> <span class='ocrx_word' id='word_1_101' title='bbox 971 1701 1037 1747; x_wconf 91' lang='lat' dir='ltr'><strong>rem</strong></span> <span class='ocrx_word' id='word_1_102' title='bbox 1053 1701 1108 1764; x_wconf 93' lang='lat' dir='ltr'><strong>pra</strong></span> <span class='ocrx_word' id='word_1_103' title='bbox 1125 1686 1231 1748; x_wconf 89' lang='lat' dir='ltr'>iular-·</span> 
     </span>
    </p>
   </div>
   <div class='ocr_carea' id='block_1_9' title="bbox 463 1774 1220 2708">
    <p class='ocr_par' dir='ltr' id='par_1_9' title="bbox 463 1774 1220 2708">
     <span class='ocr_line' id='line_1_20' title="bbox 473 1774 1217 1842; baseline 0.012 -10"><span class='ocrx_word' id='word_1_104' title='bbox 473 1774 610 1835; x_wconf 91' lang='grc'><strong>13311333</strong></span> <span class='ocrx_word' id='word_1_105' title='bbox 631 1783 661 1837; x_wconf 90' lang='grc'><strong>31</strong></span> <span class='ocrx_word' id='word_1_106' title='bbox 685 1784 756 1841; x_wconf 84' lang='grc'><strong>1313</strong></span> <span class='ocrx_word' id='word_1_107' title='bbox 773 1777 892 1840; x_wconf 91' lang='grc'><strong>3313333</strong></span> <span class='ocrx_word' id='word_1_108' title='bbox 914 1782 949 1842; x_wconf 92' lang='grc'><strong>33</strong></span> <span class='ocrx_word' id='word_1_109' title='bbox 971 1781 1217 1842; x_wconf 76' lang='lat' dir='ltr'>commissarium</span> 
     </span>
     <span class='ocr_line' id='line_1_21' title="bbox 474 1869 1217 1952; baseline 0.008 -22"><span class='ocrx_word' id='word_1_110' title='bbox 474 1869 650 1948; x_wconf 79' lang='lat' dir='ltr'>generalem</span> <span class='ocrx_word' id='word_1_111' title='bbox 678 1873 835 1934; x_wconf 89' lang='lat' dir='ltr'>lndiarum</span> <span class='ocrx_word' id='word_1_112' title='bbox 858 1875 891 1936; x_wconf 93' lang='grc'><strong>13</strong></span> <span class='ocrx_word' id='word_1_113' title='bbox 914 1876 995 1937; x_wconf 91' lang='grc'><strong>31313</strong></span> <span class='ocrx_word' id='word_1_114' title='bbox 1016 1875 1140 1949; x_wconf 77' lang='lat' dir='ltr'>Ordine,</span> <span class='ocrx_word' id='word_1_115' title='bbox 1165 1877 1217 1952; x_wconf 90' lang='lat' dir='ltr'>qul</span> 
     </span>
     <span class='ocr_line' id='line_1_22' title="bbox 463 1967 1219 2046; baseline 0.007 -21"><span class='ocrx_word' id='word_1_116' title='bbox 463 1967 626 2042; x_wconf 75' lang='lat' dir='ltr'>exposuit,</span> <span class='ocrx_word' id='word_1_117' title='bbox 646 1967 859 2030; x_wconf 82' lang='lat' dir='ltr'>fundationem</span> <span class='ocrx_word' id='word_1_118' title='bbox 874 1970 995 2046; x_wconf 91' lang='lat' dir='ltr'>collegii</span> <span class='ocrx_word' id='word_1_119' title='bbox 1013 1970 1219 2031; x_wconf 83' lang='lat' dir='ltr'>missiaaario-</span> 
     </span>
     <span class='ocr_line' id='line_1_23' title="bbox 473 2060 1217 2148; baseline 0.005 -28"><span class='ocrx_word' id='word_1_120' title='bbox 473 2075 544 2120; x_wconf 89' lang='lat' dir='ltr'><strong>rum</strong></span> <span class='ocrx_word' id='word_1_121' title='bbox 567 2060 804 2148; x_wconf 85' lang='lat' dir='ltr'>apostolicarum</span> <span class='ocrx_word' id='word_1_122' title='bbox 826 2064 857 2124; x_wconf 91' lang='lat' dir='ltr'><strong>in</strong></span> <span class='ocrx_word' id='word_1_123' title='bbox 876 2081 973 2141; x_wconf 89' lang='lat' dir='ltr'>regna</span> <span class='ocrx_word' id='word_1_124' title='bbox 988 2063 1128 2126; x_wconf 90' lang='lat' dir='ltr'>Peruana</span> <span class='ocrx_word' id='word_1_125' title='bbox 1143 2064 1217 2124; x_wconf 90' lang='lat' dir='ltr'>iam-</span> 
     </span>
     <span class='ocr_line' id='line_1_24' title="bbox 473 2154 1217 2238; baseline 0.007 -24"><span class='ocrx_word' id='word_1_126' title='bbox 473 2154 591 2214; x_wconf 80' lang='lat' dir='ltr'>dudum</span> <span class='ocrx_word' id='word_1_127' title='bbox 613 2155 834 2218; x_wconf 86' lang='lat' dir='ltr'>aausideratam</span> <span class='ocrx_word' id='word_1_128' title='bbox 857 2161 1090 2238; x_wconf 75' lang='lat' dir='ltr'>ordinatamque</span> <span class='ocrx_word' id='word_1_129' title='bbox 1111 2159 1217 2232; x_wconf 89' lang='lat' dir='ltr'>luisse,</span> 
     </span>
     <span class='ocr_line' id='line_1_25' title="bbox 474 2249 1217 2327; baseline 0.009 -22"><span class='ocrx_word' id='word_1_130' title='bbox 474 2253 630 2324; x_wconf 88' lang='lat' dir='ltr'>tamquam</span> <span class='ocrx_word' id='word_1_131' title='bbox 653 2249 932 2327; x_wconf 89' lang='lat' dir='ltr'>indispensabiliter</span> <span class='ocrx_word' id='word_1_132' title='bbox 959 2253 1161 2314; x_wconf 88' lang='lat' dir='ltr'>necessariam</span> <span class='ocrx_word' id='word_1_133' title='bbox 1183 2253 1217 2312; x_wconf 89' lang='lat' dir='ltr'>ad</span> 
     </span>
     <span class='ocr_line' id='line_1_26' title="bbox 474 2341 1218 2430; baseline 0.007 -30"><span class='ocrx_word' id='word_1_134' title='bbox 474 2341 544 2400; x_wconf 87' lang='lat' dir='ltr'>fidei</span> <span class='ocrx_word' id='word_1_135' title='bbox 566 2344 829 2420; x_wconf 83' lang='lat' dir='ltr'>propagationem,</span> <span class='ocrx_word' id='word_1_136' title='bbox 853 2347 885 2407; x_wconf 95' lang='grc'><strong>13</strong></span> <span class='ocrx_word' id='word_1_137' title='bbox 908 2348 1041 2430; x_wconf 80' lang='lat' dir='ltr'>comitiis</span> <span class='ocrx_word' id='word_1_138' title='bbox 1067 2346 1218 2424; x_wconf 75' lang='lat' dir='ltr'>generali</span> 
     </span>
     <span class='ocr_line' id='line_1_27' title="bbox 473 2431 1217 2516; baseline 0.012 -24"><span class='ocrx_word' id='word_1_139' title='bbox 473 2431 529 2493; x_wconf 90' lang='lat' dir='ltr'><strong>bus</strong></span> <span class='ocrx_word' id='word_1_140' title='bbox 549 2433 683 2509; x_wconf 88' lang='lat' dir='ltr'>Ordinis,</span> <span class='ocrx_word' id='word_1_141' title='bbox 707 2439 858 2516; x_wconf 91' lang='lat' dir='ltr'>totiesque</span> <span class='ocrx_word' id='word_1_142' title='bbox 880 2439 1107 2503; x_wconf 90' lang='lat' dir='ltr'>ordinationem</span> <span class='ocrx_word' id='word_1_143' title='bbox 1129 2441 1217 2502; x_wconf 90' lang='lat' dir='ltr'>istam</span> 
     </span>
     <span class='ocr_line' id='line_1_28' title="bbox 474 2532 1220 2600; baseline 0.013 -9"><span class='ocrx_word' id='word_1_144' title='bbox 474 2532 685 2592; x_wconf 87' lang='grc'><strong>3331131331313</strong></span> <span class='ocrx_word' id='word_1_145' title='bbox 709 2532 802 2595; x_wconf 89' lang='grc'><strong>131333</strong></span> <span class='ocrx_word' id='word_1_146' title='bbox 824 2553 838 2594; x_wconf 91' lang='grc'><strong>3</strong></span> <span class='ocrx_word' id='word_1_147' title='bbox 862 2538 991 2598; x_wconf 87' lang='lat' dir='ltr'>Summa</span> <span class='ocrx_word' id='word_1_148' title='bbox 1007 2539 1155 2600; x_wconf 89' lang='lat' dir='ltr'>Pantihce</span> <span class='ocrx_word' id='word_1_149' title='bbox 1170 2537 1220 2600; x_wconf 73' lang='lat' dir='ltr'><strong>ln-</strong></span> 
     </span>
     <span class='ocr_line' id='line_1_29' title="bbox 475 2626 1218 2708; baseline 0.008 -23"><span class='ocrx_word' id='word_1_150' title='bbox 475 2626 617 2685; x_wconf 89' lang='lat' dir='ltr'>noreutio</span> <span class='ocrx_word' id='word_1_151' title='bbox 639 2626 690 2688; x_wconf 90' lang='lat' dir='ltr'><strong>Xl.</strong></span> <span class='ocrx_word' id='word_1_152' title='bbox 716 2628 749 2689; x_wconf 93' lang='lat' dir='ltr'><strong>ln</strong></span> <span class='ocrx_word' id='word_1_153' title='bbox 773 2629 880 2705; x_wconf 89' lang='lat' dir='ltr'>primis</span> <span class='ocrx_word' id='word_1_154' title='bbox 901 2631 987 2690; x_wconf 90' lang='lat' dir='ltr'>enim</span> <span class='ocrx_word' id='word_1_155' title='bbox 1001 2631 1072 2708; x_wconf 94' lang='lat' dir='ltr'>quia</span> <span class='ocrx_word' id='word_1_156' title='bbox 1090 2631 1120 2691; x_wconf 90' lang='lat' dir='ltr'>iu</span> <span class='ocrx_word' id='word_1_157' title='bbox 1137 2630 1218 2691; x_wconf 87' lang='grc'><strong>31333</strong></span> 
     </span>
    </p>
   </div>
   <div class='ocr_carea' id='block_1_10' title="bbox 472 2905 1219 3743">
    <p class='ocr_par' dir='ltr' id='par_1_10' title="bbox 472 2905 1219 3743">
     <span class='ocr_line' id='line_1_30' title="bbox 475 2905 1219 2984; baseline 0.012 -19"><span class='ocrx_word' id='word_1_158' title='bbox 475 2905 559 2980; x_wconf 92' lang='lat' dir='ltr'>tuda,</span> <span class='ocrx_word' id='word_1_159' title='bbox 575 2923 653 2984; x_wconf 92' lang='lat' dir='ltr'>quae</span> <span class='ocrx_word' id='word_1_160' title='bbox 674 2925 746 2970; x_wconf 90' lang='grc'><strong>3333</strong></span> <span class='ocrx_word' id='word_1_161' title='bbox 767 2909 903 2970; x_wconf 91' lang='lat' dir='ltr'>maltum</span> <span class='ocrx_word' id='word_1_162' title='bbox 927 2909 1092 2974; x_wconf 88' lang='lat' dir='ltr'>conferunt</span> <span class='ocrx_word' id='word_1_163' title='bbox 1114 2914 1149 2974; x_wconf 93' lang='grc'><strong>33</strong></span> <span class='ocrx_word' id='word_1_164' title='bbox 1171 2913 1219 2974; x_wconf 91' lang='grc'><strong>13-</strong></span> 
     </span>
     <span class='ocr_line' id='line_1_31' title="bbox 473 3001 1217 3092; baseline 0.009 -30"><span class='ocrx_word' id='word_1_165' title='bbox 473 3001 648 3066; x_wconf 88' lang='grc'><strong>333333313</strong></span> <span class='ocrx_word' id='word_1_166' title='bbox 676 3006 803 3092; x_wconf 84' lang='grc'><strong>33131133</strong></span> <span class='ocrx_word' id='word_1_167' title='bbox 828 3005 984 3068; x_wconf 88' lang='lat' dir='ltr'>fervorem</span> <span class='ocrx_word' id='word_1_168' title='bbox 1006 3011 1038 3068; x_wconf 93' lang='lat' dir='ltr'><strong>in</strong></span> <span class='ocrx_word' id='word_1_169' title='bbox 1059 3007 1140 3081; x_wconf 92' lang='lat' dir='ltr'>illas,</span> <span class='ocrx_word' id='word_1_170' title='bbox 1164 3007 1217 3085; x_wconf 91' lang='lat' dir='ltr'>qui</span> 
     </span>
     <span class='ocr_line' id='line_1_32' title="bbox 474 3098 1219 3177; baseline 0.009 -21"><span class='ocrx_word' id='word_1_171' title='bbox 474 3103 596 3159; x_wconf 89' lang='lat' dir='ltr'>tautum</span> <span class='ocrx_word' id='word_1_172' title='bbox 625 3098 836 3161; x_wconf 90' lang='lat' dir='ltr'>ministerium</span> <span class='ocrx_word' id='word_1_173' title='bbox 863 3100 1095 3177; x_wconf 88' lang='lat' dir='ltr'>evangelizandi</span> <span class='ocrx_word' id='word_1_174' title='bbox 1118 3103 1219 3177; x_wconf 88' lang='lat' dir='ltr'>genti·</span> 
     </span>
     <span class='ocr_line' id='line_1_33' title="bbox 472 3190 1217 3273; baseline 0.009 -22"><span class='ocrx_word' id='word_1_175' title='bbox 472 3190 529 3252; x_wconf 92' lang='lat' dir='ltr'><strong>hus</strong></span> <span class='ocrx_word' id='word_1_176' title='bbox 546 3192 729 3270; x_wconf 89' lang='lat' dir='ltr'>suscipiunt.</span> <span class='ocrx_word' id='word_1_177' title='bbox 749 3193 785 3255; x_wconf 92' lang='lat' dir='ltr'><strong>Hi</strong></span> <span class='ocrx_word' id='word_1_178' title='bbox 800 3195 884 3256; x_wconf 91' lang='lat' dir='ltr'>enim</span> <span class='ocrx_word' id='word_1_179' title='bbox 899 3196 997 3273; x_wconf 92' lang='lat' dir='ltr'>parati</span> <span class='ocrx_word' id='word_1_180' title='bbox 1011 3212 1077 3256; x_wconf 90' lang='lat' dir='ltr'>esse</span> <span class='ocrx_word' id='word_1_181' title='bbox 1092 3196 1217 3269; x_wconf 89' lang='lat' dir='ltr'>debent,</span> 
     </span>
     <span class='ocr_line' id='line_1_34' title="bbox 472 3285 1218 3366; baseline 0.005 -21"><span class='ocrx_word' id='word_1_182' title='bbox 472 3293 524 3346; x_wconf 92' lang='lat' dir='ltr'><strong>aut</strong></span> <span class='ocrx_word' id='word_1_183' title='bbox 546 3285 580 3346; x_wconf 92' lang='grc'><strong>33</strong></span> <span class='ocrx_word' id='word_1_184' title='bbox 604 3286 856 3364; x_wconf 79' lang='lat' dir='ltr'>profundendum</span> <span class='ocrx_word' id='word_1_185' title='bbox 878 3305 933 3366; x_wconf 91' lang='lat' dir='ltr'>pro</span> <span class='ocrx_word' id='word_1_186' title='bbox 955 3289 1076 3352; x_wconf 86' lang='lat' dir='ltr'>Christo</span> <span class='ocrx_word' id='word_1_187' title='bbox 1093 3289 1218 3364; x_wconf 88' lang='lat' dir='ltr'>sangui-</span> 
     </span>
     <span class='ocr_line' id='line_1_35' title="bbox 473 3380 1218 3460; baseline 0.007 -20"><span class='ocrx_word' id='word_1_188' title='bbox 473 3394 559 3454; x_wconf 91' lang='lat' dir='ltr'>nem,</span> <span class='ocrx_word' id='word_1_189' title='bbox 580 3380 661 3458; x_wconf 92' lang='lat' dir='ltr'>quad</span> <span class='ocrx_word' id='word_1_190' title='bbox 683 3381 864 3460; x_wconf 89' lang='lat' dir='ltr'>frequenter</span> <span class='ocrx_word' id='word_1_191' title='bbox 879 3383 997 3457; x_wconf 89' lang='lat' dir='ltr'>accidit,</span> <span class='ocrx_word' id='word_1_192' title='bbox 1015 3392 1067 3445; x_wconf 93' lang='lat' dir='ltr'><strong>aut</strong></span> <span class='ocrx_word' id='word_1_193' title='bbox 1083 3383 1218 3446; x_wconf 89' lang='lat' dir='ltr'>civiliter</span> 
     </span>
     <span class='ocr_line' id='line_1_36' title="bbox 473 3475 1219 3554; baseline 0.005 -20"><span class='ocrx_word' id='word_1_194' title='bbox 473 3489 523 3534; x_wconf 91' lang='grc'><strong>333</strong></span> <span class='ocrx_word' id='word_1_195' title='bbox 544 3475 625 3536; x_wconf 89' lang='grc'><strong>31331</strong></span> <span class='ocrx_word' id='word_1_196' title='bbox 647 3491 771 3538; x_wconf 90' lang='grc'><strong>3333333</strong></span> <span class='ocrx_word' id='word_1_197' title='bbox 792 3483 850 3551; x_wconf 90' lang='grc'><strong>331,</strong></span> <span class='ocrx_word' id='word_1_198' title='bbox 873 3477 1084 3553; x_wconf 77' lang='lat' dir='ltr'>ingredientes</span> <span class='ocrx_word' id='word_1_199' title='bbox 1104 3485 1134 3538; x_wconf 89' lang='grc'><strong>31</strong></span> <span class='ocrx_word' id='word_1_200' title='bbox 1148 3493 1219 3554; x_wconf 91' lang='grc'><strong>333-</strong></span> 
     </span>
     <span class='ocr_line' id='line_1_37' title="bbox 472 3566 1219 3650; baseline 0.008 -22"><span class='ocrx_word' id='word_1_201' title='bbox 472 3566 616 3630; x_wconf 82' lang='lat' dir='ltr'>cedentes</span> <span class='ocrx_word' id='word_1_202' title='bbox 637 3585 692 3646; x_wconf 92' lang='lat' dir='ltr'><strong>per</strong></span> <span class='ocrx_word' id='word_1_203' title='bbox 717 3572 886 3648; x_wconf 87' lang='lat' dir='ltr'>asperrima</span> <span class='ocrx_word' id='word_1_204' title='bbox 917 3571 1064 3650; x_wconf 88' lang='lat' dir='ltr'>locorum,</span> <span class='ocrx_word' id='word_1_205' title='bbox 1088 3571 1219 3634; x_wconf 91' lang='lat' dir='ltr'>mauda-</span> 
     </span>
     <span class='ocr_line' id='line_1_38' title="bbox 472 3663 1217 3743; baseline 0.005 -21"><span class='ocrx_word' id='word_1_206' title='bbox 472 3668 575 3722; x_wconf 88' lang='lat' dir='ltr'>oantes</span> <span class='ocrx_word' id='word_1_207' title='bbox 606 3677 668 3723; x_wconf 94' lang='grc'><strong>333</strong></span> <span class='ocrx_word' id='word_1_208' title='bbox 691 3679 759 3722; x_wconf 89' lang='grc'><strong>3333</strong></span> <span class='ocrx_word' id='word_1_209' title='bbox 790 3664 883 3738; x_wconf 88' lang='lat' dir='ltr'>cibos,</span> <span class='ocrx_word' id='word_1_210' title='bbox 906 3679 982 3743; x_wconf 93' lang='lat' dir='ltr'>quas</span> <span class='ocrx_word' id='word_1_211' title='bbox 1012 3663 1079 3726; x_wconf 85' lang='lat' dir='ltr'>auia</span> <span class='ocrx_word' id='word_1_212' title='bbox 1101 3663 1217 3741; x_wconf 92' lang='lat' dir='ltr'>profert</span> 
     </span>
    </p>
   </div>
   <div class='ocr_carea' id='block_1_11' title="bbox 474 3753 1220 3828">
    <p class='ocr_par' dir='ltr' id='par_1_11' title="bbox 474 3753 1220 3828">
     <span class='ocr_line' id='line_1_39' title="bbox 474 3753 1220 3828; baseline 0.007 -14"><span class='ocrx_word' id='word_1_213' title='bbox 474 3753 577 3828; x_wconf 87' lang='grc'><strong>131133,</strong></span> <span class='ocrx_word' id='word_1_214' title='bbox 596 3764 626 3817; x_wconf 87' lang='grc'><strong>31</strong></span> <span class='ocrx_word' id='word_1_215' title='bbox 647 3756 864 3818; x_wconf 85' lang='lat' dir='ltr'>recumbentes</span> <span class='ocrx_word' id='word_1_216' title='bbox 879 3773 941 3818; x_wconf 84' lang='grc'><strong>331</strong></span> <span class='ocrx_word' id='word_1_217' title='bbox 956 3767 1020 3818; x_wconf 84' lang='grc'><strong>3133</strong></span> <span class='ocrx_word' id='word_1_218' title='bbox 1035 3757 1089 3819; x_wconf 86' lang='grc'><strong>3111</strong></span> <span class='ocrx_word' id='word_1_219' title='bbox 1105 3773 1156 3818; x_wconf 91' lang='grc'><strong>333</strong></span> <span class='ocrx_word' id='word_1_220' title='bbox 1171 3773 1220 3819; x_wconf 89' lang='grc'><strong>33-</strong></span> 
     </span>
    </p>
   </div>
   <div class='ocr_carea' id='block_1_12' title="bbox 416 3848 1219 5995">
    <p class='ocr_par' dir='ltr' id='par_1_12' title="bbox 416 3848 1219 5995">
     <span class='ocr_line' id='line_1_40' title="bbox 471 3848 1219 3927; baseline 0.005 -21"><span class='ocrx_word' id='word_1_221' title='bbox 471 3853 579 3923; x_wconf 84' lang='grc'><strong>33331;</strong></span> <span class='ocrx_word' id='word_1_222' title='bbox 602 3863 681 3924; x_wconf 90' lang='lat' dir='ltr'>quae</span> <span class='ocrx_word' id='word_1_223' title='bbox 698 3848 825 3926; x_wconf 90' lang='lat' dir='ltr'>quidem</span> <span class='ocrx_word' id='word_1_224' title='bbox 839 3866 933 3911; x_wconf 90' lang='lat' dir='ltr'>onera</span> <span class='ocrx_word' id='word_1_225' title='bbox 948 3851 1016 3912; x_wconf 90' lang='lat' dir='ltr'>sine</span> <span class='ocrx_word' id='word_1_226' title='bbox 1030 3865 1144 3926; x_wconf 88' lang='grc'><strong>313333</strong></span> <span class='ocrx_word' id='word_1_227' title='bbox 1158 3849 1219 3927; x_wconf 89' lang='grc'><strong>331-</strong></span> 
     </span>
     <span class='ocr_line' id='line_1_41' title="bbox 416 3938 1218 4021; baseline 0.006 -22"><span class='ocrx_word' id='word_1_228' title='bbox 416 3949 419 3954; x_wconf 86' lang='grc'><strong>’</strong></span> <span class='ocrx_word' id='word_1_229' title='bbox 472 3938 577 4000; x_wconf 90' lang='lat' dir='ltr'>rituali</span> <span class='ocrx_word' id='word_1_230' title='bbox 608 3941 730 4003; x_wconf 85' lang='lat' dir='ltr'>ferrare</span> <span class='ocrx_word' id='word_1_231' title='bbox 756 3959 811 4020; x_wconf 92' lang='lat' dir='ltr'>pro</span> <span class='ocrx_word' id='word_1_232' title='bbox 833 3945 1008 4006; x_wconf 89' lang='lat' dir='ltr'>animarum</span> <span class='ocrx_word' id='word_1_233' title='bbox 1029 3944 1128 4005; x_wconf 88' lang='grc'><strong>331313</strong></span> <span class='ocrx_word' id='word_1_234' title='bbox 1149 3959 1218 4021; x_wconf 90' lang='lat' dir='ltr'>per·</span> 
     </span>
     <span class='ocr_line' id='line_1_42' title="bbox 472 4031 1217 4116; baseline 0.005 -24"><span class='ocrx_word' id='word_1_235' title='bbox 472 4031 546 4093; x_wconf 91' lang='lat' dir='ltr'>ferri</span> <span class='ocrx_word' id='word_1_236' title='bbox 568 4043 741 4113; x_wconf 89' lang='lat' dir='ltr'>nequeunt.</span> <span class='ocrx_word' id='word_1_237' title='bbox 761 4038 879 4099; x_wconf 86' lang='lat' dir='ltr'>Rursus</span> <span class='ocrx_word' id='word_1_238' title='bbox 900 4039 993 4100; x_wconf 90' lang='lat' dir='ltr'>etiam</span> <span class='ocrx_word' id='word_1_239' title='bbox 1014 4039 1085 4116; x_wconf 92' lang='lat' dir='ltr'>quia</span> <span class='ocrx_word' id='word_1_240' title='bbox 1099 4038 1123 4098; x_wconf 90' lang='lat' dir='ltr'><strong>si</strong></span> <span class='ocrx_word' id='word_1_241' title='bbox 1139 4037 1217 4113; x_wconf 91' lang='lat' dir='ltr'>erigi</span> 
     </span>
     <span class='ocr_line' id='line_1_43' title="bbox 473 4128 1217 4208; baseline 0.003 -20"><span class='ocrx_word' id='word_1_242' title='bbox 473 4128 632 4204; x_wconf 89' lang='lat' dir='ltr'>contingat</span> <span class='ocrx_word' id='word_1_243' title='bbox 643 4129 811 4207; x_wconf 86' lang='lat' dir='ltr'>collegium</span> <span class='ocrx_word' id='word_1_244' title='bbox 825 4147 896 4193; x_wconf 88' lang='lat' dir='ltr'><strong>aum</strong></span> <span class='ocrx_word' id='word_1_245' title='bbox 910 4132 958 4192; x_wconf 90' lang='lat' dir='ltr'><strong>suf</strong></span> <span class='ocrx_word' id='word_1_246' title='bbox 972 4131 1143 4208; x_wconf 80' lang='lat' dir='ltr'>guardiam,</span> <span class='ocrx_word' id='word_1_247' title='bbox 1158 4131 1217 4191; x_wconf 90' lang='lat' dir='ltr'>dis·</span> 
     </span>
     <span class='ocr_line' id='line_1_44' title="bbox 472 4224 1217 4303; baseline 0.005 -21"><span class='ocrx_word' id='word_1_248' title='bbox 472 4229 641 4296; x_wconf 84' lang='lat' dir='ltr'>cretarum,</span> <span class='ocrx_word' id='word_1_249' title='bbox 658 4224 915 4303; x_wconf 83' lang='lat' dir='ltr'>officinarumque</span> <span class='ocrx_word' id='word_1_250' title='bbox 929 4224 1137 4301; x_wconf 91' lang='lat' dir='ltr'>institutione,</span> <span class='ocrx_word' id='word_1_251' title='bbox 1154 4240 1217 4286; x_wconf 94' lang='lat' dir='ltr'><strong>me-</strong></span> 
     </span>
     <span class='ocr_line' id='line_1_45' title="bbox 473 4312 1217 4396; baseline 0.009 -23"><span class='ocrx_word' id='word_1_252' title='bbox 473 4312 531 4374; x_wconf 91' lang='lat' dir='ltr'>lius</span> <span class='ocrx_word' id='word_1_253' title='bbox 553 4317 710 4392; x_wconf 89' lang='lat' dir='ltr'>procurari</span> <span class='ocrx_word' id='word_1_254' title='bbox 734 4317 837 4379; x_wconf 88' lang='lat' dir='ltr'>valent</span> <span class='ocrx_word' id='word_1_255' title='bbox 858 4319 1013 4393; x_wconf 88' lang='lat' dir='ltr'>victualia,</span> <span class='ocrx_word' id='word_1_256' title='bbox 1037 4331 1217 4396; x_wconf 87' lang='lat' dir='ltr'>caeteraque</span> 
     </span>
     <span class='ocr_line' id='line_1_46' title="bbox 473 4405 1217 4491; baseline 0.007 -23"><span class='ocrx_word' id='word_1_257' title='bbox 473 4405 710 4486; x_wconf 86' lang='lat' dir='ltr'>Neophytarum</span> <span class='ocrx_word' id='word_1_258' title='bbox 736 4411 882 4487; x_wconf 88' lang='lat' dir='ltr'>subsidia,</span> <span class='ocrx_word' id='word_1_259' title='bbox 912 4412 1095 4491; x_wconf 89' lang='lat' dir='ltr'>populisque</span> <span class='ocrx_word' id='word_1_260' title='bbox 1117 4413 1217 4490; x_wconf 89' lang='lat' dir='ltr'>patior</span> 
     </span>
     <span class='ocr_line' id='line_1_47' title="bbox 473 4503 1217 4585; baseline 0.008 -25"><span class='ocrx_word' id='word_1_261' title='bbox 473 4503 618 4578; x_wconf 90' lang='lat' dir='ltr'>praestari</span> <span class='ocrx_word' id='word_1_262' title='bbox 648 4504 833 4566; x_wconf 76' lang='lat' dir='ltr'>adsistentis.</span> <span class='ocrx_word' id='word_1_263' title='bbox 868 4506 952 4568; x_wconf 85' lang='grc'><strong>11333</strong></span> <span class='ocrx_word' id='word_1_264' title='bbox 984 4507 1123 4582; x_wconf 91' lang='lat' dir='ltr'>demum,</span> <span class='ocrx_word' id='word_1_265' title='bbox 1145 4505 1217 4585; x_wconf 90' lang='lat' dir='ltr'>quia</span> 
     </span>
     <span class='ocr_line' id='line_1_48' title="bbox 473 4594 1218 4676; baseline 0.013 -23"><span class='ocrx_word' id='word_1_266' title='bbox 473 4594 625 4657; x_wconf 84' lang='lat' dir='ltr'>existente</span> <span class='ocrx_word' id='word_1_267' title='bbox 656 4611 751 4676; x_wconf 90' lang='lat' dir='ltr'>prope</span> <span class='ocrx_word' id='word_1_268' title='bbox 781 4599 962 4661; x_wconf 89' lang='lat' dir='ltr'>missionem</span> <span class='ocrx_word' id='word_1_269' title='bbox 991 4600 1218 4676; x_wconf 87' lang='grc'><strong>331133133331</strong></span> 
     </span>
     <span class='ocr_line' id='line_1_49' title="bbox 472 4689 1216 4773; baseline 0.011 -25"><span class='ocrx_word' id='word_1_270' title='bbox 472 4704 528 4749; x_wconf 92' lang='lat' dir='ltr'><strong>sua</strong></span> <span class='ocrx_word' id='word_1_271' title='bbox 543 4689 779 4770; x_wconf 88' lang='lat' dir='ltr'>valetudinaria,</span> <span class='ocrx_word' id='word_1_272' title='bbox 792 4694 920 4773; x_wconf 90' lang='lat' dir='ltr'>aliisque</span> <span class='ocrx_word' id='word_1_273' title='bbox 935 4695 1216 4770; x_wconf 88' lang='lat' dir='ltr'>commoditatibus,</span> 
     </span>
     <span class='ocr_line' id='line_1_50' title="bbox 472 4785 1216 4866; baseline 0.005 -21"><span class='ocrx_word' id='word_1_274' title='bbox 472 4785 681 4847; x_wconf 90' lang='lat' dir='ltr'>consolatione</span> <span class='ocrx_word' id='word_1_275' title='bbox 696 4787 874 4851; x_wconf 83' lang='lat' dir='ltr'>alliciuntur</span> <span class='ocrx_word' id='word_1_276' title='bbox 886 4790 994 4852; x_wconf 91' lang='lat' dir='ltr'>maiori</span> <span class='ocrx_word' id='word_1_277' title='bbox 1004 4805 1216 4866; x_wconf 82' lang='lat' dir='ltr'>conversares;</span> 
     </span>
     <span class='ocr_line' id='line_1_51' title="bbox 472 4879 1219 4962; baseline 0.005 -22"><span class='ocrx_word' id='word_1_278' title='bbox 472 4879 574 4942; x_wconf 89' lang='lat' dir='ltr'>sciunt</span> <span class='ocrx_word' id='word_1_279' title='bbox 596 4882 709 4960; x_wconf 88' lang='lat' dir='ltr'>quippe</span> <span class='ocrx_word' id='word_1_280' title='bbox 730 4891 910 4962; x_wconf 90' lang='lat' dir='ltr'>promptum</span> <span class='ocrx_word' id='word_1_281' title='bbox 931 4884 988 4946; x_wconf 90' lang='lat' dir='ltr'>sibi</span> <span class='ocrx_word' id='word_1_282' title='bbox 1010 4885 1114 4946; x_wconf 90' lang='lat' dir='ltr'>adesse</span> <span class='ocrx_word' id='word_1_283' title='bbox 1135 4898 1219 4944; x_wconf 87' lang='lat' dir='ltr'>rece-</span> 
     </span>
     <span class='ocr_line' id='line_1_52' title="bbox 473 4976 1218 5058; baseline 0.007 -23"><span class='ocrx_word' id='word_1_284' title='bbox 473 4976 631 5052; x_wconf 89' lang='lat' dir='ltr'>ptaculum</span> <span class='ocrx_word' id='word_1_285' title='bbox 652 4977 684 5038; x_wconf 90' lang='grc'><strong>13</strong></span> <span class='ocrx_word' id='word_1_286' title='bbox 700 4979 762 5040; x_wconf 85' lang='grc'><strong>3313</strong></span> <span class='ocrx_word' id='word_1_287' title='bbox 778 4979 1035 5056; x_wconf 72' lang='lat' dir='ltr'>aegritudinibus</span> <span class='ocrx_word' id='word_1_288' title='bbox 1051 4979 1218 5058; x_wconf 92' lang='lat' dir='ltr'>lacumque</span> 
     </span>
     <span class='ocr_line' id='line_1_53' title="bbox 473 5068 1217 5148; baseline 0.005 -20"><span class='ocrx_word' id='word_1_289' title='bbox 473 5068 585 5146; x_wconf 90' lang='lat' dir='ltr'>quietis</span> <span class='ocrx_word' id='word_1_290' title='bbox 606 5085 662 5148; x_wconf 89' lang='lat' dir='ltr'><strong>pra</strong></span> <span class='ocrx_word' id='word_1_291' title='bbox 677 5071 847 5148; x_wconf 81' lang='lat' dir='ltr'>defatigatis</span> <span class='ocrx_word' id='word_1_292' title='bbox 862 5073 894 5135; x_wconf 95' lang='grc'><strong>13</strong></span> <span class='ocrx_word' id='word_1_293' title='bbox 910 5073 1077 5136; x_wconf 89' lang='lat' dir='ltr'>laboribus:</span> <span class='ocrx_word' id='word_1_294' title='bbox 1096 5081 1217 5135; x_wconf 86' lang='grc'><strong>313333</strong></span> 
     </span>
     <span class='ocr_line' id='line_1_54' title="bbox 473 5162 1217 5248; baseline 0.013 -28"><span class='ocrx_word' id='word_1_295' title='bbox 473 5162 498 5222; x_wconf 90' lang='lat' dir='ltr'><strong>si</strong></span> <span class='ocrx_word' id='word_1_296' title='bbox 520 5163 563 5225; x_wconf 90' lang='lat' dir='ltr'><strong>eis</strong></span> <span class='ocrx_word' id='word_1_297' title='bbox 583 5163 661 5228; x_wconf 89' lang='lat' dir='ltr'>desit</span> <span class='ocrx_word' id='word_1_298' title='bbox 681 5167 793 5246; x_wconf 89' lang='lat' dir='ltr'>refugii</span> <span class='ocrx_word' id='word_1_299' title='bbox 812 5169 908 5245; x_wconf 90' lang='lat' dir='ltr'>lacus,</span> <span class='ocrx_word' id='word_1_300' title='bbox 925 5171 1096 5248; x_wconf 85' lang='grc'><strong>3131333331</strong></span> <span class='ocrx_word' id='word_1_301' title='bbox 1113 5169 1217 5246; x_wconf 85' lang='lat' dir='ltr'>uagari</span> 
     </span>
     <span class='ocr_line' id='line_1_55' title="bbox 474 5261 1218 5341; baseline 0.004 -19"><span class='ocrx_word' id='word_1_302' title='bbox 474 5261 606 5325; x_wconf 90' lang='lat' dir='ltr'>debeant</span> <span class='ocrx_word' id='word_1_303' title='bbox 628 5280 683 5341; x_wconf 91' lang='lat' dir='ltr'><strong>per</strong></span> <span class='ocrx_word' id='word_1_304' title='bbox 703 5264 777 5339; x_wconf 90' lang='grc'><strong>1333,</strong></span> <span class='ocrx_word' id='word_1_305' title='bbox 798 5266 830 5326; x_wconf 95' lang='grc'><strong>13</strong></span> <span class='ocrx_word' id='word_1_306' title='bbox 852 5281 962 5327; x_wconf 91' lang='grc'><strong>333313</strong></span> <span class='ocrx_word' id='word_1_307' title='bbox 984 5264 1143 5326; x_wconf 89' lang='lat' dir='ltr'>vacatione</span> <span class='ocrx_word' id='word_1_308' title='bbox 1164 5263 1218 5326; x_wconf 92' lang='lat' dir='ltr'>fri-</span> 
     </span>
     <span class='ocr_line' id='line_1_56' title="bbox 474 5357 1217 5437; baseline 0.003 -21"><span class='ocrx_word' id='word_1_309' title='bbox 474 5365 615 5433; x_wconf 92' lang='lat' dir='ltr'>gescunt,</span> <span class='ocrx_word' id='word_1_310' title='bbox 637 5357 669 5418; x_wconf 92' lang='grc'><strong>13</strong></span> <span class='ocrx_word' id='word_1_311' title='bbox 692 5360 846 5437; x_wconf 88' lang='lat' dir='ltr'>proposita</span> <span class='ocrx_word' id='word_1_312' title='bbox 878 5358 969 5435; x_wconf 89' lang='lat' dir='ltr'>tepidi</span> <span class='ocrx_word' id='word_1_313' title='bbox 991 5359 1140 5432; x_wconf 82' lang='lat' dir='ltr'>evadunt,</span> <span class='ocrx_word' id='word_1_314' title='bbox 1165 5357 1217 5418; x_wconf 92' lang='lat' dir='ltr'>tri·</span> 
     </span>
     <span class='ocr_line' id='line_1_57' title="bbox 472 5451 1218 5528; baseline 0 -17"><span class='ocrx_word' id='word_1_315' title='bbox 472 5458 598 5528; x_wconf 83' lang='grc'><strong>3133333</strong></span> <span class='ocrx_word' id='word_1_316' title='bbox 620 5451 741 5511; x_wconf 83' lang='lat' dir='ltr'>vivunt.</span> <span class='ocrx_word' id='word_1_317' title='bbox 762 5451 877 5525; x_wconf 86' lang='lat' dir='ltr'>Quibus</span> <span class='ocrx_word' id='word_1_318' title='bbox 898 5451 1065 5514; x_wconf 91' lang='lat' dir='ltr'>addebatur</span> <span class='ocrx_word' id='word_1_319' title='bbox 1085 5452 1218 5514; x_wconf 91' lang='lat' dir='ltr'>circum-</span> 
     </span>
     <span class='ocr_line' id='line_1_58' title="bbox 472 5541 1217 5622; baseline 0.004 -19"><span class='ocrx_word' id='word_1_320' title='bbox 472 5544 593 5604; x_wconf 88' lang='lat' dir='ltr'>stantiis</span> <span class='ocrx_word' id='word_1_321' title='bbox 624 5541 680 5602; x_wconf 86' lang='lat' dir='ltr'>alia</span> <span class='ocrx_word' id='word_1_322' title='bbox 711 5544 874 5620; x_wconf 85' lang='lat' dir='ltr'>peculiaris</span> <span class='ocrx_word' id='word_1_323' title='bbox 902 5560 956 5622; x_wconf 93' lang='lat' dir='ltr'>pro</span> <span class='ocrx_word' id='word_1_324' title='bbox 981 5545 1217 5606; x_wconf 86' lang='lat' dir='ltr'>confirmatione</span> 
     </span>
     <span class='ocr_line' id='line_1_59' title="bbox 473 5633 1216 5715; baseline 0.005 -21"><span class='ocrx_word' id='word_1_325' title='bbox 473 5633 594 5712; x_wconf 90' lang='lat' dir='ltr'>collegii</span> <span class='ocrx_word' id='word_1_326' title='bbox 616 5638 655 5698; x_wconf 91' lang='grc'><strong>33</strong></span> <span class='ocrx_word' id='word_1_327' title='bbox 671 5635 781 5713; x_wconf 81' lang='grc'><strong>113333,</strong></span> <span class='ocrx_word' id='word_1_328' title='bbox 798 5639 877 5714; x_wconf 93' lang='lat' dir='ltr'>quad</span> <span class='ocrx_word' id='word_1_329' title='bbox 894 5639 1045 5698; x_wconf 91' lang='lat' dir='ltr'>nimirum</span> <span class='ocrx_word' id='word_1_330' title='bbox 1060 5637 1101 5698; x_wconf 92' lang='lat' dir='ltr'><strong>ibi</strong></span> <span class='ocrx_word' id='word_1_331' title='bbox 1116 5637 1216 5715; x_wconf 91' lang='lat' dir='ltr'>sepul-</span> 
     </span>
     <span class='ocr_line' id='line_1_60' title="bbox 474 5729 1216 5804; baseline 0.004 -16"><span class='ocrx_word' id='word_1_332' title='bbox 474 5736 523 5788; x_wconf 92' lang='lat' dir='ltr'><strong>tus</strong></span> <span class='ocrx_word' id='word_1_333' title='bbox 544 5737 590 5788; x_wconf 91' lang='lat' dir='ltr'><strong>est</strong></span> <span class='ocrx_word' id='word_1_334' title='bbox 612 5745 684 5804; x_wconf 88' lang='lat' dir='ltr'>ven.</span> <span class='ocrx_word' id='word_1_335' title='bbox 702 5729 1216 5792; x_wconf 75' lang='grc'><strong>3133331313333131·1331333333-</strong></span> 
     </span>
     <span class='ocr_line' id='line_1_61' title="bbox 473 5821 1217 5900; baseline 0.005 -20"><span class='ocrx_word' id='word_1_336' title='bbox 473 5821 570 5882; x_wconf 87' lang='lat' dir='ltr'>cisaus</span> <span class='ocrx_word' id='word_1_337' title='bbox 591 5823 628 5884; x_wconf 90' lang='grc'><strong>33</strong></span> <span class='ocrx_word' id='word_1_338' title='bbox 651 5823 762 5884; x_wconf 89' lang='lat' dir='ltr'>Sancto</span> <span class='ocrx_word' id='word_1_339' title='bbox 784 5822 921 5900; x_wconf 89' lang='lat' dir='ltr'>losepbo,</span> <span class='ocrx_word' id='word_1_340' title='bbox 944 5824 1142 5900; x_wconf 83' lang='grc'><strong>3333311331</strong></span> <span class='ocrx_word' id='word_1_341' title='bbox 1158 5825 1217 5884; x_wconf 93' lang='lat' dir='ltr'>ori-</span> 
     </span>
     <span class='ocr_line' id='line_1_62' title="bbox 475 5913 1217 5995; baseline 0.004 -21"><span class='ocrx_word' id='word_1_342' title='bbox 475 5913 581 5992; x_wconf 90' lang='lat' dir='ltr'>ginem</span> <span class='ocrx_word' id='word_1_343' title='bbox 602 5924 786 5995; x_wconf 86' lang='lat' dir='ltr'>acceperuut</span> <span class='ocrx_word' id='word_1_344' title='bbox 807 5931 913 5976; x_wconf 89' lang='grc'><strong>313333</strong></span> <span class='ocrx_word' id='word_1_345' title='bbox 930 5915 1087 5980; x_wconf 90' lang='grc' dir='ltr'><strong>Ρ3333333</strong></span> <span class='ocrx_word' id='word_1_346' title='bbox 1100 5917 1217 5978; x_wconf 87' lang='grc'><strong>1313313-</strong></span> 
     </span>
    </p>
   </div>
   <div class='ocr_carea' id='block_1_13' title="bbox 999 529 1497 577">
    <p class='ocr_par' dir='ltr' id='par_1_13' title="bbox 999 529 1497 577">
     <span class='ocr_line' id='line_1_63' title="bbox 999 529 1497 577; baseline 0.002 -4"><span class='ocrx_word' id='word_1_347' title='bbox 999 529 1064 574; x_wconf 83' lang='lat' dir='ltr'>lllll·</span> <span class='ocrx_word' id='word_1_348' title='bbox 1088 529 1179 574; x_wconf 85' lang='lat' dir='ltr'>PON&#39;l&#39;.</span> <span class='ocrx_word' id='word_1_349' title='bbox 1203 529 1243 574; x_wconf 77' lang='lat' dir='ltr'><strong>bs</strong></span> <span class='ocrx_word' id='word_1_350' title='bbox 1265 529 1294 573; x_wconf 84' lang='lat' dir='ltr'><strong>P·</strong></span> <span class='ocrx_word' id='word_1_351' title='bbox 1317 531 1348 575; x_wconf 73' lang='lat' dir='ltr'><strong>F·</strong></span> <span class='ocrx_word' id='word_1_352' title='bbox 1372 531 1455 577; x_wconf 79' lang='lat' dir='ltr'>PARS</span> <span class='ocrx_word' id='word_1_353' title='bbox 1476 531 1497 575; x_wconf 92' lang='grc'><strong>1.</strong></span> 
     </span>
    </p>
   </div>
   <div class='ocr_carea' id='block_1_14' title="bbox 1272 652 2022 2707">
    <p class='ocr_par' dir='ltr' id='par_1_14' title="bbox 1272 652 2022 2707">
     <span class='ocr_line' id='line_1_64' title="bbox 1275 652 2021 733; baseline 0.007 -23"><span class='ocrx_word' id='word_1_354' title='bbox 1275 666 1347 727; x_wconf 83' lang='grc'><strong>333;</strong></span> <span class='ocrx_word' id='word_1_355' title='bbox 1370 652 1516 732; x_wconf 90' lang='lat' dir='ltr'>illiusque</span> <span class='ocrx_word' id='word_1_356' title='bbox 1537 656 1662 718; x_wconf 89' lang='grc'><strong>31133113</strong></span> <span class='ocrx_word' id='word_1_357' title='bbox 1684 656 1716 718; x_wconf 92' lang='grc'><strong>13</strong></span> <span class='ocrx_word' id='word_1_358' title='bbox 1739 654 1815 720; x_wconf 88' lang='lat' dir='ltr'>laco.</span> <span class='ocrx_word' id='word_1_359' title='bbox 1833 673 1871 718; x_wconf 84' lang='grc'><strong>31</strong></span> <span class='ocrx_word' id='word_1_360' title='bbox 1893 670 1954 733; x_wconf 93' lang='lat' dir='ltr'>quo</span> <span class='ocrx_word' id='word_1_361' title='bbox 1976 654 2021 718; x_wconf 92' lang='grc'><strong>31-</strong></span> 
     </span>
     <span class='ocr_line' id='line_1_65' title="bbox 1277 745 2022 824; baseline 0.009 -19"><span class='ocrx_word' id='word_1_362' title='bbox 1277 745 1426 808; x_wconf 85' lang='grc'><strong>31333133</strong></span> <span class='ocrx_word' id='word_1_363' title='bbox 1448 749 1527 824; x_wconf 84' lang='grc'><strong>3133,</strong></span> <span class='ocrx_word' id='word_1_364' title='bbox 1551 752 1713 814; x_wconf 84' lang='grc'><strong>1333311133</strong></span> <span class='ocrx_word' id='word_1_365' title='bbox 1743 751 1777 812; x_wconf 90' lang='grc'><strong>33</strong></span> <span class='ocrx_word' id='word_1_366' title='bbox 1800 751 1963 813; x_wconf 88' lang='lat' dir='ltr'>missiones</span> <span class='ocrx_word' id='word_1_367' title='bbox 1985 750 2022 812; x_wconf 90' lang='lat' dir='ltr'>ab</span> 
     </span>
     <span class='ocr_line' id='line_1_66' title="bbox 1275 840 2022 921; baseline 0.007 -23"><span class='ocrx_word' id='word_1_368' title='bbox 1275 840 1340 916; x_wconf 83' lang='lat' dir='ltr'>ipso</span> <span class='ocrx_word' id='word_1_369' title='bbox 1354 840 1483 917; x_wconf 87' lang='lat' dir='ltr'>collegia</span> <span class='ocrx_word' id='word_1_370' title='bbox 1498 842 1736 918; x_wconf 85' lang='lat' dir='ltr'>administratas,</span> <span class='ocrx_word' id='word_1_371' title='bbox 1752 851 1783 906; x_wconf 90' lang='grc'><strong>31</strong></span> <span class='ocrx_word' id='word_1_372' title='bbox 1798 844 1833 906; x_wconf 88' lang='grc'><strong>33</strong></span> <span class='ocrx_word' id='word_1_373' title='bbox 1849 844 1932 917; x_wconf 89' lang='grc'><strong>31133,</strong></span> <span class='ocrx_word' id='word_1_374' title='bbox 1948 859 2022 921; x_wconf 93' lang='lat' dir='ltr'>qua·</span> 
     </span>
     <span class='ocr_line' id='line_1_67' title="bbox 1275 938 2021 1014; baseline 0.005 -18"><span class='ocrx_word' id='word_1_375' title='bbox 1275 951 1345 996; x_wconf 91' lang='lat' dir='ltr'><strong>ram</strong></span> <span class='ocrx_word' id='word_1_376' title='bbox 1363 953 1470 997; x_wconf 89' lang='lat' dir='ltr'>curam</span> <span class='ocrx_word' id='word_1_377' title='bbox 1486 938 1566 1013; x_wconf 85' lang='lat' dir='ltr'>gerit</span> <span class='ocrx_word' id='word_1_378' title='bbox 1583 938 1709 998; x_wconf 86' lang='lat' dir='ltr'>Limana</span> <span class='ocrx_word' id='word_1_379' title='bbox 1724 939 1881 1014; x_wconf 89' lang='lat' dir='ltr'>provincia</span> <span class='ocrx_word' id='word_1_380' title='bbox 1899 953 2021 1000; x_wconf 86' lang='grc'><strong>31333-</strong></span> 
     </span>
     <span class='ocr_line' id='line_1_68' title="bbox 1276 1030 2021 1113; baseline 0.007 -25"><span class='ocrx_word' id='word_1_381' title='bbox 1276 1037 1370 1092; x_wconf 79' lang='grc'><strong>33313</strong></span> <span class='ocrx_word' id='word_1_382' title='bbox 1390 1030 1551 1113; x_wconf 79' lang='lat' dir='ltr'>lluarensi.</span> <span class='ocrx_word' id='word_1_383' title='bbox 1571 1033 1676 1108; x_wconf 90' lang='lat' dir='ltr'>ltaque</span> <span class='ocrx_word' id='word_1_384' title='bbox 1690 1031 1941 1105; x_wconf 84' lang='lat' dir='ltr'>concludebatur,</span> <span class='ocrx_word' id='word_1_385' title='bbox 1958 1031 2021 1093; x_wconf 87' lang='lat' dir='ltr'>val·</span> 
     </span>
     <span class='ocr_line' id='line_1_69' title="bbox 1274 1123 2020 1202; baseline 0.005 -20"><span class='ocrx_word' id='word_1_386' title='bbox 1274 1123 1311 1184; x_wconf 92' lang='lat' dir='ltr'><strong>de</strong></span> <span class='ocrx_word' id='word_1_387' title='bbox 1333 1133 1546 1201; x_wconf 89' lang='lat' dir='ltr'>opportunum</span> <span class='ocrx_word' id='word_1_388' title='bbox 1576 1124 1782 1187; x_wconf 88' lang='grc'><strong>1333331331</strong></span> <span class='ocrx_word' id='word_1_389' title='bbox 1812 1125 1896 1202; x_wconf 90' lang='grc'><strong>31331</strong></span> <span class='ocrx_word' id='word_1_390' title='bbox 1926 1125 2020 1187; x_wconf 84' lang='lat' dir='ltr'>finem</span> 
     </span>
     <span class='ocr_line' id='line_1_70' title="bbox 1274 1217 2022 1296; baseline 0.004 -20"><span class='ocrx_word' id='word_1_391' title='bbox 1274 1217 1513 1296; x_wconf 90' lang='lat' dir='ltr'>assequendum,</span> <span class='ocrx_word' id='word_1_392' title='bbox 1529 1219 1554 1280; x_wconf 92' lang='lat' dir='ltr'><strong>si</strong></span> <span class='ocrx_word' id='word_1_393' title='bbox 1576 1235 1633 1295; x_wconf 90' lang='grc'><strong>333</strong></span> <span class='ocrx_word' id='word_1_394' title='bbox 1649 1220 1796 1294; x_wconf 85' lang='grc'><strong>31333333</strong></span> <span class='ocrx_word' id='word_1_395' title='bbox 1811 1219 1934 1294; x_wconf 90' lang='lat' dir='ltr'>regiam</span> <span class='ocrx_word' id='word_1_396' title='bbox 1949 1234 2022 1280; x_wconf 92' lang='grc'><strong>333-</strong></span> 
     </span>
     <span class='ocr_line' id='line_1_71' title="bbox 1273 1310 2021 1391; baseline 0.003 -19"><span class='ocrx_word' id='word_1_397' title='bbox 1273 1310 1382 1372; x_wconf 90' lang='grc'><strong>333333</strong></span> <span class='ocrx_word' id='word_1_398' title='bbox 1403 1312 1630 1390; x_wconf 90' lang='lat' dir='ltr'>beneplacitum</span> <span class='ocrx_word' id='word_1_399' title='bbox 1652 1328 1708 1391; x_wconf 93' lang='lat' dir='ltr'>pro</span> <span class='ocrx_word' id='word_1_400' title='bbox 1729 1311 2021 1390; x_wconf 88' lang='grc'><strong>3131133113311333-</strong></span> 
     </span>
     <span class='ocr_line' id='line_1_72' title="bbox 1274 1405 2022 1481; baseline 0.001 -16"><span class='ocrx_word' id='word_1_401' title='bbox 1274 1405 1385 1468; x_wconf 90' lang='lat' dir='ltr'>ctione.</span> <span class='ocrx_word' id='word_1_402' title='bbox 1409 1407 1525 1481; x_wconf 81' lang='lat' dir='ltr'>Quibus</span> <span class='ocrx_word' id='word_1_403' title='bbox 1541 1407 1687 1470; x_wconf 90' lang='lat' dir='ltr'>omnibus</span> <span class='ocrx_word' id='word_1_404' title='bbox 1702 1407 1775 1468; x_wconf 88' lang='lat' dir='ltr'>visis</span> <span class='ocrx_word' id='word_1_405' title='bbox 1791 1407 1823 1468; x_wconf 94' lang='lat' dir='ltr'>iu</span> <span class='ocrx_word' id='word_1_406' title='bbox 1839 1421 1909 1468; x_wconf 88' lang='lat' dir='ltr'><strong>mea</strong></span> <span class='ocrx_word' id='word_1_407' title='bbox 1924 1405 2022 1468; x_wconf 90' lang='grc'><strong>13313-</strong></span> 
     </span>
     <span class='ocr_line' id='line_1_73' title="bbox 1274 1496 2020 1574; baseline 0 -15"><span class='ocrx_word' id='word_1_408' title='bbox 1274 1515 1345 1560; x_wconf 91' lang='lat' dir='ltr'><strong>rum</strong></span> <span class='ocrx_word' id='word_1_409' title='bbox 1366 1498 1506 1574; x_wconf 91' lang='lat' dir='ltr'>consilio,</span> <span class='ocrx_word' id='word_1_410' title='bbox 1530 1498 1635 1562; x_wconf 91' lang='grc'><strong>133313</strong></span> <span class='ocrx_word' id='word_1_411' title='bbox 1661 1500 1754 1560; x_wconf 90' lang='lat' dir='ltr'>etiarn</span> <span class='ocrx_word' id='word_1_412' title='bbox 1781 1496 1964 1574; x_wconf 88' lang='lat' dir='ltr'>allegatione</span> <span class='ocrx_word' id='word_1_413' title='bbox 1987 1498 2020 1559; x_wconf 89' lang='lat' dir='ltr'>fr-</span> 
     </span>
     <span class='ocr_line' id='line_1_74' title="bbox 1273 1591 2020 1671; baseline -0.001 -19"><span class='ocrx_word' id='word_1_414' title='bbox 1273 1592 1356 1668; x_wconf 90' lang='lat' dir='ltr'>scali,</span> <span class='ocrx_word' id='word_1_415' title='bbox 1379 1592 1574 1671; x_wconf 89' lang='lat' dir='ltr'>desuperque</span> <span class='ocrx_word' id='word_1_416' title='bbox 1603 1593 1764 1655; x_wconf 89' lang='lat' dir='ltr'>consultus</span> <span class='ocrx_word' id='word_1_417' title='bbox 1793 1607 1849 1670; x_wconf 93' lang='lat' dir='ltr'><strong>pra</strong></span> <span class='ocrx_word' id='word_1_418' title='bbox 1875 1591 2020 1668; x_wconf 92' lang='lat' dir='ltr'>approba·</span> 
     </span>
     <span class='ocr_line' id='line_1_75' title="bbox 1274 1685 2020 1749; baseline -0.001 -3"><span class='ocrx_word' id='word_1_419' title='bbox 1274 1685 1358 1747; x_wconf 89' lang='lat' dir='ltr'>tione</span> <span class='ocrx_word' id='word_1_420' title='bbox 1380 1685 1558 1748; x_wconf 87' lang='lat' dir='ltr'>huiusmodi</span> <span class='ocrx_word' id='word_1_421' title='bbox 1577 1687 1742 1749; x_wconf 84' lang='lat' dir='ltr'>instantiae</span> <span class='ocrx_word' id='word_1_422' title='bbox 1757 1686 1807 1748; x_wconf 94' lang='lat' dir='ltr'><strong>die</strong></span> <span class='ocrx_word' id='word_1_423' title='bbox 1821 1699 1899 1746; x_wconf 86' lang='lat' dir='ltr'>xvir.</span> <span class='ocrx_word' id='word_1_424' title='bbox 1918 1685 2020 1745; x_wconf 91' lang='lat' dir='ltr'>martii</span> 
     </span>
     <span class='ocr_line' id='line_1_76' title="bbox 1273 1781 2019 1860; baseline 0.003 -20"><span class='ocrx_word' id='word_1_425' title='bbox 1273 1781 1346 1841; x_wconf 91' lang='lat' dir='ltr'>anui</span> <span class='ocrx_word' id='word_1_426' title='bbox 1369 1796 1498 1843; x_wconf 89' lang='grc'><strong>333311.</strong></span> <span class='ocrx_word' id='word_1_427' title='bbox 1524 1782 1636 1860; x_wconf 87' lang='lat' dir='ltr'>placuit</span> <span class='ocrx_word' id='word_1_428' title='bbox 1658 1783 1735 1844; x_wconf 93' lang='lat' dir='ltr'>mihi</span> <span class='ocrx_word' id='word_1_429' title='bbox 1751 1783 1851 1844; x_wconf 92' lang='lat' dir='ltr'>eidem</span> <span class='ocrx_word' id='word_1_430' title='bbox 1867 1798 2019 1858; x_wconf 88' lang='lat' dir='ltr'>annuere,</span> 
     </span>
     <span class='ocr_line' id='line_1_77' title="bbox 1273 1867 2019 1958; baseline 0.003 -23"><span class='ocrx_word' id='word_1_431' title='bbox 1273 1877 1468 1958; x_wconf 88' lang='grc'><strong>3333333333</strong></span> <span class='ocrx_word' id='word_1_432' title='bbox 1498 1867 1599 1937; x_wconf 86' lang='lat' dir='ltr'>meam</span> <span class='ocrx_word' id='word_1_433' title='bbox 1630 1877 1746 1952; x_wconf 91' lang='lat' dir='ltr'>regiam</span> <span class='ocrx_word' id='word_1_434' title='bbox 1779 1876 1952 1952; x_wconf 89' lang='lat' dir='ltr'>licentiam,</span> <span class='ocrx_word' id='word_1_435' title='bbox 1984 1878 2019 1938; x_wconf 89' lang='lat' dir='ltr'>ad</span> 
     </span>
     <span class='ocr_line' id='line_1_78' title="bbox 1273 1969 2020 2047; baseline 0.001 -18"><span class='ocrx_word' id='word_1_436' title='bbox 1273 1969 1342 2044; x_wconf 88' lang='lat' dir='ltr'>hoa,</span> <span class='ocrx_word' id='word_1_437' title='bbox 1366 1977 1399 2030; x_wconf 91' lang='lat' dir='ltr'><strong>ut</strong></span> <span class='ocrx_word' id='word_1_438' title='bbox 1421 1987 1459 2030; x_wconf 86' lang='grc'><strong>31</strong></span> <span class='ocrx_word' id='word_1_439' title='bbox 1482 1971 1609 2031; x_wconf 88' lang='grc'><strong>133313</strong></span> <span class='ocrx_word' id='word_1_440' title='bbox 1632 1970 1833 2047; x_wconf 91' lang='lat' dir='ltr'>apostolicum</span> <span class='ocrx_word' id='word_1_441' title='bbox 1860 1969 2020 2032; x_wconf 89' lang='grc'><strong>131331333-</strong></span> 
     </span>
     <span class='ocr_line' id='line_1_79' title="bbox 1273 2064 2021 2142; baseline 0.003 -19"><span class='ocrx_word' id='word_1_442' title='bbox 1273 2064 1393 2142; x_wconf 86' lang='grc'><strong>3133331</strong></span> <span class='ocrx_word' id='word_1_443' title='bbox 1408 2064 1574 2139; x_wconf 90' lang='lat' dir='ltr'>collegium</span> <span class='ocrx_word' id='word_1_444' title='bbox 1591 2065 1766 2139; x_wconf 86' lang='lat' dir='ltr'>erigeretur</span> <span class='ocrx_word' id='word_1_445' title='bbox 1781 2065 1952 2142; x_wconf 87' lang='lat' dir='ltr'>praelatum</span> <span class='ocrx_word' id='word_1_446' title='bbox 1967 2065 2021 2126; x_wconf 93' lang='lat' dir='ltr'>ha-</span> 
     </span>
     <span class='ocr_line' id='line_1_80' title="bbox 1272 2157 2020 2236; baseline 0.003 -20"><span class='ocrx_word' id='word_1_447' title='bbox 1272 2157 1400 2234; x_wconf 88' lang='lat' dir='ltr'>spitium</span> <span class='ocrx_word' id='word_1_448' title='bbox 1432 2158 1560 2221; x_wconf 89' lang='lat' dir='ltr'>Sanctae</span> <span class='ocrx_word' id='word_1_449' title='bbox 1590 2159 1687 2220; x_wconf 74' lang='grc'><strong>33333</strong></span> <span class='ocrx_word' id='word_1_450' title='bbox 1714 2161 1751 2220; x_wconf 93' lang='grc'><strong>33</strong></span> <span class='ocrx_word' id='word_1_451' title='bbox 1778 2158 1888 2236; x_wconf 87' lang='grc'><strong>03333.</strong></span> <span class='ocrx_word' id='word_1_452' title='bbox 1910 2159 2020 2234; x_wconf 80' lang='lat' dir='ltr'>Quam-</span> 
     </span>
     <span class='ocr_line' id='line_1_81' title="bbox 1273 2251 2022 2329; baseline 0.004 -18"><span class='ocrx_word' id='word_1_453' title='bbox 1273 2267 1366 2328; x_wconf 92' lang='lat' dir='ltr'>quam</span> <span class='ocrx_word' id='word_1_454' title='bbox 1398 2269 1473 2313; x_wconf 88' lang='lat' dir='ltr'>vero</span> <span class='ocrx_word' id='word_1_455' title='bbox 1503 2252 1676 2314; x_wconf 88' lang='lat' dir='ltr'>istiusmodi</span> <span class='ocrx_word' id='word_1_456' title='bbox 1707 2268 1774 2314; x_wconf 86' lang='lat' dir='ltr'><strong>meu</strong></span> <span class='ocrx_word' id='word_1_457' title='bbox 1797 2252 1880 2329; x_wconf 89' lang='lat' dir='ltr'>regia</span> <span class='ocrx_word' id='word_1_458' title='bbox 1903 2251 2022 2314; x_wconf 91' lang='lat' dir='ltr'>resalu-</span> 
     </span>
     <span class='ocr_line' id='line_1_82' title="bbox 1275 2345 2020 2423; baseline 0.004 -17"><span class='ocrx_word' id='word_1_459' title='bbox 1275 2345 1357 2407; x_wconf 88' lang='lat' dir='ltr'>tione</span> <span class='ocrx_word' id='word_1_460' title='bbox 1386 2346 1591 2423; x_wconf 89' lang='lat' dir='ltr'>pramulgata,</span> <span class='ocrx_word' id='word_1_461' title='bbox 1615 2345 1704 2408; x_wconf 89' lang='grc'><strong>3133</strong></span> <span class='ocrx_word' id='word_1_462' title='bbox 1726 2363 1760 2407; x_wconf 91' lang='grc'><strong>33</strong></span> <span class='ocrx_word' id='word_1_463' title='bbox 1788 2347 1902 2408; x_wconf 91' lang='lat' dir='ltr'>certior</span> <span class='ocrx_word' id='word_1_464' title='bbox 1924 2347 2020 2408; x_wconf 85' lang='lat' dir='ltr'>factus</span> 
     </span>
     <span class='ocr_line' id='line_1_83' title="bbox 1274 2440 2019 2517; baseline 0.001 -16"><span class='ocrx_word' id='word_1_465' title='bbox 1274 2441 1367 2501; x_wconf 91' lang='lat' dir='ltr'>luerit</span> <span class='ocrx_word' id='word_1_466' title='bbox 1397 2441 1627 2501; x_wconf 79' lang='lat' dir='ltr'>commissarius</span> <span class='ocrx_word' id='word_1_467' title='bbox 1660 2440 1813 2517; x_wconf 88' lang='lat' dir='ltr'>generalis</span> <span class='ocrx_word' id='word_1_468' title='bbox 1845 2441 2019 2517; x_wconf 90' lang='lat' dir='ltr'>ludiarum,</span> 
     </span>
     <span class='ocr_line' id='line_1_84' title="bbox 1273 2533 2020 2613; baseline 0.001 -17"><span class='ocrx_word' id='word_1_469' title='bbox 1273 2535 1326 2613; x_wconf 89' lang='lat' dir='ltr'>qui</span> <span class='ocrx_word' id='word_1_470' title='bbox 1348 2551 1417 2596; x_wconf 89' lang='lat' dir='ltr'>suas</span> <span class='ocrx_word' id='word_1_471' title='bbox 1438 2534 1608 2612; x_wconf 79' lang='lat' dir='ltr'>parentales</span> <span class='ocrx_word' id='word_1_472' title='bbox 1630 2534 1748 2596; x_wconf 89' lang='lat' dir='ltr'>litteras</span> <span class='ocrx_word' id='word_1_473' title='bbox 1769 2533 1817 2595; x_wconf 92' lang='lat' dir='ltr'><strong>die</strong></span> <span class='ocrx_word' id='word_1_474' title='bbox 1839 2537 2020 2597; x_wconf 86' lang='grc'><strong>1111111.33311</strong></span> 
     </span>
     <span class='ocr_line' id='line_1_85' title="bbox 1273 2629 2020 2707; baseline 0.005 -19"><span class='ocrx_word' id='word_1_475' title='bbox 1273 2629 1414 2689; x_wconf 90' lang='lat' dir='ltr'>eiusdem</span> <span class='ocrx_word' id='word_1_476' title='bbox 1442 2629 1515 2688; x_wconf 90' lang='grc'><strong>3331</strong></span> <span class='ocrx_word' id='word_1_477' title='bbox 1544 2645 1689 2702; x_wconf 82' lang='grc'><strong>333313,</strong></span> <span class='ocrx_word' id='word_1_478' title='bbox 1719 2644 1774 2705; x_wconf 90' lang='grc'><strong>333</strong></span> <span class='ocrx_word' id='word_1_479' title='bbox 1802 2644 1850 2703; x_wconf 94' lang='grc'><strong>33,</strong></span> <span class='ocrx_word' id='word_1_480' title='bbox 1879 2629 1960 2707; x_wconf 91' lang='lat' dir='ltr'>quod</span> <span class='ocrx_word' id='word_1_481' title='bbox 1985 2631 2020 2692; x_wconf 91' lang='lat' dir='ltr'>ad</span> 
     </span>
    </p>
   </div>
   <div class='ocr_carea' id='block_1_15' title="bbox 1274 2721 2127 2800">
    <p class='ocr_par' dir='ltr' id='par_1_15' title="bbox 1274 2721 2127 2800">
     <span class='ocr_line' id='line_1_86' title="bbox 1274 2721 2127 2800; baseline 0.004 -19"><span class='ocrx_word' id='word_1_482' title='bbox 1274 2723 1375 2798; x_wconf 87' lang='lat' dir='ltr'>ipsum</span> <span class='ocrx_word' id='word_1_483' title='bbox 1396 2721 1561 2798; x_wconf 87' lang='lat' dir='ltr'>spectabat,</span> <span class='ocrx_word' id='word_1_484' title='bbox 1590 2722 1758 2800; x_wconf 78' lang='lat' dir='ltr'>expedivit,</span> <span class='ocrx_word' id='word_1_485' title='bbox 1781 2729 1816 2782; x_wconf 94' lang='lat' dir='ltr'><strong>at</strong></span> <span class='ocrx_word' id='word_1_486' title='bbox 1837 2733 1961 2799; x_wconf 88' lang='lat' dir='ltr'>apparet</span> <span class='ocrx_word' id='word_1_487' title='bbox 1982 2739 2020 2784; x_wconf 83' lang='lat' dir='ltr'><strong>ex</strong></span> <span class='ocrx_word' id='word_1_488' title='bbox 2125 2773 2127 2776; x_wconf 94' lang='lat'>.</span> 
     </span>
    </p>
   </div>
   <div class='ocr_carea' id='block_1_16' title="bbox 1272 2815 2020 2990">
    <p class='ocr_par' dir='ltr' id='par_1_16' title="bbox 1272 2815 2020 2990">
     <span class='ocr_line' id='line_1_87' title="bbox 1273 2815 2020 2894; baseline 0.003 -18"><span class='ocrx_word' id='word_1_489' title='bbox 1273 2816 1388 2878; x_wconf 90' lang='lat' dir='ltr'>eisdem</span> <span class='ocrx_word' id='word_1_490' title='bbox 1405 2815 1611 2894; x_wconf 82' lang='lat' dir='ltr'>potentatibus</span> <span class='ocrx_word' id='word_1_491' title='bbox 1626 2816 1739 2878; x_wconf 86' lang='lat' dir='ltr'>litteris</span> <span class='ocrx_word' id='word_1_492' title='bbox 1755 2829 1884 2892; x_wconf 89' lang='lat' dir='ltr'>nupera</span> <span class='ocrx_word' id='word_1_493' title='bbox 1901 2831 2020 2880; x_wconf 58' lang='lat' dir='ltr'>memo*-</span> 
     </span>
     <span class='ocr_line' id='line_1_88' title="bbox 1272 2907 2020 2990; baseline 0.005 -21"><span class='ocrx_word' id='word_1_494' title='bbox 1272 2917 1338 2970; x_wconf 93' lang='grc'><strong>3313</strong></span> <span class='ocrx_word' id='word_1_495' title='bbox 1353 2907 1447 2972; x_wconf 89' lang='grc'><strong>133133</strong></span> <span class='ocrx_word' id='word_1_496' title='bbox 1462 2910 1589 2987; x_wconf 87' lang='grc'><strong>13333113</strong></span> <span class='ocrx_word' id='word_1_497' title='bbox 1604 2911 1640 2971; x_wconf 91' lang='grc'><strong>33</strong></span> <span class='ocrx_word' id='word_1_498' title='bbox 1657 2909 1767 2972; x_wconf 91' lang='lat' dir='ltr'>Sancto</span> <span class='ocrx_word' id='word_1_499' title='bbox 1783 2909 1920 2973; x_wconf 86' lang='lat' dir='ltr'>Antania</span> <span class='ocrx_word' id='word_1_500' title='bbox 1935 2928 2020 2990; x_wconf 88' lang='lat' dir='ltr'>prae-</span> 
     </span>
    </p>
   </div>
   <div class='ocr_carea' id='block_1_17' title="bbox 1249 3003 2021 3082">
    <p class='ocr_par' dir='ltr' id='par_1_17' title="bbox 1249 3003 2021 3082">
     <span class='ocr_line' id='line_1_89' title="bbox 1249 3003 2021 3082; baseline 0.008 -20"><span class='ocrx_word' id='word_1_501' title='bbox 1249 3012 1254 3022; x_wconf 78' lang='grc'><strong><em>’</em></strong></span> <span class='ocrx_word' id='word_1_502' title='bbox 1272 3003 1414 3078; x_wconf 86' lang='grc'><strong>33313113;</strong></span> <span class='ocrx_word' id='word_1_503' title='bbox 1438 3004 1561 3080; x_wconf 89' lang='grc'><strong>3331313</strong></span> <span class='ocrx_word' id='word_1_504' title='bbox 1585 3010 1687 3064; x_wconf 87' lang='grc'><strong>133133</strong></span> <span class='ocrx_word' id='word_1_505' title='bbox 1709 3004 1951 3082; x_wconf 89' lang='lat' dir='ltr'>chirographum</span> <span class='ocrx_word' id='word_1_506' title='bbox 1970 3007 2021 3068; x_wconf 89' lang='lat' dir='ltr'><strong>de-</strong></span> 
     </span>
    </p>
   </div>
   <div class='ocr_carea' id='block_1_18' title="bbox 1271 3097 2021 3362">
    <p class='ocr_par' dir='ltr' id='par_1_18' title="bbox 1271 3097 2021 3362">
     <span class='ocr_line' id='line_1_90' title="bbox 1271 3097 2020 3177; baseline 0.007 -20"><span class='ocrx_word' id='word_1_507' title='bbox 1271 3112 1364 3176; x_wconf 89' lang='lat' dir='ltr'>super</span> <span class='ocrx_word' id='word_1_508' title='bbox 1388 3105 1460 3158; x_wconf 90' lang='grc'><strong>1333</strong></span> <span class='ocrx_word' id='word_1_509' title='bbox 1489 3097 1668 3174; x_wconf 85' lang='grc'><strong>3133311331</strong></span> <span class='ocrx_word' id='word_1_510' title='bbox 1697 3097 2020 3177; x_wconf 84' lang='grc'><strong>3331311,3333133-</strong></span> 
     </span>
     <span class='ocr_line' id='line_1_91' title="bbox 1273 3190 2021 3272; baseline 0.004 -20"><span class='ocrx_word' id='word_1_511' title='bbox 1273 3191 1400 3252; x_wconf 89' lang='lat' dir='ltr'>modum</span> <span class='ocrx_word' id='word_1_512' title='bbox 1422 3206 1477 3269; x_wconf 89' lang='lat' dir='ltr'><strong>pra</strong></span> <span class='ocrx_word' id='word_1_513' title='bbox 1498 3198 1600 3268; x_wconf 89' lang='lat' dir='ltr'>captae</span> <span class='ocrx_word' id='word_1_514' title='bbox 1621 3190 1819 3255; x_wconf 91' lang='lat' dir='ltr'>resolutionis</span> <span class='ocrx_word' id='word_1_515' title='bbox 1838 3193 2021 3272; x_wconf 80' lang='lat' dir='ltr'>exequutio-</span> 
     </span>
     <span class='ocr_line' id='line_1_92' title="bbox 1272 3285 2020 3362; baseline 0.004 -16"><span class='ocrx_word' id='word_1_516' title='bbox 1272 3301 1313 3346; x_wconf 87' lang='lat' dir='ltr'><strong>ne</strong></span> <span class='ocrx_word' id='word_1_517' title='bbox 1335 3301 1460 3346; x_wconf 88' lang='lat' dir='ltr'>necesse</span> <span class='ocrx_word' id='word_1_518' title='bbox 1481 3292 1557 3347; x_wconf 88' lang='lat' dir='ltr'>erat.</span> <span class='ocrx_word' id='word_1_519' title='bbox 1581 3285 1626 3347; x_wconf 87' lang='lat' dir='ltr'><strong>Re</strong></span> <span class='ocrx_word' id='word_1_520' title='bbox 1648 3285 1743 3362; x_wconf 91' lang='lat' dir='ltr'>igitur</span> <span class='ocrx_word' id='word_1_521' title='bbox 1765 3287 1868 3361; x_wconf 90' lang='lat' dir='ltr'>modo,</span> <span class='ocrx_word' id='word_1_522' title='bbox 1885 3286 2020 3349; x_wconf 90' lang='lat' dir='ltr'>instante</span> 
     </span>
    </p>
   </div>
   <div class='ocr_carea' id='block_1_19' title="bbox 1272 3377 2111 3456">
    <p class='ocr_par' dir='ltr' id='par_1_19' title="bbox 1272 3377 2111 3456">
     <span class='ocr_line' id='line_1_93' title="bbox 1272 3377 2111 3456; baseline 0.001 -16"><span class='ocrx_word' id='word_1_523' title='bbox 1272 3379 1352 3440; x_wconf 88' lang='lat' dir='ltr'>dicta</span> <span class='ocrx_word' id='word_1_524' title='bbox 1381 3379 1477 3440; x_wconf 90' lang='lat' dir='ltr'>fratre</span> <span class='ocrx_word' id='word_1_525' title='bbox 1508 3378 1636 3456; x_wconf 90' lang='lat' dir='ltr'>losepha</span> <span class='ocrx_word' id='word_1_526' title='bbox 1665 3380 1703 3442; x_wconf 88' lang='grc'><strong>33</strong></span> <span class='ocrx_word' id='word_1_527' title='bbox 1731 3377 1843 3442; x_wconf 88' lang='lat' dir='ltr'>Sancto</span> <span class='ocrx_word' id='word_1_528' title='bbox 1870 3379 2018 3456; x_wconf 82' lang='lat' dir='ltr'>Antonia,</span> <span class='ocrx_word' id='word_1_529' title='bbox 2109 3403 2111 3408; x_wconf 60' lang='grc'>’</span> 
     </span>
    </p>
   </div>
   <div class='ocr_carea' id='block_1_20' title="bbox 1269 3471 2023 5620">
    <p class='ocr_par' dir='ltr' id='par_1_20' title="bbox 1269 3471 2023 5620">
     <span class='ocr_line' id='line_1_94' title="bbox 1272 3471 2019 3552; baseline 0.004 -19"><span class='ocrx_word' id='word_1_530' title='bbox 1272 3471 1388 3535; x_wconf 89' lang='grc'><strong>1133313</strong></span> <span class='ocrx_word' id='word_1_531' title='bbox 1410 3472 1441 3534; x_wconf 94' lang='grc'><strong>13</strong></span> <span class='ocrx_word' id='word_1_532' title='bbox 1465 3472 1599 3552; x_wconf 88' lang='grc'><strong>33331313</strong></span> <span class='ocrx_word' id='word_1_533' title='bbox 1620 3489 1690 3535; x_wconf 91' lang='grc'><strong>3133</strong></span> <span class='ocrx_word' id='word_1_534' title='bbox 1716 3474 1844 3536; x_wconf 89' lang='grc'><strong>33331113</strong></span> <span class='ocrx_word' id='word_1_535' title='bbox 1865 3477 2019 3552; x_wconf 88' lang='grc'><strong>333333113</strong></span> 
     </span>
     <span class='ocr_line' id='line_1_95' title="bbox 1273 3567 2017 3645; baseline 0 -17"><span class='ocrx_word' id='word_1_536' title='bbox 1273 3581 1344 3628; x_wconf 89' lang='grc'><strong>3313</strong></span> <span class='ocrx_word' id='word_1_537' title='bbox 1365 3582 1446 3628; x_wconf 86' lang='lat' dir='ltr'>nova</span> <span class='ocrx_word' id='word_1_538' title='bbox 1467 3567 1652 3643; x_wconf 88' lang='lat' dir='ltr'>allegatione</span> <span class='ocrx_word' id='word_1_539' title='bbox 1680 3567 1906 3645; x_wconf 85' lang='lat' dir='ltr'>fiscali,.plaaet</span> <span class='ocrx_word' id='word_1_540' title='bbox 1929 3569 2017 3643; x_wconf 94' lang='lat' dir='ltr'>mihi,</span> 
     </span>
     <span class='ocr_line' id='line_1_96' title="bbox 1273 3659 2021 3738; baseline 0 -18"><span class='ocrx_word' id='word_1_541' title='bbox 1273 3667 1419 3736; x_wconf 88' lang='grc'><strong>3133333</strong></span> <span class='ocrx_word' id='word_1_542' title='bbox 1440 3659 1491 3721; x_wconf 93' lang='lat' dir='ltr'>illa</span> <span class='ocrx_word' id='word_1_543' title='bbox 1515 3659 1638 3736; x_wconf 90' lang='lat' dir='ltr'>regium</span> <span class='ocrx_word' id='word_1_544' title='bbox 1660 3661 1842 3738; x_wconf 86' lang='lat' dir='ltr'>expediatur</span> <span class='ocrx_word' id='word_1_545' title='bbox 1864 3661 2021 3737; x_wconf 84' lang='lat' dir='ltr'>chirogra-</span> 
     </span>
     <span class='ocr_line' id='line_1_97' title="bbox 1273 3752 2020 3833; baseline 0.008 -20"><span class='ocrx_word' id='word_1_546' title='bbox 1273 3752 1381 3830; x_wconf 90' lang='lat' dir='ltr'>phum.</span> <span class='ocrx_word' id='word_1_547' title='bbox 1414 3753 1577 3830; x_wconf 88' lang='lat' dir='ltr'>Propterea</span> <span class='ocrx_word' id='word_1_548' title='bbox 1610 3753 1700 3815; x_wconf 92' lang='lat' dir='ltr'>iubeo</span> <span class='ocrx_word' id='word_1_549' title='bbox 1730 3757 2020 3833; x_wconf 88' lang='grc'><strong>3133333-333113</strong></span> 
     </span>
     <span class='ocr_line' id='line_1_98' title="bbox 1272 3845 2022 3924; baseline 0.009 -18"><span class='ocrx_word' id='word_1_550' title='bbox 1272 3845 1422 3907; x_wconf 85' lang='grc' dir='ltr'><strong>Ρ3333313</strong></span> <span class='ocrx_word' id='word_1_551' title='bbox 1449 3846 1640 3922; x_wconf 90' lang='lat' dir='ltr'>regionibus,</span> <span class='ocrx_word' id='word_1_552' title='bbox 1662 3862 1750 3908; x_wconf 89' lang='grc'><strong>13333</strong></span> <span class='ocrx_word' id='word_1_553' title='bbox 1771 3848 1874 3924; x_wconf 88' lang='lat' dir='ltr'>regiae</span> <span class='ocrx_word' id='word_1_554' title='bbox 1894 3851 2022 3913; x_wconf 89' lang='lat' dir='ltr'>audiea-</span> 
     </span>
     <span class='ocr_line' id='line_1_99' title="bbox 1273 3937 2023 4005; baseline 0.009 -7"><span class='ocrx_word' id='word_1_555' title='bbox 1273 3939 1332 3999; x_wconf 91' lang='lat' dir='ltr'>tiae</span> <span class='ocrx_word' id='word_1_556' title='bbox 1353 3939 1385 4000; x_wconf 91' lang='grc'><strong>13</strong></span> <span class='ocrx_word' id='word_1_557' title='bbox 1402 3939 1527 4001; x_wconf 84' lang='lat' dir='ltr'>ciuitate</span> <span class='ocrx_word' id='word_1_558' title='bbox 1541 3937 1666 4001; x_wconf 88' lang='lat' dir='ltr'>Limana</span> <span class='ocrx_word' id='word_1_559' title='bbox 1685 3941 1862 4002; x_wconf 83' lang='lat' dir='ltr'>constitutis</span> <span class='ocrx_word' id='word_1_560' title='bbox 1877 3947 1907 4003; x_wconf 92' lang='lat' dir='ltr'><strong>et</strong></span> <span class='ocrx_word' id='word_1_561' title='bbox 1922 3943 2023 4005; x_wconf 90' lang='lat' dir='ltr'>amni·</span> 
     </span>
     <span class='ocr_line' id='line_1_100' title="bbox 1273 4031 2022 4112; baseline 0.007 -20"><span class='ocrx_word' id='word_1_562' title='bbox 1273 4031 1328 4092; x_wconf 91' lang='lat' dir='ltr'><strong>hus</strong></span> <span class='ocrx_word' id='word_1_563' title='bbox 1350 4031 1570 4107; x_wconf 88' lang='lat' dir='ltr'>tribunalibus,</span> <span class='ocrx_word' id='word_1_564' title='bbox 1593 4033 1788 4112; x_wconf 89' lang='lat' dir='ltr'>singulisque</span> <span class='ocrx_word' id='word_1_565' title='bbox 1811 4033 1952 4098; x_wconf 87' lang='lat' dir='ltr'>eiusdem</span> <span class='ocrx_word' id='word_1_566' title='bbox 1974 4053 2022 4097; x_wconf 89' lang='lat' dir='ltr'><strong>re-</strong></span> 
     </span>
     <span class='ocr_line' id='line_1_101' title="bbox 1273 4125 2020 4204; baseline 0.005 -18"><span class='ocrx_word' id='word_1_567' title='bbox 1273 4125 1511 4202; x_wconf 83' lang='grc'><strong>3311313131313,</strong></span> <span class='ocrx_word' id='word_1_568' title='bbox 1533 4133 1564 4188; x_wconf 91' lang='lat' dir='ltr'><strong>et</strong></span> <span class='ocrx_word' id='word_1_569' title='bbox 1587 4127 1718 4204; x_wconf 87' lang='lat' dir='ltr'>iniungo</span> <span class='ocrx_word' id='word_1_570' title='bbox 1744 4127 1910 4190; x_wconf 90' lang='lat' dir='ltr'>admodum</span> <span class='ocrx_word' id='word_1_571' title='bbox 1931 4145 2020 4190; x_wconf 87' lang='lat' dir='ltr'>reue-</span> 
     </span>
     <span class='ocr_line' id='line_1_102' title="bbox 1273 4220 2019 4302; baseline 0.008 -23"><span class='ocrx_word' id='word_1_572' title='bbox 1273 4220 1370 4281; x_wconf 89' lang='lat' dir='ltr'>rendo</span> <span class='ocrx_word' id='word_1_573' title='bbox 1400 4221 1637 4298; x_wconf 84' lang='lat' dir='ltr'>hrcbiepiscapo</span> <span class='ocrx_word' id='word_1_574' title='bbox 1668 4222 1814 4296; x_wconf 90' lang='lat' dir='ltr'>Limaua,</span> <span class='ocrx_word' id='word_1_575' title='bbox 1846 4223 2019 4302; x_wconf 87' lang='lat' dir='ltr'>caterisque</span> 
     </span>
     <span class='ocr_line' id='line_1_103' title="bbox 1272 4314 2020 4393; baseline 0.004 -18"><span class='ocrx_word' id='word_1_576' title='bbox 1272 4314 1414 4392; x_wconf 87' lang='lat' dir='ltr'>praelatis</span> <span class='ocrx_word' id='word_1_577' title='bbox 1436 4315 1650 4393; x_wconf 90' lang='lat' dir='ltr'>iudicibusque</span> <span class='ocrx_word' id='word_1_578' title='bbox 1671 4315 1879 4378; x_wconf 90' lang='lat' dir='ltr'>ecclesiasticis</span> <span class='ocrx_word' id='word_1_579' title='bbox 1893 4315 2020 4378; x_wconf 89' lang='lat' dir='ltr'>illarum</span> 
     </span>
     <span class='ocr_line' id='line_1_104' title="bbox 1273 4408 2017 4494; baseline 0.005 -25"><span class='ocrx_word' id='word_1_580' title='bbox 1273 4409 1419 4487; x_wconf 89' lang='lat' dir='ltr'>partium,</span> <span class='ocrx_word' id='word_1_581' title='bbox 1443 4409 1477 4494; x_wconf 85' lang='grc'><strong>33</strong></span> <span class='ocrx_word' id='word_1_582' title='bbox 1500 4424 1577 4486; x_wconf 91' lang='lat' dir='ltr'>quos</span> <span class='ocrx_word' id='word_1_583' title='bbox 1602 4408 1831 4488; x_wconf 88' lang='lat' dir='ltr'>quomodolibet</span> <span class='ocrx_word' id='word_1_584' title='bbox 1858 4410 2017 4488; x_wconf 89' lang='lat' dir='ltr'>spectabit,</span> 
     </span>
     <span class='ocr_line' id='line_1_105' title="bbox 1273 4501 2018 4584; baseline 0.005 -20"><span class='ocrx_word' id='word_1_585' title='bbox 1273 4501 1352 4581; x_wconf 93' lang='lat' dir='ltr'>quad</span> <span class='ocrx_word' id='word_1_586' title='bbox 1381 4505 1595 4584; x_wconf 90' lang='lat' dir='ltr'>unusquisque</span> <span class='ocrx_word' id='word_1_587' title='bbox 1625 4519 1735 4565; x_wconf 88' lang='lat' dir='ltr'>aarum</span> <span class='ocrx_word' id='word_1_588' title='bbox 1764 4521 1819 4582; x_wconf 92' lang='lat' dir='ltr'><strong>pra</strong></span> <span class='ocrx_word' id='word_1_589' title='bbox 1845 4523 1900 4566; x_wconf 92' lang='lat' dir='ltr'><strong>sua</strong></span> <span class='ocrx_word' id='word_1_590' title='bbox 1927 4503 2018 4568; x_wconf 88' lang='lat' dir='ltr'>faciat</span> 
     </span>
     <span class='ocr_line' id='line_1_106' title="bbox 1273 4596 2018 4674; baseline 0.004 -17"><span class='ocrx_word' id='word_1_591' title='bbox 1273 4597 1368 4673; x_wconf 86' lang='lat' dir='ltr'>uirili,</span> <span class='ocrx_word' id='word_1_592' title='bbox 1389 4604 1425 4659; x_wconf 91' lang='lat' dir='ltr'><strong>ut</strong></span> <span class='ocrx_word' id='word_1_593' title='bbox 1445 4597 1518 4661; x_wconf 88' lang='lat' dir='ltr'>baec</span> <span class='ocrx_word' id='word_1_594' title='bbox 1541 4613 1607 4660; x_wconf 89' lang='lat' dir='ltr'><strong>mea</strong></span> <span class='ocrx_word' id='word_1_595' title='bbox 1622 4597 1706 4674; x_wconf 90' lang='lat' dir='ltr'>regia</span> <span class='ocrx_word' id='word_1_596' title='bbox 1721 4598 1865 4660; x_wconf 92' lang='lat' dir='ltr'>voluntas</span> <span class='ocrx_word' id='word_1_597' title='bbox 1878 4596 2018 4660; x_wconf 90' lang='lat' dir='ltr'>debitum</span> 
     </span>
     <span class='ocr_line' id='line_1_107' title="bbox 1269 4691 2019 4772; baseline 0.001 -17"><span class='ocrx_word' id='word_1_598' title='bbox 1269 4701 1479 4771; x_wconf 54' lang='lat' dir='ltr'>‘consequatur</span> <span class='ocrx_word' id='word_1_599' title='bbox 1500 4691 1656 4754; x_wconf 86' lang='lat' dir='ltr'>effectum.</span> <span class='ocrx_word' id='word_1_600' title='bbox 1676 4692 1787 4756; x_wconf 85' lang='lat' dir='ltr'>Datum</span> <span class='ocrx_word' id='word_1_601' title='bbox 1806 4693 1885 4772; x_wconf 93' lang='lat' dir='ltr'>apud</span> <span class='ocrx_word' id='word_1_602' title='bbox 1900 4692 2019 4756; x_wconf 91' lang='lat' dir='ltr'>bonum</span> 
     </span>
     <span class='ocr_line' id='line_1_108' title="bbox 1272 4787 2016 4852; baseline 0 -2"><span class='ocrx_word' id='word_1_603' title='bbox 1272 4805 1427 4852; x_wconf 88' lang='lat' dir='ltr'>secessum</span> <span class='ocrx_word' id='word_1_604' title='bbox 1442 4790 1489 4850; x_wconf 92' lang='grc'><strong>313</strong></span> <span class='ocrx_word' id='word_1_605' title='bbox 1505 4790 1638 4850; x_wconf 87' lang='grc'><strong>3333333</strong></span> <span class='ocrx_word' id='word_1_606' title='bbox 1654 4787 1786 4850; x_wconf 91' lang='lat' dir='ltr'>octobris</span> <span class='ocrx_word' id='word_1_607' title='bbox 1802 4805 1966 4852; x_wconf 80' lang='lat' dir='ltr'>uaccuvu.</span> <span class='ocrx_word' id='word_1_608' title='bbox 1982 4821 2016 4832; x_wconf 92' lang='lat'>—</span> 
     </span>
     <span class='ocr_line' id='line_1_109' title="bbox 1275 4882 2018 4960; baseline -0.008 -10"><span class='ocrx_word' id='word_1_609' title='bbox 1275 4887 1350 4952; x_wconf 85' lang='lat' dir='ltr'><strong>EGO</strong></span> <span class='ocrx_word' id='word_1_610' title='bbox 1364 4885 1523 4950; x_wconf 79' lang='lat' dir='ltr'>uEx-›</span> <span class='ocrx_word' id='word_1_611' title='bbox 1540 4885 1626 4947; x_wconf 91' lang='lat' dir='ltr'>lassu</span> <span class='ocrx_word' id='word_1_612' title='bbox 1642 4882 1676 4944; x_wconf 88' lang='lat' dir='ltr'><strong>D.</strong></span> <span class='ocrx_word' id='word_1_613' title='bbox 1695 4882 1798 4945; x_wconf 90' lang='lat' dir='ltr'>Nostri</span> <span class='ocrx_word' id='word_1_614' title='bbox 1814 4883 1905 4960; x_wconf 85' lang='lat' dir='ltr'>Regis</span> <span class='ocrx_word' id='word_1_615' title='bbox 1919 4915 1957 4929; x_wconf 92' lang='lat'><em>-</em></span> <span class='ocrx_word' id='word_1_616' title='bbox 1973 4883 2018 4944; x_wconf 95' lang='lat' dir='ltr'>la-</span> 
     </span>
     <span class='ocr_line' id='line_1_110' title="bbox 1272 4977 2019 5058; baseline 0 -17"><span class='ocrx_word' id='word_1_617' title='bbox 1272 4981 1347 5058; x_wconf 91' lang='lat' dir='ltr'>seph</span> <span class='ocrx_word' id='word_1_618' title='bbox 1368 4979 1504 5057; x_wconf 91' lang='lat' dir='ltr'>lgnatius</span> <span class='ocrx_word' id='word_1_619' title='bbox 1525 4979 1563 5040; x_wconf 91' lang='lat' dir='ltr'><strong>de</strong></span> <span class='ocrx_word' id='word_1_620' title='bbox 1583 4978 1768 5056; x_wconf 84' lang='lat' dir='ltr'>Goyaneche</span> <span class='ocrx_word' id='word_1_621' title='bbox 1782 5009 1820 5024; x_wconf 95' lang='lat'><em>-</em></span> <span class='ocrx_word' id='word_1_622' title='bbox 1835 4977 1946 5040; x_wconf 82' lang='lat' dir='ltr'>fribus</span> <span class='ocrx_word' id='word_1_623' title='bbox 1967 4996 2019 5041; x_wconf 93' lang='lat' dir='ltr'><strong>ru-</strong></span> 
     </span>
     <span class='ocr_line' id='line_1_111' title="bbox 1274 5071 2020 5136; baseline -0.004 -1"><span class='ocrx_word' id='word_1_624' title='bbox 1274 5074 1363 5136; x_wconf 91' lang='lat' dir='ltr'>bricis</span> <span class='ocrx_word' id='word_1_625' title='bbox 1386 5081 1450 5135; x_wconf 87' lang='lat' dir='ltr'>erat</span> <span class='ocrx_word' id='word_1_626' title='bbox 1472 5073 1665 5135; x_wconf 88' lang='lat' dir='ltr'>rubricatum</span> <span class='ocrx_word' id='word_1_627' title='bbox 1689 5105 1723 5114; x_wconf 93' lang='lat'>-</span> <span class='ocrx_word' id='word_1_628' title='bbox 1747 5071 1856 5134; x_wconf 87' lang='lat' dir='ltr'>Vestra</span> <span class='ocrx_word' id='word_1_629' title='bbox 1880 5071 2020 5135; x_wconf 85' lang='lat' dir='ltr'>Maiestas</span> 
     </span>
     <span class='ocr_line' id='line_1_112' title="bbox 1272 5167 2019 5244; baseline -0.004 -13"><span class='ocrx_word' id='word_1_630' title='bbox 1272 5184 1366 5231; x_wconf 87' lang='lat' dir='ltr'>suum</span> <span class='ocrx_word' id='word_1_631' title='bbox 1387 5168 1526 5230; x_wconf 90' lang='grc'><strong>33333311</strong></span> <span class='ocrx_word' id='word_1_632' title='bbox 1554 5167 1676 5244; x_wconf 87' lang='grc'><strong>3331313</strong></span> <span class='ocrx_word' id='word_1_633' title='bbox 1706 5167 1905 5244; x_wconf 90' lang='lat' dir='ltr'>permissum,</span> <span class='ocrx_word' id='word_1_634' title='bbox 1928 5173 1964 5231; x_wconf 91' lang='grc'><strong>31</strong></span> <span class='ocrx_word' id='word_1_635' title='bbox 1987 5169 2019 5229; x_wconf 91' lang='grc'><strong>13</strong></span> 
     </span>
     <span class='ocr_line' id='line_1_113' title="bbox 1272 5259 2017 5340; baseline -0.005 -14"><span class='ocrx_word' id='word_1_636' title='bbox 1272 5264 1437 5340; x_wconf 91' lang='lat' dir='ltr'>collegium</span> <span class='ocrx_word' id='word_1_637' title='bbox 1458 5261 1660 5339; x_wconf 87' lang='lat' dir='ltr'>apostolicum</span> <span class='ocrx_word' id='word_1_638' title='bbox 1678 5259 1943 5324; x_wconf 89' lang='lat' dir='ltr'>missionariorum</span> <span class='ocrx_word' id='word_1_639' title='bbox 1957 5261 2017 5323; x_wconf 93' lang='lat' dir='ltr'>eri·</span> 
     </span>
     <span class='ocr_line' id='line_1_114' title="bbox 1273 5351 2017 5434; baseline -0.004 -16"><span class='ocrx_word' id='word_1_640' title='bbox 1273 5363 1364 5434; x_wconf 90' lang='lat' dir='ltr'>gatar</span> <span class='ocrx_word' id='word_1_641' title='bbox 1384 5355 1553 5432; x_wconf 88' lang='lat' dir='ltr'>hospitium</span> <span class='ocrx_word' id='word_1_642' title='bbox 1576 5355 1705 5417; x_wconf 89' lang='lat' dir='ltr'>Sanctae</span> <span class='ocrx_word' id='word_1_643' title='bbox 1729 5351 1824 5416; x_wconf 76' lang='lat' dir='ltr'>basae</span> <span class='ocrx_word' id='word_1_644' title='bbox 1846 5356 1883 5416; x_wconf 89' lang='grc'><strong>33</strong></span> <span class='ocrx_word' id='word_1_645' title='bbox 1905 5354 2017 5432; x_wconf 90' lang='grc'><strong>03333,</strong></span> 
     </span>
     <span class='ocr_line' id='line_1_115' title="bbox 1272 5446 2019 5529; baseline -0.005 -17"><span class='ocrx_word' id='word_1_646' title='bbox 1272 5450 1352 5529; x_wconf 91' lang='lat' dir='ltr'>quod</span> <span class='ocrx_word' id='word_1_647' title='bbox 1374 5457 1420 5511; x_wconf 87' lang='lat' dir='ltr'><strong>est</strong></span> <span class='ocrx_word' id='word_1_648' title='bbox 1434 5448 1556 5511; x_wconf 83' lang='lat' dir='ltr'>Ordinis</span> <span class='ocrx_word' id='word_1_649' title='bbox 1571 5447 1730 5509; x_wconf 90' lang='lat' dir='ltr'>blinorom</span> <span class='ocrx_word' id='word_1_650' title='bbox 1745 5447 1847 5510; x_wconf 87' lang='lat' dir='ltr'>Sancti</span> <span class='ocrx_word' id='word_1_651' title='bbox 1864 5446 2019 5508; x_wconf 75' lang='lat' dir='ltr'>francisci</span> 
     </span>
     <span class='ocr_line' id='line_1_116' title="bbox 1273 5539 2019 5620; baseline -0.003 -17"><span class='ocrx_word' id='word_1_652' title='bbox 1273 5544 1306 5605; x_wconf 91' lang='grc'><strong>13</strong></span> <span class='ocrx_word' id='word_1_653' title='bbox 1329 5542 1508 5620; x_wconf 90' lang='lat' dir='ltr'>regionibus</span> <span class='ocrx_word' id='word_1_654' title='bbox 1529 5539 1677 5602; x_wconf 88' lang='lat' dir='ltr'>Peruanis</span> <span class='ocrx_word' id='word_1_655' title='bbox 1698 5571 1736 5586; x_wconf 94' lang='lat'>-</span> <span class='ocrx_word' id='word_1_656' title='bbox 1758 5539 2019 5602; x_wconf 85' lang='grc'><strong>(1333333313331</strong></span> 
     </span>
    </p>
   </div>
   <div class='ocr_carea' id='block_1_21' title="bbox 1273 5626 2113 5713">
    <p class='ocr_par' dir='ltr' id='par_1_21' title="bbox 1273 5626 2113 5713">
     <span class='ocr_line' id='line_1_117' title="bbox 1273 5626 2113 5713; baseline -0.01 -15"><span class='ocrx_word' id='word_1_657' title='bbox 1273 5637 1359 5713; x_wconf 91' lang='lat' dir='ltr'>regia</span> <span class='ocrx_word' id='word_1_658' title='bbox 1381 5634 1584 5713; x_wconf 89' lang='lat' dir='ltr'>chirographo</span> <span class='ocrx_word' id='word_1_659' title='bbox 1605 5633 1640 5692; x_wconf 89' lang='lat' dir='ltr'>ad</span> <span class='ocrx_word' id='word_1_660' title='bbox 1663 5633 1747 5694; x_wconf 91' lang='lat' dir='ltr'>hunc</span> <span class='ocrx_word' id='word_1_661' title='bbox 1772 5631 1920 5693; x_wconf 86' lang='lat' dir='ltr'>effectum</span> <span class='ocrx_word' id='word_1_662' title='bbox 1940 5631 2017 5692; x_wconf 94' lang='lat' dir='ltr'>mihi</span> <span class='ocrx_word' id='word_1_663' title='bbox 2111 5626 2113 5631; x_wconf 78' lang='grc'>’</span> 
     </span>
    </p>
   </div>
   <div class='ocr_carea' id='block_1_22' title="bbox 1270 5723 2020 5994">
    <p class='ocr_par' dir='ltr' id='par_1_22' title="bbox 1270 5723 2020 5994">
     <span class='ocr_line' id='line_1_118' title="bbox 1272 5723 2018 5805; baseline -0.012 -13"><span class='ocrx_word' id='word_1_664' title='bbox 1272 5729 1409 5792; x_wconf 83' lang='lat' dir='ltr'>exhibita</span> <span class='ocrx_word' id='word_1_665' title='bbox 1424 5745 1440 5789; x_wconf 92' lang='lat' dir='ltr'>a</span> <span class='ocrx_word' id='word_1_666' title='bbox 1455 5745 1520 5789; x_wconf 91' lang='lat' dir='ltr'>rev.</span> <span class='ocrx_word' id='word_1_667' title='bbox 1538 5735 1623 5805; x_wconf 91' lang='lat' dir='ltr'>patre</span> <span class='ocrx_word' id='word_1_668' title='bbox 1637 5725 1733 5787; x_wconf 89' lang='lat' dir='ltr'>fratre</span> <span class='ocrx_word' id='word_1_669' title='bbox 1747 5724 1874 5801; x_wconf 92' lang='lat' dir='ltr'>losepho</span> <span class='ocrx_word' id='word_1_670' title='bbox 1889 5725 1927 5786; x_wconf 90' lang='lat' dir='ltr'><strong>de</strong></span> <span class='ocrx_word' id='word_1_671' title='bbox 1943 5723 2018 5787; x_wconf 91' lang='lat' dir='ltr'>San-</span> 
     </span>
     <span class='ocr_line' id='line_1_119' title="bbox 1270 5818 2020 5885; baseline -0.008 0"><span class='ocrx_word' id='word_1_672' title='bbox 1270 5832 1319 5885; x_wconf 90' lang='lat' dir='ltr'><strong>cta</strong></span> <span class='ocrx_word' id='word_1_673' title='bbox 1341 5822 1476 5884; x_wconf 77' lang='grc'><strong>3313313</strong></span> <span class='ocrx_word' id='word_1_674' title='bbox 1497 5819 1706 5882; x_wconf 87' lang='lat' dir='ltr'>commissario</span> <span class='ocrx_word' id='word_1_675' title='bbox 1722 5818 1907 5880; x_wconf 88' lang='lat' dir='ltr'>missionum</span> <span class='ocrx_word' id='word_1_676' title='bbox 1921 5819 1953 5879; x_wconf 93' lang='grc'><strong>13</strong></span> <span class='ocrx_word' id='word_1_677' title='bbox 1970 5834 2020 5880; x_wconf 89' lang='grc'><strong>33-</strong></span> 
     </span>
     <span class='ocr_line' id='line_1_120' title="bbox 1273 5912 2016 5994; baseline -0.004 -16"><span class='ocrx_word' id='word_1_678' title='bbox 1273 5932 1334 5994; x_wconf 84' lang='grc'><strong>333</strong></span> <span class='ocrx_word' id='word_1_679' title='bbox 1355 5917 1494 5980; x_wconf 85' lang='grc' dir='ltr'><strong>Ρ3ι3333</strong></span> <span class='ocrx_word' id='word_1_680' title='bbox 1516 5913 1638 5978; x_wconf 85' lang='lat' dir='ltr'>Ordinis</span> <span class='ocrx_word' id='word_1_681' title='bbox 1654 5912 1759 5976; x_wconf 88' lang='lat' dir='ltr'>Sancti</span> <span class='ocrx_word' id='word_1_682' title='bbox 1772 5913 1938 5989; x_wconf 84' lang='lat' dir='ltr'>Francisci,</span> <span class='ocrx_word' id='word_1_683' title='bbox 1954 5912 2016 5988; x_wconf 91' lang='lat' dir='ltr'>cui,</span> 
     </span>
    </p>
   </div>
   <div class='ocr_carea' id='block_1_23' title="bbox 0 0 2372 6997">
    <p class='ocr_par' dir='ltr' id='par_1_23' title="bbox 0 0 2372 6997">
     <span class='ocr_line' id='line_1_121' title="bbox 0 0 2372 6997; baseline 0 0"><span class='ocrx_word' id='word_1_684' title='bbox 0 0 2372 6997; x_wconf 95' lang='lat' dir='ltr'><strong> </strong></span> 
     </span>
    </p>
   </div>
   <div class='ocr_carea' id='block_1_24' title="bbox 2052 510 2242 572">
    <p class='ocr_par' dir='ltr' id='par_1_24' title="bbox 2052 510 2242 572">
     <span class='ocr_line' id='line_1_122' title="bbox 2052 510 2242 572; baseline 0 -8"><span class='ocrx_word' id='word_1_685' title='bbox 2052 510 2107 566; x_wconf 81' lang='lat' dir='ltr'><strong>An.</strong></span> <span class='ocrx_word' id='word_1_686' title='bbox 2121 513 2151 565; x_wconf 81' lang='lat'><strong>0.</strong></span> <span class='ocrx_word' id='word_1_687' title='bbox 2173 515 2242 572; x_wconf 78' lang='lat'>1758</span> 
     </span>
    </p>
   </div>
  </div>
 </body>
</html>
