4722 6976
336 546 434 602 sao.
457 553 524 604 reor
574 552 632 615 506

554 690 727 752 caracthere
749 692 860 753 notarii
878 693 991 770 publici
1005 691 1196 770 subscriptis,
1212 697 1243 751 et
1256 688 1295 749 si·

554 781 627 858 gillo
651 783 779 846 alicuius
801 801 948 863 personae
969 787 1001 847 in
1026 785 1176 862 dignitate
1201 782 1295 845 ecole-

552 875 669 938 siastica
690 879 875 941 constitutae
894 879 1034 952 munitis,
1050 877 1156 940 eadem
1172 891 1296 956 prorsus

554 968 680 1032 fidesic
703 969 815 1032 iudicio
843 979 873 1032 et
894 978 980 1032 extra
1002 971 1077 1034 illud
1103 970 1294 1043 adhibeatur,

552 1077 630 1140 quae
660 1062 767 1126 ilsdem
799 1065 1009 1144 praesentibus
1040 1065 1248 1136 adhiberetur,
1270 1063 1295 1123 si

552 1153 655 1216 forent
677 1156 830 1220 exhibitae
852 1157 902 1220 vel
924 1166 1075 1220 ostensae.

593 1249 703 1311 Datum
724 1250 838 1313 Romae
855 1253 932 1330 apud
949 1251 978 1315 S.
997 1251 1121 1313 Mariam
1137 1250 1295 1324 Maiorem,

553 1357 635 1403 anno
665 1343 882 1406 incarnationis
913 1342 1089 1406 Dominicae
1115 1358 1294 1415 xucoovru,

553 1443 660 1511 coarto
682 1437 799 1498 decimo
821 1436 965 1500 kalendas
985 1435 1180 1515 septembrIs,
1196 1435 1296 1513 ponti-

554 1529 660 1604 ficatus
682 1530 778 1590 nostri
800 1545 880 1592 anno
901 1547 969 1592 vrri.

806 1730 1044 1742 —m—

855 1906 992 1972 XXXIII.

555 2091 741 2169 suppressio
768 2103 797 2156 et
825 2095 985 2156 euticetis
1017 2093 1111 2156 tituli
1140 2093 1297 2171 archiepi-

591 2187 727 2264 scopalis
749 2188 783 2248 ia
805 2189 942 2268 ecclesio,
958 2187 1140 2258 bobacensi,
1157 2194 1187 2250 et
1210 2187 1295 2248 rein·

594 2282 732 2360 teprotio
755 2281 838 2344 sodis
859 2282 1045 2360 episcopalis
1067 2283 1102 2343 io
1124 2279 1229 2344 eodem
1250 2295 1296 2340 oc·

593 2373 688 2436 closio
717 2373 776 2437 sub
807 2376 906 2438 titolo
937 2374 1049 2438 Soacti
1072 2375 1196 2440 Nicoloi
1220 2372 1297 2452 Epi-

591 2468 676 2545 scopi
698 2474 812 2531 erecto.

760 2639 847 2708 etus
870 2638 1088 2709 eetsootus

741 2832 849 2884 seruus
871 2832 1024 2884 serrorum
1048 2817 1112 2898 bei,

671 2936 707 3003 ad
731 2941 903 3020 perpetuam
929 2938 972 3004 rei
998 2939 1177 3006 memoriam.

350 3127 519 3174 Prooemium·
592 3127 611 3199 g
634 3125 659 3185 l.
683 3125 836 3201 Quaedam
855 3127 1016 3189 tenebrosa
1031 3127 1128 3203 caligo
1143 3130 1296 3189 humanae

553 3219 666 3280 mentis
686 3219 821 3283 obruens
842 3220 1097 3296 imbecillitatem,
1122 3229 1154 3282 et
1177 3219 1297 3283 futuro·

551 3328 623 3374 rum
653 3313 885 3389 praescientiam
917 3314 1105 3393 impediens,
1138 3313 1214 3376 tales
1243 3314 1296 3375 ali-

551 3405 674 3484 quando
694 3406 844 3469 inducere
863 3407 940 3470 solet
961 3423 1093 3483 errores,
1109 3414 1143 3470 ut
1158 3424 1203 3482 ea,
1219 3423 1296 3487 quae

551 3498 732 3560 aliomanis
757 3498 969 3576 Pontificibus,
991 3517 1028 3562 ex
1050 3502 1190 3564 virorum
1212 3501 1295 3578 prin-

550 3592 654 3668 cipum
675 3592 766 3668 rotls,
790 3593 916 3672 provida
945 3593 1063 3656 ratione
1087 3595 1209 3672 pridem
1230 3593 1295 3656 lue·

551 3686 615 3747 rint
634 3687 759 3760 sancita,
782 3686 821 3748 ob
842 3702 937 3749 novas
968 3687 1052 3766 lapsu
1076 3689 1222 3769 temporis
1245 3704 1296 3750 ex·

550 3785 632 3840 ortas
652 3779 847 3842 difficultates
867 3778 997 3846 debeant
1011 3781 1047 3844 ad
1061 3781 1168 3845 salotis
1181 3781 1295 3844 anima-

550 3890 620 3934 rum
643 3873 868 3936 detrimentum
890 3874 1095 3938 avertendum
1116 3874 1152 3936 ab
1170 3877 1297 3954 hposto·

551 3966 606 4028 lica
624 3967 702 4030 Sede
718 3967 881 4042 moderari,
898 3975 928 4029 et
944 3969 1088 4044 gravibus
1103 3970 1296 4032 interceden-

552 4061 632 4122 tibus
653 4061 750 4123 ceusis
771 4061 807 4122 ad
821 4061 989 4139 pristmum
1004 4062 1156 4124 nonnulla
1173 4063 1296 4125 restitui

549 4163 675 4230 statum,
699 4157 821 4234 quando
850 4171 906 4234 pro
936 4171 1046 4218 rerum
1064 4174 1097 4218 ac
1119 4164 1296 4234 temporum

551 4247 748 4326 qualitatibus
777 4251 922 4328 expedire
952 4251 984 4311 in
1015 4250 1147 4312 Domino
1178 4253 1296 4331 conspi-

549 4341 657 4405 cietur.

359 4444 533 4506 immorantur
591 4439 610 4513 ς]
631 4437 660 4498 2.
684 4436 753 4498 Post
773 4453 867 4514 quam
890 4439 984 4515 igitur
1002 4437 1097 4502 felicis
1112 4439 1297 4503 recordatio·

319 4493 533 4612 lill¹Ii¹II¹IldI
552 4529 600 4590 nis
622 4530 691 4592 Pius
715 4529 768 4590 PP.
791 4529 842 4593 Vl.
866 4533 1076 4609 praedecessor
1091 4541 1196 4596 noster
1210 4533 1296 4596 ohse-

320 4613 337 4648 ὃ
350 4605 394 4649 ¹³¹⁰
409 4606 477 4659 ΡΨ
492 4604 530 4648 Ἦ·
550 4622 712 4684 cundando
733 4623 874 4701 precibus
901 4625 999 4688 clarae
1027 4627 1196 4690 memoriae
1218 4629 1295 4690 lose·

551 4716 601 4793 phi
622 4716 655 4777 II.
675 4717 868 4794 imperatoris
882 4735 915 4780 ac
931 4719 1022 4796 regis,
1039 4735 1094 4797 per
1110 4720 1211 4783 literas
1225 4737 1296 4801 apo·

549 4810 669 4872 stolicas
689 4811 747 4872 sub
768 4811 895 4888 plumbo
922 4812 1079 4889 expeditas
1100 4819 1207 4876 octavo
1227 4815 1295 4878 idus

551 4904 652 4966 martii
677 4903 872 4982 pontificatus
895 4905 942 4967 sui
963 4921 1044 4968 anno
1065 4906 1295 4986 quartodecimo

550 4998 756 5060 cathedralem
773 4997 937 5060 Eccleshm
952 5000 1156 5064 Labacensem
1171 5018 1244 5064 cum
1258 5001 1295 5064 il·

549 5094 609 5154 lius
637 5091 769 5170 capitulo
801 5101 893 5171 atquo
924 5095 1044 5171 integra
1070 5111 1108 5156 ex
1129 5103 1204 5159 tunc
1224 5099 1295 5159 assi-

550 5193 638 5262 gnata
660 5187 791 5249 dioecesi
811 5188 847 5249 ad
867 5187 946 5250 sedis
968 5189 1230 5268 arehiepIscopalis
1252 5193 1296 5254 di-

549 5281 698 5357 gnitatem
719 5280 836 5355 crexit,
851 5288 943 5359 atque
961 5280 1053 5358 ipsius
1069 5283 1296 5359 metropolitico

551 5373 610 5435 iuri
627 5373 756 5435 subiecit
771 5373 955 5451 episcopales
970 5375 1163 5452 segnensem
1185 5393 1218 5438 ao
1238 5377 1295 5440 Go-

549 5467 710 5528 ritiensem
733 5473 764 5527 et
792 5465 1018 5543 Gradiscanam,
1046 5470 1113 5531 sive
1143 5470 1297 5533 Goritien-

549 5577 626 5635 sem,
644 5559 802 5636 EcclesIas,
820 5577 921 5641 nuper
942 5563 1139 5626 charissimos
1159 5564 1193 5625 in
1209 5565 1296 5627 Chri-

550 5662 596 5718 sto
617 5657 699 5718 tilius
722 5664 826 5719 noster
847 5659 1027 5721 FrancIscus
1043 5659 1064 5719 I.
1082 5659 1223 5721 hostriae
1238 5659 1295 5720 im·

551 5758 682 5828 perator,
704 5759 796 5829 atque
816 5751 991 5828 Hungariae
1012 5760 1042 5815 et
1061 5753 1227 5814 Bohemiae
1241 5769 1297 5814 rex

550 5843 743 5920 apostolicus,
760 5843 981 5906 instantissime
996 5845 1082 5907 nohis
1105 5845 1294 5923 efflagitavit,

551 5936 632 6014 quod
652 5937 692 5998 ob
713 5937 811 6012 uarias
832 5937 890 6017 ipsi
911 5941 989 6001 visas
1014 5940 1206 6015 gravissimas
1228 5956 1298 6002 cau·

1075 568 1140 616 IUE·
1165 569 1255 614 PON'I·
1279 569 1320 614 uu
1342 569 1369 612 P.
1392 569 1422 614 1².
1447 569 1529 615 raus
1551 569 1571 614 1.

2128 540 2183 599 Διί.
2198 549 2228 600 (I.
2249 551 2306 603 tuot

1351 705 1408 762 sas,
1429 695 1638 767 opportunum
1661 689 1786 752 illorum
1808 689 1994 768 populorum
2009 687 2097 767 spiri-

1353 781 1435 843 tuale
1456 783 1596 860 regimen
1628 781 1811 860 spectantes,
1834 781 1975 844 eamdem
2005 781 2099 844 Laba-

1352 889 1474 936 censem
1497 876 1663 939 Ecclesiam
1684 877 1717 938 in
1733 875 1894 938 carniolae
1907 875 2020 939 ducatu
2035 877 2099 936 exi-

1352 973 1498 1042 stentem,
1521 985 1599 1048 quae
1619 983 1674 1047 per
1690 969 1923 1032 translationem
1938 967 2099 1030 venerahi-

1353 1061 1389 1122 lis
1410 1061 1512 1124 Iratris
1535 1063 1689 1125 blichaelis
1706 1063 1743 1124 de
1758 1062 1882 1138 BrIgido
1897 1064 1932 1126 ad
1947 1063 2100 1141 episcopa-

1353 1154 1415 1217 lem
1437 1155 1603 1218 Ecclesiam
1632 1156 1867 1236 Scepusiensem
1888 1155 1979 1218 modo
2000 1161 2097 1231 vacat,

1352 1247 1438 1310 etad
1470 1265 1560 1328 quern
1590 1250 1761 1312 nominatio
1790 1266 1938 1328 personae
1968 1249 2098 1312 idoneae

1353 1342 1488 1404 Romano
1511 1343 1650 1406 Pontifici
1673 1359 1727 1421 pro
1745 1311 1883 1422 tanore
1896 1344 2041 1406 existenti
2057 1342 2098 1404 la-

1352 1435 1458 1496 cienda
1479 1437 1513 1497 ad
1537 1435 1948 1514 praedictum-Franciscam
1970 1437 2099 1514 impera·

1355 1535 1453 1589 torem
1475 1529 1603 1607 eiusque
1623 1545 1813 1591 successores
1834 1545 1873 1590 ex
1896 1529 2015 1590 indulto
2042 1545 2098 1590 seu

1354 1621 1515 1700 privilegio
1536 1624 1711 1701 apostolico,
1734 1625 1783 1686 cui
1805 1639 1868 1686 non
1890 1632 1936 1684 est
1951 1623 2098 1685 hactenus

1354 1711 1385 1774 in
1399 1713 1501 1793 aliquo
1516 1715 1710 1793 derogatum,
1725 1723 1839 1795 spectat
1854 1724 1885 1778 et
1900 1715 2045 1793 pertinet,
2061 1717 2098 1780 ad

1353 1807 1515 1884 antiquum
1529 1815 1643 1872 statum
1657 1809 1807 1888 simplicis
1816 1809 2007 1887 episcopatus
2020 1811 2099 1872 redi-

1353 1914 1427 1975 gere
1446 1901 1658 1976 dignaremur.

1391 1993 1410 2068 5
1430 1993 1458 2056 3.
1482 1993 1543 2055 Nos
1564 1996 1801 2059 circumstantIIs
1816 1998 1961 2060 omnibus
1976 2004 2098 2060 mature
2142 2012 2234 2055 aanor
2248 2010 2321 2072 aecae

1352 2087 1520 2164 perpensis,
1544 2098 1574 2151 et
1596 2088 1708 2152 laudati
1733 2091 1884 2153 Francisoi
1907 2091 2097 2169 imperatoris
2117 2065 2320 2173 IIRIIIIIIZXI

1352 2196 1385 2242 ao
1407 2181 1487 2257 regis
1508 2183 1623 2244 iteratis
1646 2185 1724 2244 uotis
1740 2184 1772 2245 in
1787 2183 2031 2261 praesentiarum
2045 2200 2098 2247 an·
2118 2172 2320 2269 &sunanegam-

1353 2273 1515 2337 nuendum
1529 2277 1694 2352 expedIens
1709 2285 1920 2354 agnoscentes,
1937 2278 2098 2356 apostolica

1353 2370 1657 2432 nostraauctoritate
1679 2370 1819 2446 titulum,
1841 2373 2098 2447 dominationem,

1353 2471 1383 2524 et
1403 2463 1566 2524 essentiam
1588 2464 1857 2543 archiepIscopales
1880 2465 1911 2528 iu
1937 2465 2099 2528 antedictis

1353 2555 1477 2618 ecclesIa
1491 2565 1522 2618 et
1537 2556 1669 2636 capitulo
1685 2557 1847 2620 Labacensi
1864 2568 2013 2638 perpetuo
2028 2577 2100 2639 sup·

1353 2649 1517 2728 primimus
1538 2659 1568 2712 et
1590 2650 1817 2726 extinguimus,
1834 2651 2037 2731 eamdemque
2051 2670 2098 2717 oc-

1353 2742 1476 2804 clesiam
1497 2743 1555 2805 sub
1569 2745 1766 2807 invocatione
1780 2743 1883 2808 Sancti
1898 2745 2014 2809 Nicolai
2029 2748 2100 2826 Epi-

1353 2836 1435 2914 scopi
1466 2853 1536 2899 cum
1567 2854 1622 2899 suo
1651 2837 1796 2915 capitulo,
1818 2840 1854 2900 ad
1876 2841 2044 2918 pristinum
2066 2841 2098 2902 in

1352 2945 1414 3009 quo
1435 2937 1523 2992 antea
1544 2938 1609 2993 erat
1623 2931 1702 2993 sedis
1717 2931 1892 3010 epIscopalis
1907 2933 2100 3011 Apostolicae

1354 3023 1424 3088 Sedi
1445 3024 1624 3088 immediate
1637 3025 1792 3088 subiectae
1805 3033 1919 3088 statum
1934 3029 2036 3091 denuo
2051 3046 2099 3092 re·

1353 3119 1497 3195 digimus,
1520 3135 1552 3181 ac
1573 3120 1730 3198 perpetuis
1762 3120 1875 3184 tuturis
1908 3125 2099 3202 temporibus

1353 3215 1506 3275 redactam
1527 3212 1732 3290 declaramus;
1757 3213 1847 3276 firmo
1869 3223 1974 3278 tamen
1995 3218 2028 3279 in
2050 3235 2099 3281 re·

1352 3305 1444 3383 liquis
1466 3315 1647 3368 remanente
1677 3306 1771 3383 ipsius
1802 3307 1945 3370 ecclesiae
1966 3310 2098 3390 capitulo

1352 3415 1385 3461 ac
1405 3399 1592 3476 dignitatum
1613 3408 1644 3462 et
1665 3401 1886 3464 canonicorum
1908 3418 2050 3480 numero,
2066 3423 2100 3468 ac

1352 3493 1450 3555 hrmIs
1472 3495 1586 3573 pariter
1607 3493 1752 3557 dioecesis
1782 3495 1901 3558 ambitu
1922 3507 1954 3559 et
1976 3513 2100 3560 mensae

1352 3589 1529 3667 episcopalis
1543 3607 1576 3652 ac
1590 3590 1787 3666 sIngulorum
1801 3591 2019 3670 capitularium
2030 3594 2099 3656 red-

1352 3683 1466 3746 ditibus
1488 3684 1519 3745 in
1542 3699 1578 3746 eo
1605 3690 1783 3763 statuque
1814 3685 1984 3763 respective
2012 3703 2101 3749 nunc

1352 3779 1562 3856 reperiuntur.

1390 3873 1458 3946 §h
1483 3873 1684 3938 venerabiles
1715 3883 1819 3938 autem
1847 3874 1955 3938 iratres
1978 3877 2099 3939 moder·
2132 3883 2311 3954 consulturo·

1352 3987 1407 4033 nos
1428 3977 1459 4032 et
1481 3985 1535 4046 pro
1568 3975 1705 4045 ternpore
1735 3968 1904 4031 existentes
1935 3969 2099 4048 Episcopus
2118 3937 2313 4038 cassos-sareas-

1353 4067 1521 4142 Segensem
1552 4081 1585 4125 ac
1614 4062 1857 4126 IIodrusiensem
1888 4071 1919 4127 et
1944 4064 2099 4128 Gradisca-

1352 4174 1429 4221 num
1451 4173 1506 4219 seu
1527 4155 1732 4219 Goritiensem
1751 4157 1783 4218 in
1797 4155 2005 4233 suffraganeos
2018 4159 2100 4220 eius·

1351 4254 1423 4315 dem
1444 4251 1623 4313 LabacensIs
1654 4249 1798 4312 ecclesiae
1827 4268 1842 4310 a
1873 4251 2026 4328 praedicto
2047 4252 2100 4314 Pio

1352 4347 1582 4426 praedecessore
1613 4351 1718 4406 nostro
1739 4343 1771 4405 in
1793 4345 1880 4407 dittis
1909 4344 2005 4407 literis
2028 4350 2099 4407 assi-

1352 4449 1458 4519 gnatos
1478 4441 1516 4502 ab
1537 4439 1622 4500 omni
1644 4445 1675 4500 et
1696 4453 1892 4516 utrocumque
1922 4439 2101 4518 metropoli-

1352 4537 1403 4599 tici
1425 4534 1593 4597 antedictae
1613 4531 1794 4595 Labacensis
1815 4533 1959 4594 ecclesiae
1973 4533 2100 4596 vinculo
2124 4613 2127 4620 ι

1351 4639 1381 4692 et
1402 4629 1592 4692 subiectione
1614 4633 1763 4705 perpetuo
1784 4626 1950 4688 eximimus
1973 4635 2003 4688 et
2024 4627 2101 4690 libe-

1351 4737 1467 4795 ramus,
1491 4719 1620 4799 illosque
1640 4720 1697 4781 sub
1718 4719 1894 4796 immediata
1916 4718 2003 4782 Sedis
2021 4721 2100 4798 hpo-

1350 4815 1474 4876 stolicae
1494 4812 1684 4876 subiectIone
1705 4813 1882 4891 recipimus,
1906 4813 2100 4893 usquedum

1351 4907 1410 4969 alio
1434 4923 1488 4968 seu
1520 4906 1585 4967 aliis
1617 4905 1859 4983 MetropolitenIs
1887 4922 1942 4984 per
1968 4923 2024 4968 nos
2045 4924 2100 4970 seu

1350 5001 1504 5063 Romanos
1527 5001 1688 5063 Pontifices
1709 5014 1897 5063 successores
1924 5009 2045 5064 nostros
2066 5001 2100 5064 iu
2163 5063 2166 5070 ,

1352 5103 1511 5176 posterum
1533 5093 1651 5156 luerint
1671 5093 1851 5169 assignatae.

1390 5188 1459 5263 55.
1483 5189 1690 5249 Decernentes
1707 5187 1827 5248 easdem
1850 5194 2025 5264 praesentes
2046 5203 2101 5249 no·
2134 5196 2313 5244 ouunusuo·

1349 5289 1427 5344 stras
1450 5281 1552 5343 literas
1574 5281 1665 5341 etiam
1688 5295 1725 5341 ex
1747 5281 1886 5358 eoquod
1908 5280 1940 5340 in
1955 5281 2100 5356 praemis·
2120 5252 2175 5353 {2¹ss
2188 5251 2312 5352 XXXX?

1351 5377 1391 5438 sis
1406 5376 1556 5436 interesse
1571 5373 1729 5446 habentes,
1742 5388 1796 5433 seu
1809 5371 1922 5433 habere
1933 5377 2101 5449 quomodo-

1351 5469 1426 5532 libet
1448 5467 1698 5545 praetendentes,
1714 5481 1776 5527 non
1800 5466 2027 5542 consenserint,
2044 5483 2102 5530 nec

1351 5562 1386 5623 ad
1409 5577 1444 5622 ea
1465 5561 1576 5635 uocati,
1604 5560 1688 5622 citati
1709 5566 1741 5621 et
1761 5559 1869 5634 auditi,
1893 5575 1950 5622 nec
1980 5577 2100 5636 causae,

1351 5661 1479 5732 propter
1493 5671 1567 5734 quas
1578 5656 1705 5716 eaedem
1716 5660 1892 5730 praesentes
1903 5662 2100 5729 emanarunt,

1351 5748 1541 5812 suilicIeuter
1563 5749 1720 5823 adductae,
1744 5748 1923 5810 iustihcatae
1945 5753 1975 5808 et
1996 5748 2102 5808 verib-

1352 5850 1436 5904 catae
1457 5859 1520 5904 non
1542 5841 1670 5916 luerint,
1693 5841 1781 5904 nullo
1796 5855 1945 5919 umquam
1961 5847 2102 5918 tempore

1353 5954 1390 5999 ex
1412 5951 1608 6015 quocumque
1639 5935 1748 6014 capite,
1773 5934 1822 5997 vel
1854 5933 1990 6012 qualibet
2011 5949 2101 5996 causa
