4750 6980
1722 564 1779 637 461
1830 567 1885 629 An.
1899 575 1929 629 (l.
1951 566 2019 628 teda

261 707 322 771 illic
344 707 486 772 fidelibus
508 719 737 791 proponuntur,
750 717 856 774 contra
878 725 1001 787 respue·
1056 709 1177 771 loannis
1206 707 1323 774 Claudii
1353 707 1497 772 lliclierat
1523 708 1695 790 presbyteri
1722 709 1801 773 Con·

260 817 291 863 re
312 817 345 863 sc
360 809 390 863 et
406 804 567 880 repudiare
581 813 612 865 et
633 805 774 879 abiicere,
797 819 873 882 quae
888 801 1000 865 ibidem
1056 800 1244 879 gregationis
1265 801 1426 875 lllissionis,
1450 817 1565 864 munus
1586 799 1701 864 Vicarii
1722 803 1801 878 Apo·

260 895 447 958 damnantur
467 905 498 958 et
518 897 744 976 improbantur,
762 909 855 976 atque
876 897 908 959 in
924 897 1000 959 banc
1056 893 1154 956 stolioi
1176 894 1436 957 lulio-Caesareae
1450 911 1504 956 seu
1521 895 1624 971 ligeri
1647 893 1801 956 vacaverit

258 989 443 1050 senteutiam
464 997 605 1067 paratum
626 1008 658 1053 se
673 1008 739 1053 esse
759 991 908 1071 populum
927 1005 1000 1052 suae
1056 997 1087 1050 et
1108 987 1141 1048 ad
1164 1003 1307 1065 praesens
1329 997 1426 1063 vacet,
1451 1005 1517 1062 nos,
1534 989 1637 1053 audito
1658 988 1800 1052 reuira-

258 1098 347 1144 curae
370 1083 517 1146 traditum
532 1085 650 1146 docere.
673 1087 757 1161 Quod
774 1086 826 1148 ubi
849 1085 901 1147 ille
916 1099 1000 1164 prae·
1056 1088 1102 1142 tre
1126 1081 1360 1160 archiepiscopo
1382 1081 1490 1144 lliren.
1503 1082 1610 1146 Sacrae
1626 1084 1801 1160 congrega-

257 1175 381 1251 stiterit,
398 1179 505 1240 eadem
528 1187 561 1241 tu
583 1180 734 1259 exempla,
751 1181 863 1258 quibus
885 1183 909 1242 is
931 1180 1001 1242 sub
1057 1174 1148 1234 tionis
1168 1175 1206 1236 de
1227 1175 1421 1252 Propaganda
1442 1173 1517 1238 Fide
1535 1175 1710 1249 secretario·
1732 1177 1801 1254 plu·

256 1269 421 1346 scripserit,
435 1273 469 1333 acl
486 1287 541 1333 nos
557 1273 718 1344 remittito,
733 1274 999 1337 ntiucunrlissimo
1056 1265 1173 1328 timum
1196 1267 1227 1327 in
1250 1267 1380 1330 D0m1n0
1403 1268 1439 1330 de
1462 1277 1513 1330 tua
1530 1268 1600 1343 fide,
1623 1269 1797 1346 prudentia,

258 1361 407 1425 nimirum
428 1365 572 1442 adspectu
593 1374 749 1439 notarum,
767 1383 843 1446 quae
861 1369 998 1430 incorrn·
1055 1359 1193 1421 doctrina
1214 1367 1245 1423 et
1266 1360 1429 1424 catholicae
1454 1360 1613 1438 religionis
1641 1363 1706 1424 zelo
1727 1379 1799 1424 con·

256 1457 416 1538 ptameius
428 1458 653 1538 archiepiscopi
666 1461 758 1522 fidem
770 1463 996 1534 demonstrent,
1055 1453 1113 1527 fisi,
1147 1461 1237 1532 leque
1268 1455 1450 1532 specialibus
1478 1465 1535 1519 etc.
1568 1457 1709 1520 volentes
1738 1467 1795 1522 etc.

255 1552 394 1614 animum
417 1567 473 1613 nos
488 1551 676 1632 expleamus,
693 1571 726 1616 ac
739 1555 946 1634 suspicionem
961 1557 999 1618 cle
1055 1556 1226 1620 censentes,
1244 1551 1387 1628 teipsum
1411 1550 1566 1613 vicarium
1588 1551 1798 1630 Apostolicum

256 1645 306 1706 illo
322 1659 448 1708 omnem
464 1655 555 1726 acque
571 1663 746 1710 merorem
759 1655 935 1728 susceptum
948 1649 998 1712 de.
1055 1642 1153 1705 dictae
1175 1644 1435 1708 lulio-Caesareae
1456 1661 1510 1708 seu
1533 1646 1638 1724 ulgeri
1660 1663 1732 1710 cum
1751 1663 1799 1708 so-

256 1753 415 1814 ponamus.
438 1741 523 1815 Quod
545 1740 569 1800 si
591 1740 669 1802 lorte
692 1742 796 1803 minus
817 1750 996 1822 promptum
1054 1734 1118 1797 litis
1139 1736 1270 1810 iuribus,
1293 1736 1486 1801 facultatibus
1507 1747 1538 1802 et
1559 1740 1715 1814 oneribus,
1731 1740 1798 1801 sine

78 585 160 641 tuo.
176 573 234 633 tede
922 585 993 635 ntus
1015 585 1064 634 rr.
1087 581 1147 666 uto

1054 1839 1159 1893 tamen
1193 1831 1282 1893 titulo
1309 1849 1341 1892 ao
1367 1833 1541 1894 charactere
1560 1833 1736 1911 episcopali,
1761 1834 1797 1895 ad

254 1834 288 1895 ad
303 1834 487 1911 parendum,
501 1834 766 1913 haesitantemque
783 1852 854 1898 eum
869 1837 930 1898 eris
946 1854 999 1900 na-

254 1935 331 2001 ctus,
353 1925 540 1990 denunciato
564 1928 665 1990 eidem
692 1929 799 2004 libere,
826 1947 918 1994 snum
940 1933 999 1994 sibi

255 2018 356 2082 locum
372 2035 435 2084 non
449 2035 538 2098 posse
560 2031 712 2095 constare,
730 2023 826 2101 inque
846 2024 938 2088 illum
952 2041 998 2086 se·

254 2111 390 2175 cundum
412 2131 512 2177 sacros
527 2131 659 2178 canones
674 2118 923 2180 animadversum
947 2119 994 2180 iri.

254 2205 361 2286 Neque
374 2225 461 2270 secus
477 2217 506 2270 te
522 2223 610 2286 geres
622 2211 768 2272 adversus
783 2219 914 2283 ceteros,
930 2214 999 2290 qui·

253 2299 307 2362 bus
323 2301 461 2364 eiusdem
477 2301 585 2364 nelarii
600 2302 675 2365 adeo
689 2303 829 2366 criminis
845 2314 916 2368 nota
931 2305 996 2368 lue-

253 2394 292 2455 rit
311 2397 461 2472 adspersa.

291 2488 309 2563 S
330 2488 358 2549 l.
374 2489 534 2564 agnoscis,
549 2505 620 2551 ven.
635 2489 739 2564 irater,
752 2492 858 2569 quanti
871 2491 992 2563 celerat,

253 2581 405 2658 praeclare
417 2589 448 2644 te
459 2581 609 2644 eiusmodi
621 2583 749 2660 defungi
763 2599 904 2656 munere,
914 2586 993 2664 quod

252 2691 307 2737 nos
330 2674 384 2736 tibi
406 2689 461 2752 pro
488 2683 533 2737 tot
561 2676 735 2738 animarum
759 2678 871 2740 Christi
894 2686 995 2742 morte

252 2771 481 2846 redemptarum
510 2769 723 2831 incolumitate
751 2778 781 2832 et
802 2772 912 2843 salute,
939 2789 994 2851 pro

250 2863 315 2924 eius
338 2861 476 2924 doctrina
501 2863 727 2936 conservandi,
751 2880 843 2943 quam
864 2883 921 2930 suo
942 2868 994 2929 ob-

249 2957 402 3033 signatam
431 2951 590 3031 Sanguine
617 2956 706 3018 nobis
735 2957 872 3036 reliquit,
898 2961 993 3037 impo-

252 3051 374 3127 nimus;
396 3063 498 3128 neque
520 3049 653 3122 dubites,
671 3049 747 3129 quin
763 3053 993 3115 amantissimus

250 3143 388 3207 Salvator
410 3143 463 3204 tibi
485 3151 613 3205 strenue
634 3160 667 3205 ac
688 3143 810 3206 fortiter
830 3146 884 3206 sui
906 3148 992 3208 causa

249 3238 399 3300 laboranti
427 3235 521 3312 adsit3
543 3250 599 3313 pro
626 3253 689 3314 quo
716 3236 805 3298 illurn
832 3254 941 3314 rogare
962 3247 993 3300 et

248 3333 405 3394 obsecrare
420 3345 484 3390 non
499 3329 685 3394 desistimus.
709 3329 800 3392 Nulla
814 3348 848 3394 re
869 3331 926 3392 alit
940 3347 994 3411 po-

250 3435 291 3486 tes
314 3425 352 3486 cle
367 3421 500 3486 Ecclesia
515 3422 567 3483 Ilei
592 3423 705 3484 mereri
727 3423 878 3486 illustrius
892 3425 992 3504 deque

248 3517 301 3580 hac
324 3518 355 3581 S.
379 3515 457 3578 Sede
487 3516 659 3595 apostolici
687 3516 786 3596 deque
816 3519 914 3592 nobis,
938 3521 991 3600 qul

1055 1931 1233 1986 nostramet
1248 1927 1439 2003 apostolicae
1454 1926 1540 1989 Sedis
1554 1926 1794 2003 beneplacitum,

1054 2017 1234 2080 auctoritato
1255 2019 1428 2097 apostolica,
1453 2025 1561 2081 tenore
1585 2021 1795 2098 praesentium

1054 2111 1192 2186 iacimus,
1215 2112 1433 2174 constituimus
1454 2122 1485 2175 et
1500 2115 1694 2192 deputamus,
1710 2131 1797 2177 man-

1053 2203 1160 2267 dantes
1182 2205 1327 2268 omnibus
1349 2213 1379 2267 et
1400 2206 1549 2283 singulis,
1574 2210 1609 2271 ad
1632 2225 1707 2288 quos
1729 2227 1796 2288 spe-

1053 2303 1113 2359 ctat
1134 2315 1166 2358 ac
1194 2299 1340 2375 spectabit
1362 2299 1394 2360 in
1423 2306 1599 2378 posterum,
1624 2313 1657 2366 ut
1686 2305 1742 2366 tibi
1762 2306 1795 2366 in

1053 2392 1225 2468 praemissis
1257 2401 1399 2470 prompte
1429 2404 1555 2473 pareant
1581 2404 1612 2458 et
1639 2398 1793 2474 obediant,

1053 2492 1165 2564 tuaque
1187 2487 1318 2548 salubria
1340 2488 1456 2549 monita
1478 2498 1509 2550 et
1531 2489 1671 2552 mandata
1692 2492 1794 2553 huml-

1053 2577 1123 2639 liter
1151 2579 1328 2658 suscipiant,
1351 2587 1382 2641 et
1404 2581 1565 2645 efficaciter
1592 2582 1792 2662 adimpleant,

1052 2670 1186 2750 alioquin
1208 2673 1398 2734 sententiam
1412 2689 1467 2735 seu
1482 2691 1611 2752 poenam
1626 2693 1718 2754 quarn
1735 2678 1793 2739 rite

1051 2766 1162 2827 tuleris
1182 2783 1237 2828 seu
1258 2768 1402 2828 statueris
1425 2768 1456 2829 in
1472 2769 1613 2842 rebelles,
1629 2779 1724 2831 ratam
1741 2772 1792 2832 ba-

1050 2860 1191 2923 bebimus
1223 2867 1253 2923 et
1284 2861 1447 2934 lactemus,
1478 2866 1657 2928 auctoritate
1691 2868 1794 2930 Domi-

1051 2955 1102 3025 ni,
1137 2971 1235 3032 usque
1270 2956 1304 3017 ad
1336 2956 1574 3020 satisfactionem
1609 2959 1792 3038 condignam

1050 3049 1272 3112 inviolabiliter
1304 3049 1469 3111 observari.
1504 3051 1572 3113 Non
1602 3053 1791 3116 obstantibus

1049 3143 1219 3221 apostolicis
1241 3159 1273 3204 ao
1295 3143 1327 3204 in
1350 3143 1576 3208 universalibus
1597 3156 1655 3209 etc.
1673 3148 1792 3210 ordina·

1050 3237 1197 3310 tionibus,
1213 3253 1346 3298 necnon
1368 3237 1529 3315 quibusvis
1550 3241 1643 3302 etiam
1664 3257 1792 3303 consue·

1051 3329 1220 3403 tudinibus,
1244 3330 1417 3407 privilegiis
1439 3340 1497 3394 etc.
1527 3333 1701 3411 innovatis3
1724 3337 1791 3416 qui-

1049 3424 1104 3485 bus
1126 3424 1270 3485 omnibus
1292 3431 1348 3486 etc.
1373 3425 1632 3505 quibuscumque.

1089 3517 1199 3579 Datum
1225 3517 1339 3580 Rornae
1370 3520 1450 3596 apud
1478 3519 1509 3583 S.
1541 3520 1667 3583 llluriarn
1700 3525 1791 3586 llaio-

1048 3627 1113 3674 rem
1131 3611 1189 3672 sub
1208 3610 1325 3673 annulo
1345 3611 1501 3674 Piscatoris
1517 3613 1566 3676 die
1580 3630 1651 3676 xur.
1668 3619 1790 3694 augusti

1048 3722 1205 3780 unacum,
1227 3705 1423 3784 pontificatus
1449 3707 1548 3776 nostri
1569 3725 1650 3770 anno
1675 3709 1720 3772 in.

250 3621 278 3676 te
291 3611 442 3688 singulari
458 3611 585 3672 caritate
600 3610 727 3688 paterni
742 3613 988 3689 complectimur,

248 3707 334 3769 cuius
345 3705 458 3784 pignus
469 3703 665 3782 apostolicam
674 3703 923 3767 benedictionem
937 3707 988 3770 tibi

249 3801 406 3862 uberrime
429 3797 637 3875 impertimur.

286 3895 397 3955 ilatum
412 3892 538 3965 Romae,
551 3890 627 3968 apud
646 3891 676 3954 S.
690 3891 816 3954 llariam
831 3893 988 3972 Maiorem,

247 3989 302 4050 sub
334 3986 452 4048 annulo
474 3983 645 4060 Piscatoris,
676 3985 725 4046 die
746 3999 818 4047 xru.
843 3987 988 4050 februarii

247 4099 406 4156 uaccam,
428 4079 625 4158 pontificatus
647 4078 745 4140 nostri
767 4095 849 4143 anno
871 4099 906 4144 ιι.

1380 4086 1456 4150 llll.

499 4239 738 4251 *ι-

1047 4272 1205 4352 Stepltarce
1227 4272 1354 4337 S.R.E.
1381 4273 1475 4337 Cerci.
1501 4275 1617 4355 Borqiu
1634 4279 1790 4343 mortecto

1085 4371 1229 4447 aliasque
1243 4369 1436 4446 scripturus,
1450 4370 1559 4448 quouis
1572 4372 1695 4433 comitto
1706 4389 1790 4436 uue-

1086 4469 1232 4540 cctputua,
1257 4460 1287 4523 S.
1308 4463 1403 4540 Cecq.
1421 4462 1457 4523 de
1472 4461 1506 4522 P.
1520 4463 1554 4524 F.
1571 4463 1641 4526 uite
1655 4481 1715 4528 ccco
1732 4465 1788 4528 de-

1085 4562 1188 4626 rceto,
1211 4553 1407 4617 subscribere
1427 4556 1579 4617 concedit.

587 4361 649 4426 vll.

249 4551 442 4616 Soloutorcru
468 4551 628 4614 Cberiucc
651 4549 757 4613 Prccb.
777 4551 892 4631 (Jeep-r.
915 4551 985 4614 Mis.

377 4647 438 4707 Vic.
462 4647 520 4722 Ap.
544 4643 654 4722 Alperi
676 4644 858 4704 constituit.

1289 4722 1376 4791 PlUS
1399 4724 1459 4792 ΡΡ.
1483 4725 1541 4792 llll.

330 4831 428 4900 dileto
449 4831 512 4900 lilio
539 4827 690 4896 Salvatori
714 4827 898 4913 Presbytero
1183 4851 1220 4918 ,p
1242 4850 1371 4917 futuram
1400 4851 1442 4917 pet
1469 4852 1647 4918 memoriam.

396 4924 647 5009 conpreqationia
671 4921 833 5002 lliaaionia,

1082 5027 1101 5102 ἓ
1118 5027 1144 5087 l.
1159 5025 1239 5089 Cum
1250 5027 1321 5088 bon.
1332 5041 1427 5088 mem.
1442 5027 1611 5104 Hiaoyntus
1622 5029 1698 5090 dum
1710 5029 1786 5091 vixit

1043 5117 1074 5182 S.
1093 5120 1127 5182 lt.
1149 5120 1185 5181 E.
1210 5119 1372 5197 Presbyter
1397 5117 1567 5183 Cardinalis
1588 5121 1691 5184 Gerdil
1707 5139 1786 5185 nun·

1042 5222 1171 5291 cupatus
1193 5212 1265 5275 alias
1285 5229 1300 5274 a
1323 5212 1447 5276 lelrec.
1471 5213 1523 5275 Pio
1545 5214 1600 5275 ΡΡ.
1625 5214 1675 5278 Vl.
1699 5232 1787 5295 prae·

1041 5305 1198 5369 decessore
1220 5313 1327 5368 nostro
1342 5308 1378 5368 ad
1394 5308 1547 5380 mandata,
1564 5315 1596 5369 et
1618 5309 1690 5370 alias
1706 5311 1786 5374 Scri·

1041 5407 1145 5479 pluras
1166 5416 1244 5477 qnae
1265 5407 1296 5460 et
1317 5415 1391 5478 quas
1413 5400 1450 5460 cle
1471 5398 1580 5462 ordine
1595 5409 1626 5463 et
1641 5405 1784 5465 mandato

1043 5492 1297 5570 congregationis
1325 5493 1550 5554 venerabilium
1581 5495 1639 5556 FF.
1663 5503 1784 5558 nostro·

279 5589 338 5651 Pro
361 5588 460 5650 nostri
488 5585 644 5665 pastoralis
674 5585 764 5648 officii
793 5599 924 5647 munere
948 5585 984 5646 iis
1041 5603 1113 5649 rum
1126 5587 1265 5648 eiusdem
1281 5585 1312 5648 S.
1323 5587 1357 5647 ll.
1371 5585 1405 5646 E.
1417 5586 1628 5649 cardinalium
1651 5589 1783 5665 negotiis

242 5683 399 5760 potissime
420 5680 583 5756 invigilare
605 5679 762 5754 debemus,
778 5694 856 5757 quac
877 5693 984 5740 curam
1041 5681 1255 5758 Propagandae
1276 5680 1308 5741 in
1324 5680 1508 5742 universum
1529 5683 1683 5743 mundum
1697 5681 1781 5744 Fidei

241 5774 498 5846 christifidelium,
514 5781 547 5837 ut
560 5774 591 5836 in
604 5774 686 5834 viam
701 5773 915 5834 mandatorum
927 5772 983 5833 [lo-
1040 5773 1284 5853 praepositorum
1306 5788 1361 5851 pro
1385 5781 1523 5851 ternpore
1549 5774 1783 5852 quomodolibet

242 5870 316 5932 mini
341 5868 529 5946 dirigantur,
553 5869 652 5929 obiter
673 5867 851 5944 respiciunt.
881 5866 983 5940 Quum
1039 5868 1107 5949 sieri
1129 5867 1333 5943 contingeret,
1351 5867 1608 5930 subscribendum
1623 5869 1778 5948 proprioq.

241 5963 354 6042 itaquo,
386 5963 464 6024 sicut
494 5961 676 6040 accepimus,
705 5961 744 6022 ob
773 5959 983 6022 dimissionem
1040 5960 1142 6037 sigillo
1163 5962 1371 6024 muniendum
1392 5959 1569 6038 deputatus,
1592 5960 1675 6023 diern
1700 5962 1781 6024 vitae

492 5111 578 5180 etus
601 5111 660 5179 ΡΡ.
683 5111 740 5180 llll.

516 5301 632 5369 dilecte
654 5301 713 5380 lili,

274 5398 456 5465 salutemet
480 5396 674 5481 apostolicam
702 5395 950 5462 benedictionem.
