4722 6976
344 545 397 604 Aa.
412 552 442 605 0.
464 552 532 604 1806

313 1109 316 1114 ,
346 1067 432 1126 Ι’111111
446 1073 545 1110 conces·

332 1127 419 1163 111111.

338 5171 538 5226 1111111111-

326 5223 471 5272 trerlorum.

582 549 641 614 188

562 685 718 748 virtutum
745 684 869 760 merita,
891 699 985 763 super
1007 681 1120 762 quihus
1147 683 1226 760 apud
1249 697 1305 743 uos

563 777 622 840 frde
651 777 752 854 dignis
775 777 1002 841 commendaris
1027 773 1226 850 testimoniis,
1249 789 1305 836 nos

562 869 718 933 adducunt
733 878 767 933 ut
783 879 813 933 te
827 870 1007 950 specialibus
1022 868 1179 930 favoribus
1193 874 1223 929 et
1238 883 1306 944 gra·

563 963 613 1024 tiis
634 979 858 1042 prosequamur
878 962 1030 1026 liberales.

602 1058 621 1133 5
642 1058 672 1120 2.
695 1057 809 1120 Christi
831 1059 935 1134 itaque
956 1055 1095 1118 fidelium
1116 1053 1205 1116 latini
1226 1052 1306 1115 ritus

563 1150 716 1225 catholici,
738 1151 790 1228 qui
813 1150 844 1211 in
866 1149 941 1210 locis
961 1148 1078 1225 dogunt
1100 1149 1212 1209 Terrae
1232 1146 1305 1208 San·

563 1252 640 1318 ctae,
668 1244 721 1306 uhi
743 1252 775 1304 tu
803 1244 834 1306 S.
858 1240 1019 1321 Sepulchri
1048 1241 1172 1304 Domini
1201 1239 1305 1302 Nostri

563 1337 630 1400 lesu
652 1337 767 1401 Christi
793 1345 894 1398 custos
916 1345 947 1398 et
971 1334 1159 1414 guardianus
1188 1333 1304 1406 existis,

561 1430 773 1508 spiritualibus
793 1429 975 1506 indigentiis
1001 1433 1176 1507 opportune
1196 1441 1304 1488 consu·

562 1524 637 1599 lere,
660 1533 764 1603 teque,
787 1524 824 1586 de
844 1523 932 1586 cuius
953 1522 1023 1596 fide,
1047 1520 1115 1582 zelo
1135 1525 1167 1581 et
1188 1520 1307 1581 virtute

562 1617 732 1696 plurimum
749 1615 781 1677 in
797 1615 928 1678 Domino
950 1613 1146 1688 conildimus,
1168 1611 1304 1690 speciali-

561 1709 619 1771 bus
641 1709 745 1784 gratiis
767 1714 797 1770 et
818 1706 973 1768 favoribus
988 1704 1132 1784 prosequi
1154 1703 1303 1777 volentes,

562 1810 628 1864 eta
656 1801 815 1879 quibusvis
845 1799 1174 1863 excommunicationis
1203 1805 1233 1859 et
1259 1799 1305 1859 in-

562 1893 694 1965 terdicti‚
710 1893 839 1972 aliisque
852 1893 1061 1956 ecclesiasticis
1072 1891 1222 1966 censuris,
1237 1905 1307 1952 sen·

562 1987 669 2049 tentiis
679 1995 710 2048 et
721 1986 827 2064 poeuis
842 1986 1054 2064 quovismodo
1070 1993 1100 2046 et
1112 1999 1306 2063 quacumque

561 2082 598 2144 de
612 2095 701 2142 eausa
714 2079 793 2155 latis,
809 2081 835 2143 si
856 2095 930 2156 quas
952 2079 1031 2140 forte
1056 2077 1226 2152 incurristi,
1249 2075 1306 2136 hu-

561 2174 609 2236 ius
625 2179 746 2236 motum
767 2173 813 2234 rei
828 2172 924 2249 gratia
949 2172 1156 2247 absolventes,
1174 2179 1206 2231 et
1221 2171 1305 2231 abso-

561 2268 665 2330 lutum
684 2267 751 2329 fore
765 2273 935 2342 censentes,
952 2267 989 2328 de
1005 2264 1232 2327 venerabilium
1246 2265 1306 2326 fra·

562 2371 646 2426 trum
659 2369 836 2424 nostrorum
849 2362 978 2426 Sanctae
987 2360 1141 2423 Romanae
1153 2359 1306 2422 Ecclesiae

561 2459 770 2522 cardinalium
786 2458 1043 2536 congregationis
1057 2459 1094 2519 de
1109 2457 1305 2536 Propaganda

560 2553 634 2618 Fide
655 2552 900 2630 praepositorum
922 2551 1049 2614 consilio
1067 2549 1119 2613 tibi
1135 2551 1305 2612 entraordi-

561 2647 679 2710 nariam
690 2647 865 2710 facultatem
881 2647 1060 2712 confercndi
1077 2655 1306 2709 sacramentum

561 2741 805 2803 confirmationis
819 2741 1002 2803 auctoritate
1018 2741 1180 2820 apostolica
1196 2748 1304 2802 tenore

560 2835 768 2916 praesentium
787 2834 952 2897 tribuimus
967 2842 1000 2897 et
1020 2835 1230 2913 impertimur,
1247 2835 1305 2897 sub

560 2929 629 3006 lege
650 2936 754 2990 tamen
770 2933 860 3006 atque
876 2927 1092 3004 declaratione,
1108 2928 1189 3006 quod
1211 2934 1246 2990 tu
1260 2945 1305 2990 sa·

559 3029 756 3085 crementum
789 3022 968 3084 huiusmodi
999 3037 1056 3085 111
1090 3021 1302 3098 administres,

560 3131 619 3178 uec
650 3115 866 3178 administrare
901 3114 1017 3190 valeas,
1054 3115 1114 3176 uisi
1150 3117 1304 3193 praedicto

559 3213 614 3271 tuo
628 3206 762 3272 durante
782 3222 926 3281 munere,
942 3209 1064 3287 nisique
1084 3207 1242 3269 catholicis
1263 3207 1305 3269 la-

560 3300 618 3362 tini
639 3300 719 3364 ritus
740 3299 900 3363 dumtaxat
922 3301 954 3362 in
977 3301 1070 3362 Terra
1093 3300 1203 3366 Sancta
1225 3300 1305 3363 eius·

560 3407 620 3471 que
642 3391 784 3456 districtu
806 3393 1027 3467 habitantibus,
1050 3392 1230 3456 nullatenus
1251 3409 1303 3458 ve-

559 3502 594 3548 ro
615 3486 771 3548 catholicis
795 3486 927 3548 aliorum
953 3487 1085 3562 rituum,
1109 3504 1165 3566 pro
1192 3489 1304 3566 quibus

559 3578 779 3642 confirmandis
801 3578 921 3640 nullam
943 3579 998 3642 tibi
1025 3587 1210 3658 potestatem
1232 3597 1304 3643 con·

557 3671 641 3735 ferre
662 3671 866 3746 intendimus,
882 3672 979 3735 immo
1001 3689 1079 3748 eam,
1095 3675 1119 3735 si
1142 3675 1219 3736 forte
1233 3673 1304 3736 alias

558 3762 735 3828 custodibus
749 3770 780 3826 et
801 3765 978 3841 guardianis
993 3783 1048 3845 pro
1064 3773 1202 3846 tempore
1216 3784 1240 3826 s.
1252 3765 1306 3829 Se-

558 3857 680 3940 pulchri
702 3872 845 3920 concessa
866 3859 1017 3933 extiterit,
1034 3875 1176 3937 expresse
1197 3859 1305 3920 adimi·

559 3966 640 4025 mus,
664 3950 748 4011 etin
774 3949 830 4012 hac
852 3957 939 4028 parte
965 3951 1213 4029 quibuscumque
1233 3967 1303 4029 apo-

557 4043 671 4106 stolicis
683 4043 782 4107 literis
794 4043 1005 4106 Romanorum
1021 4043 1203 4106 Pontificum
1219 4061 1305 4124 prae·

558 4139 754 4200 decessorum
776 4147 968 4215 nostrorum,
982 4159 1014 4204 ac
1035 4143 1214 4221 praesertim
1231 4161 1306 4208 con-

557 4230 715 4294 stitutioni
729 4238 850 4294 sanctae
864 4234 1034 4296 memoriae
1048 4236 1204 4299 Benedicti
1220 4237 1300 4300 XIV.

559 4325 658 4387 uestri
679 4325 787 4387 itidem
815 4325 1065 4403 praedecessoris,
1089 4345 1166 4406 quae
1194 4330 1303 4409 incipit

560 4417 803 4490 Demendetcm,
831 4418 955 4494 penitus
983 4421 1183 4498 derogamus;
1207 4424 1302 4499 quod-

558 4525 619 4589 que
641 4519 675 4572 tu
697 4511 875 4573 huiusmodi
898 4510 1042 4573 facultate
1065 4515 1171 4588 utaris,
1195 4517 1303 4592 utique

558 4603 667 4666 debeas
687 4603 721 4665 in
751 4603 897 4665 omnibus
919 4611 949 4666 et
974 4620 1029 4681 per
1056 4608 1160 4668 omnia
1181 4623 1303 4687 semper

557 4697 593 4758 ad
614 4711 756 4760 normam
785 4696 999 4759 instructionis
1021 4713 1075 4776 per
1099 4687 1302 4762 memoratam

557 4790 831 4865 congregationem
862 4789 912 4852 die
933 4807 975 4851 tv.
1005 4791 1078 4852 maii
1105 4807 1299 4854 1111111111.

557 4882 669 4956 editae,
684 4882 740 4944 tibi
761 4881 958 4960 iniungimus
978 4891 1070 4960 atque
1085 4886 1300 4964 praecipimus:

556 4975 638 5038 salva
658 4977 691 5037 in
713 4976 887 5054 praemissis
907 4977 1089 5038 auctoritate
1120 4979 1300 5041 eorumdem

557 5068 780 5134 Cardinalium.

597 5163 615 5238 5
636 5163 665 5224 3.
689 5159 758 5224 Non
786 5161 979 5224 obstantibus
1007 5163 1192 5240 apostolicis,
1215 5167 1301 5227 1111

556 5255 785 5318 universalibus
799 5253 1102 5332 provincialibusque
1122 5262 1154 5317 et
1174 5256 1302 5335 synoda-

556 5348 635 5409 libus
663 5346 800 5410 conciliis
821 5347 910 5410 editis
938 5347 1136 5423 generalibus
1161 5348 1210 5410 vel
1234 5367 1302 5428 spe·

556 5441 681 5503 cialibus
705 5440 980 5503 constitutionibus
1005 5447 1036 5501 et
1058 5441 1302 5504 ordinationibus

555 5531 746 5611 apostolicis,
773 5533 963 5611 caeterisque
994 5533 1155 5594 contrariis
1177 5534 1302 5612 quibus-

555 5641 700 5703 cumque.

485 5755 497 5780 .
595 5715 707 5782 Datum
737 5715 863 5790 itomae,
893 5716 973 5794 apud
1002 5717 1031 5778 S.
1062 5717 1187 5779 llariam
1209 5717 1300 5781 blaio·

556 5823 634 5882 rem,
650 5807 708 5869 sub
722 5807 839 5870 annulo
855 5809 1026 5884 Piscatoris,
1042 5811 1091 5872 die
1106 5827 1170 5871 xrv.
1195 5811 1300 5873 ianua·

555 5901 593 5962 rii
616 5917 781 5986 uncccvr.,
805 5903 1002 5981 pontificatus
1024 5904 1122 5965 nostri
1143 5920 1226 5965 anno
1248 5920 1290 5966 vr.

1085 565 1150 610 luu-
1175 564 1265 610 PON'l'.
1289 563 1329 608 DE
1350 563 1380 608 P.
1403 563 1433 608 12,
1457 563 1539 609 PARS
1561 561 1581 606 l.

1681 680 1789 744 xxiii.

1366 865 1540 946 Confirmat
1557 867 1670 931 literas
1687 867 1878 946 apostolicas
1896 869 2027 948 Gregor.
2046 869 2107 932 XV.

1402 975 1499 1036 super
1530 961 1729 1037 exemptione
1748 975 1860 1023 sacrae
1883 958 2110 1041 0111119111-

1402 1052 1454 1113 cis
1477 1051 1707 1131 Propoqeudee
1723 1052 1815 1115 Fidei
1833 1051 1872 1116 ab
1895 1053 2042 1117 ontrtibcs
2055 1055 2111 1118 dc-

1405 1143 1473 1216 tiis,
1494 1143 1638 1223 goltellis,
1656 1144 1792 1223 aliisque
1813 1145 2031 1210 solutionibus
2052 1163 2110 1226 pro

1403 1238 1522 1308 literis,
1546 1235 1783 1318 chirographis,
1806 1238 2049 1313 instrumentis,
2067 1249 2109 1304 te·

1401 1330 1572 1392 sternentis
1594 1336 1625 1390 et
1645 1327 1820 1392 similibus.

1608 1497 1694 1566 etus
1717 1499 1777 1566 ΡΡ.
1802 1500 1860 1568 llll.

1503 1621 1546 1688 ad·
1561 1621 1692 1688 futuran
1718 1623 1762 1689 rei
1786 1627 1965 1694 nemoriani.

1402 1799 1421 1873 ἓ
1443 1798 1471 1862 1.
1496 1798 1530 1859 11
1551 1813 1675 1860 summo
1696 1801 1882 1878 apostolatus
1904 1805 1999 1881 apice,
2016 1808 2109 1868 meri·
2153 1826 2299 1876 1111111111.

1364 1891 1402 1950 tis
1425 1889 1496 1952 licet
1517 1890 1697 1968 imparibus,
1724 1895 1897 1971 constituti,
1918 1897 1997 1960 illud
2023 1917 2109 1979 prae·

1362 1983 1451 2059 cipue
1472 1985 1646 2046 curandum
1668 1984 1755 2047 nobis
1777 2002 1843 2049 esse
1857 1988 2057 2069 arbitramur,
2074 2003 2110 2058 ut

1363 2076 1480 2151 gratiae
1501 2084 1532 2138 et
1553 2077 1715 2155 privilegia
1730 2095 1785 2157 per
1806 2081 1960 2145 Romanos
1982 2085 2109 2149 Pontifi-

1362 2184 1411 2230 ces
1422 2169 1669 2247 praedecessores
1682 2179 1803 2233 nostros
1816 2177 2109 2252 congregationibus

1362 2277 1418 2339 pro
1438 2263 1606 2326 catholicae
1616 2265 1776 2342 religionis
1791 2269 1942 2343 praesidio
1956 2277 1987 2332 et
2009 2272 2108 2335 incre-

1363 2362 1470 2419 mento
1490 2359 1641 2420 institutis
1661 2375 1814 2435 concessa,
1832 2368 1912 2424 sarta
1932 2371 2024 2439 tecta,
2044 2367 2108 2427 sin-

1362 2465 1431 2511 cera
1453 2458 1483 2512 11
1504 2451 1624 2526 integra
1646 2465 1769 2529 semper
1788 2463 1980 2518 remaneant.

1401 2542 1420 2617 ἐ
1441 2543 1470 2604 2.
1495 2543 1574 2606 Cum
1590 2544 1705 2622 itaque,
1717 2544 1797 2607 sicut
1811 2548 1994 2626 accepimus,
2010 2551 2108 2616 felicis
2138 2568 2310 2616 111111111-

1362 2637 1582 2698 reoordationis
1610 2638 1778 2715 Gregorius
1807 2640 1862 2701 ΡΡ.
1887 2643 1952 2706 xv.
1983 2647 2107 2723 praede·
2124 2620 2309 2729 ἓιῗέειὲῗιῖἷαῖἶῗ

1362 2748 1463 2794 cessor
1484 2741 1589 2794 noster
1609 2736 1842 2812 congregationi
1857 2753 1954 2800 venn.
1973 2741 2106 2806 fratrum
2125 2726 2293 2776 “mmmm-

1362 2832 1541 2886 nostrorum
1572 2825 1601 2888 S.
1621 2826 1656 2887 R.
1676 2826 1711 2887 Ε.
1743 2829 1953 2893 cardinalium
1975 2838 2107 2912 negotiis

1362 2917 1576 2996 Propagandae
1591 2919 1676 2983 Fidei
1692 2923 1937 3000 praepositorum
1949 2934 2107 2990 motusue

1361 3017 1497 3095 proprio,
1514 3017 1614 3094 dequo
1627 3015 1808 3091 apostolicae
1828 3019 1987 3094 potestatis
2009 3021 2107 3099 pleni·

1362 3109 1470 3172 tudine
1500 3109 1696 3184 concesserit,
1727 3118 1761 3172 ut
1788 3113 1946 3189 perpetuis
1967 3129 2007 3175 ex
2032 3122 2107 3180 tunc

1361 3202 1474 3266 futuris
1497 3202 1690 3281 temporibus
1711 3219 1927 3283 quaecumque
1954 3216 2105 3286 patentes,

1360 3313 1416 3358 seu
1438 3294 1497 3357 alio
1518 3295 1628 3372 quovis
1650 3295 1778 3358 nomine
1794 3310 2018 3376 nuncupentur
2039 3302 2107 3366 lite·

1362 3405 1422 3464 rae,
1445 3389 1657 3469 chirographa,
1680 3390 1899 3468 instrumenta,
1922 3401 2108 3462 testamenta

1361 3493 1392 3549 et
1404 3485 1478 3546 aliae
1494 3501 1705 3566 qqaecumque
1720 3485 1890 3563 scripturae
1900 3489 2039 3567 quolibet
2054 3508 2108 3555 no

1362 3579 1446 3640 mine
1467 3585 1664 3652 censeantur,
1682 3593 1818 3641 necnon
1840 3596 2058 3663 quaecumque
2073 3586 2108 3648 li·

1362 3679 1446 3734 terae
1473 3669 1655 3748 apostolicae
1677 3678 1738 3732 tam
1766 3671 1824 3733 sub
1851 3671 1992 3752 plumbo,
2015 3694 2107 3755 quam

1362 3763 1394 3824 in
1416 3762 1509 3824 simili
1533 3763 1630 3824 forma
1661 3762 1777 3839 brevis,
1806 3767 2051 3847 earumdemque
2072 3770 2108 3832 li·

1361 3865 1501 3919 11111111
1515 3856 1751 3935 apostolicarum
1762 3857 2001 3937 supplicationes
2015 3879 2108 3942 super

1361 3949 1609 4027 quibuscumque
1630 3950 1776 4026 negotiis,
1791 3951 1947 4030 rebusque
1967 3961 1997 4016 et
2019 3955 2107 4019 bonis

1362 4051 1424 4104 tam
1441 4041 1606 4104 mobilibus
1625 4057 1717 4119 quam
1732 4042 1943 4107 immobilibus
1958 4047 1993 4109 ad
2011 4049 2106 4126 ipsam

1361 4137 1635 4214 congregationem
1664 4137 1872 4216 spectantibus
1895 4147 1925 4200 et
1946 4143 2107 4218 pertiuen-

1362 4231 1454 4308 tibus,
1482 4249 1516 4294 ac
1547 4231 1675 4292 demum
1706 4231 1923 4310 quodcumque
1957 4233 2107 4299 interesse

1361 4324 1499 4388 eamdem
1529 4322 1804 4400 congregationem
1833 4324 1941 4402 quovis
1964 4329 2106 4391 modoet

1361 4435 1398 4481 ex
1419 4418 1527 4497 quavis
1548 4433 1637 4480 causa
1660 4423 1868 4480 concernente
1888 4435 1944 4498 pro
1967 4426 2107 4499 tempore

1361 4513 1568 4575 conficiendae
1596 4518 1628 4573 et
1656 4509 1880 4586 registrandae,
1903 4528 1936 4574 ac
1961 4513 2107 4578 similiter

1361 4619 1574 4683 quaecumque
1585 4603 1705 4678 literae,
1718 4619 1793 4684 quas
1807 4619 1845 4664 ex
1857 4605 2002 4668 omnibus
2014 4623 2107 4670 mun·

1361 4699 1390 4761 di
1403 4699 1541 4776 partibus
1556 4699 1657 4762 eidem
1670 4697 1903 4774 congregationi
1916 4699 2104 4779 scribentur,

1361 4792 1500 4868 itemque
1521 4791 1601 4864 illae,
1628 4805 1706 4867 quae
1733 4788 1872 4851 eiusdem
1892 4795 2106 4870 congregatio-

1361 4883 1408 4945 nis
1430 4884 1558 4946 nomine
1573 4890 1659 4945 entra
1675 4871 1786 4944 urbem
1804 4883 2020 4962 mitterentur,
2038 4902 2107 4964 gra-

1360 4977 1399 5038 tis
1420 4975 1563 5049 omnino,
1585 4984 1616 5038 et
1636 4977 1704 5038 sine
1725 4976 1787 5038 ulla
1809 4978 1964 5054 mercede,
1987 4987 2038 5041 aut
2052 4981 2106 5044 ali·

1360 5070 1447 5131 cuius
1468 5069 1513 5130 rei
1536 5067 1738 5146 quantumvis
1759 5068 1924 5144 minimae,
1948 5069 2105 5136 solutione

1360 5161 1510 5240 expediri,
1527 5163 1650 5237 confici,
1666 5161 1837 5237 registrari,
1854 5161 1996 5239 relaxari,
2013 5166 2103 5242 tradi,

1360 5262 1390 5316 et
1413 5254 1494 5317 mitti
1509 5254 1677 5317 deberent:
1701 5253 1832 5332 ideoque
1851 5255 1882 5316 in
1904 5255 2024 5318 virtute
2037 5273 2105 5320 san-

1359 5355 1424 5410 ctae
1444 5347 1646 5422 obedieutiae,
1663 5354 1696 5408 et
1709 5346 1777 5408 aliis
1797 5346 1927 5410 Romani
1948 5348 2104 5413 Pontificis

1359 5440 1484 5502 arbitrio
1505 5441 1612 5517 poeuis
1638 5441 1716 5502 idem
1746 5439 1915 5516 Gregorius
1938 5444 2103 5522 praecepit,

1359 5540 1389 5596 et
1410 5532 1566 5594 mandavit
1587 5533 1647 5595 iam
1668 5548 1708 5595 11
1728 5548 1764 5594 eo
1786 5538 1926 5610 tempore
1946 5533 2106 5597 existenti·

1359 5625 1414 5686 bus
1442 5625 1684 5688 rescribendario
1706 5633 1737 5687 et
1765 5627 1970 5704 computatori
2001 5627 2103 5690 litera-

1358 5731 1428 5777 rum
1440 5716 1688 5794 apostolicarum,
1701 5733 1832 5780 necnon
1847 5719 2020 5780 secretariis
2035 5735 2105 5798 apo-

1356 5809 1471 5872 stolicis
1501 5817 1532 5872 et
1564 5811 1708 5872 brevium
1739 5811 1978 5889 apostolicorum
2011 5823 2104 5893 atque

1356 5903 1557 5982 scriptoribus
1577 5910 1608 5964 et
1631 5904 1752 5980 regenti
1775 5903 1944 5980 montium,
1960 5905 2102 5982 notariis,
