4740 6962
36 557 38 617 Ι
71 589 135 647 ind.
152 573 210 636 1v'le

37 3685 99 3719 *tlh

36 3739 99 3788 ¹il!

904 589 975 646 ltus
997 589 1045 645 aa.
1070 591 1113 644 tr.

237 713 398 776 necessaria
416 713 492 792 sint,
508 714 668 795 perspicue
684 715 907 793 intelligamus,
924 733 979 778 no-

235 805 290 870 stri
313 808 409 869 etlam
430 809 593 887 apostolica
618 810 870 890 comprobatione
891 810 979 872 robo-

235 915 296 962 rare
329 901 500 978 voluimus,
533 918 705 983 reveraque
735 919 791 981 per
811 904 902 965 hasce
924 919 978 966 no·

233 999 306 1055 stras
328 991 362 1054 in
384 992 484 1055 torma
502 994 609 1056 Brevis
624 995 729 1058 literas
743 995 978 1074 comprobamus

234 1094 264 1148 el
281 1087 516 1162 confirmamus,
539 1088 639 1166 iisque
667 1103 761 1150 omne
788 1089 979 1151 auctoritatis

235 1184 353 1241 nostrae
375 1181 497 1258 pondus
517 1181 727 1258 adiungimus,
744 1198 777 1242 ac
796 1181 854 1244 sub
869 1180 977 1243 iisdem

234 1271 339 1351 poenis
360 1272 394 1334 in
418 1274 489 1351 ipsis
507 1274 664 1336 contentis
679 1273 834 1352 omnibus,
851 1275 886 1337 ad
901 1290 979 1353 quos

233 1372 369 1446 spectare
401 1369 528 1444 poterit,
562 1370 745 1431 mandamus
772 1385 806 1431 ac
831 1367 979 1447 praecipi·

233 1475 311 1533 mos,
329 1468 364 1523 ut
381 1462 488 1524 eadem
503 1461 732 1544 accuratissime
748 1461 923 1540 compleant
936 1467 979 1524 al-

233 1569 291 1632 que
312 1561 520 1633 exequantur.
541 1555 670 1618 llinime
690 1555 878 1630 dubitamus,
902 1554 978 1632 quio

232 1663 286 1726 pro
307 1657 483 1712 vestrarum
506 1649 681 1712 animarum
702 1648 801 1713 salute
815 1649 978 1711 laboranti·

232 1742 286 1803 bus
308 1757 374 1804 non
405 1751 527 1820 praesto
546 1743 614 1806 sitis
645 1757 753 1806 omnes
775 1757 831 1820 per
856 1742 980 1804 divinae

232 1835 347 1911 gratiae
368 1835 569 1912 praesidium,
590 1836 674 1914 quod
696 1845 731 1898 ut
751 1835 867 1898 certius
882 1843 913 1896 et
927 1850 978 1896 cu·

232 1927 378 1990 mulatius
409 1929 628 2006 assequamini,
656 1928 795 1990 eiusdem
824 1927 979 2007 auspicem

232 2021 426 2100 apostolicam
448 2021 698 2084 benedictionem
714 2022 812 2098 vobis,
830 2037 904 2084 ven.
921 2021 980 2084 ira-

233 2124 294 2176 tres
308 2122 339 2176 el
354 2115 458 2176 dilecti
473 2113 542 2191 lilii,
554 2123 752 2194 peramanter
766 2107 978 2195 impertimur.

271 2208 383 2270 batum
408 2208 540 2283 Romae,
566 2208 645 2287 apud
674 2208 705 2272 S.
734 2209 862 2272 llariam
889 2209 980 2272 ldaio-

232 2317 312 2377 rem,
337 2302 536 2364 suhannulo
562 2302 735 2378 Piscatoris,
757 2302 808 2364 die
829 2318 908 2364 xvxr.
934 2301 981 2364 iu·

232 2397 263 2457 lii
286 2411 500 2472 nucouxxrx,
524 2397 721 2476 pontificatus
736 2397 833 2458 nostri
850 2412 933 2459 anno
948 2412 978 2457 v.

564 2682 661 2746 XXV.

165 2911 168 2914 -
232 2869 400 2934 ladultom
415 2871 557 2934 concedit
573 2871 733 2934 recitandi
748 2837 786 2932 oc
801 2867 980 2932 celebrandi

113 3681 214 3730 pensem-

270 2965 402 3026 missom
423 2973 453 3028 ct
469 2967 606 3046 officium
620 2967 789 3050 propriam
805 2963 890 3026 hecti
906 2963 981 3024 Phi·

269 3059 352 3136 lippi
367 3077 386 3121 c
402 3057 473 3121 lesu
493 3059 651 3136 martyris
666 3059 797 3136 petroci
815 3058 981 3136 priucipa-

270 3153 311 3214 lis
333 3151 481 3216 civitatis
501 3160 532 3217 ct
553 3153 703 3215 dioecesis
718 3153 906 3220 Medica-ace
920 3157 979 3212 etc.

488 3323 574 3392 Plus
599 3324 658 3392 ΡΡ.
684 3324 730 3390 lll.

352 3449 389 3516 ad
412 3453 585 3533 perpetuen
608 3449 651 3514 rel
678 3447 858 3515 honoriam.

76 3623 214 3680 npuuupe·
269 3627 341 3702 gl.
375 3625 558 3704 Expositum
586 3624 681 3687 Nobis
708 3639 810 3702 nuper
838 3622 898 3686 luit
926 3637 981 3701 lll⁰

230 3728 319 3800 parte
346 3719 497 3782 rarissimi
522 3720 555 3781 in
578 3718 701 3782 Christo
723 3717 780 3779 lilii
801 3715 904 3788 Nostri
927 3717 981 3778 Ga-

230 3815 287 3877 roli
309 3813 528 3892 Hispaniarum
550 3813 633 3888 regis
653 3811 795 3874 catholici
816 3810 929 3889 ipsum,
947 3820 982 3873 ut

230 3907 367 3971 officium
388 3905 563 3986 proprium,
584 3921 656 3968 cum
672 3905 762 3969 missa
777 3904 892 3982 pariter
913 3919 983 3983 pro·

230 4003 309 4081 pria,
332 4001 365 4063 in
393 4000 577 4062 memoriam
601 3999 682 4060 beati
709 3997 840 4076 Philippi
869 4015 885 4060 a
913 3999 981 4060 lesu

231 4093 379 4170 martyris
415 4091 535 4170 patroni
572 4091 750 4170 principalis
785 4091 916 4153 civitatis
951 4098 982 4152 et

230 4187 380 4250 dioecesis
411 4187 587 4249 llexicanae
616 4185 737 4248 recitari
768 4201 801 4246 ac
833 4184 981 4247 celebrari

231 4280 405 4361 respective
438 4279 530 4359 possit
560 4294 759 4358 summopere
789 4277 980 4353 desiderare3

230 4383 258 4437 et
280 4379 445 4454 propterea
466 4371 560 4434 Nobis
578 4373 740 4434 humiliter
760 4371 925 4451 supplicari
940 4369 983 4432 ie-

230 4470 282 4546 cit,
305 4467 396 4532 utin
418 4466 593 4546 praemissis
615 4473 790 4544 opportune
806 4464 980 4543 providere,

231 4571 260 4625 et
282 4569 318 4625 ut
340 4561 419 4624 inira
446 4560 610 4637 indulgere
630 4561 668 4624 de
694 4558 886 4636 benignitate
913 4573 982 4638 apo·

230 4656 335 4720 stolica
358 4654 585 4732 dignaremur:

36 4755 37 4758 ’
71 4737 214 4835 &aarum
267 4752 288 4826 ς
310 4751 340 4812 2.
363 4747 425 4811 Nos
448 4747 545 4824 igitur
566 4747 623 4823 piis
639 4746 802 4809 memorati
818 4747 918 4810 Caroli
934 4762 982 4809 re-

231 4845 275 4920 gis
297 4843 391 4918 votis,
406 4847 558 4920 quantum
572 4855 644 4902 cum
659 4840 792 4902 Domino
806 4856 981 4918 possumus,

231 4953 372 5000 annuere
399 4935 578 5012 cupientes,
607 4950 641 4994 ac
668 4933 849 5011 specialibus
877 4933 982 5009 gratiis

230 5039 259 5093 et
279 5029 439 5092 lavorihus
460 5013 602 5106 prosequi
618 5026 770 5101 volentes,
787 5024 982 5105 supplicatio-

231 5126 323 5188 nibus
342 5123 520 5187 huiusmodl
536 5120 686 5196 inclinati,
703 5123 741 5184 de
755 5119 982 5182 venerabilium

231 5217 363 5280 hairum
389 5217 575 5279 Nostrorum
597 5213 726 5278 Sanctae
750 5214 907 5277 Romanae
928 5215 983 5276 Ec·

231 5315 339 5376 clesiae
361 5310 573 5378 cardinalium
598 5311 691 5373 sacris
718 5309 828 5374 ritibus
856 5327 982 5389 praepo-

230 5409 362 5471 sitorum
393 5405 544 5481 consilio,
576 5403 699 5483 praevia
733 5404 859 5481 praelati
890 5404 982 5467 ollicii

231 5502 347 5580 proprii
368 5518 403 5564 ac
424 5501 535 5563 missae
555 5499 671 5576 pariter
699 5497 841 5578 propriae
862 5497 894 5560 in
918 5514 982 5560 me·

232 5597 362 5658 moriam
391 5594 464 5656 dicti
493 5593 574 5656 beati
594 5591 727 5669 Philippi
749 5609 765 5654 a
786 5590 853 5654 lesu
881 5608 983 5670 nuper

232 5689 358 5752 exhibiti
381 5686 613 5766 approbatione,
635 5692 671 5748 ut
691 5685 849 5764 perpetuis
869 5685 983 5747 tuturis

235 5782 423 5859 temporibus
451 5781 643 5860 praedictum
671 5778 805 5841 officium
839 5785 871 5840 et
891 5778 983 5840 missa

233 5873 286 5936 sub
305 5876 370 5937 ritu
395 5873 525 5952 duplicis
547 5872 666 5950 primae
686 5871 788 5935 classis
809 5871 983 5933 incivitate

233 5984 264 6030 ac
277 5968 409 6032 dioecesi
426 5967 595 6042 llexicana,
611 5967 669 6028 suh
683 5967 747 6027 ritu
763 5982 838 6027 vero
853 5965 983 6042 duplicis

1706 577 1766 650 alt
1817 580 2006 646 an.c.1aao

1034 716 1159 780 maioris
1181 719 1213 781 in
1228 717 1419 785 dioecesibus
1434 717 1645 800 suffraganeis,
1661 721 1785 785 recitari

1034 827 1066 873 ac
1088 812 1236 876 celebrari
1260 815 1431 892 respective
1452 817 1570 892 possint
1591 833 1624 879 ac
1652 816 1783 890 valeant,

1033 905 1213 968 auctoritate
1235 906 1345 971 Nostra
1371 909 1534 986 apostolica
1564 909 1677 972 harum
1705 909 1786 972 serie

1034 998 1231 1062 concedimus
1252 1007 1283 1062 et
1305 1001 1516 1079 indulgemus.

1074 1095 1093 1169 ἓ
1114 1091 1144 1154 3.
1167 1093 1388 1170 decernentes,
1412 1097 1465 1158 has
1485 1103 1663 1174 praesentes
1681 1095 1787 1159 literas
1806 1102 1945 1202 1⁶¹⁸¹¹⁵¹¹¹i
1961 1103 2020 1149 suo·

1035 1185 1149 1262 firmas,
1173 1186 1286 1249 validas
1302 1196 1332 1250 et
1353 1188 1488 1252 elllcaces
1503 1190 1639 1252 existere
1660 1189 1785 1264 actore,
1806 1160 2019 1257 ti‘d’iiaaid'

1034 1294 1167 1358 suosque
1195 1279 1349 1358 plenarios
1376 1287 1407 1343 et
1434 1283 1573 1360 integros
1599 1283 1726 1346 allectus
1755 1283 1786 1345 in

1035 1380 1223 1448 perpetuum
1244 1373 1348 1436 sortiri
1377 1385 1407 1436 et
1432 1376 1590 1452 obtinere,
1614 1393 1647 1438 ac
1668 1375 1728 1438 illis
1750 1376 1788 1438 ad

1035 1481 1111 1543 quos
1132 1474 1260 1544 spectat,
1282 1476 1314 1530 et
1338 1485 1393 1547 pro
1415 1477 1556 1548 tempore
1577 1471 1787 1550 quandocum-

1035 1573 1096 1636 que
1115 1559 1276 1637 spectabit,
1299 1561 1481 1639 plenissime
1501 1562 1673 1639 sullragari,
1695 1568 1727 1626 et
1752 1563 1789 1625 ab

1036 1651 1079 1713 eis
1099 1652 1323 1716 inviolabiliter
1344 1655 1518 1731 observari;
1533 1656 1639 1734 sicque
1654 1657 1685 1718 in
1702 1671 1788 1734 prae·

1036 1745 1136 1808 missis
1158 1761 1214 1824 per
1241 1763 1455 1827 quoscumque
1476 1749 1591 1813 iudices
1617 1751 1788 1814 ordinarios

1035 1847 1067 1900 et
1095 1839 1262 1916 delegatos,
1286 1842 1380 1904 etiam
1402 1859 1563 1909 causarum
1587 1843 1690 1922 palatii
1718 1858 1788 1920 apo·

1035 1931 1136 1995 stolici
1162 1933 1337 2010 auditores,
1366 1942 1398 1997 et
1419 1935 1557 1999 eiusdem
1580 1936 1708 2000 Sanctae
1729 1936 1788 1998 llo·

1037 2041 1144 2088 manae
1161 2025 1312 2089 Ecclesiae
1329 2027 1515 2102 cardinales,
1531 2029 1625 2091 etiam
1639 2029 1677 2092 de
1693 2031 1789 2092 latere

1035 2118 1177 2196 Legatos,
1193 2137 1227 2183 ac
1242 2122 1370 2184 Sanctae
1392 2122 1479 2186 Sedis
1495 2121 1642 2199 Nuntios,
1658 2125 1789 2188 iudicari

1035 2217 1067 2272 et
1088 2213 1211 2275 deliniri
1233 2215 1363 2293 debere;
1380 2232 1413 2278 ao
1434 2216 1558 2280 irritum
1581 2228 1611 2280 et
1634 2219 1738 2292 inane,
1761 2217 1788 2278 si

1035 2323 1122 2370 secus
1149 2323 1242 2385 super
1264 2307 1311 2370 his
1336 2327 1352 2371 a
1378 2326 1535 2388 quoquam
1556 2311 1665 2390 quavis
1685 2317 1788 2373 aucto·

1037 2400 1128 2462 ritate
1154 2402 1289 2464 scienter
1323 2403 1375 2466 vel
1405 2407 1586 2479 ignoranter
1620 2404 1788 2482 contigerit

1036 2495 1192 2557 attentari.

1076 2591 1095 2667 5
1125 2589 1154 2651 l.
1192 2589 1261 2652 Non
1296 2591 1489 2654 obstantibus
1518 2582 1788 2654 constitutionibus
1820 2605 2021 2668 noiogacrocon-

1037 2691 1068 2745 et
1089 2684 1335 2748 ordinationibus
1363 2685 1550 2765 apostolicis,
1573 2699 1606 2748 ac
1627 2685 1788 2764 quibusvis
1807 2663 1953 2706 ΝΟΜ·

1037 2779 1130 2840 eliam
1152 2779 1339 2854 iuramento,
1362 2780 1598 2842 confirmatione
1613 2779 1786 2857 apostolica,

1038 2872 1087 2933 vel
1103 2872 1211 2951 quavis
1226 2872 1373 2935 firmitate
1384 2872 1441 2935 alii
1456 2873 1606 2934 roboratis
1620 2873 1742 2935 statutis
1757 2881 1788 2935 et

1038 2966 1329 3041 consuetudinibus,
1342 2966 1514 3044 privilegiis
1535 2983 1670 3046 quoque,
1688 2966 1788 3029 ludul-

1039 3061 1076 3123 tis
1092 3067 1121 3122 et
1137 3059 1234 3122 literis
1248 3059 1422 3139 apostolicis
1435 3060 1647 3140 superioribus
1668 3068 1699 3122 et
1720 3075 1788 3138 per-

1036 3154 1132 3230 sonis,
1153 3152 1210 3214 suh
1230 3151 1477 3231 quibuscumque
1499 3152 1660 3216 tenoribus
1681 3159 1713 3215 et
1728 3152 1788 3214 lor·

1037 3249 1108 3325 mis,
1131 3265 1164 3310 ac
1184 3261 1258 3310 cum
1280 3246 1440 3324 quibusvis
1468 3248 1561 3309 etiam
1582 3247 1789 3324 derogatoria-

1039 3360 1109 3407 rum
1123 3341 1337 3420 derogatoriis,
1354 3340 1483 3420 aliisque
1497 3339 1729 3416 efficacioribus,
1746 3339 1789 3402 el·

1038 3437 1236 3513 ticacissimis,
1259 3453 1292 3498 ac
1312 3434 1444 3498 insolitis
1466 3435 1622 3510 clausulis,
1637 3435 1788 3498 irritanti·

1038 3534 1157 3612 busque
1184 3540 1216 3592 et
1237 3529 1302 3591 aliis
1331 3529 1461 3592 decretis
1483 3530 1515 3590 in
1538 3543 1654 3606 genere
1682 3528 1733 3590 vel
1755 3528 1788 3590 in

1036 3626 1148 3705 specie,
1164 3640 1197 3686 ac
1211 3622 1279 3684 aliis
1301 3622 1333 3683 iu
1348 3623 1542 3684 contrarium
1556 3622 1789 3702 quomodolibet

1037 3718 1205 3793 concessis,
1235 3715 1407 3795 approbatis
1428 3724 1459 3779 et
1479 3715 1647 3778 innovatis.
1671 3717 1788 3793 Quibus

1037 3813 1182 3876 omnibus
1196 3816 1227 3873 et
1241 3809 1386 3887 singulis,
1410 3809 1536 3872 illorum
1558 3817 1683 3873 tenores
1704 3826 1789 3889 prae·

1037 3907 1176 3970 sentibus
1198 3920 1253 3982 pro
1275 3903 1368 3982 plena
1389 3910 1419 3966 et
1432 3903 1623 3966 sullicienter
1638 3904 1789 3982 expressis

1037 4019 1070 4064 ac
1084 3999 1208 4063 insertis
1222 4001 1381 4070 hahentes,
1399 3997 1460 4058 illis
1473 3996 1546 4058 allas
1560 3997 1592 4059 in
1607 4013 1663 4058 suo
1678 3997 1790 4059 robore

1036 4091 1265 4173 permansuris,
1295 4090 1330 4151 ad
1359 4089 1600 4168 praemissorum
1629 4087 1787 4163 ellectum,

1037 4187 1091 4248 hac
1118 4185 1186 4246 vice
1214 4183 1372 4246 dumtaxat
1393 4181 1564 4261 specialiter
1592 4189 1623 4244 et
1646 4197 1789 4260 expresse

1037 4282 1237 4356 derogamus,
1263 4275 1452 4354 caeterisque
1477 4276 1639 4338 contrariis
1661 4274 1787 4354 quibus-

1037 4387 1182 4450 cumque.

1078 4465 1147 4542 §5-
1172 4462 1325 4525 Volumus
1355 4469 1476 4537 autem,
1509 4468 1544 4524 ut
1575 4463 1789 4541 praesentium
1821 4475 2021 4540 rxocsnanenoa

1038 4560 1199 4622 literarum
1222 4555 1424 4635 transumptis
1445 4571 1501 4617 seu
1520 4555 1669 4635 exemplis
1695 4555 1789 4618 eliam
1807 4532 1983 4587 transumptis.

1036 4651 1205 4732 impressis,
1228 4656 1260 4711 et
1281 4665 1378 4710 manu
1399 4647 1528 4710 alicuius
1543 4648 1655 4709 notarii
1676 4648 1788 4727 publici

1037 4743 1226 4823 subscriptis,
1250 4750 1280 4805 et
1302 4741 1405 4819 sigillo
1426 4757 1573 4820 personae
1595 4741 1626 4803 in
1648 4741 1789 4804 ecclesia-

1037 4840 1112 4904 stica
1133 4837 1284 4913 dignitate
1305 4835 1491 4898 constitutae
1513 4834 1658 4911 munitis,
1681 4833 1789 4896 eadem

1037 4948 1162 5012 prorsus
1184 4931 1258 4993 fides
1279 4928 1476 5004 adhibeatur,
1509 4929 1681 5008 quaeipsis
1703 4942 1790 5007 prae·

1037 5026 1177 5091 sentibus
1205 5022 1422 5097 adhiberetur,
1451 5023 1477 5084 si
1503 5021 1607 5084 lorent
1633 5022 1789 5083 exhibitae

1039 5121 1087 5182 vel
1110 5128 1261 5180 ostensae.
1518 5113 1523 5136 '

1078 5215 1190 5276 batum
1206 5211 1332 5286 Romae,
1345 5208 1424 5288 apud
1441 5209 1472 5272 S.
1486 5209 1613 5272 Mariam
1630 5209 1788 5285 llalorem,

1037 5308 1095 5370 suh
1112 5305 1231 5369 annulo
1252 5304 1424 5378 Piscatoris,
1447 5303 1497 5365 die
1518 5320 1568 5365 ιιι.
1591 5304 1715 5380 augusti
1736 5319 1789 5366 an·

1038 5416 1079 5463 no
1095 5411 1306 5471 unccuxxrx,
1328 5397 1525 5475 pontificatus
1539 5395 1639 5458 nostri
1653 5412 1736 5458 anno
1756 5413 1786 5455 v.

1296 5554 1537 5568 ψ

1357 5678 1467 5744 xxvi.

1040 5867 1168 5930 Loodot
1191 5866 1473 5946 archiepiscopum
1492 5866 1611 5932 beatas
1633 5865 1668 5930 ob
1692 5865 1790 5929 Colle·

1079 5964 1168 6041 piam
1200 5961 1402 6040 Frpoaotlcn.
1428 5961 1469 6023 ud
1501 5962 1666 6022 scissiones
1691 5962 1790 6024 etium
