4740 6962
71 591 138 648 inc.
155 585 215 638 tata

900 599 1041 646 GLEMENS
1063 598 1127 643 xiv.

279 732 346 777 1111.
370 715 510 793 Gregorii
532 717 634 795 Magni
661 717 790 780 Romani
813 717 978 791 Pontificis,

278 825 341 870 xrs.
366 809 405 871 Et
432 809 595 892 utriusque
622 811 782 887 buccinae,
809 810 980 890 dequibus

237 918 335 980 snpra.

276 997 415 1077 iusuper,
435 1016 475 1063 ne
496 1002 639 1066 monachi
655 1009 685 1064 et
700 999 850 1064 moniales
864 999 979 1078 praefa-

238 1096 283 1152 tae
304 1090 337 1151 in
358 1092 470 1155 ultimo
491 1093 572 1157 vitae
593 1095 771 1157 discrimine
795 1091 979 1157 constitutae

237 1184 272 1244 iis
291 1183 502 1263 spiritualibus
523 1189 645 1252 auxiliis
666 1188 886 1261 destituantur,
902 1201 979 1267 quae

235 1278 379 1342 catholica
401 1281 449 1359 pia
477 1289 575 1345 mater
603 1281 737 1345 Ecclesia
766 1280 838 1343 filiis
858 1286 922 1342 suis
943 1281 977 1342 ad

235 1376 412 1436 extremum
427 1391 559 1452 agonem
575 1375 663 1438 illum
678 1375 808 1438 redactis
821 1374 898 1436 solet
910 1387 978 1452 per-

234 1472 375 1529 amanter
389 1467 544 1545 conferre,
559 1469 641 1533 idem
657 1469 868 1532 sanctissimus
883 1467 979 1530 dorni·

235 1573 294 1621 nus
314 1568 421 1623 noster
449 1563 608 1626 abbatibus
639 1563 835 1640 generalibus
862 1559 980 1641 praedi-

232 1657 298 1713 ctae
318 1658 566 1733 congregationis
588 1657 777 1722 sanctissimi
798 1655 977 1729 salvatoris,

232 1753 263 1806 et
282 1749 494 1826 superioribus
515 1751 660 1814 localibus
680 1765 736 1829 pro
751 1758 891 1830 tempore
905 1765 979 1826 quo·

232 1855 441 1922 cuneumque
475 1847 734 1910 monasteriorum
770 1854 801 1908 at
833 1845 978 1923 hospitio·

231 1950 315 2010 rum,
327 1953 405 2014 quae
420 1939 455 2001 ad
468 1939 605 2004 eamdem
621 1939 897 2018 congregationem
909 1954 977 2019 per·

232 2025 336 2090 tinent
354 2046 410 2092 sen
430 2032 643 2110 pertinebunt,
658 2032 707 2113 (ut
720 2031 863 2112 superius
878 2033 915 2094 de
929 2047 977 2092 ec·

231 2120 329 2183 clesiis
344 2132 376 2186 et
390 2126 531 2188 oratoriis
547 2126 665 2189 dictum
680 2126 750 2207 est).
767 2127 845 2188 ltem
861 2123 977 2187 confes-

230 2215 318 2276 seriis
339 2219 503 2282 ordinariis
530 2227 771 2284 memoratarum
794 2219 976 2282 monialium

230 2308 408 2374 facultatem
436 2313 545 2377 tribuit
571 2315 634 2376 suis
656 2314 825 2392 respective
846 2311 976 2376 subditis

230 2403 430 2482 impertiendi
452 2407 702 2471 benedictionem
723 2423 795 2470 cum
810 2406 975 2484 indulgen·

231 2496 270 2562 tia
297 2499 435 2576 plenaria
465 2501 497 2564 iu
525 2502 654 2564 articulo
686 2502 814 2578 rnortis3
846 2516 976 2578 eamque

228 2591 404 2656 facultatem
437 2595 492 2656 uni
515 2596 564 2658 vel
595 2595 735 2673 pluribus
762 2596 921 2658 monacbis
942 2595 974 2656 in

228 2687 292 2750 suis
313 2689 508 2752 monasteriis
535 2705 590 2752 seu
618 2691 758 2770 hospitiis
788 2689 975 2752 nominatim

228 2780 422 2859 deputandis,
455 2784 721 2862 communicandi3
752 2802 815 2863 quo
842 2799 917 2846 vero
938 2785 973 2844 ad

228 2875 412 2940 monialium
442 2877 656 2954 confessarios,
685 2886 839 2956 quatenus
868 2893 923 2956 per
942 2893 975 2939 se

228 2968 321 3031 talem
357 2971 606 3034 benedictionem
639 2971 754 3034 eisdem
788 2971 975 3034 monialibus

227 3062 383 3140 impertiri
404 3079 468 3126 nou
490 3065 621 3128 valeant.

266 3157 419 3221 Sanctitas
438 3157 498 3222 Sua
520 3161 651 3224 declarat
666 3177 717 3222 eos
732 3177 819 3240 posse
834 3161 918 3223 illam
932 3162 975 3223 al-

226 3251 286 3314 teri
306 3253 456 3314 sacerdoti
477 3253 543 3316 sire
564 3255 639 3317 cleri
658 3255 830 3330 saecularis,
846 3254 913 3317 sire
927 3272 975 3317 re·

226 3345 344 3421 gularis
374 3346 599 3428 cuiuscumque
629 3349 763 3425 Ordinis,
786 3351 920 3412 instituti
942 3358 973 3412 et

225 3440 317 3502 etiarn
341 3441 431 3517 ritus,
454 3443 622 3506 dummodo
649 3444 814 3506 catholicus
836 3445 972 3519 assistat,

224 3535 377 3613 delegare.
393 3537 541 3615 Praecipit
557 3546 672 3614 tamen,
688 3549 718 3602 et
732 3541 857 3602 mandat
873 3537 974 3601 omni·

225 3629 281 3691 bus
303 3636 334 3691 et
354 3629 501 3707 singulis,
524 3632 577 3710 qui
599 3632 850 3696 benedictionem
866 3633 973 3696 huius-

224 3724 309 3786 modi
339 3733 434 3786 erunt
454 3727 656 3803 impertituri,
679 3733 712 3788 ut
739 3726 873 3790 formula
893 3745 909 3788 a
929 3745 969 3790 εει.

225 3833 285 3878 me.
310 3819 469 3881 Benedicti
499 3819 577 3884 xlv.
601 3822 786 3900 praescripta
808 3821 840 3882 in
860 3823 974 3884 consti·

225 3912 361 3987 tutione,
383 3929 462 3990 quae
482 3913 589 3991 incipit
620 3913 680 3976 Pia
701 3915 818 3986 Mater,
842 3914 973 3978 inferius

225 4005 428 4082 registranda,
449 4008 580 4069 omnino
601 4013 741 4070 utantur.

262 4099 417 4173 Quoniam
437 4108 554 4175 autem,
577 4117 640 4162 non
662 4103 800 4166 obstante
822 4105 876 4166 bac
893 4106 972 4168 salu·

223 4191 270 4254 bri
291 4189 414 4256 Summi
441 4195 597 4258 Pontificis
623 4197 827 4274 prouidentia,
850 4199 973 4262 contin·

223 4303 297 4363 gere
319 4294 432 4364 potest,
454 4297 489 4352 ut
510 4291 657 4353 nonnulli
673 4307 709 4353 ex
725 4291 798 4370 ipsis
815 4294 971 4356 monacbis

223 4390 251 4443 et
273 4383 459 4446 monialibus
480 4400 518 4445 er
540 4385 593 4447 lrac
623 4386 685 4448 rita
711 4385 869 4463 decedant,
892 4389 969 4466 quin

224 4475 375 4538 Ecclesiae
402 4477 609 4541 sacramentis
637 4478 755 4542 fuerint
784 4480 909 4555 muniti,
939 4491 970 4543 et

222 4569 335 4649 absque
349 4570 444 4633 ullius
459 4573 633 4646 sacerdotis,
649 4573 702 4652 qui
717 4574 903 4651 praedictam
919 4575 971 4636 be-

223 4664 431 4727 nedictionem
447 4665 491 4728 eis
507 4666 713 4744 impertiatur,
726 4667 908 4744 assistentia,
921 4685 969 4731 ea·

222 4757 290 4818 dem
315 4755 464 4822 Sanctitas
485 4761 597 4824 Suada
618 4761 706 4822 uberi
728 4762 909 4840 apostolicae
923 4780 970 4826 ca-

223 4852 321 4915 ritatis
348 4853 446 4928 fonte,
469 4854 541 4925 illis,
564 4854 672 4932 quiin
695 4854 745 4916 tali
770 4863 853 4918 statu
875 4865 969 4918 erunt

223 4947 394 5021 constituti,
413 4948 584 5025 plenariam
599 4948 825 5026 indulgentiam
841 4949 967 5026 relaxat,

223 5040 247 5100 si
267 5039 394 5102 contriti
415 5042 506 5104 corde
526 5040 635 5103 saltem
656 5057 771 5103 nomen
792 5043 858 5104 lesu
880 5042 964 5104 invo-

223 5134 374 5209 caverint,
397 5141 428 5197 et
450 5143 585 5197 mortem
606 5135 644 5196 de
666 5151 759 5197 manu
789 5137 913 5199 Domini
935 5137 966 5200 iu

224 5228 349 5306 spiritus
370 5229 545 5293 bumilitate
565 5229 767 5308 susceperint.

262 5325 308 5386 dd
323 5323 396 5384 baec
409 5332 528 5402 septem
539 5339 694 5385 annorum
710 5333 741 5386 et
756 5324 884 5387 totidem
895 5343 968 5404 qna·

225 5419 428 5493 dragonarum
461 5417 688 5494 indulgentiam
723 5417 861 5483 concedit
894 5420 968 5498 ipsis

226 5511 379 5574 monachis
401 5520 431 5573 et
453 5511 637 5574 monialibus
658 5511 749 5573 corde
769 5513 879 5574 saltem
896 5529 968 5576 con·

226 5605 315 5680 tritis,
336 5604 552 5683 ecclesiasque,
583 5605 732 5683 cappellus
759 5622 815 5668 seu
836 5607 966 5670 oratoria

224 5714 363 5775 suorum,
385 5707 544 5778 utsupra,
567 5700 827 5763 monasteriorum
843 5701 967 5766 visitan-

227 5793 305 5856 tibus

264 6011 293 6066 (1)
307 6011 352 6056 nie
365 6021 431 6058 xxn.
447 6011 539 6058 martii
552 6021 703 6059 uoccuxxrr.

326 6133 377 6180 lucr.
396 6134 465 6181 Pom.
481 6134 512 6183 aa
525 6141 598 6196 arcp.
614 6135 676 6184 Fide
690 6137 772 6184 Partis
786 6139 804 6185 1.
820 6137 873 6187 vol.
890 6139 927 6187 lv.

1074 733 1097 780 1.
1121 717 1155 778 ln
1177 716 1226 780 die
1247 717 1439 780 inventionis
1461 719 1587 780 Sanctae
1609 713 1726 789 Crucis,

1075 827 1109 872 ιι.
1133 809 1167 872 ln
1190 810 1239 873 die
1259 809 1472 874 Becollationis
1504 809 1607 874 Sancti
1638 807 1781 872 lobannis

1034 903 1196 982 Baptistae,

1074 1014 1122 1060 ιιι.
1146 998 1184 1060 Et
1206 998 1238 1061 in
1260 997 1478 1063 festivitatibus
1501 999 1685 1064 Sanctorum
1700 997 1780 1060 llila·

1033 1091 1141 1166 rionis,
1158 1091 1283 1168 sabbae,
1300 1093 1451 1171 Eutymii,
1468 1092 1552 1156 Bliae
1566 1091 1735 1170 Prophetae
1750 1099 1781 1156 et

1033 1183 1161 1248 Sanctae
1182 1187 1340 1250 Barbarae.

1071 1280 1221 1355 Quoniam
1243 1290 1348 1344 autem
1370 1282 1452 1344 inter
1467 1281 1580 1344 eximia
1597 1279 1780 1343 christianae

1033 1373 1153 1452 pictatis
1167 1390 1269 1452 opera,
1282 1376 1394 1454 quibus
1409 1373 1535 1453 praefati
1552 1374 1692 1438 monachi
1708 1390 1781 1436 con·

1033 1468 1220 1544 gregatiouis
1235 1469 1426 1533 sanctissimi
1439 1468 1604 1536 Salvatoris
1614 1468 1722 1532 sedulo
1733 1467 1781 1530 in-

1032 1562 1196 1638 cumBunt,
1219 1563 1343 1627 feruens
1365 1563 1491 1626 illorum
1506 1563 1539 1624 in
1555 1562 1647 1626 sacris
1661 1562 1780 1626 missio·

1032 1654 1124 1716 nibus
1139 1657 1320 1734 peragendis
1333 1659 1471 1721 studium
1483 1658 1620 1735 eminet3
1633 1657 1700 1720 ideo
1712 1671 1780 1718 san-

1031 1747 1184 1812 ctissimus
1199 1750 1343 1814 dominus
1358 1759 1463 1816 noster
1478 1753 1513 1814 ad
1531 1759 1594 1814 tam
1604 1751 1691 1828 pium
1702 1765 1779 1828 opus

1032 1845 1129 1920 magis
1150 1847 1409 1921 promovendum,
1431 1845 1688 1908 Clrristifldelium
1710 1845 1780 1907 uni-

1032 1939 1155 2018 cuique,
1178 1939 1231 2018 qui
1252 1955 1374 2020 semper
1395 1939 1444 2002 rel
1465 1940 1574 2002 saltem
1596 1954 1653 2017 pro
1668 1940 1778 2002 maiori

1033 2043 1129 2109 parte,
1140 2033 1336 2097 missionibus
1348 2034 1509 2114 praedictis
1524 2033 1736 2108 interfuerint,
1748 2039 1779 2096 et

1032 2125 1064 2187 in
1086 2125 1208 2188 illarum
1240 2127 1358 2190 ultimis
1379 2129 1487 2191 diebus
1516 2128 1701 2192 conscientia
1723 2143 1778 2205 per

1030 2219 1242 2282 Paenitentiae
1263 2220 1499 2284 Sacramentum
1520 2221 1652 2300 expiata,
1674 2222 1710 2284 ad
1732 2239 1777 2283 sa·

1030 2328 1113 2374 cram
1142 2313 1289 2392 synaxim
1318 2316 1511 2390 accesserint,
1540 2314 1710 2393 plenariam
1732 2316 1777 2377 in·

1030 2406 1221 2484 dulgentiam
1244 2408 1424 2485 impertitur
1439 2417 1567 2472 centum
1588 2408 1711 2470 dierum
1727 2408 1775 2484 iis,

1029 2501 1083 2577 qui
1105 2501 1212 2564 saltem
1243 2504 1334 2565 corde
1363 2502 1506 2565 contritis
1536 2501 1708 2581 praecipuis
1729 2519 1776 2565 ea-

1030 2597 1175 2658 rumdem
1193 2596 1387 2670 missionum,
1406 2605 1545 2674 tempore
1559 2597 1663 2674 peragi
1678 2597 1777 2658 solitis

1031 2690 1185 2754 exercitiis
1207 2691 1297 2753 toties
1317 2692 1436 2768 quoties
1457 2683 1644 2754 adstiterint.

1070 2786 1210 2864 Denique
1231 2793 1265 2849 ut
1286 2786 1509 2848 monachorum
1537 2787 1720 2849 eorumdem
1746 2794 1777 2850 et

1031 2879 1212 2942 monialium
1243 2879 1374 2956 animae,
1403 2897 1481 2959 quae
1506 2882 1568 2943 Beo
1595 2880 1627 2942 in
1653 2881 1778 2944 caritate

1031 2975 1212 3036 coniunctae
1233 2991 1271 3036 eu
1293 2975 1347 3036 bac
1362 2975 1425 3035 vita
1438 2973 1600 3050 decedent,
1616 2983 1648 3036 et
1661 2974 1775 3053 aliquid

1030 3068 1074 3130 eis
1096 3069 1133 3130 de
1163 3069 1321 3130 mundano
1350 3069 1479 3148 pulvere
1509 3069 1541 3129 in
1571 3068 1777 3147 piacularibus

1030 3161 1203 3239 Purgatorii
1225 3161 1331 3239 poenis
1352 3162 1540 3241 expiandum
1557 3161 1777 3240 separarique

1030 3255 1296 3334 indulgentiarum
1332 3257 1476 3318 thesauro
1510 3256 1692 3335 participare
1724 3273 1776 3317 va·

1028 3352 1123 3426 leant,
1147 3349 1299 3415 Sanctitas
1326 3351 1387 3413 Sua
1418 3365 1526 3414 omues
1558 3358 1589 3413 et
1615 3366 1778 3429 quascum-

1029 3463 1090 3526 que
1112 3447 1219 3508 missas
1240 3444 1319 3506 infra
1340 3460 1461 3508 annum
1481 3446 1519 3509 ab
1539 3445 1627 3510 obitu
1648 3463 1703 3528 pro
1718 3447 1776 3510 eis-

1028 3545 1099 3606 dem
1120 3537 1346 3622 particulariter
1371 3541 1567 3606 celebrandas
1589 3559 1604 3603 a
1625 3559 1774 3622 quocum·

1027 3656 1088 3718 que
1107 3641 1265 3703 sacerdote
1285 3639 1351 3701 sive
1371 3638 1516 3701 saeculari
1538 3637 1605 3700 sire
1626 3637 1774 3714 regulari,

1027 3733 1235 3813 privilegiatas
1255 3734 1321 3796 lore
1341 3739 1372 3796 et
1394 3747 1461 3794 esse
1482 3731 1601 3804 statuit,
1617 3729 1775 3792 declarans

1027 3843 1136 3889 omnes
1157 3836 1189 3890 et
1216 3827 1354 3902 singulas
1382 3824 1603 3903 indulgentias,
1628 3829 1774 3901 utsupra

1027 3937 1181 3983 concessas
1208 3920 1348 3998 applicari
1377 3935 1465 3998 posse
1485 3935 1539 3997 per
1559 3919 1690 3981 modum
1711 3917 1775 3981 suf·

1026 4015 1116 4091 fragif
1139 4022 1201 4076 tam
1223 4013 1380 4076 monacbis
1401 4021 1433 4075 et
1455 4011 1641 4074 monialibus
1656 4013 1774 4091 praedi·

1026 4109 1093 4183 ctis,
1109 4125 1202 4186 quam
1224 4107 1368 4170 omnibus
1383 4107 1653 4181 christifidelibus,
1670 4107 1722 4186 qui
1740 4107 1772 4170 in

1026 4220 1136 4267 somno
1158 4205 1237 4282 pacis
1258 4203 1464 4264 dormierunt.

1066 4299 1178 4361 Datum
1205 4297 1331 4370 Romae,
1354 4294 1405 4356 die
1424 4302 1456 4356 et
1477 4310 1558 4356 anno
1586 4296 1697 4373 quibus
1720 4313 1771 4361 su-

1027 4406 1079 4470 pra
1100 4391 1156 4472 (f).

1306 4485 1497 4550 Sauraauus
1518 4485 1642 4548 Bonam

1174 4579 1261 4642 Sacr.
1279 4578 1394 4658 conpr.
1409 4579 1444 4640 tle
1456 4579 1491 4640 P.
1508 4580 1543 4642 F.
1557 4579 1769 4644 Secretart'as.

1319 4763 1479 4830 bobus

1024 4962 1050 5022 A
1071 4973 1141 5020 san.
1164 4973 1254 5019 raam.
1280 4957 1539 5021 Benedictod'll'.
1560 4956 1768 5036 adprobatus,

1062 5059 1093 5114 ct
1115 5067 1172 5130 pro
1194 5053 1435 5129 opportunitate
1464 5054 1613 5130 temporis
1640 5069 1768 5116 seruata·

1064 5145 1135 5218 das,
1158 5151 1196 5207 at
1218 5147 1307 5226 infra
1331 5146 1365 5208 iu
1388 5144 1530 5209 r'abricis
1547 5151 1694 5220 arctatur,
1713 5150 1769 5210 ina-

1062 5238 1264 5316 perticodam
1295 5236 1543 5301 benedictionem
1569 5239 1603 5302 ia
1626 5241 1769 5302 carticula

1063 5333 1178 5394 aucuns
1208 5333 1411 5405 constitutis,
1442 5331 1480 5398 ad
1511 5334 1552 5396 iis
1582 5334 1637 5412 qai
1665 5336 1771 5414 [acal-

1064 5432 1163 5489 tatem
1185 5425 1301 5489 tabeat
1332 5443 1351 5489 a
1382 5427 1456 5489 Sede
1477 5428 1662 5506 Apostolica
1691 5427 1770 5489 delc-

1062 5526 1182 5600 polam.

1062 5706 1240 5769 Benedictio
1262 5709 1294 5770 in
1317 5709 1446 5772 articulo
1465 5711 1573 5772 mortis
1588 5727 1658 5773 curu
1673 5711 1768 5774 soleat

1024 5800 1179 5880 impertiri
1208 5810 1277 5880 post
1310 5802 1505 5866 Sacramenta
1536 5803 1766 5880 Paenitentiae‚

1703 577 1760 644 201
1812 573 1911 630 Aac.
1932 576 2002 630 tuas
