4722 6976
337 545 392 606 An.
406 545 436 607 c.
458 541 527 606 leot
577 539 635 613 1181

557 682 713 765 plectendi
742 681 865 760 cupidas
893 681 1003 760 passim
1034 679 1253 754 ostenderent,
1275 679 1301 741 si

557 779 640 842 idem
660 777 842 840 institutum
865 793 880 836 3
902 775 981 839 Sede
1002 773 1174 853 dpostolica
1194 789 1302 851 appro-

558 873 664 935 batum
690 871 811 946 luisset,
841 867 1021 931 recolendae
1048 883 1142 930 mem.
1168 867 1223 929 PP.
1248 867 1299 930 Vl.

557 966 770 1045 praedecessor
782 969 887 1026 noster
901 962 951 1042 (eo
965 961 1015 1024 vel
1027 961 1124 1037 magis
1139 959 1221 1038 quod
1237 961 1304 1024 tali·

557 1060 614 1122 bus
640 1057 720 1119 rotis
747 1057 866 1134 pondus
893 1055 988 1117 etiam
1014 1069 1142 1116 suarum
1169 1054 1303 1132 postula·

560 1153 680 1215 tionum
701 1147 879 1229 accederet)
900 1164 956 1227 per
980 1147 1158 1226 apostolicas
1178 1164 1247 1210 suas
1270 1148 1301 1210 iu

556 1247 653 1308 simili
680 1246 777 1306 torma
806 1243 909 1306 brevis
930 1242 978 1304 die
1001 1241 1089 1302 tertia
1118 1239 1302 1318 septembris

559 1355 712 1404 unecxcr.
745 1337 900 1415 expeditas
930 1335 1046 1411 literas,
1078 1333 1116 1397 de
1143 1332 1302 1395 venerabi-

558 1435 637 1496 lium
658 1432 791 1494 lratrum
817 1435 997 1492 nostrorum
1023 1427 1054 1490 S.
1078 1427 1111 1488 11.
1137 1425 1172 1486 Ε.
1198 1425 1303 1488 cardi-

558 1527 677 1589 nalium
699 1521 832 1601 negotiis
846 1521 1057 1600 propagandae
1074 1517 1146 1580 lidei
1166 1517 1303 1597 proposi·

559 1627 663 1682 torum
684 1617 823 1691 consilio,
838 1612 1022 1675 fraternitati
1044 1617 1115 1672 tuae
1137 1611 1245 1673 tribuit
1261 1611 1302 1672 la·

557 1713 703 1777 cultatem
717 1717 776 1772 tam
788 1724 843 1786 pro
854 1706 977 1768 civitate
989 1703 1196 1780 corcagiensi,
1209 1720 1302 1782 quam

558 1823 614 1885 pro
635 1805 703 1866 aliis
723 1800 908 1874 civitatibus,
933 1796 1061 1876 oppidis,
1084 1812 1117 1858 ae
1140 1797 1229 1858 terris
1251 1797 1302 1858 lli·

559 1899 696 1972 berniae,
708 1895 811 1958 habito
822 1891 908 1971 prius
919 1899 1035 1964 tamen,
1048 1889 1101 1951 ubi
1117 1889 1155 1951 de
1169 1890 1301 1952 dioecesi

558 1993 656 2054 aliena
672 1995 828 2068 ageretur,
841 1983 957 2064 proprii
970 1982 1120 2047 ordinarii
1137 1997 1300 2058 consensu,

559 2085 726 2162 praedictas
756 2081 867 2142 domus
893 2077 1032 2153 erigendi
1058 2092 1091 2138 ac
1118 2077 1301 2139 instituendi

559 2180 592 2241 in
615 2176 754 2254 collegia,
776 2173 829 2237 ubi
843 2170 880 2234 ad
893 2170 1035 2250 superius
1056 2169 1207 2230 recensita
1227 2169 1304 2230 cari·

559 2273 628 2334 tatis
642 2285 733 2349 opera
747 2264 906 2328 subeunda
922 2264 989 2340 piae
1004 2261 1218 2339 reciperentur
1238 2261 1302 2323 vir·

559 2366 658 2443 gines,
669 2377 745 2441 quae
759 2360 854 2421 etiam
876 2357 999 2435 expleto
1021 2355 1209 2433 probationis
1224 2365 1302 2420 tem-

560 2475 632 2538 pore
648 2465 718 2519 3313
733 2452 883 2530 simplicia
899 2449 1102 2524 obedientiae,
1116 2451 1302 2529 paupertatis

557 2561 590 2615 et
610 2549 755 2614 castitatis
777 2554 972 2624 nuncupatae
993 2545 1120 2608 mittere
1141 2546 1303 2624 deberent,

558 2657 589 2710 et
611 2645 682 2708 alias
711 2647 804 2722 prout
824 2641 856 2702 in
878 2639 993 2702 eisdem
1023 2639 1138 2715 literis,
1168 2657 1301 2718 quarum

560 2751 682 2804 tenores
695 2733 908 2816 praesentibus
922 2747 979 2810 pro
993 2731 1086 2808 plene
1100 2740 1132 2793 et
1146 2731 1303 2796 sufficien-

558 2847 607 2900 ter
634 2831 786 2911 expressis
807 2845 840 2889 ac
866 2827 903 2887 de
926 2826 1021 2889 verbo
1043 2828 1079 2888 ad
1105 2827 1235 2889 verbum
1257 2829 1305 2891 in·

558 2929 647 2994 sertis
672 2923 777 2988 baberi
801 2921 959 2996 volumus,
986 2919 1082 2982 lusius
1111 2921 1300 2983 continetur.

559 3029 672 3090 Mirum
695 3028 797 3082 autem
814 3015 898 3077 dictu
917 3023 962 3076 est
978 3031 1069 3091 quam
1094 3017 1198 3094 rapide
1212 3027 1303 3098 atque

546 3111 691 3182 'feliciter
712 3114 893 3176 institutum
916 3108 996 3170 istud
1024 3111 1214 3187 percreverit
1235 3119 1303 3189 post

558 3210 755 3292 apostolicam
769 3206 835 3268 eius
849 3201 1111 3283 approbationem,
1124 3206 1303 3285 mirumque

559 3308 653 3370 etiam
668 3309 744 3382 quot
756 3306 948 3378 quantosque
963 3297 1078 3376 ubique
1093 3298 1184 3360 istbic
1198 3299 1303 3364 alterat

559 3402 690 3464 tructus.
713 3392 967 3471 Quandoquidem
982 3407 1045 3454 non
1061 3392 1092 3456 in
1108 3391 1303 3472 Corcagiensi

557 3492 658 3556 solum
682 3489 740 3551 iam
761 3487 843 3548 viret
864 3485 1024 3560 llorenter,
1047 3487 1100 3549 sed
1122 3497 1153 3550 et
1175 3490 1207 3552 in
1228 3492 1303 3554 civi-

560 3591 635 3650 tates
657 3589 687 3644 et
708 3581 862 3643 dioeceses
883 3577 1117 3655 Dublinensem,
1134 3581 1302 3646 Watersar-

558 3679 710 3750 diensem,
742 3671 1012 3747 Kilbenniensem,
1034 3678 1127 3752 atque
1154 3677 1302 3756 oppidum

558 3787 656 3851 usque
678 3765 820 3832 Kerlanei
842 3763 957 3826 radices
984 3768 1136 3843 extendit,
1158 3772 1303 3850 quodque

557 3867 626 3944 plus
647 3861 744 3925 relert
765 3857 799 3919 ad
823 3857 958 3920 instituti
979 3857 1067 3920 istius
1089 3861 1217 3938 collegia
1238 3879 1302 3926 non

1080 559 1145 608 11111.
1169 553 1260 608 nour.
1284 556 1374 606 11133.
1398 551 1427 609 b.
1451 563 1534 610 runs
1555 551 1577 608 l.

1357 681 1407 744 tiis
1428 681 1640 760 spiritualibus
1661 685 1722 746 iam
1743 684 1815 747 alias
1832 685 1983 750 concessis
2005 701 2106 748 asan·

1356 782 1403 839 cta
1424 777 1480 839 hac
1499 777 1575 840 Sede
1593 777 1777 842 monialibus
1799 779 1966 855 Ursulinis,
1982 793 2106 841 earum-

1357 885 1418 948 que
1439 871 1574 934 ecclesiis
1596 879 1689 949 atque
1710 870 1859 948 collegiis,
1882 889 1915 934 ac
1937 873 1992 935 tibi
2008 871 2104 933 etiam

1357 963 1512 1039 iniunxit,
1535 971 1571 1026 ut
1591 963 1829 1027 constitutiones
1857 971 1889 1040 et
1913 965 2036 1041 regulas
2067 964 2103 1024 ad

1357 1057 1389 1120 S.
1414 1057 1542 1120 Ursulae
1564 1057 1754 1132 institutum,
1771 1074 1804 1119 33
1825 1057 1908 1120 iuxta
1924 1057 2105 1120 instructio-

1357 1167 1430 1212 nem
1446 1151 1627 1213 eorumdem
1640 1149 1848 1212 cardinalium
1858 1152 1895 1213 de
1908 1151 2102 1229 Propaganda

1357 1244 1431 1306 Fide
1450 1243 1702 1317 accommodatas,
1726 1250 1759 1305 13
1785 1244 1949 1320 predictis
1971 1244 2104 1322 virgini-

1357 1337 1413 1398 bus
1434 1336 1594 1410 conderes,
1609 1335 1846 1398 constitutiones
1861 1345 1892 1398 et
1906 1337 2032 1412 regulae
2047 1337 2103 1400 bu-

1357 1432 1489 1494 iusmodi
1512 1433 1572 1493 iam
1594 1448 1680 1494 nunc
1695 1447 1711 1491 a
1728 1439 1757 1494 13
1777 1432 1884 1494 sedulo
1902 1432 2103 1494 concinnatae

1355 1524 1458 1588 studio
1479 1533 1510 1586 et
1532 1526 1618 1602 gravi
1639 1525 1770 1589 aliorum
1794 1527 1881 1588 istius
1901 1527 1992 1604 regni
2014 1525 2102 1589 Ordi-

1357 1618 1515 1679 nariorum
1544 1618 1703 1680 roboratae
1730 1618 1886 1694 suilragio,
1916 1627 2102 1698 maturoque

1355 1717 1514 1788 praeterea
1525 1710 1751 1787 praedictorum
1765 1709 1973 1774 cardinalium
1988 1713 2103 1774 cribra-

1357 1809 1405 1864 tae
1426 1801 1555 1878 iudicio,
1585 1804 1699 1866 uostris
1720 1817 1820 1881 nuper
1849 1803 2009 1866 subiectae
2030 1813 2103 1866 sunt

1357 1894 1453 1956 oculis
1474 1903 1595 1970 tenore,
1619 1902 1654 1957 ut
1675 1896 1825 1974 sequitur.

1502 2158 1545 2203 Ab
1568 2156 1716 2204 1110111111
1737 2157 1790 2203 nm
1812 2157 1953 2205 (uuoltin

1443 2327 1618 2390 nucetio
1648 2329 1673 2390 E
1701 2326 2018 2394 cosrtrltzlotii

1398 2550 1489 2614 Delta
1515 2553 1765 2632 conprequzs'ooe
1794 2553 1872 2617 delle
1898 2555 2105 2618 3331133311-

1356 2645 1441 2724 pinse
1462 2644 1544 2706 dello
1571 2645 1820 2708 Prescotazioaae
1841 2646 1876 2708 111
1898 2647 2006 2711 Morta
2027 2665 2104 2710 3331-

1356 2753 1411 2816 pre
1437 2737 1564 2817 Verqiue
1585 2743 1689 2800 crettu
1703 2739 1789 2802 33113
1804 2740 1888 2803 cittd
1903 2740 1936 2802 aa·
1955 2741 2036 2806 corle
2050 2757 2106 2820 per

1357 2831 1389 2892 13
1412 2830 1921 2895 3331131333131313331333113113
1945 2832 2105 2912 [33313113

1355 2921 1578 3000 spectotmcntc
1597 2937 1719 3000 peoora,
1744 2939 1763 2984 3
1786 2929 1896 2985 tenore
1916 2923 1999 2987 cletta
2022 2921 2105 2988 bollo

1358 3014 1589 3078 3131133333.
1620 3015 1654 3077 aa·
1674 3015 1732 3080 Pio
1759 3017 1848 3096 Papo
1873 3018 1918 3081 Vl.
1950 3036 1964 3079 e
1984 3035 2105 3081 333333-

1356 3108 1422 3170 sivo
1454 3107 1576 3170 decreto
1608 3107 1691 3171 detto
1720 3107 1824 3188 Soqro
1848 3111 2104 3191 congregazione

1357 3206 1530 3279 approvato
1559 3199 1736 3264 caisneto
1761 3203 1866 3268 Poura
1889 3203 1947 3266 Pio
1974 3206 2036 3268 lii.
2061 3207 2079 3285 s
2091 3238 2105 3252 ·

1358 3295 1520 3357 ticemcrtte
1543 3301 1698 3374 reportate
1718 3295 1774 3377 (l).

1357 3551 1527 3598 brennadii
1540 3553 1667 3598 SACRAE
1682 3552 1958 3600 confirmenteum
1973 3555 2014 3600 DE
2029 3555 2105 3602 PRO·

1398 3645 1554 3692 addamne
1585 3645 1660 3692 rtbn
1688 3645 1833 3692 ΗΑΒΙΤΑΕ
1864 3647 1918 3692 bin
1947 3647 2028 3695 xvii.
2054 3651 2104 3696 stt·

1399 3737 1558 3786 n’rnitanis
1580 3739 1733 3786 unccclv.

2134 535 2186 601 An.
2199 551 2225 602 c.
2243 553 2298 610 taos

1396 3951 1499 4026 Quum
1520 3967 1545 4011 r.
1570 3965 1599 4026 p.
1623 3948 1652 4008 d.
1676 3949 1856 4012 Franciscus
1883 3951 2006 4030 lloylan
2032 3955 2104 4033 Epi·
2143 3959 2305 4007 nereunsa·

1356 4059 1465 4122 scopus
1486 4040 1698 4118 c0rcagicnsis
1719 4041 1752 4104 in
1774 4043 1940 4107 Hiberniae
1954 4062 2052 4122 regno
2067 4051 2103 4112 ad
2121 4017 2305 4123 1133330ῧῖἕῦῗὲῗῖ

1356 4135 1620 4198 eminentissimos
1634 4141 1735 4212 patres
1748 4135 1840 4199 buius
1853 4153 1955 4200 sacrae
1967 4140 2105 4217 congre·
2121 4120 2263 4230 {ffigaffllfg
2273 4131 2306 4220 gl,

557 3959 649 4023 modo
669 3952 802 4033 puellae,
818 3949 869 4012 sed
885 3949 976 4013 etiam
993 3951 1114 4014 adultae
1134 3969 1167 4018 ac
1188 3964 1304 4033 nuptae

557 4056 639 4133 ipsae
653 4047 802 4112 mulieres
817 4059 896 4119 eam,
909 4059 1002 4122 quam
1013 4044 1200 4126 plerumque
1215 4049 1303 4126 igno·

557 4153 637 4221 rant,
660 4142 731 4206 ssdei
753 4145 783 4201 et
811 4153 935 4200 morum
964 4137 1136 4201 doctrinam
1165 4141 1301 4205 discendi

556 4239 660 4302 studio
681 4231 820 4311 undique
840 4230 1016 4305 conlluunt,
1041 4233 1080 4293 ita
1105 4240 1140 4294 ut
1162 4234 1302 4311 virgines

557 4331 737 4394 institutum
758 4323 937 4387 huiusmodi
955 4325 1147 4402 prolitentes,
1164 4325 1202 4389 de
1216 4343 1302 4405 prae·

556 4423 636 4487 senti
651 4418 811 4497 religionis
833 4417 1027 4480 incremento
1041 4417 1149 4494 laetae,
1166 4418 1303 4499 illudque

557 4506 591 4580 in
619 4524 778 4595 posterum
809 4511 905 4587 magis
935 4511 1096 4590 magisque
1120 4521 1302 4592 exoptantes

558 4607 697 4674 unanimi
721 4605 861 4682 llagitent
881 4617 935 4664 ore
949 4619 982 4664 se
997 4603 1027 4665 in
1049 4619 1136 4666 veras
1152 4605 1301 4669 moniales

557 4717 645 4782 posse
666 4697 818 4773 converti,
841 4713 874 4758 ac
895 4711 950 4774 per
971 4705 1041 4758 rota
1055 4695 1206 4761 solemnia
1228 4701 1303 4763 edu·

558 4793 670 4858 cationi
692 4798 724 4854 et
755 4789 954 4852 instructioni
983 4787 1156 4866 puellarum
1187 4791 1302 4866 praeci·

557 4903 619 4968 pue
640 4899 812 4966 pauperum
834 4879 1017 4954 consecrari,
1033 4881 1114 4960 quod
1129 4882 1254 4961 quidem
1270 4891 1301 4946 31

556 4981 613 5043 tibi
635 4981 671 5042 ad
691 4978 890 5040 stabilitatem
915 4990 949 5036 33
970 4973 1193 5052 perlectionem
1214 4977 1302 5039 insti·

558 5073 617 5136 tuti
629 5070 718 5134 ualde
730 5070 872 5134 conterre
886 5074 916 5130 et
928 5066 964 5128 ad
978 5068 1128 5144 virgines,
1144 5083 1222 5145 quae
1238 5069 1302 5145 glo·

557 5168 620 5230 riae
641 5181 673 5226 33
695 5163 749 5226 Dei
772 5161 838 5223 zelo
859 5160 956 5238 magis
971 5166 1164 5235 exaestuant,
1181 5161 1301 5224 firmius

557 5259 589 5322 in
611 5274 647 5319 eo
669 5255 848 5318 detinendas
870 5253 1068 5332 profuturum
1095 5267 1161 5314 esse
1182 5252 1301 5314 videre-

558 5358 620 5415 tur.
642 5349 794 5426 Quoniam
822 5363 897 5410 raro
917 5345 1001 5408 idem
1029 5345 1099 5408 Pius
1126 5347 1301 5423 praedeces·

556 5461 607 5507 sor
629 5444 661 5505 in
688 5441 849 5521 praedictis
880 5439 980 5501 literis
1012 5439 1134 5501 easdem
1162 5438 1302 5516 virgines

557 5553 618 5615 quo
639 5537 701 5598 suis
723 5537 756 5598 iu
778 5532 894 5598 muniis
916 5532 1079 5594 alacriores
1100 5532 1213 5593 fierent
1236 5547 1301 5593 om·

557 5629 649 5692 nibus
670 5629 827 5692 cumulate
842 5627 952 5691 ditarit
966 5625 1171 5704 indulgentiis
1187 5633 1217 5688 et
1233 5641 1303 5703 gra-

598 5867 629 5924 (l)
644 5865 757 5923 Reliqua
771 5865 829 5912 vide
843 5865 912 5924 apud
925 5867 1066 5914 Cherubini
1076 5867 1143 5914 buli.
1153 5869 1302 5914 Romanum

558 5937 613 5982 tom
627 5937 688 5991 1111,
703 5935 771 5991 part.
786 5937 815 5990 l.,
829 5945 888 5991 pag.
902 5935 954 5992 673;
970 5935 1036 5982 ssull.
1052 5937 1124 5982 Pont.
1141 5939 1165 5981 s.
1179 5939 1256 5992 cong.
1272 5935 1303 5982 de

1357 4229 1488 4306 gationis
1510 4227 1684 4304 retulissem
1702 4227 1839 4290 nobilem
1867 4229 2035 4294 foeminam
2056 4249 2103 4296 ca·
2121 4227 2240 4284 autenm.

1358 4323 1502 4385 tbolicam
1524 4322 1710 4384 Honoratam
1732 4319 1828 4398 Nagle
1848 4321 1901 4384 iel.
1924 4339 2020 4386 mem.
2031 4339 2104 4404 opes

1355 4433 1425 4480 suas
1441 4417 1472 4477 in
1488 4414 1695 4494 plurimarum
1710 4413 1832 4490 piarum
1853 4415 2020 4478 domorum
2034 4417 2104 4481 iun·

1357 4509 1511 4572 dationem
1533 4507 1722 4584 impendisse
1736 4521 1773 4568 eo
1787 4507 1925 4583 consilio,
1941 4515 1976 4570 ut
1991 4524 2104 4589 nempe

1357 4616 1410 4662 eae
1432 4598 1569 4674 virgines
1592 4598 1624 4658 in
1646 4597 1762 4660 eisdem
1785 4599 2009 4678 reciperentur,
2026 4617 2105 4680 quae
2170 4637 2172 4644 ·

1356 4693 1414 4761 sibi
1436 4691 1552 4770 puellas
1573 4691 1738 4769 praecipue
1758 4706 1909 4770 pauperes
1930 4693 1962 4756 iu
1978 4693 2105 4755 catholi-

1356 4803 1409 4848 cae
1431 4785 1501 4849 fidei
1524 4784 1709 4848 rudimentis
1730 4783 1930 4862 informandi,
1953 4787 2104 4851 honestis-

1357 4896 1418 4958 que
1438 4879 1556 4940 artibus
1578 4877 1771 4953 instruendi,
1797 4879 1972 4942 tumeliam
1993 4881 2104 4942 mulie·

1355 4989 1405 5034 res
1427 4977 1619 5048 aegrotantes
1640 4971 1672 5032 in
1695 4971 1827 5050 publicis
1851 4973 2035 5034 nosocomiis
2055 4975 2105 5037 in·

1357 5064 1489 5139 visendi,
1513 5063 1698 5140 easdemque
1714 5063 1925 5141 spiritualibus
1940 5083 1972 5128 ac
1988 5072 2105 5146 tempo·

1357 5158 1472 5220 ralibus
1491 5156 1613 5218 auxiliis
1635 5156 1812 5231 adiuvandi,
1836 5174 1951 5221 munus
1971 5163 2105 5241 suscipe

1357 5259 1440 5313 rent:
1458 5257 1489 5312 et
1504 5249 1609 5326 plures
1629 5250 1691 5311 iam
1713 5257 1849 5328 repertas
1869 5267 1937 5314 esse
1951 5253 2104 5332 virgines,

1357 5361 1434 5423 quae
1455 5343 1555 5406 eidem
1571 5343 1714 5405 instituto
1730 5358 1845 5406 nomen
1860 5344 1945 5422 dare,
1962 5363 1996 5408 ac
2010 5363 2104 5412 onera

1356 5454 1447 5516 supra
1462 5435 1549 5498 allata
1559 5435 1716 5512 suscipere
1730 5435 1864 5514 vellent3
1881 5437 2012 5517 ideoque
2027 5442 2105 5503 eius·

1358 5529 1440 5592 modi
1455 5529 1590 5592 instituti
1604 5527 1642 5590 ab
1656 5527 1816 5606 apostolica
1830 5529 1886 5592 bac
1902 5528 2011 5594 Sancta
2027 5532 2106 5596 Sede

1356 5622 1607 5701 approbationem
1622 5624 1775 5702 petiisset:
1799 5634 1921 5689 sanctae
1936 5629 2105 5690 memoriae

1358 5870 1384 5912 P.
1400 5871 1426 5914 11.
1443 5871 1505 5916 tom.
1521 5871 1571 5924 lv.,
1586 5879 1646 5925 pag.
1661 5869 1700 5912 3011
1721 5870 1748 5913 31
1768 5867 1796 5913 in
1810 5869 1923 5926 append.
1945 5869 1970 5912 b.
1990 5869 2061 5914 13313
2080 5871 2104 5913 Ρ.

1360 5935 1405 5982 ubl
1419 5935 1581 5992 colliguntur
1595 5935 1704 5992 regulae
1719 5935 1886 5991 regularium
1901 5937 1927 5980 et
1940 5935 2033 5992 colleg.
