4776 6974
347 563 401 619 Διι.
416 567 445 620 O.
468 567 535 620 1789
586 563 645 628 338

564 699 719 762 saeculare
739 698 916 773 solvuntur,
939 713 1007 777 pars
1028 696 1172 760 catholica
1194 696 1230 757 ad
1251 694 1309 755 alia

565 800 633 854 vota
656 793 789 854 transire
809 792 950 871 cupiens,
971 791 1006 853 ad
1023 791 1129 852 eadem
1148 789 1244 850 libere
1259 787 1308 849 ad-

565 885 659 961 mitti,
682 885 852 964 taliumque
867 885 1073 948 matrimoniis
1088 882 1211 962 parochi
1226 881 1309 944 licite

563 979 703 1041 assistere
722 980 838 1058 possint
860 997 893 1044 ac
907 980 1047 1042 debeant.
1070 977 1209 1040 Proiecto
1224 975 1308 1038 lacile

565 1089 619 1151 pro
643 1072 693 1134 tua
713 1074 862 1153 sapientiis
891 1072 1065 1150 intelliges,
1096 1066 1161 1133 ἰιοιι
1183 1069 1265 1131 iliud
1292 1085 1308 1130 a

564 1167 651 1230 nobis
666 1183 849 1246 responsum
864 1169 969 1230 datum
986 1166 1035 1242 iri,
1058 1181 1149 1245 quam
1168 1163 1249 1242 quod
1271 1179 1309 1224 ex

564 1259 710 1338 patefacta
739 1241 891 1324 beclesiae
912 1261 1051 1324 dochini
1079 1258 1180 1338 prodit
1207 1259 1307 1336 ipsum

564 1370 618 1432 per
632 1371 720 1428 sese,
735 1371 768 1416 ac
782 1355 868 1416 velut
883 1355 1004 1417 emicat.
1019 1353 1137 1429 Nempe
1148 1369 1169 1414 ι.
1184 1352 1220 1424 si,
1233 1352 1307 1412 dum

564 1447 613 1508 isti
630 1447 829 1522 contrahunt,
852 1463 994 1528 expressa
1010 1447 1159 1524 quaedam
1173 1443 1309 1506 caraditio

562 1541 599 1602 ah
621 1541 692 1618 ipsis
714 1541 881 1616 inseritur,
908 1540 1097 1604 substantiae
1119 1535 1307 1599 matrimonii

564 1649 753 1712 repugnans,
776 1634 1035 1697 matrimonialem
1049 1638 1244 1695 contractum
1266 1629 1309 1690 el·

564 1729 645 1792 lectu
663 1747 777 1806 carere,
801 1731 988 1808 nullumque
1002 1731 1076 1792 adeo
1092 1728 1229 1792 contrahi
1246 1743 1308 1804 paa-

565 1823 759 1886 trimonium.
785 1842 819 1886 ιι.
835 1825 867 1888 Si
881 1825 967 1889 nulla
978 1824 1017 1885 sit
1033 1821 1244 1886 huiuscemodi
1259 1819 1308 1882 ad-

565 1919 640 1978 iecta
654 1917 800 1994 conditio,
817 1919 973 1996 privatum
994 1917 1247 1980 contrahentium
1262 1931 1309 1975 er-

564 2025 667 2071 rorem
683 2027 745 2072 non
762 2012 893 2086 obstare,
916 2012 991 2089 quin
1008 2010 1243 2072 matrimonium
1259 2023 1309 2068 va·

564 2102 634 2164 leat.
662 2119 711 2165 ιιι.
727 2104 827 2166 Posito
849 2106 946 2183 quod,
975 2105 1061 2166 nullo
1087 2102 1146 2164 alio
1172 2103 1309 2164 interve-

565 2195 671 2258 niente
694 2197 927 2276 impedimento,
951 2198 1049 2261 valide
1072 2194 1308 2258 matrimonium

563 2298 755 2352 contractum
777 2291 885 2353 luerit:
909 2291 1002 2353 ualidi
1018 2289 1231 2354 huiuscemodi
1246 2303 1307 2350 ma-

565 2385 703 2446 trimonii
724 2385 885 2447 vinculum
908 2403 965 2449 nec
986 2387 1025 2448 ob
1041 2385 1229 2448 adulterium
1251 2399 1308 2445 nec

563 2478 619 2540 alia
641 2479 703 2540 ulli
724 2480 762 2540 de
782 2479 871 2540 causa
892 2496 946 2558 per
963 2479 1065 2543 lorum
1080 2479 1235 2542 saeculare
1249 2479 1309 2541 dis-

562 2571 639 2633 solvi
651 2586 748 2650 posse.
768 2588 810 2634 tv.
825 2571 916 2634 Nulla
931 2573 1060 2652 proinde
1073 2572 1234 2634 saecularis
1250 2571 1308 2632 lori

561 2666 716 2728 sententiat
737 2665 856 2727 licitum
872 2663 1013 2725 alterutri
1029 2664 1106 2742 parti
1128 2664 1194 2726 sieri
1210 2677 1308 2740 posse,

563 2777 596 2822 ac
622 2758 721 2821 multo
748 2759 853 2820 minus
881 2757 1063 2833 catholicae,
1096 2767 1149 2832 ut,
1178 2759 1308 2821 vireute

563 2854 665 2933 priore
680 2853 823 2928 coniage,
836 2853 871 2914 ad
886 2850 941 2912 alia
959 2861 1027 2913 rota
1044 2860 1187 2914 transeat.
1201 2871 1229 2915 r.
1245 2853 1307 2916 Nec

563 2961 650 3027 posse
670 2949 755 3020 adeo,
779 2961 836 3006 nec
857 2947 980 3020 dehere,
1003 2947 1170 3023 parochum
1192 2947 1309 3011 adulte·

564 3043 640 3108 cinis
651 3039 862 3102 huiuscemodi
874 3039 1027 3116 coniugiis
1037 3039 1188 3101 assistere.
1208 3059 1251 3102 rr.
1263 3042 1308 3102 Ex

563 3135 671 3198 iisdem
692 3148 782 3212 porro
803 3131 961 3210 principiis
983 3131 1085 3194 locum
1101 3148 1163 3195 uon
1179 3151 1244 3196 esse
1259 3151 1309 3213 pe·

564 3232 637 3294 titae
658 3226 889 3307 dispensationi.

603 3325 622 3400 ᾖ
643 3323 672 3384 8.
697 3322 730 3383 ln
752 3321 782 3384 id
807 3332 969 3400 propterea
997 3323 1084 3384 omrri
1105 3339 1162 3400 ope
1187 3325 1309 3387 incum-

563 3419 712 3492 bendum,
728 3418 879 3495 srrmaique
889 3432 942 3494 spe
956 3417 1087 3479 summis
1102 3420 1242 3498 precibus
1257 3437 1309 3482 ex·

563 3512 714 3575 orandum
738 3513 835 3572 [teum
856 3521 918 3588 opt.
942 3527 1036 3586 max,
1051 3523 1096 3586 ut,
1118 3515 1308 3593 quandoqui-

563 3607 634 3668 dem
656 3603 721 3665 eius
742 3601 913 3680 opitulante
934 3603 1028 3678 gratia
1051 3605 1112 3664 ιιοιι
1137 3607 1184 3668 isti
1202 3607 1306 3668 miseri

562 3696 708 3772 coniuges
724 3695 844 3771 culpam
861 3694 921 3755 iam
935 3711 1021 3757 suam
1036 3711 1202 3773 agnovere,
1225 3702 1305 3776 quod

564 3793 594 3853 in
618 3791 661 3852 eis
682 3805 759 3868 opus
781 3789 898 3849 bonum
919 3789 1037 3866 coepit,
1065 3791 1129 3867 ipse
1150 3795 1306 3869 perficiat,

563 3899 676 3962 eosque
692 3881 726 3942 ad
742 3881 908 3942 salutarem
923 3883 1145 3959 poenitentiam
1167 3885 1305 3948 adducat.

561 3978 647 4052 Quod
667 3983 708 4050 te,
730 3990 803 4037 ven.
820 3975 925 4049 irater,
949 3991 1004 4054 pro
1020 3985 1073 4038 tuo
1088 3978 1231 4054 pastorali
1245 3988 1308 4039 stu-

563 4070 613 4133 dio
644 4069 777 4130 maxime
805 4075 988 4131 curaturum
1020 4086 1082 4130 uon
1112 4072 1306 4147 dubitamus,

564 4171 692 4241 tuosque
707 4167 834 4223 conatus
851 4160 1012 4238 apostolica
1026 4165 1243 4242 prosequimur
1259 4166 1308 4227 be-

563 4255 750 4328 nedictione,
774 4269 865 4332 quarn
881 4254 913 4314 ιιι
930 4261 1050 4317 nostrae
1067 4257 1159 4318 etiam
1175 4258 1308 4320 benero-

564 4350 676 4411 lentiae
690 4347 988 4426 existimationisque
1000 4349 1112 4427 pignus
1128 4351 1183 4412 tibi
1197 4367 1233 4412 ex
1245 4353 1309 4415 ani·

564 4457 614 4502 mo
635 4459 668 4502 ac
691 4447 883 4519 peramanter
906 4441 1113 4520 impertimur.
1188 4483 1192 4490 -

603 4536 714 4596 llatum
743 4535 876 4608 llomae,
909 4535 988 4613 apud
1019 4535 1048 4597 S.
1074 4535 1218 4614 Petrum,
1251 4540 1309 4601 suh

563 4628 681 4690 annulo
702 4628 823 4703 Piscat,
846 4629 895 4688 die
917 4642 961 4688 ιιι.
984 4628 1052 4690 ιιιιιι
1073 4646 1308 4709 praecurram,

563 4722 759 4802 pontificatus
781 4721 879 4783 nostri
895 4736 944 4781 an.
963 4736 1015 4783 xv.

861 5103 999 5168 Lxxxx

566 5292 787 5367 Quaestionem
797 5292 835 5355 ab
843 5293 939 5358 Arcb.
952 5293 1104 5374 l'rapensi
1111 5296 1307 5373 propositam

603 5387 639 5448 de
662 5389 780 5468 semina
802 5389 1010 5451 matrimonio
1036 5391 1212 5451 couirructa
1236 5405 1308 5450 curn

602 5481 672 5543 viro
698 5483 893 5554 acatholico,
923 5501 961 5546 ac
990 5483 1102 5544 dolrada
1130 5482 1165 5546 ob
1191 5483 1307 5546 mariti

602 5578 740 5657 sortasse
761 5578 881 5638 mactati
904 5576 1093 5650 absentiam,
1118 5584 1148 5639 et
1164 5585 1249 5639 cautu
1265 5577 1308 5637 ci·

602 5669 678 5733 cilis
699 5671 868 5748 potestatis
897 5671 938 5734 ad
960 5687 1056 5734 nouas
1078 5672 1213 5748 rauptias
1234 5688 1307 5738 cum

601 5765 705 5826 altero
721 5763 898 5826 acatholico
914 5769 1116 5835 transeunte,
1140 5764 1235 5837 barac,
1259 5764 1309 5824 iu-

604 5977 633 6032 (ll
649 5979 685 6022 tax
699 5979 855 6035 Roslxorany
869 5979 925 6025 coll.
941 5991 1001 6026 cum
1016 5983 1078 6038 Reg.
1094 5981 1174 6025 vatic.

1085 581 1148 623 lllll.
1174 578 1263 624 boux.
1288 577 1327 620 DE
1351 577 1378 620 P·
1402 577 1430 622 1².
1457 578 1538 622 eatis
1561 581 1581 623 l.

1405 711 1509 772 quana,
1532 699 1747 774 quaestionem
1768 700 1939 762 soluturus
1954 701 2110 784 Palatina

1405 788 1545 851 dicessus
1567 799 1720 855 ntemorat
1748 811 1785 855 aa
1813 794 1965 872 expendit
1986 803 2111 858 senten-

1407 882 1487 953 tias,
1510 886 1645 962 inques
1667 885 1820 950 abierunt
1841 889 1868 948 ii
1889 890 1970 960 oiri,
1995 889 2050 968 qui
2072 890 2107 953 in

1410 973 1608 1040 Consistorio
1630 978 1788 1060 Propensi
1815 981 1851 1042 de
1872 999 1908 1043 ea
1930 998 1963 1042 re
1985 982 2109 1046 iudica·

1406 1075 1496 1132 runt.
1530 1071 1650 1146 Quibus
1673 1075 1827 1151 conpositis
1848 1078 1947 1147 docet,
1973 1077 2109 1138 irritum

1405 1181 1467 1224 esse
1488 1165 1744 1238 matrimonium,
1767 1168 1796 1228 si
1810 1184 1994 1245 cupressum
2009 1171 2109 1232 inter-

1404 1256 1448 1316 sit
1470 1265 1601 1334 pactum
1623 1257 1658 1319 de
1677 1261 1881 1323 consoluendo
1903 1261 1938 1324 ob
1953 1279 2067 1326 causas
2089 1279 2110 1324 u

1404 1351 1468 1430 leae
1489 1352 1716 1430 praescriptus.
1743 1353 1879 1428 Quodsi
1901 1355 1964 1417 tale
1978 1362 2109 1432 pactum

1404 1460 1588 1520 adpressum
1618 1461 1682 1508 non
1713 1448 1910 1517 intercedat,
1943 1451 2111 1512 matrinia-

1405 1537 1493 1598 nium
1515 1553 1579 1597 esse
1599 1537 1762 1610 urtlidum,
1793 1557 1849 1602 nec
1871 1540 1933 1620 iope
1955 1540 2024 1604 ulla
2046 1541 2110 1604 dis-

1403 1629 1483 1691 solri
1505 1644 1603 1706 posse.
1628 1628 1759 1692 dentum
1781 1635 1852 1711 fuse
1874 1650 1912 1695 ac
1931 1636 2108 1712 naucratim

1404 1721 1508 1792 docet,
1538 1724 1782 1786 matrimonium
1809 1743 1846 1788 ne
1872 1742 1958 1803 posse
1984 1728 2109 1806 quidem

1404 1813 1439 1877 ob
1467 1817 1696 1896 fornicationis
1722 1836 1853 1882 causum
1880 1821 1977 1893 solui,
2011 1823 2110 1885 iuuta

1403 1917 1588 1987 perpetuam
1610 1910 1749 1974 Petrum
1763 1930 1801 1976 uc
1817 1914 1976 1978 Ecclesiae
1992 1915 2111 1978 doctri-

1403 2019 1479 2065 uum
1493 2003 1548 2082 (l).

1364 2186 2108 2278 lmmmmmnmwmmmmm

1618 2377 1703 2446 etus
1728 2380 1786 2448 ΡΡ.
1810 2380 1855 2448 lll.

1579 2565 1896 2651 lmmmwm

1396 2659 2072 2746 smmmmmmmmmwmn

1402 2851 1619 2914 Gravissimum
1642 2855 1833 2919 matrimonii
1855 2875 1940 2920 casus
1960 2861 2110 2938 quaestio·

1363 2961 1435 3007 nem
1464 2945 1664 3009 alterantibus
1689 2949 1725 3012 ad
1746 2967 1802 3011 nos
1824 2951 1921 3014 literis
1943 2954 2013 3030 tuis,
2036 2972 2109 3017 cum

1363 3038 1477 3100 multae
1491 3055 1558 3100 rem
1573 3043 1807 3106 consultationis
1829 3061 1905 3120 esse,
1928 3061 2030 3125 neque
2048 3056 2108 3109 tarn

1363 3133 1423 3193 cito
1444 3133 1580 3211 expediri
1604 3153 1636 3196 ac
1658 3137 1782 3199 dissolri
1804 3154 1891 3216 posse
1913 3139 2107 3216 videremus,

1363 3226 1494 3288 minime
1514 3231 1725 3292 cunctandum
1746 3231 1910 3307 duximus,
1934 3234 2010 3309 quin
2032 3234 2107 3296 illud

1362 3319 1398 3382 ad
1420 3326 1450 3380 te
1478 3321 1720 3386 rescriberemus
1746 3325 1795 3387 die
1818 3341 1903 3387 xxtr.
1926 3327 2110 3404 septembris
2157 3387 2162 3401 ,

1363 3415 1503 3493 proxime
1518 3417 1687 3493 praeteriti,
1706 3426 1900 3497 suscepturos
1916 3437 1970 3482 nos
1986 3438 2051 3484 esse
2065 3422 2109 3484 di·

1364 3511 1598 3586 ligentissimam
1620 3511 1685 3573 eius
1700 3515 1745 3574 rei
1765 3514 2053 3591 considerationem,
2076 3533 2109 3578 ac

1362 3605 1505 3680 deinceps
1520 3604 1664 3666 onmibus
1679 3615 1799 3668 mature
1813 3609 1971 3686 perpensis
1985 3619 2110 3673 senteu-

1364 3700 1434 3760 tiarn
1463 3699 1498 3760 ad
1522 3707 1551 3760 te
1579 3709 1716 3760 nostram
1745 3702 1989 3765 transmissuros.
2022 3707 2108 3780 Quod

1363 3801 1430 3854 tum
1453 3791 1548 3868 igitur
1570 3792 1601 3852 in
1625 3807 1680 3853 nos
1701 3808 1926 3871 receperamus,
1948 3812 2033 3858 nunc
2055 3799 2109 3860 hac

1363 3892 1553 3960 praestamus
1573 3885 1717 3963 epistolia,
1741 3887 1865 3964 quaesi
1887 3898 1933 3950 est
1952 3890 2109 3968 aliquanto

1363 3980 1529 4057 prolixior,
1557 3979 1615 4040 erit
1645 3977 1674 4042 ιιι
1702 3979 1747 4042 rei
1770 3981 1864 4058 ipsius
1885 3984 2027 4058 gravitati
2057 3985 2109 4047 tri-

1365 4074 1534 4136 buendum.

1404 4169 1422 4242 ἓ
1445 4167 1471 4227 l.
1494 4166 1656 4228 lielerendi
1679 4168 1713 4228 ud
1736 4186 1791 4230 nos
1813 4169 2019 4234 dubitationes
2042 4179 2108 4235 tuas

1363 4277 1482 4323 causam
1505 4261 1560 4322 tibi
1581 4261 1836 4338 praebuissemus,
1861 4281 1953 4343 quem
1969 4267 2001 4327 ιιι
2016 4267 2109 4328 comi-

1365 4364 1429 4418 tatu
1455 4355 1595 4418 Glacensi
1626 4356 1751 4420 ditionis
1780 4358 1861 4434 regis
1887 4359 2046 4422 borussiae
2072 4363 2109 4424 ad

1365 4461 1447 4513 tuam
1479 4450 1643 4512 dioecesim
1675 4451 1851 4527 pertinento
1882 4453 2046 4529 contigisse
2078 4455 2109 4517 in

1364 4545 1447 4606 hunc
1468 4544 1596 4605 modam
1618 4544 1804 4623 exposuisti,
1827 4545 1987 4610 videlicet:
2012 4547 2061 4609 vir
2080 4567 2110 4610 a·

1363 4638 1531 4701 catholicus
1561 4638 1680 4700 deserta
1709 4655 1805 4700 uxore
1832 4640 1977 4704 catholici
2007 4643 2111 4720 plures

1364 4749 1460 4794 annos
1480 4733 1523 4794 sic
1544 4731 1642 4794 abluit
1665 4739 1709 4808 ut,
1734 4732 1785 4793 ubi
1805 4739 1957 4795 terrarum
1972 4737 2110 4813 (legeret,

1364 4827 1434 4890 sciri
1469 4841 1666 4904 nequaquam
1700 4825 1848 4904 potuerit.
1885 4826 1991 4889 Edicto
2026 4829 2111 4904 regio

1364 4921 1544 5001 praestituta
1566 4920 1594 4981 ei
1616 4921 1679 4982 dies
1701 4927 1764 4993 cst,
1791 4936 1851 4998 qua
1873 4921 1931 4981 uisi
1952 4921 2110 4998 rediisset,

1365 5015 1532 5078 malitiosus
1555 5023 1634 5076 esset
1654 5015 1794 5076 desertor
1811 5014 2020 5076 declarandus.
2045 5016 2113 5078 Ela-

1364 5125 1418 5186 pso
1439 5107 1574 5170 termiuo
1595 5123 1666 5168 curn
1689 5123 1753 5168 uon
1776 5106 1925 5181 rediisset,
1949 5109 2032 5184 regia
2054 5109 2112 5172 lata

1364 5213 1410 5265 est
1425 5201 1589 5276 sententia,
1612 5217 1670 5279 qua
1692 5199 1744 5262 ille
1767 5200 1935 5262 malitiosus
1949 5207 1995 5263 est
2010 5205 2112 5266 deser·

1366 5305 1413 5358 tor
1434 5294 1615 5368 declaratus
1637 5303 1667 5356 et
1682 5293 1774 5354 simul
1798 5295 1987 5356 matrimonii
2003 5295 2113 5358 vincu-

1364 5389 1430 5450 lum
1445 5387 1617 5450 secundum
1632 5387 1715 5464 leges
1731 5387 1829 5464 regias
1844 5385 2041 5463 dissolutum,
2057 5406 2112 5450 an-

1364 5485 1443 5545 nexi
1458 5493 1561 5546 tamen
1578 5492 1718 5561 respectu
1734 5484 1840 5546 uxoris
1851 5483 2016 5554 catltolicae
2030 5482 2112 5545 clau·

1362 5578 1440 5653 sula,
1463 5594 1523 5656 qua
1538 5579 1673 5640 eiusdem
1690 5579 1831 5658 propriae
1846 5577 2051 5640 conscientiae
2066 5594 2112 5640 re-

1364 5671 1471 5734 lictum
1494 5679 1556 5746 est,
1587 5689 1624 5732 an
1647 5673 1683 5734 acl
1703 5671 1775 5734 alias
1797 5672 1919 5750 nuptias
1947 5670 2111 5734 convolare

1362 5765 1448 5826 velit.
1473 5764 1584 5827 llulier
1605 5763 1684 5843 (sive
1705 5767 1894 5839 secundum,
1918 5765 1983 5826 sire
2005 5773 2112 5838 contra
