4856 7010
106 539 165 594 An.
181 543 217 598 G.
243 545 314 598 1828

105 867 203 928 ‘monor
219 879 314 918 conces

91 929 186 965 sionis.

110 3873 235 3922 Clausala
247 3877 307 3924 sub·

90 3927 144 4030 {XX
161 3930 307 4030 XXXX?
326 3967 445 4042 damus,
469 3967 670 4032 decernentes
691 3978 811 4032 nostras
832 3972 885 4034 has
901 3971 1006 4035 literas
1021 3976 1072 4036 fir·-

97 5283 231 5340 derogatio
241 5293 299 5330 con·

87 5335 232 5384 uariorum.

1013 563 1068 608 tuo
1091 563 1141 609 1³1³.
1166 563 1224 608 Xll.

343 686 407 742 tem
429 698 444 742 a
465 683 553 745 nohis
575 685 675 764 petiit,
692 693 727 748 ut
747 682 914 761 collegium
931 683 1007 745 illud
1021 695 1090 760 pos-

342 784 390 836 set
410 775 541 852 erigere.
689 847 690 850 ,

316 893 324 904 ·
381 869 400 943 ἓ
421 868 450 930 3.
467 868 528 932 Nos
544 871 645 950 itaque
660 888 733 936 eum
747 879 777 935 et
791 871 865 934 alios
881 872 1008 952 pariter,
1022 869 1089 947 qui-

342 961 398 1024 bus
420 964 475 1025 lxae
496 963 604 1028 literae
624 965 742 1042 favent,
758 983 774 1027 a
789 966 949 1045 quibusvis
966 979 1088 1027 excom·

342 1055 560 1120 municatiunis
577 1065 607 1118 et
622 1058 789 1135 interdicti,
806 1059 935 1138 aliisque
950 1056 1087 1122 ceclesia-

338 1148 422 1211 sticis
442 1150 592 1227 censuris,
614 1153 778 1214 sententiis
800 1169 833 1213 ac
854 1151 962 1230 poenis
976 1151 1087 1231 quovis

340 1244 431 1304 modu
453 1248 483 1304 ct
505 1260 699 1324 quacumque
716 1247 753 1308 de
774 1262 861 1309 causa
878 1245 955 1320 latis,
972 1245 1087 1322 siquas

338 1333 418 1398 forte
443 1337 636 1402 incurrerint
665 1339 757 1402 buius
779 1345 902 1403 tantum
922 1339 968 1401 rei
990 1339 1086 1416 grstia

338 1429 531 1494 absolventes
552 1439 584 1494 et
598 1431 751 1496 absolutos
766 1433 831 1495 fore
845 1440 1017 1507 censentes,
1033 1448 1086 1493 au-

337 1523 482 1586 ctoritate
508 1533 614 1587 nostra
642 1526 806 1605 apostolica
834 1525 1001 1589 consilium
1029 1524 1086 1587 eri·

337 1616 430 1692 gendl
447 1633 562 1680 novum
576 1619 742 1695 collegium
755 1619 1020 1682 missionariurum
1031 1617 1084 1682 Or·
1098 1665 1100 1670 .

336 1707 419 1771 dinis
439 1710 594 1773 llinorum
615 1712 653 1773 de
674 1712 872 1776 Obseruantia
895 1712 1086 1775 Excalceatu-

336 1817 408 1863 rum
429 1801 462 1864 in
484 1803 588 1866 Monte
610 1803 738 1868 Sanctae
760 1805 871 1867 llariae
890 1804 1084 1882 lfagdalenae

337 1909 430 1973 prope
451 1896 612 1960 Bracarum
627 1899 841 1978 approbamus,
857 1898 1004 1978 illiusque
1017 1914 1083 1960 ere-

335 1987 472 2051 ctionem
494 2005 579 2053 nunc
601 2007 655 2070 pro
671 1991 723 2053 illo
739 1997 889 2069 tempore,
905 2007 966 2072 quo
981 1993 1082 2071 ipsum

335 2078 430 2143 fuerit
451 2081 639 2162 absolutum,
653 2083 800 2147 babemus
814 2093 912 2147 ratam
926 2091 957 2148 et
972 2086 1084 2148 confir-

336 2189 467 2237 mamus.
502 2177 707 2256 praecipimus
736 2183 853 2254 autem,
878 2186 924 2255 ut,
950 2179 1080 2258 quaein

333 2269 506 2345 apostolicis
526 2270 625 2333 literis
646 2271 741 2334 felicis
755 2273 976 2336 recordationis
992 2274 1082 2336 lnno-

334 2362 430 2424 centii
452 2363 506 2425 PP.
530 2365 581 2429 xl.
605 2367 844 2445 praedecessoris
875 2368 985 2445 nostri,
1009 2385 1081 2448 qua·

334 2471 404 2516 rum
432 2455 561 2521 initium
583 2459 634 2522 Etr
655 2459 805 2522 iniuncto
826 2458 927 2531 nobis,
950 2461 1008 2524 sub
1028 2477 1081 2524 an·

333 2548 410 2612 nulo
426 2549 587 2614 Piscatoris
601 2553 678 2616 datis
692 2553 741 2616 die
757 2555 1010 2631 vigesimatertia
1027 2571 1081 2618 nu·

332 2643 468 2706 vembris
500 2645 574 2706 anni
605 2645 762 2709 millesimi
789 2648 1007 2711 sexcentesimi
1033 2665 1080 2712 se·

332 2738 517 2814 ptuagesimi
549 2740 623 2802 noni
654 2742 839 2821 praescripta
871 2743 1080 2805 inveniuntur

332 2849 387 2912 pro
407 2837 539 2914 collegio
568 2840 605 2901 de
627 2836 780 2917 VaratoJ‘o,
810 2838 912 2901 omnia
940 2838 1078 2902 innovo

330 2930 424 2992 etiarn
445 2931 574 3009 collegio
595 2933 708 2996 lfontis
729 2930 857 2998 Sanctae
871 2933 983 2996 llariae
997 2933 1078 3011 ldag-

331 3022 456 3088 dalcnae
477 3025 584 3090 sedulo
603 3033 778 3092 serventur.
804 3027 864 3091 Nos
885 3029 971 3091 euim
986 3031 1075 3094 colle-

330 3117 381 3194 gio
401 3117 474 3182 huic
501 3135 608 3184 omnes
631 3120 695 3183 illas
722 3123 920 3202 singulasque
942 3123 1025 3200 leges
1044 3135 1076 3188 et

329 3213 531 3288 conditiones,
562 3215 694 3292 quaein
716 3215 824 3278 iisdem
855 3216 952 3279 literis
978 3220 1075 3281 conti-

329 3315 456 3382 nentur,
478 3308 640 3385 apostolica
667 3310 848 3373 auctoritate
875 3311 1072 3390 applicamus.

328 3402 431 3481 Atque
451 3403 554 3466 omnia
576 3405 690 3484 pariter
711 3415 742 3468 ct
762 3407 883 3486 singula
901 3409 1073 3489 privilegia,

327 3497 439 3574 quibus
460 3499 639 3560 earumdem
654 3501 829 3565 innocentii
844 3501 894 3566 x1.
912 3502 1073 3568 literarum

326 3589 359 3649 ri
380 3590 536 3664 utebatur,
556 3591 718 3656 fruebatur
738 3596 901 3674 collegium
925 3598 963 3659 de
984 3598 1074 3663 Vara-

326 3683 400 3761 tojo,
423 3699 510 3762 posse
531 3687 624 3748 etiam
647 3689 704 3763 uti,
727 3689 788 3751 frui
810 3690 939 3769 collegio
961 3693 1074 3777 lloqtis

325 3774 453 3842 Sanctae
474 3781 583 3843 Mariae
605 3781 799 3861 llagdalenae
823 3787 1030 3851 concedimus.

366 3873 433 3948 §lx
457 3873 536 3936 llaec
556 3883 661 3937 autem
682 3877 846 3940 statuimus
868 3886 960 3958 utque
987 3898 1072 3945 man-

325 4075 400 4136 mas‚
422 4059 537 4124 validas
558 4068 589 4124 et
611 4063 746 4126 efficaces
776 4065 909 4127 existere
936 4073 967 4129 et
993 4066 1070 4144 fore,

323 4169 457 4231 suosque
476 4154 630 4232 plenarius
650 4164 681 4218 et
703 4156 841 4234 integros
862 4159 987 4222 effectus
1007 4178 1071 4224 sor-

324 4247 376 4310 tiri
396 4255 428 4310 et
449 4248 600 4327 obtinere,
619 4257 651 4311 ιι
666 4266 774 4313 earum
790 4267 908 4328 rerum,
925 4271 1002 4334 quae
1018 4274 1071 4320 ιι-

322 4356 443 4418 pressae
469 4349 554 4418 sunt,
577 4359 663 4405 causa
693 4343 764 4422 illis,
787 4362 865 4425 quos
886 4349 1067 4428 respiciunt,

323 4435 378 4498 hoc
400 4435 575 4516 futurisque
599 4439 788 4515 temporibus
810 4440 987 4518 plenissime
1008 4446 1070 4507 suf-

321 4528 445 4606 fragari,
468 4535 499 4592 ct
519 4529 556 4592 ab
578 4531 686 4594 iisdem
718 4533 938 4598 inviolabiliter
966 4537 1069 4601 obser·

321 4624 403 4702 vari;
426 4623 531 4704 sicque
548 4617 582 4686 in
597 4627 770 4704 praemissis
785 4643 841 4706 per
855 4646 1068 4712 quoscumque

321 4717 436 4780 iudices
456 4717 627 4781 ordinarios
643 4727 675 4781 ιι
695 4720 861 4800 delegatos,
883 4724 976 4786 etiam
998 4743 1067 4789 cau·

318 4825 423 4872 sarum
438 4810 540 4888 palatii
556 4813 654 4875 nostri
667 4815 824 4891 apostolici
839 4818 1004 4894 auditores,
1021 4819 1068 4881 iu-

319 4904 411 4967 dicari
426 4911 457 4976 et
468 4905 591 4968 deliniri
603 4907 724 4983 debere,
737 4925 769 4971 ac
780 4909 906 4971 irritum
918 4918 949 4974 ιι
962 4913 1064 4991 inane,

318 4997 344 5058 si
365 5013 453 5060 secus
477 5013 571 5076 super
596 4999 644 5062 his
665 5017 681 5061 a
702 5017 859 5080 quoquam
885 5005 992 5082 quavis
1013 5023 1066 5070 au-

319 5093 459 5155 ctoritate
480 5091 615 5156 scienter
634 5092 684 5154 vel
705 5094 885 5171 ignoranter
899 5099 1066 5176 contigerit

318 5185 475 5247 attentari.

357 5278 426 5354 gd.
457 5277 525 5341 Non
553 5279 743 5342 obstantibus
771 5283 1063 5364 constitutionibus,

316 5371 524 5434 sanctionibus
554 5372 736 5450 apostolicis,
758 5391 792 5437 ac
813 5378 958 5453 praedicti
979 5378 1065 5442 Ordi-

317 5466 364 5527 nis
384 5466 480 5527 etiam
493 5467 681 5541 iuramento,
694 5468 932 5532 confirmatione
946 5481 1063 5551 aposto-

315 5555 382 5632 lici,
405 5557 456 5620 rel
476 5557 584 5637 quavis
605 5559 752 5622 firmitate
770 5560 825 5621 alid
840 5563 990 5625 roboratis
1004 5572 1065 5627 sta-

316 5652 390 5714 tutis
401 5658 432 5713 ιι
442 5652 729 5726 consuetudinibus,
743 5653 913 5732 privilegiis
926 5673 1061 5736 quoque,

315 5745 443 5808 indultis
458 5753 488 5808 et
506 5745 604 5809 literis
622 5747 793 5826 apostolicis
815 5748 847 5810 in
869 5752 1062 5814 contrarium

314 5839 556 5916 praemissorum
569 5839 799 5918 quomodolibet
813 5845 974 5921 concessis,
990 5862 1062 5908 con·

295 5931 444 5994 ¹firmatis
468 5939 498 5994 et
519 5933 684 6012 innovatis,
707 5951 894 6015 quamquam
917 5953 972 6016 pro
993 5939 1061 6002 illo-

421 6085 473 6127 lur.
490 6080 561 6126 Poot.
576 6079 607 6126 de
623 6079 695 6140 f'rcp.
711 6080 773 6127 Fide
787 6082 869 6130 Partis
884 6084 903 6132 l.
917 6083 970 6132 vol.
987 6085 1026 6132 lv.

1814 538 1873 602 697
1922 536 1977 590 sn.
1991 537 2022 590 c.
2043 538 2112 591 taes

1143 697 1215 743 rum
1237 681 1437 759 derogatione
1454 679 1592 758 specialis
1607 676 1726 740 mentio
1740 675 1891 749 facienda,

1142 781 1195 836 aut
1216 774 1272 837 alia
1294 774 1445 854 exquisita
1465 771 1598 835 formula
1625 770 1777 834 servanda
1798 773 1891 843 esset,

1141 869 1331 948 caeterisque
1352 866 1513 930 contrariis
1534 865 1792 945 quibuscumque.

1183 961 1293 1024 Datum
1316 962 1430 1024 Romae
1450 957 1530 1039 apud
1556 959 1586 1022 S.
1611 958 1738 1020 Petrum
1758 957 1816 1019 sub
1836 973 1889 1019 an·

1142 1054 1218 1118 nulo
1240 1055 1360 1129 Piscat,
1383 1053 1432 1116 die
1450 1069 1543 1115 xxxn.
1561 1051 1634 1112 maii
1649 1065 1889 1125 unuccuvux,

1142 1147 1337 1228 pontificatus
1359 1147 1459 1210 nostri
1480 1161 1562 1210 anno
1583 1163 1612 1205 v.

1400 1345 1639 1358 m

1450 1523 1575 1588 XXXV.

1140 1709 1327 1791 Sopprcssio
1348 1721 1378 1776 ct
1402 1713 1481 1776 uolo
1495 1713 1644 1792 plurium
1659 1712 1888 1792 episcopalium

1177 1807 1301 1868 sedium
1317 1807 1352 1868 io
1365 1807 1531 1869 Delmatia
1550 1811 1581 1868 ct
1601 1805 1700 1870 lofriu
1715 1805 1760 1869 ud
1768 1805 1887 1868 Adria-

1179 1901 1237 1964 tici
1259 1901 1361 1964 muris
1382 1917 1465 1963 orus.

1266 2127 1271 2138 ·
1352 2084 1430 2152 1.Εο
1452 2082 1670 2154 ΕΡΙὸῦθΡϋὸ

1325 2263 1434 2314 seruus
1456 2262 1611 2314 serrorum
1634 2245 1698 2326 llei,

1255 2369 1291 2436 ad
1315 2373 1488 2454 perpetuen
1513 2370 1557 2438 rei
1580 2369 1761 2437 memorien.

1173 2560 1193 2634 5
1213 2561 1239 2621 l.
1253 2560 1371 2624 Locum
1383 2561 1462 2624 beati
1475 2560 1556 2624 Petri
1566 2557 1785 2639 Apostolorum
1799 2559 1884 2624 Prin·
1930 2574 2099 2622 prooemium.

1133 2652 1207 2730 cipis
1229 2669 1300 2716 cum
1323 2654 1435 2717 vicaria
1456 2655 1552 2732 ipsius
1573 2655 1640 2716 lesu
1663 2653 1780 2717 Christi
1800 2662 1883 2733 pote·

1131 2753 1209 2808 state
1231 2747 1350 2808 meritis
1373 2745 1444 2810 licet
1467 2746 1635 2826 imparibus
1656 2753 1810 2823 tenentes,
1834 2761 1881 2808 ec·

1131 2839 1295 2903 clesiarum
1325 2840 1468 2904 omnium
1496 2841 1648 2920 spirituali
1670 2840 1817 2920 regimini
1839 2841 1881 2902 ita

1132 2931 1280 2995 debemus
1300 2933 1420 2996 assidue
1442 2934 1635 3010 incumbere,
1659 2943 1694 2996 ut
1716 2935 1766 2998 vel
1786 2950 1881 2997 novas

1130 3040 1187 3103 per
1208 3028 1314 3089 orbem
1335 3027 1488 3092 dioeceses
1505 3029 1628 3106 erigere
1643 3029 1692 3090 rel
1706 3035 1822 3092 erectas
1837 3030 1882 3093 di-

1131 3120 1248 3196 videre,
1270 3121 1363 3183 unire
1383 3139 1417 3184 ac
1438 3123 1531 3185 etiam
1547 3122 1670 3185 abolere
1686 3139 1749 3186 non
1764 3124 1878 3186 abnua-

1131 3229 1211 3289 mus,
1234 3214 1355 3293 qnando
1376 3214 1532 3278 commissi
1547 3216 1635 3278 nobis
1649 3217 1796 3279 dominici
1811 3233 1881 3295 grc-

1130 3306 1176 3383 gis
1198 3323 1253 3384 pro
1284 3314 1421 3386 tenpore
1450 3307 1592 3372 locorum
1619 3317 1650 3371 et
1677 3309 1880 3374 circumstan-

1129 3401 1242 3462 tiarum
1264 3403 1384 3465 ratione
1407 3402 1522 3465 utilitas
1543 3403 1690 3480 postulat,
1712 3412 1743 3466 et
1762 3405 1797 3468 ad
1814 3421 1876 3468 ma-

1129 3511 1228 3572 gnum
1248 3494 1370 3576 aliquod
1389 3497 1506 3559 bonum
1521 3498 1760 3576 assequendum,
1776 3498 1826 3561 vel
1841 3500 1876 3560 ad

1128 3588 1244 3650 malum
1271 3588 1436 3668 aliquando
1457 3591 1496 3652 ab
1516 3591 1648 3653 Ecclesia
1676 3593 1730 3654 llei
1751 3594 1877 3672 propul-

1126 3685 1257 3746 sandum
1279 3683 1442 3746 necessitas
1457 3685 1572 3761 exigat,
1588 3692 1680 3763 prout
1695 3685 1727 3747 in
1744 3686 1876 3749 Domino

1130 3777 1226 3855 magis
1246 3777 1392 3856 expedire
1410 3778 1592 3842 iudicemus.

1168 3871 1229 3933 llac
1249 3886 1321 3932 sane
1342 3879 1448 3934 mente
1462 3873 1497 3934 ad
1513 3872 1699 3950 episcopales
1712 3873 1798 3936 sedes
1816 3881 1876 3936 tarn

1128 3964 1161 4026 in
1183 3964 1340 4038 Dalmatia,
1374 3981 1466 4045 quam
1495 3966 1528 4028 in
1557 3966 1644 4028 lstria
1672 3966 1708 4029 ad
1730 3965 1877 4030 Adriatici

1127 4059 1220 4120 maris
1241 4075 1308 4121 oras
1329 4059 1387 4121 snb
1399 4059 1548 4122 carissimi
1563 4059 1596 4121 in
1613 4060 1735 4124 Christo
1751 4061 1807 4125 filii
1822 4078 1876 4126 uo-

1126 4155 1183 4216 stri
1204 4153 1356 4216 Francisci
1376 4153 1518 4216 flustriae
1540 4153 1746 4232 imperatoris,
1765 4173 1799 4219 ac
1820 4157 1876 4219 Bo-

1127 4247 1247 4309 bemiae
1268 4254 1299 4309 ιι
1320 4245 1498 4324 llongariae
1518 4247 1601 4324 regis
1628 4249 1796 4326 apostolici,
1819 4267 1876 4314 nee

1127 4356 1191 4402 raon
1207 4341 1296 4418 regni
1311 4340 1508 4418 Longobardi
1520 4339 1633 4404 Veneti
1650 4342 1810 4421 temporali
1825 4343 1876 4405 do-

1127 4433 1246 4496 minatu
1260 4443 1329 4497 actu
1345 4434 1525 4509 existentes,
1540 4435 1741 4512 cogitationes
1757 4444 1877 4499 nostras

1125 4526 1331 4604 intendimus,
1354 4536 1400 4604 ut,
1427 4527 1554 4591 sublatis
1581 4530 1777 4608 superiorum
1798 4538 1877 4594 tem·

1125 4635 1238 4698 porum
1268 4620 1503 4698 calamitatibus,
1535 4636 1600 4685 rem
1626 4639 1743 4686 sacram
1764 4625 1875 4704 aptiori

1124 4712 1257 4792 utilique
1274 4713 1372 4776 forma
1388 4714 1504 4778 ibidem
1518 4730 1705 4795 componere
1719 4725 1812 4797 atque
1827 4733 1876 4780 οι-

1124 4807 1231 4871 dinare
1252 4810 1497 4872 conniteremur.
1527 4853 1529 4860 .

1163 4904 1182 4978 ἓ
1203 4903 1232 4965 2.
1254 4901 1405 4966 Novimus
1419 4905 1573 4984 equidem,
1590 4921 1664 4968 eum
1679 4922 1744 4970 esse
1758 4909 1874 4986 episco·
1893 4915 2043 5015 cuEsX‘iiXX
2058 4919 2106 4963 sta-

1122 5003 1252 5074 patuum
1273 5002 1304 5058 ιι
1319 4996 1542 5059 cathedralium
1556 4998 1763 5078 capitulorum
1782 5009 1813 5064 et
1826 5018 1873 5064 se·
1892 5019 1931 5066 vu
1948 4981 2106 5081 snpprffifsn-

1122 5090 1328 5153 minariorum
1350 5090 1382 5152 in
1405 5091 1465 5153 illis
1494 5093 1631 5170 partibus
1660 5095 1871 5159 miserrimum
1892 5074 2054 5177 ffffipffl
2073 5089 2106 5123 ‘¹‘

1120 5190 1248 5258 statum,
1271 5193 1306 5246 ut
1328 5184 1489 5246 manifesto
1511 5195 1663 5266 appareat,
1684 5184 1720 5248 ad
1743 5187 1869 5251 illorum

1121 5291 1290 5340 numerum
1301 5277 1503 5340 retinendum
1515 5281 1681 5342 necessaria
1694 5283 1792 5345 media
1805 5283 1873 5345 nul·

1122 5369 1150 5432 lo
1171 5380 1257 5450 pacto
1277 5378 1456 5450 suppetere3
1480 5387 1518 5434 ex
1540 5389 1601 5452 quo
1621 5374 1789 5438 infeliciter
1803 5394 1872 5439 suc·

1121 5464 1209 5528 cessit
1230 5464 1375 5528 diuturna
1394 5465 1565 5530 multarum
1580 5466 1702 5530 sedium
1716 5469 1870 5548 episcopa·

1119 5564 1197 5626 lium
1219 5563 1352 5626 viduitas
1371 5579 1434 5626 non
1449 5563 1517 5625 sine
1533 5562 1665 5624 maxima
1681 5564 1870 5629 dioecesium

1119 5655 1300 5719 calamitate.
1324 5655 1517 5719 Gravissimis
1541 5657 1624 5720 bisce
1647 5673 1685 5718 ex
1706 5659 1804 5720 causis
1826 5658 1872 5722 fe-

1119 5748 1184 5812 licis
1198 5749 1418 5812 recordationis
1429 5750 1500 5812 Pius
1512 5748 1574 5813 vu.
1588 5751 1802 5826 praedecessor
1814 5766 1869 5814 no-

1117 5850 1180 5905 ster
1201 5859 1288 5906 ouras
1309 5842 1571 5923 cogitationesque
1592 5860 1662 5906 suas
1684 5845 1868 5924 iampridem

1116 5942 1312 6001 converterat
1332 5938 1369 6000 ad
1391 5938 1559 6001 necessaria
1581 5938 1613 6001 in
1635 5945 1753 6002 tantam
1775 5941 1868 6004 malo-

1739 6095 1766 6139 ⁸8
