4722 6976
87 606 132 661 ln.
144 605 172 658 0.
192 599 259 655 1818

956 609 1027 662 bros
1048 608 1098 660 aa.
1122 601 1177 658 ιιι.
1760 577 1817 654 bit
1868 579 1967 646 und.

288 759 342 806 cae
362 741 472 806 vineae
500 743 716 822 procuratione
735 746 963 804 succrescentes
983 752 1035 798 ve-

286 853 358 916 pres
379 855 417 901 ex
439 855 473 900 ea
494 836 630 900 evellere
659 836 830 912 adigamur,
861 839 1035 913 opportune

77 942 124 1038 ηιξ
138 947 180 1035 3ng
194 935 269 1046 {⁰233-
287 933 321 994 in
343 948 412 994 eam
433 947 498 994 rem
519 932 681 994 consulere
695 931 884 993 censuimus.
901 928 1035 990 Particu-

75 1049 168 1106 oonem,
187 1052 207 1104 ,a
227 1053 269 1106 ιρ-
287 1025 344 1086 luri
362 1026 474 1090 idcirco
488 1025 720 1102 congregationi
734 1022 962 1085 venerabilium
977 1020 1035 1082 lra-

75 1095 269 1208 ἰιὲιίιιιίιἰιῖἰιιιιίοειιιι

289 1127 373 1180 trum
396 1127 575 1182 nostrornm
597 1119 724 1182 Sanctae
755 1118 910 1178 Romanae
931 1113 1035 1176 Eccle-

287 1214 349 1275 siae
361 1212 582 1286 cardinalium,
595 1214 632 1275 de
644 1210 775 1275 Somalia
787 1211 892 1273 Sacrae
905 1208 1034 1270 Rituum

289 1306 545 1384 Congregationis
574 1304 731 1382 praelecti,
758 1304 836 1366 Litta
857 1311 888 1364 et
910 1302 1034 1363 Antonii

289 1402 326 1463 ab
347 1401 451 1475 Auria,
468 1416 525 1462 nec
547 1415 609 1460 non
628 1397 768 1459 eiusdem
783 1396 891 1460 Sacrae
905 1393 1034 1456 llituum

290 1492 544 1569 congregationis
565 1490 733 1565 secretarii,
757 1487 926 1563 assessoris,
947 1495 979 1549 et
994 1486 1035 1548 al-

288 1587 385 1649 terius
406 1603 444 1647 cx
472 1585 587 1647 nostris
616 1583 853 1661 apostolicarum
880 1596 1034 1643 caeremo-

288 1680 412 1740 niarum
432 1677 599 1754 magistris,
617 1677 807 1755 quibuslibet
827 1674 929 1735 eidem
950 1673 1036 1733 attri-

288 1773 370 1834 butis
390 1771 598 1847 facoltatibus
614 1771 707 1833 etiam
722 1777 807 1832 extra
822 1769 966 1832 ordinem
981 1783 1035 1828 ne·

288 1863 425 1927 cessariss
449 1872 479 1926 et
501 1864 694 1943 opportunis,
715 1861 746 1924 id
767 1861 1033 1936 demandavimus,

288 1966 323 2022 ut
344 1959 455 2020 omnia·
474 1975 520 2033 ea,
542 1973 620 2035 quae
646 1955 911 2021 circumferuntur
934 1955 1035 2016 titula-

288 2053 370 2115 rium
390 2051 567 2115 huiusmodi
583 2051 866 2128 protonotariorum
881 2055 968 2110 extra
983 2065 1035 2108 ur·

289 2147 359 2208 bem
391 2145 566 2224 privilegia,
588 2143 624 2205 ad
645 2145 817 2206 severiores
848 2142 924 2203 iuris
945 2157 1035 2203 cano·

290 2256 343 2301 nes
373 2248 465 2317 atque
495 2238 617 2315 regulas
647 2239 847 2316 expenderet,
878 2236 978 2314 iisque
999 2236 1033 2296 ad

288 2334 383 2412 ipsius
398 2333 474 2395 iuris
489 2332 718 2410 praeceptiones
733 2329 905 2408 descriptis
917 2337 1035 2391 caetera

289 2427 442 2504 quaelihet
464 2426 500 2486 ab
528 2426 634 2486 iisdem
665 2425 777 2486 absona
806 2424 979 2498 abrogaret,
1002 2439 1035 2484 ac

287 2527 405 2581 certam
432 2518 635 2596 stabilemque
668 2515 851 2578 methodum
882 2517 1033 2591 sanciret,

288 2629 347 2691 qua
368 2621 399 2675 et
415 2612 539 2686 abusus,
554 2627 630 2689 quos
647 2609 811 2672 infeliciter
824 2609 1036 2686 percrebuisse

288 2705 495 2782 perrlolcmus,
507 2703 770 2778 conveherentur,
785 2709 816 2764 et
830 2709 925 2764 statae
945 2718 1036 2780 quae·

286 2800 358 2860 dam
386 2799 468 2873 leges
496 2797 750 2872 conditionesque
780 2795 1034 2873 praefinirentuv,

288 2893 400 2970 quihus
420 2897 452 2952 et
480 2903 683 2967 personarum
711 2887 847 2951 delectus
874 2889 1034 2970 habeatur,

288 2997 318 3047 et
335 2981 657 3061 ususprivilegiorom
672 2981 782 3044 debitis
798 2981 950 3044 limitibus
964 2997 1035 3044 oon·

289 3078 434 3152 lineatur,
456 3093 489 3138 ac
511 3091 552 3136 nc
574 3075 635 3136 ulla
660 3076 866 3152 imposterum
884 3076 1036 3138 honestis-

287 3170 366 3231 simo
394 3169 678 3248 protonotariorum
698 3169 780 3230 cetui
809 3168 891 3230 labes
917 3170 1034 3248 insper-

288 3273 379 3340 gatur
391 3262 506 3325 salubri
521 3261 649 3325 consilio
663 3261 873 3339 prospiciatur.
885 3261 1035 3324 Universa

288 3358 392 3437 itaque
413 3357 458 3418 rei
479 3356 599 3418 ratione
622 3355 653 3416 in
675 3371 809 3418 examen
825 3356 965 3430 deducta,
981 3372 1035 3418 oo-

287 3451 358 3511 stris
378 3450 463 3511 hisce
484 3448 564 3509 votis
579 3447 709 3509 mirifice
723 3449 829 3510 eadem
845 3448 1035 3526 particularis

289 3543 487 3619 congregatio
507 3541 736 3616 obsecundavit,
754 3540 883 3620 dataque
904 3541 963 3603 sibi
983 3559 1035 3605 au·

288 3636 429 3699 ctoritate
465 3643 558 3697 utens
593 3641 767 3711 opportune
800 3642 868 3712 post
903 3633 1034 3696 multam

288 3742 510 3806 operosamque
530 3726 787 3788 consultationem
812 3727 885 3788 tulit
906 3729 1035 3790 demum

288 3839 321 3883 ac
341 3813 478 3884 sancivit
493 3819 624 3895 decreta,
647 3835 725 3898 qnae
745 3826 931 3898 sequuntur,
952 3821 1035 3883 vide-

288 3916 375 3980 licet:

555 4102 769 4168 nocturnal

369 4307 409 4354 ott
430 4306 623 4353 Pntvttttotts
646 4307 956 4355 Pnovonovxtttontttt

382 4401 581 4448 rtvdnutstott
603 4402 659 4448 stttt
681 4403 942 4450 denonantonttn.

327 4575 517 4652 Quamquam
539 4573 626 4652 plura
647 4573 686 4635 de
706 4574 936 4653 promontoriis,
958 4591 1035 4653 quos

102 4673 107 4684 ·
182 4739 186 4748 ι
290 4665 429 4727 titulares
450 4680 506 4728 sen
520 4665 701 4728 honorarios
716 4665 835 4744 dieunt,
850 4683 866 4728 a
881 4664 971 4729 Sacra
985 4667 1036 4728 lli·

288 4763 379 4819 tuum
410 4757 660 4834 congregatione
690 4757 812 4820 decreta
841 4761 921 4823 edita
950 4760 1032 4832 sint,

287 4856 379 4927 prout
399 4849 508 4912 videre
528 4857 573 4912 est
594 4851 627 4912 in
642 4851 823 4930 nuperrima
838 4853 1034 4916 decretorum

287 4943 426 5005 eiusdem
462 4945 664 5020 collectione3
705 4945 894 5022 experientia
929 4951 1033 5009 tamen

287 5042 482 5113 compertum
503 5043 560 5112 est,
584 5037 759 5116 complores
780 5039 892 5100 abusus
914 5055 1034 5118 percre-

288 5129 390 5191 buisse
417 5129 543 5192 illorum
571 5130 669 5208 culpa,
692 5131 744 5208 qui
773 5131 878 5206 nullis,
906 5131 978 5194 licet
1000 5139 1035 5195 ut

287 5220 459 5300 plurimum
488 5222 669 5284 nominihus
696 5225 916 5298 commendati,
941 5225 1034 5287 talem

288 5317 440 5377 bonorem
461 5317 629 5395 assequuti,
652 5316 703 5378 vel
724 5317 790 5379 iura
805 5317 861 5378 sihi
877 5317 1034 5381 vindicare

286 5409 411 5483 audent,
434 5409 546 5487 quibus
568 5415 673 5472 carent
695 5411 835 5487 omnino,
853 5411 902 5472 vel
918 5412 1034 5475 delatae

286 5502 444 5579 dignitatis
463 5503 600 5587 insignia
626 5504 771 5567 indecore
795 5505 961 5568 admodum
983 5508 1033 5569 ad-

286 5595 414 5671 hibent,
449 5605 484 5659 ut
515 5587 633 5660 nedum
664 5599 802 5676 ipsorum
836 5597 1034 5675 splendorem

287 5691 368 5752 haud
389 5688 524 5752 reierant
545 5706 601 5768 pro
622 5691 783 5767 dignitate,
798 5691 850 5753 sed
867 5691 966 5754 labem
981 5707 1032 5770 po-

287 5782 348 5844 tius
368 5781 475 5846 Ordini
496 5785 717 5859 spectatissimo
739 5783 869 5862 pariant.

327 5876 407 5939 Cum
429 5876 532 5955 itaque
552 5878 676 5940 crebrae
696 5877 734 5939 de
755 5879 793 5940 iis
815 5879 1033 5959 expostulatio

286 5985 342 6061 pes
368 5969 404 6034 ad
431 5971 663 6034 sanctissimum
693 5972 857 6036 domiuum
887 5980 1032 6038 nostrum

1091 735 1181 798 Pium
1210 735 1277 798 Vll·
1304 731 1467 798 humiliter
1496 733 1587 795 etiam
1616 732 1745 796 nomine
1770 731 1838 810 pln-

1092 831 1175 891 rium
1197 830 1420 908 Episcoporum
1441 829 1504 890 sint
1521 826 1666 906 perlatae,
1689 824 1838 887 Sanctitas
1871 827 1874 838 '

1091 924 1152 986 Sua
1174 939 1240 985 rem
1264 923 1440 984 universam
1462 921 1686 983 discutiendam
1708 921 1839 982 commi·

1090 1017 1129 1076 sit
1160 1016 1393 1092 congregationi
1423 1014 1600 1091 particulari
1630 1014 1838 1076 eminentissi-

1091 1125 1217 1170 morum
1239 1116 1269 1169 et
1291 1109 1623 1171 reverendissimorum
1639 1107 1838 1170 dominorum

1092 1201 1301 1266 Cardinalium
1313 1203 1350 1264 de
1362 1201 1493 1265 Somalia
1506 1201 1748 1264 Sacraellituum
1759 1201 1839 1263 Con·

1091 1295 1277 1372 gregationis
1304 1294 1465 1372 praelecti,
1495 1294 1576 1355 Lista
1602 1303 1632 1356 et
1653 1293 1780 1355 Antonii
1802 1294 1839 1355 ab

1090 1389 1195 1463 Auria,
1207 1388 1261 1466 qui
1276 1403 1338 1449 una
1352 1403 1424 1449 cum
1438 1388 1576 1450 eiusdem
1589 1386 1697 1450 Sacrae
1708 1386 1838 1448 llitnum

1091 1481 1346 1558 Congregationis
1367 1496 1529 1554 assessore,
1553 1488 1584 1541 et
1605 1479 1702 1542 altero
1716 1497 1754 1542 ex
1769 1496 1838 1558 apo·

1089 1574 1268 1636 stolicarum
1292 1573 1560 1636 coeremoniarum
1582 1574 1751 1649 magistris,
1776 1589 1839 1636 me·

1090 1683 1151 1744 que
1171 1666 1365 1744 infrascripto
1386 1667 1563 1742 secretario,
1585 1667 1732 1728 omnibus
1753 1682 1838 1743 prae-

1090 1760 1146 1822 diti
1167 1758 1362 1822 facultatibus
1393 1759 1571 1821 necessariis
1592 1767 1622 1821 et
1641 1762 1837 1838 opportunis,

1090 1852 1226 1915 remedia
1247 1859 1467 1931 proponerent,
1484 1867 1562 1930 qnae
1579 1853 1725 1929 expedire
1739 1853 1837 1929 magis

1090 1935 1283 2019 viderentur,
1303 1951 1335 2006 et
1355 1955 1455 2006 certas
1470 1945 1672 2023 praefinirent
1686 1947 1836 2008 conditio-

1090 2055 1146 2100 nes
1166 2047 1197 2100 et
1218 2038 1313 2114 leges,
1329 2038 1443 2118 quibus
1461 2038 1644 2101 eorumdem
1659 2039 1838 2117 privilegio-

1092 2148 1163 2193 rum
1185 2133 1295 2194 modus
1316 2139 1347 2192 et
1369 2148 1442 2192 usus
1463 2132 1688 2194 contineretur.

1129 2227 1228 2300 Quare
1250 2224 1354 2286 habito
1370 2225 1406 2286 ad
1422 2224 1653 2304 infrascriptum
1669 2227 1752 2288 diem
1767 2242 1838 2290 con·
1884 2243 2023 2304 oneratum,
2035 2243 2070 2287 vo-

1091 2325 1185 2379 ventu
1207 2319 1240 2379 in
1261 2317 1386 2380 aedibus
1408 2321 1572 2380 memorati
1594 2319 1836 2382 eminentissimi
1857 2295 2070 2405 ἓξῗξςξῗᾞᾞὲ

1090 2418 1121 2472 et
1142 2411 1392 2473 reverendissimi
1412 2409 1532 2473 domini
1548 2413 1716 2476 cardinatis
1731 2414 1768 2476 de
1783 2413 1838 2476 So·
1858 2402 1950 2484 ΨΜ·

1091 2503 1180 2566 malia
1202 2503 1358 2583 praelecti,
1377 2505 1585 2582 omnibusque
1606 2507 1686 2568 serio
1707 2508 1840 2584 diligen-

1093 2607 1201 2675 terque
1221 2597 1392 2676 perpensis,
1409 2597 1438 2658 id
1455 2597 1488 2658 ln
1503 2599 1612 2677 primis
1626 2601 1751 2662 comuni
1768 2616 1838 2662 sen·
1855 2679 1857 2684 Ι

1092 2691 1187 2752 tentia
1218 2691 1323 2753 visum
1352 2698 1398 2751 est
1429 2692 1607 2766 decernere,
1630 2699 1664 2753 nt
1687 2693 1838 2759 nimirum

1092 2798 1292 2860 personarum
1309 2783 1446 2846 delectus
1462 2784 1629 2846 haberetur
1644 2785 1676 2848 in
1693 2795 1838 2863 protono·

1092 2877 1219 2939 tariatus
1240 2876 1357 2938 honore
1380 2875 1558 2952 deferendo,
1575 2884 1609 2940 ut
1631 2880 1767 2954 nonnisi,
1785 2882 1838 2959 qui

1091 2970 1162 3046 rite,
1185 2972 1315 3032 honeste
1341 2986 1375 3031 ac
1396 2986 1451 3048 pro
1479 2971 1630 3047 dignitate
1655 2971 1684 3034 id
1712 2973 1839 3057 honoris

1089 3065 1245 3126 sustinere
1265 3062 1399 3138 valeant,
1423 3065 1531 3126 eodem
1554 3073 1716 3126 ornentur.

1130 3156 1330 3219 Proierantur
1362 3157 1473 3220 idcirco
1506 3158 1694 3235 testimonia,
1727 3160 1838 3237 quihus

1089 3256 1209 3312 constet
1230 3249 1377 3312 indubie:

1130 3361 1152 3404 ι.
1175 3343 1218 3404 lle
1239 3343 1334 3406 nobili
1355 3342 1406 3403 vel
1427 3343 1554 3406 honesta
1576 3345 1710 3408 lamiliae
1737 3347 1840 3410 condi·

1091 3438 1186 3499 tione.

1130 3548 1164 3594 u.
1188 3532 1231 3593 De
1258 3536 1356 3593 aetate
1386 3530 1496 3593 saltem
1527 3549 1683 3595 annorum
1712 3533 1841 3611 viginti·

1090 3625 1240 3704 quinque.

1131 3734 1179 3779 111.
1203 3717 1247 3778 De
1267 3726 1349 3781 statu
1370 3718 1504 3781 clericali
1525 3726 1555 3782 et
1576 3720 1696 3783 caelibi.

1131 3829 1173 3873 ιι.
1194 3813 1238 3873 lle
1253 3811 1355 3874 laurea
1371 3813 1545 3875 doctoratus
1560 3812 1591 3874 in
1610 3823 1742 3894 utroque
1758 3817 1836 3893 iure,

1091 3904 1142 3967 vel
1164 3906 1196 3967 in
1217 3917 1301 3968 sacra
1322 3906 1512 3983 theologiae
1535 3907 1659 3984 probata
1686 3910 1841 3972 universi-

1093 4004 1153 4062 tate
1175 3999 1226 4061 vcl
1247 4015 1263 4059 a
1283 3999 1413 4076 collegio
1435 4000 1719 4079 protonotariorum
1747 4005 1841 4082 parti-

1090 4093 1261 4172 cipantium
1282 4093 1342 4153 rite
1361 4093 1487 4156 tributa.

1132 4201 1160 4244 v.
1185 4185 1228 4247 De
1249 4201 1375 4248 morum
1396 4187 1557 4250 honestate
1578 4200 1609 4252 et
1627 4190 1790 4267 gravitate,
1806 4209 1840 4254 ac

1091 4282 1130 4342 de
1150 4279 1230 4340 bona
1251 4281 1331 4356 apud
1352 4295 1460 4341 omnes
1478 4283 1715 4346 existimatione.

1131 4388 1174 4434 ιι.
1196 4373 1238 4434 Do
1253 4387 1357 4434 annuo
1372 4387 1466 4434 censu
1480 4383 1639 4438 scutorum
1656 4378 1765 4440 saltem
1780 4379 1840 4441 bis-

1091 4475 1231 4541 centum,
1255 4465 1304 4526 vel
1325 4480 1365 4527 ex
1391 4467 1569 4543 patrimonii
1599 4471 1698 4548 bonis,
1728 4473 1780 4535 vel
1801 4489 1839 4534 ex

1091 4559 1248 4637 perpetuis
1269 4559 1480 4637 pensionibus,
1497 4562 1547 4623 vel
1568 4577 1607 4624 ex
1628 4565 1840 4629 ecclesiasticis

1090 4653 1257 4718 benediciis.

1132 4748 1178 4811 Sit
1192 4755 1348 4827 praetereo
1363 4750 1469 4828 petitio
1487 4752 1665 4814 testimonio
1680 4771 1840 4818 commen-

1090 4845 1158 4907 data
1179 4843 1343 4919 Ordiuarii,
1366 4846 1419 4922 qui
1445 4851 1476 4907 et
1497 4848 1535 4908 de
1563 4849 1656 4910 rebus
1677 4849 1727 4913 hic
1747 4853 1839 4914 adno-

1092 4941 1160 5003 tatis
1182 4941 1221 5002 ob
1239 4939 1298 5000 sibi
1320 4941 1429 5003 tradita
1451 4939 1636 5003 documenta
1658 4943 1792 5020 edoceat,
1809 4953 1840 5010 et

1090 5051 1254 5115 personam
1266 5036 1407 5098 idoneam
1421 5053 1454 5099 se
1469 5053 1597 5100 censere
1610 5048 1750 5119 testetur,
1762 5059 1841 5122 quae

1090 5131 1228 5192 ollloium
1254 5133 1453 5209 protonotarii
1482 5133 1615 5196 titularis
1641 5145 1838 5216 assequatur,

1090 5223 1230 5303 illudque
1250 5240 1324 5286 cuna
1344 5224 1453 5288 decore
1473 5227 1655 5289 substineat.

1129 5322 1211 5394 Quae
1232 5318 1358 5398 quidem
1373 5320 1477 5382 omnia
1493 5321 1670 5386 luculenter
1685 5323 1839 5402 probanda

1090 5429 1156 5476 esse
1176 5422 1303 5476 cautum
1325 5420 1385 5485 est3
1402 5413 1522 5492 quoties
1538 5417 1575 5477 de
1590 5416 1755 5478 honorario
1769 5431 1838 5493 pro·

1088 5506 1276 5568 touotariatu
1298 5506 1486 5584 assequendo
1507 5507 1672 5584 postulatio
1698 5511 1838 5588 praebea-

1090 5609 1152 5675 tur,
1175 5600 1241 5661 sive
1263 5615 1318 5679 per
1338 5599 1516 5678 apostolicas
1544 5600 1672 5675 litteras,
1696 5601 1762 5664 sive
1783 5619 1840 5682 per

1089 5693 1235 5773 diploma,
1258 5696 1339 5772 qood
1360 5711 1376 5754 a
1397 5694 1527 5772 collegio
1550 5699 1838 5774 protonotariorum

1089 5787 1341 5865 participantium
1373 5787 1543 5864 tribuatur,
1576 5805 1632 5851 sen
1663 5807 1679 5850 o
1710 5793 1840 5854 caeteris

1088 5879 1288 5958 quibuslibet,
1311 5881 1365 5959 qui
1388 5882 1456 5943 iure
1477 5883 1612 5959 gaudent
1631 5882 1722 5946 illum
1737 5883 1839 5950 conlo-

1088 5974 1188 6036 rendi.
