<?xml version="1.0" encoding="UTF-8"?>
<!DOCTYPE html PUBLIC "-//W3C//DTD XHTML 1.0 Transitional//EN"
    "http://www.w3.org/TR/xhtml1/DTD/xhtml1-transitional.dtd">
<html xmlns="http://www.w3.org/1999/xhtml" xml:lang="en" lang="en">
 <head>
  <title>
</title>
<meta http-equiv="Content-Type" content="text/html;charset=utf-8" />
  <meta name='ocr-system' content='tesseract 3.04.00' />
  <meta name='ocr-capabilities' content='ocr_page ocr_carea ocr_par ocr_line ocrx_word'/>
</head>
<body>
  <div class='ocr_page' id='page_1' title='image "./iurispontificii00martgoog_0486.png"; bbox 0 0 4750 6980; ppageno 0'>
   <div class='ocr_carea' id='block_1_1' title="bbox 68 517 229 620">
    <p class='ocr_par' dir='ltr' id='par_1_1' title="bbox 68 517 229 620">
     <span class='ocr_line' id='line_1_1' title="bbox 68 517 229 620; baseline -0.037 -4"><span class='ocrx_word' id='word_1_1' title='bbox 68 565 108 620; x_wconf 80' lang='grc' dir='ltr'>Διι.</span> <span class='ocrx_word' id='word_1_2' title='bbox 120 561 145 614; x_wconf 83' lang='lat'><strong>0.</strong></span> <span class='ocrx_word' id='word_1_3' title='bbox 165 517 229 610; x_wconf 76' lang='lat' dir='ltr'><strong>lena</strong></span> 
     </span>
    </p>
   </div>
   <div class='ocr_carea' id='block_1_2' title="bbox 60 704 240 864">
    <p class='ocr_par' dir='ltr' id='par_1_2' title="bbox 60 704 240 864">
     <span class='ocr_line' id='line_1_2' title="bbox 84 704 240 754; baseline -0.026 0"><span class='ocrx_word' id='word_1_4' title='bbox 84 713 149 754; x_wconf 76' lang='lat' dir='ltr'><strong>tenor</strong></span> <span class='ocrx_word' id='word_1_5' title='bbox 162 704 240 750; x_wconf 85' lang='lat' dir='ltr'><strong>dacre-</strong></span> 
     </span>
     <span class='ocr_line' id='line_1_3' title="bbox 60 758 240 864; baseline -0.022 -56"><span class='ocrx_word' id='word_1_6' title='bbox 60 770 95 864; x_wconf 44' lang='lat' dir='ltr'><strong>tutiaa</strong></span> <span class='ocrx_word' id='word_1_7' title='bbox 101 758 240 816; x_wconf 82' lang='lat' dir='ltr'><strong>suppressio·</strong></span> 
     </span>
    </p>
   </div>
   <div class='ocr_carea' id='block_1_3' title="bbox 22 4223 241 4342">
    <p class='ocr_par' dir='ltr' id='par_1_3' title="bbox 22 4223 241 4342">
     <span class='ocr_line' id='line_1_4' title="bbox 22 4223 241 4271; baseline 0 -1"><span class='ocrx_word' id='word_1_8' title='bbox 22 4251 23 4256; x_wconf 62' lang='lat'><em>=</em></span> <span class='ocrx_word' id='word_1_9' title='bbox 79 4223 183 4271; x_wconf 87' lang='lat' dir='ltr'><strong>subiectio</strong></span> <span class='ocrx_word' id='word_1_10' title='bbox 201 4224 241 4270; x_wconf 85' lang='lat' dir='ltr'><strong>ho·</strong></span> 
     </span>
     <span class='ocr_line' id='line_1_5' title="bbox 63 4279 241 4342; baseline -0.006 -18"><span class='ocrx_word' id='word_1_11' title='bbox 63 4279 168 4342; x_wconf 81' lang='lat' dir='ltr'><strong>spittlium</strong></span> <span class='ocrx_word' id='word_1_12' title='bbox 199 4279 241 4324; x_wconf 92' lang='lat' dir='ltr'><strong>in-</strong></span> 
     </span>
    </p>
   </div>
   <div class='ocr_carea' id='block_1_4' title="bbox 933 573 1154 622">
    <p class='ocr_par' dir='ltr' id='par_1_4' title="bbox 933 573 1154 622">
     <span class='ocr_line' id='line_1_6' title="bbox 933 573 1154 622; baseline 0 -5"><span class='ocrx_word' id='word_1_13' title='bbox 933 573 1001 622; x_wconf 72' lang='lat' dir='ltr'><strong>t‘lt&#39;s</strong></span> <span class='ocrx_word' id='word_1_14' title='bbox 1024 573 1073 618; x_wconf 81' lang='lat' dir='ltr'><strong>PP.</strong></span> <span class='ocrx_word' id='word_1_15' title='bbox 1099 574 1154 618; x_wconf 79' lang='lat' dir='ltr'><strong>vlt.</strong></span> 
     </span>
    </p>
   </div>
   <div class='ocr_carea' id='block_1_5' title="bbox 256 689 1009 4304">
    <p class='ocr_par' dir='ltr' id='par_1_5' title="bbox 256 689 1009 4190">
     <span class='ocr_line' id='line_1_7' title="bbox 297 689 1009 770; baseline -0.003 -18"><span class='ocrx_word' id='word_1_16' title='bbox 297 691 317 766; x_wconf 70' lang='grc'>5</span> <span class='ocrx_word' id='word_1_17' title='bbox 337 691 366 752; x_wconf 87' lang='grc'><strong>3.</strong></span> <span class='ocrx_word' id='word_1_18' title='bbox 392 689 453 759; x_wconf 90' lang='lat' dir='ltr'><strong>Nos</strong></span> <span class='ocrx_word' id='word_1_19' title='bbox 474 691 571 768; x_wconf 90' lang='lat' dir='ltr'><strong>igitur</strong></span> <span class='ocrx_word' id='word_1_20' title='bbox 600 692 671 769; x_wconf 38' lang='lat' dir='ltr'><strong>piis,</strong></span> <span class='ocrx_word' id='word_1_21' title='bbox 685 691 901 770; x_wconf 78' lang='lat' dir='ltr'><strong>religiosisque</strong></span> <span class='ocrx_word' id='word_1_22' title='bbox 929 692 1009 751; x_wconf 91' lang='lat' dir='ltr'><strong>eius·</strong></span> 
     </span>
     <span class='ocr_line' id='line_1_8' title="bbox 257 783 1008 862; baseline 0.003 -20"><span class='ocrx_word' id='word_1_23' title='bbox 257 783 327 844; x_wconf 88' lang='lat' dir='ltr'><strong>dem</strong></span> <span class='ocrx_word' id='word_1_24' title='bbox 350 783 449 846; x_wconf 83' lang='lat' dir='ltr'><strong>Caroli</strong></span> <span class='ocrx_word' id='word_1_25' title='bbox 470 785 553 860; x_wconf 83' lang='lat' dir='ltr'><strong>regis</strong></span> <span class='ocrx_word' id='word_1_26' title='bbox 574 785 666 858; x_wconf 91' lang='lat' dir='ltr'><strong>votis,</strong></span> <span class='ocrx_word' id='word_1_27' title='bbox 689 791 841 862; x_wconf 91' lang='lat' dir='ltr'><strong>quantum</strong></span> <span class='ocrx_word' id='word_1_28' title='bbox 864 801 934 846; x_wconf 89' lang='lat' dir='ltr'><strong>cum</strong></span> <span class='ocrx_word' id='word_1_29' title='bbox 951 785 1008 845; x_wconf 86' lang='lat' dir='ltr'><strong>Do-</strong></span> 
     </span>
     <span class='ocr_line' id='line_1_9' title="bbox 257 876 1008 953; baseline 0.001 -16"><span class='ocrx_word' id='word_1_30' title='bbox 257 876 344 937; x_wconf 90' lang='lat' dir='ltr'><strong>mino</strong></span> <span class='ocrx_word' id='word_1_31' title='bbox 365 891 540 953; x_wconf 89' lang='lat' dir='ltr'><strong>possumus,</strong></span> <span class='ocrx_word' id='word_1_32' title='bbox 562 891 619 953; x_wconf 91' lang='lat' dir='ltr'><strong>pro</strong></span> <span class='ocrx_word' id='word_1_33' title='bbox 641 881 745 940; x_wconf 88' lang='lat' dir='ltr'><strong>nostra</strong></span> <span class='ocrx_word' id='word_1_34' title='bbox 767 877 799 940; x_wconf 93' lang='lat' dir='ltr'><strong>in</strong></span> <span class='ocrx_word' id='word_1_35' title='bbox 821 893 895 939; x_wconf 89' lang='lat' dir='ltr'><strong>eum</strong></span> <span class='ocrx_word' id='word_1_36' title='bbox 915 878 1008 938; x_wconf 92' lang='lat' dir='ltr'><strong>bene-</strong></span> 
     </span>
     <span class='ocr_line' id='line_1_10' title="bbox 258 967 1006 1043; baseline 0.003 -16"><span class='ocrx_word' id='word_1_37' title='bbox 258 967 393 1029; x_wconf 81' lang='lat' dir='ltr'><strong>volentia</strong></span> <span class='ocrx_word' id='word_1_38' title='bbox 414 983 554 1032; x_wconf 82' lang='lat' dir='ltr'>annuere</span> <span class='ocrx_word' id='word_1_39' title='bbox 584 969 736 1043; x_wconf 88' lang='lat' dir='ltr'><strong>volentes,</strong></span> <span class='ocrx_word' id='word_1_40' title='bbox 760 970 836 1031; x_wconf 93' lang='lat' dir='ltr'><strong>illud</strong></span> <span class='ocrx_word' id='word_1_41' title='bbox 859 969 952 1030; x_wconf 91' lang='lat' dir='ltr'><strong>etiarn</strong></span> <span class='ocrx_word' id='word_1_42' title='bbox 975 969 1006 1029; x_wconf 91' lang='lat' dir='ltr'><strong>iu</strong></span> 
     </span>
     <span class='ocr_line' id='line_1_11' title="bbox 256 1055 1008 1140; baseline 0.003 -17"><span class='ocrx_word' id='word_1_43' title='bbox 256 1061 361 1123; x_wconf 89' lang='lat' dir='ltr'><strong>animo</strong></span> <span class='ocrx_word' id='word_1_44' title='bbox 375 1061 617 1136; x_wconf 77' lang='lat' dir='ltr'><strong>considerantes,</strong></span> <span class='ocrx_word' id='word_1_45' title='bbox 633 1065 908 1139; x_wconf 76' lang='lat' dir='ltr'><strong>congregationem</strong></span> <span class='ocrx_word' id='word_1_46' title='bbox 923 1055 1008 1140; x_wconf 92' lang='lat' dir='ltr'><strong>prae·</strong></span> 
     </span>
     <span class='ocr_line' id='line_1_12' title="bbox 257 1152 1007 1218; baseline 0.001 -1"><span class='ocrx_word' id='word_1_47' title='bbox 257 1155 369 1217; x_wconf 89' lang='lat' dir='ltr'><strong>dictam</strong></span> <span class='ocrx_word' id='word_1_48' title='bbox 397 1152 499 1218; x_wconf 89' lang='lat' dir='ltr'><strong>Sancti</strong></span> <span class='ocrx_word' id='word_1_49' title='bbox 531 1155 653 1218; x_wconf 91' lang='lat' dir='ltr'><strong>loannis</strong></span> <span class='ocrx_word' id='word_1_50' title='bbox 681 1157 724 1218; x_wconf 86' lang='lat' dir='ltr'><strong>lle</strong></span> <span class='ocrx_word' id='word_1_51' title='bbox 751 1158 813 1218; x_wconf 86' lang='lat' dir='ltr'><strong>Deo</strong></span> <span class='ocrx_word' id='word_1_52' title='bbox 844 1157 1007 1218; x_wconf 85' lang='lat' dir='ltr'><strong>conflatam</strong></span> 
     </span>
     <span class='ocr_line' id='line_1_13' title="bbox 257 1248 1007 1326; baseline -0.003 -18"><span class='ocrx_word' id='word_1_53' title='bbox 257 1264 323 1308; x_wconf 88' lang='lat' dir='ltr'><strong>esse</strong></span> <span class='ocrx_word' id='word_1_54' title='bbox 344 1248 495 1324; x_wconf 82' lang='lat' dir='ltr'><strong>religiosis</strong></span> <span class='ocrx_word' id='word_1_55' title='bbox 516 1249 592 1310; x_wconf 92' lang='lat' dir='ltr'><strong>viris</strong></span> <span class='ocrx_word' id='word_1_56' title='bbox 610 1250 744 1311; x_wconf 89' lang='lat' dir='ltr'><strong>maxima</strong></span> <span class='ocrx_word' id='word_1_57' title='bbox 759 1261 897 1326; x_wconf 88' lang='lat' dir='ltr'><strong>exparte</strong></span> <span class='ocrx_word' id='word_1_58' title='bbox 912 1249 1007 1323; x_wconf 83' lang='lat' dir='ltr'><strong>laicis,</strong></span> 
     </span>
     <span class='ocr_line' id='line_1_14' title="bbox 257 1341 1008 1420; baseline 0 -18"><span class='ocrx_word' id='word_1_59' title='bbox 257 1341 310 1418; x_wconf 92' lang='lat' dir='ltr'><strong>qui</strong></span> <span class='ocrx_word' id='word_1_60' title='bbox 329 1341 463 1403; x_wconf 86' lang='lat' dir='ltr'><strong>solemni</strong></span> <span class='ocrx_word' id='word_1_61' title='bbox 484 1351 556 1402; x_wconf 91' lang='lat' dir='ltr'><strong>voto</strong></span> <span class='ocrx_word' id='word_1_62' title='bbox 572 1341 755 1420; x_wconf 89' lang='lat' dir='ltr'><strong>pauperibus</strong></span> <span class='ocrx_word' id='word_1_63' title='bbox 771 1341 905 1404; x_wconf 83' lang='lat' dir='ltr'><strong>infirmis</strong></span> <span class='ocrx_word' id='word_1_64' title='bbox 920 1343 1008 1404; x_wconf 88' lang='lat' dir='ltr'><strong>omni</strong></span> 
     </span>
     <span class='ocr_line' id='line_1_15' title="bbox 258 1434 1006 1512; baseline 0.005 -20"><span class='ocrx_word' id='word_1_65' title='bbox 258 1449 315 1512; x_wconf 94' lang='lat' dir='ltr'><strong>ope</strong></span> <span class='ocrx_word' id='word_1_66' title='bbox 336 1434 478 1496; x_wconf 89' lang='lat' dir='ltr'><strong>iuvandis</strong></span> <span class='ocrx_word' id='word_1_67' title='bbox 499 1451 586 1496; x_wconf 92' lang='lat' dir='ltr'><strong>sese</strong></span> <span class='ocrx_word' id='word_1_68' title='bbox 607 1435 724 1510; x_wconf 79' lang='lat' dir='ltr'><strong>‹licanl3</strong></span> <span class='ocrx_word' id='word_1_69' title='bbox 755 1443 840 1496; x_wconf 93' lang='lat' dir='ltr'><strong>motu</strong></span> <span class='ocrx_word' id='word_1_70' title='bbox 869 1434 1006 1512; x_wconf 91' lang='lat' dir='ltr'><strong>proprio,</strong></span> 
     </span>
     <span class='ocr_line' id='line_1_16' title="bbox 257 1527 1008 1590; baseline 0.008 -6"><span class='ocrx_word' id='word_1_71' title='bbox 257 1541 291 1587; x_wconf 88' lang='grc' dir='ltr'><strong>ιι</strong></span> <span class='ocrx_word' id='word_1_72' title='bbox 311 1535 394 1588; x_wconf 87' lang='lat' dir='ltr'><strong>certa</strong></span> <span class='ocrx_word' id='word_1_73' title='bbox 422 1527 549 1588; x_wconf 89' lang='lat' dir='ltr'><strong>scientia</strong></span> <span class='ocrx_word' id='word_1_74' title='bbox 576 1535 607 1588; x_wconf 92' lang='lat' dir='ltr'><strong>et</strong></span> <span class='ocrx_word' id='word_1_75' title='bbox 637 1537 757 1588; x_wconf 89' lang='lat' dir='ltr'><strong>matura</strong></span> <span class='ocrx_word' id='word_1_76' title='bbox 787 1527 1008 1590; x_wconf 84' lang='lat' dir='ltr'><strong>deliberatione</strong></span> 
     </span>
     <span class='ocr_line' id='line_1_17' title="bbox 259 1618 1008 1699; baseline 0.004 -20"><span class='ocrx_word' id='word_1_77' title='bbox 259 1618 383 1694; x_wconf 91' lang='lat' dir='ltr'><strong>nostris,</strong></span> <span class='ocrx_word' id='word_1_78' title='bbox 406 1621 507 1697; x_wconf 90' lang='lat' dir='ltr'><strong>deque</strong></span> <span class='ocrx_word' id='word_1_79' title='bbox 527 1619 709 1696; x_wconf 89' lang='lat' dir='ltr'><strong>apostolicae</strong></span> <span class='ocrx_word' id='word_1_80' title='bbox 731 1621 887 1698; x_wconf 88' lang='lat' dir='ltr'><strong>potestatis</strong></span> <span class='ocrx_word' id='word_1_81' title='bbox 908 1621 1008 1699; x_wconf 92' lang='lat' dir='ltr'><strong>pleni·</strong></span> 
     </span>
     <span class='ocr_line' id='line_1_18' title="bbox 259 1709 1007 1792; baseline 0.008 -22"><span class='ocrx_word' id='word_1_82' title='bbox 259 1709 379 1786; x_wconf 91' lang='lat' dir='ltr'><strong>tudine,</strong></span> <span class='ocrx_word' id='word_1_83' title='bbox 408 1711 670 1790; x_wconf 87' lang='lat' dir='ltr'><strong>quemadmodum</strong></span> <span class='ocrx_word' id='word_1_84' title='bbox 691 1729 708 1773; x_wconf 93' lang='lat' dir='ltr'><strong>a</strong></span> <span class='ocrx_word' id='word_1_85' title='bbox 729 1713 862 1790; x_wconf 90' lang='lat' dir='ltr'><strong>praefata</strong></span> <span class='ocrx_word' id='word_1_86' title='bbox 889 1717 1007 1792; x_wconf 81' lang='lat' dir='ltr'><strong>synodo</strong></span> 
     </span>
     <span class='ocr_line' id='line_1_19' title="bbox 257 1802 1008 1883; baseline 0.008 -19"><span class='ocrx_word' id='word_1_87' title='bbox 257 1802 413 1866; x_wconf 87' lang='lat' dir='ltr'><strong>llexicana</strong></span> <span class='ocrx_word' id='word_1_88' title='bbox 434 1803 628 1883; x_wconf 90' lang='lat' dir='ltr'><strong>propositum</strong></span> <span class='ocrx_word' id='word_1_89' title='bbox 651 1805 764 1881; x_wconf 85' lang='lat' dir='ltr'><strong>fuerat,</strong></span> <span class='ocrx_word' id='word_1_90' title='bbox 786 1809 1008 1870; x_wconf 89' lang='lat' dir='ltr'><strong>commissaria-</strong></span> 
     </span>
     <span class='ocr_line' id='line_1_20' title="bbox 259 1897 1007 1976; baseline 0.009 -19"><span class='ocrx_word' id='word_1_91' title='bbox 259 1905 348 1960; x_wconf 90' lang='lat' dir='ltr'><strong>tuum</strong></span> <span class='ocrx_word' id='word_1_92' title='bbox 363 1897 543 1961; x_wconf 91' lang='lat' dir='ltr'><strong>huiusmodi</strong></span> <span class='ocrx_word' id='word_1_93' title='bbox 557 1899 653 1962; x_wconf 88' lang='lat' dir='ltr'><strong>officia</strong></span> <span class='ocrx_word' id='word_1_94' title='bbox 668 1917 724 1962; x_wconf 91' lang='lat' dir='ltr'><strong>seu</strong></span> <span class='ocrx_word' id='word_1_95' title='bbox 745 1899 857 1976; x_wconf 90' lang='lat' dir='ltr'><strong>gradus</strong></span> <span class='ocrx_word' id='word_1_96' title='bbox 872 1901 903 1964; x_wconf 94' lang='lat' dir='ltr'><strong>in</strong></span> <span class='ocrx_word' id='word_1_97' title='bbox 919 1902 1007 1964; x_wconf 91' lang='lat' dir='ltr'><strong>dictis</strong></span> 
     </span>
     <span class='ocr_line' id='line_1_21' title="bbox 258 1991 1005 2071; baseline 0.005 -19"><span class='ocrx_word' id='word_1_98' title='bbox 258 1991 436 2070; x_wconf 90' lang='lat' dir='ltr'><strong>provinciis,</strong></span> <span class='ocrx_word' id='word_1_99' title='bbox 458 2001 489 2053; x_wconf 90' lang='grc' dir='ltr'><strong>ιι</strong></span> <span class='ocrx_word' id='word_1_100' title='bbox 510 1991 577 2053; x_wconf 91' lang='lat' dir='ltr'><strong>aliis</strong></span> <span class='ocrx_word' id='word_1_101' title='bbox 599 1991 693 2068; x_wconf 89' lang='lat' dir='ltr'><strong>ipsius</strong></span> <span class='ocrx_word' id='word_1_102' title='bbox 715 1994 817 2055; x_wconf 88' lang='lat' dir='ltr'><strong>Caroli</strong></span> <span class='ocrx_word' id='word_1_103' title='bbox 838 1995 931 2071; x_wconf 90' lang='lat' dir='ltr'><strong>regiis</strong></span> <span class='ocrx_word' id='word_1_104' title='bbox 953 1995 1005 2056; x_wconf 91' lang='lat' dir='ltr'><strong>do·</strong></span> 
     </span>
     <span class='ocr_line' id='line_1_22' title="bbox 259 2083 1005 2164; baseline 0.004 -18"><span class='ocrx_word' id='word_1_105' title='bbox 259 2083 375 2158; x_wconf 91' lang='lat' dir='ltr'><strong>miniis,</strong></span> <span class='ocrx_word' id='word_1_106' title='bbox 388 2085 579 2146; x_wconf 81' lang='lat' dir='ltr'><strong>Americanis</strong></span> <span class='ocrx_word' id='word_1_107' title='bbox 591 2086 762 2160; x_wconf 73' lang='lat' dir='ltr'><strong>dumtaxat,</strong></span> <span class='ocrx_word' id='word_1_108' title='bbox 774 2094 808 2149; x_wconf 93' lang='lat' dir='ltr'><strong>ut</strong></span> <span class='ocrx_word' id='word_1_109' title='bbox 821 2087 1005 2164; x_wconf 89' lang='lat' dir='ltr'><strong>praefertur,</strong></span> 
     </span>
     <span class='ocr_line' id='line_1_23' title="bbox 257 2177 1006 2256; baseline 0.004 -18"><span class='ocrx_word' id='word_1_110' title='bbox 257 2177 474 2253; x_wconf 82' lang='lat' dir='ltr'><strong>existentibus,</strong></span> <span class='ocrx_word' id='word_1_111' title='bbox 496 2177 665 2252; x_wconf 84' lang='lat' dir='ltr'><strong>abolemus,</strong></span> <span class='ocrx_word' id='word_1_112' title='bbox 690 2181 925 2256; x_wconf 86' lang='lat' dir='ltr'><strong>supprimimus,</strong></span> <span class='ocrx_word' id='word_1_113' title='bbox 954 2196 1006 2241; x_wconf 92' lang='lat' dir='ltr'><strong>ex·</strong></span> 
     </span>
     <span class='ocr_line' id='line_1_24' title="bbox 258 2270 1007 2352; baseline 0.007 -21"><span class='ocrx_word' id='word_1_114' title='bbox 258 2270 433 2346; x_wconf 88' lang='lat' dir='ltr'><strong>tinguimus</strong></span> <span class='ocrx_word' id='word_1_115' title='bbox 460 2279 491 2332; x_wconf 92' lang='grc' dir='ltr'><strong>ιι</strong></span> <span class='ocrx_word' id='word_1_116' title='bbox 520 2279 669 2348; x_wconf 91' lang='lat' dir='ltr'><strong>perpetuu</strong></span> <span class='ocrx_word' id='word_1_117' title='bbox 697 2271 892 2348; x_wconf 89' lang='lat' dir='ltr'><strong>abrogamus,</strong></span> <span class='ocrx_word' id='word_1_118' title='bbox 914 2282 1007 2352; x_wconf 90' lang='lat' dir='ltr'><strong>atque</strong></span> 
     </span>
     <span class='ocr_line' id='line_1_25' title="bbox 257 2362 1006 2440; baseline 0.007 -17"><span class='ocrx_word' id='word_1_119' title='bbox 257 2362 290 2423; x_wconf 92' lang='lat' dir='ltr'><strong>in</strong></span> <span class='ocrx_word' id='word_1_120' title='bbox 311 2378 424 2424; x_wconf 90' lang='lat' dir='ltr'><strong>eorum</strong></span> <span class='ocrx_word' id='word_1_121' title='bbox 446 2362 546 2424; x_wconf 88' lang='lat' dir='ltr'><strong>locum</strong></span> <span class='ocrx_word' id='word_1_122' title='bbox 563 2363 767 2440; x_wconf 86' lang='lat' dir='ltr'><strong>provinciales</strong></span> <span class='ocrx_word' id='word_1_123' title='bbox 782 2373 813 2425; x_wconf 91' lang='grc' dir='ltr'><strong>ιι</strong></span> <span class='ocrx_word' id='word_1_124' title='bbox 828 2366 1006 2428; x_wconf 85' lang='lat' dir='ltr'><strong>definitores</strong></span> 
     </span>
     <span class='ocr_line' id='line_1_26' title="bbox 257 2454 1007 2534; baseline 0.007 -18"><span class='ocrx_word' id='word_1_125' title='bbox 257 2455 473 2534; x_wconf 80' lang='lat' dir='ltr'><strong>provinciales,</strong></span> <span class='ocrx_word' id='word_1_126' title='bbox 505 2461 540 2516; x_wconf 93' lang='lat' dir='ltr'><strong>ut</strong></span> <span class='ocrx_word' id='word_1_127' title='bbox 571 2454 662 2530; x_wconf 91' lang='lat' dir='ltr'><strong>infra,</strong></span> <span class='ocrx_word' id='word_1_128' title='bbox 692 2456 862 2534; x_wconf 89' lang='lat' dir='ltr'><strong>eligendos,</strong></span> <span class='ocrx_word' id='word_1_129' title='bbox 891 2474 927 2520; x_wconf 91' lang='lat' dir='ltr'><strong>eo</strong></span> <span class='ocrx_word' id='word_1_130' title='bbox 949 2476 1007 2521; x_wconf 92' lang='lat' dir='ltr'><strong>nu·</strong></span> 
     </span>
     <span class='ocr_line' id='line_1_27' title="bbox 257 2549 1006 2629; baseline 0.003 -19"><span class='ocrx_word' id='word_1_131' title='bbox 257 2564 344 2610; x_wconf 91' lang='lat' dir='ltr'><strong>mero</strong></span> <span class='ocrx_word' id='word_1_132' title='bbox 365 2557 397 2610; x_wconf 92' lang='lat' dir='ltr'><strong>et</strong></span> <span class='ocrx_word' id='word_1_133' title='bbox 418 2549 557 2611; x_wconf 92' lang='lat' dir='ltr'><strong>locorum</strong></span> <span class='ocrx_word' id='word_1_134' title='bbox 578 2549 762 2624; x_wconf 91' lang='lat' dir='ltr'><strong>intervallis,</strong></span> <span class='ocrx_word' id='word_1_135' title='bbox 784 2566 863 2628; x_wconf 88' lang='lat' dir='ltr'><strong>quae</strong></span> <span class='ocrx_word' id='word_1_136' title='bbox 884 2552 921 2612; x_wconf 94' lang='lat' dir='ltr'><strong>ab</strong></span> <span class='ocrx_word' id='word_1_137' title='bbox 937 2552 1006 2629; x_wconf 81' lang='lat' dir='ltr'><strong>Epi·</strong></span> 
     </span>
     <span class='ocr_line' id='line_1_28' title="bbox 257 2642 1006 2720; baseline 0.008 -19"><span class='ocrx_word' id='word_1_138' title='bbox 257 2642 366 2718; x_wconf 90' lang='lat' dir='ltr'><strong>scopis,</strong></span> <span class='ocrx_word' id='word_1_139' title='bbox 400 2649 557 2720; x_wconf 91' lang='lat' dir='ltr'><strong>tamquam</strong></span> <span class='ocrx_word' id='word_1_140' title='bbox 585 2642 759 2720; x_wconf 91' lang='lat' dir='ltr'><strong>specialiter</strong></span> <span class='ocrx_word' id='word_1_141' title='bbox 779 2642 815 2702; x_wconf 94' lang='lat' dir='ltr'><strong>ad</strong></span> <span class='ocrx_word' id='word_1_142' title='bbox 837 2645 867 2706; x_wconf 92' lang='lat' dir='ltr'><strong>id</strong></span> <span class='ocrx_word' id='word_1_143' title='bbox 892 2645 930 2706; x_wconf 92' lang='lat' dir='ltr'><strong>ab</strong></span> <span class='ocrx_word' id='word_1_144' title='bbox 951 2648 1006 2708; x_wconf 90' lang='lat' dir='ltr'><strong>hac</strong></span> 
     </span>
     <span class='ocr_line' id='line_1_29' title="bbox 257 2731 1007 2814; baseline 0.003 -18"><span class='ocrx_word' id='word_1_145' title='bbox 257 2731 335 2796; x_wconf 87' lang='lat' dir='ltr'><strong>Sede</strong></span> <span class='ocrx_word' id='word_1_146' title='bbox 345 2735 516 2814; x_wconf 72' lang='lat' dir='ltr'><strong>apostolica</strong></span> <span class='ocrx_word' id='word_1_147' title='bbox 531 2735 689 2812; x_wconf 86' lang='lat' dir='ltr'><strong>delegatis,</strong></span> <span class='ocrx_word' id='word_1_148' title='bbox 702 2745 862 2798; x_wconf 87' lang='lat' dir='ltr'><strong>annuente</strong></span> <span class='ocrx_word' id='word_1_149' title='bbox 877 2752 950 2812; x_wconf 90' lang='lat' dir='ltr'><strong>rege</strong></span> <span class='ocrx_word' id='word_1_150' title='bbox 960 2755 1007 2800; x_wconf 93' lang='lat' dir='ltr'><strong>ca·</strong></span> 
     </span>
     <span class='ocr_line' id='line_1_30' title="bbox 257 2828 1007 2904; baseline 0.004 -15"><span class='ocrx_word' id='word_1_151' title='bbox 257 2828 382 2901; x_wconf 87' lang='lat' dir='ltr'><strong>thelica,</strong></span> <span class='ocrx_word' id='word_1_152' title='bbox 405 2829 501 2904; x_wconf 87' lang='lat' dir='ltr'><strong>magis</strong></span> <span class='ocrx_word' id='word_1_153' title='bbox 522 2828 668 2904; x_wconf 90' lang='lat' dir='ltr'><strong>expedire</strong></span> <span class='ocrx_word' id='word_1_154' title='bbox 690 2828 918 2901; x_wconf 92' lang='lat' dir='ltr'><strong>iudicabuntur,</strong></span> <span class='ocrx_word' id='word_1_155' title='bbox 936 2831 1007 2892; x_wconf 92' lang='lat' dir='ltr'><strong>sub·</strong></span> 
     </span>
     <span class='ocr_line' id='line_1_31' title="bbox 258 2921 1009 2996; baseline 0.004 -16"><span class='ocrx_word' id='word_1_156' title='bbox 258 2921 415 2982; x_wconf 85' lang='lat' dir='ltr'><strong>stituimus</strong></span> <span class='ocrx_word' id='word_1_157' title='bbox 431 2931 461 2982; x_wconf 92' lang='lat' dir='ltr'><strong>et</strong></span> <span class='ocrx_word' id='word_1_158' title='bbox 475 2921 689 2996; x_wconf 88' lang='lat' dir='ltr'><strong>subrogamus,</strong></span> <span class='ocrx_word' id='word_1_159' title='bbox 702 2937 774 2983; x_wconf 92' lang='lat' dir='ltr'><strong>cum</strong></span> <span class='ocrx_word' id='word_1_160' title='bbox 791 2921 897 2984; x_wconf 88' lang='lat' dir='ltr'><strong>iisdem</strong></span> <span class='ocrx_word' id='word_1_161' title='bbox 914 2922 1009 2984; x_wconf 91' lang='lat' dir='ltr'><strong>lacul-</strong></span> 
     </span>
     <span class='ocr_line' id='line_1_32' title="bbox 260 3012 1007 3089; baseline 0.005 -17"><span class='ocrx_word' id='word_1_162' title='bbox 260 3012 383 3086; x_wconf 91' lang='lat' dir='ltr'><strong>tatibus,</strong></span> <span class='ocrx_word' id='word_1_163' title='bbox 407 3013 672 3089; x_wconf 87' lang='lat' dir='ltr'><strong>praeeminentiis,</strong></span> <span class='ocrx_word' id='word_1_164' title='bbox 697 3014 866 3075; x_wconf 90' lang='lat' dir='ltr'><strong>honoribus</strong></span> <span class='ocrx_word' id='word_1_165' title='bbox 887 3023 919 3076; x_wconf 93' lang='grc' dir='ltr'><strong>ιι</strong></span> <span class='ocrx_word' id='word_1_166' title='bbox 935 3031 1007 3076; x_wconf 92' lang='lat' dir='ltr'><strong>oue-</strong></span> 
     </span>
     <span class='ocr_line' id='line_1_33' title="bbox 258 3106 1007 3187; baseline 0.003 -20"><span class='ocrx_word' id='word_1_167' title='bbox 258 3106 343 3168; x_wconf 91' lang='lat' dir='ltr'><strong>ribus</strong></span> <span class='ocrx_word' id='word_1_168' title='bbox 363 3107 583 3187; x_wconf 88' lang='lat' dir='ltr'><strong>(cohaerentur</strong></span> <span class='ocrx_word' id='word_1_169' title='bbox 609 3116 712 3169; x_wconf 90' lang='lat' dir='ltr'><strong>tamen</strong></span> <span class='ocrx_word' id='word_1_170' title='bbox 733 3106 769 3168; x_wconf 91' lang='lat' dir='ltr'><strong>ad</strong></span> <span class='ocrx_word' id='word_1_171' title='bbox 792 3124 837 3182; x_wconf 89' lang='lat' dir='ltr'><strong>eu,</strong></span> <span class='ocrx_word' id='word_1_172' title='bbox 860 3125 939 3186; x_wconf 90' lang='lat' dir='ltr'><strong>quae</strong></span> <span class='ocrx_word' id='word_1_173' title='bbox 960 3111 1007 3169; x_wconf 92' lang='lat' dir='ltr'><strong>in-</strong></span> 
     </span>
     <span class='ocr_line' id='line_1_34' title="bbox 259 3197 1007 3279; baseline 0.005 -21"><span class='ocrx_word' id='word_1_174' title='bbox 259 3198 303 3259; x_wconf 90' lang='lat' dir='ltr'><strong>fra</strong></span> <span class='ocrx_word' id='word_1_175' title='bbox 332 3197 519 3277; x_wconf 86' lang='lat' dir='ltr'><strong>statuemus)</strong></span> <span class='ocrx_word' id='word_1_176' title='bbox 551 3207 581 3260; x_wconf 93' lang='lat' dir='ltr'><strong>et</strong></span> <span class='ocrx_word' id='word_1_177' title='bbox 613 3201 862 3275; x_wconf 88' lang='lat' dir='ltr'><strong>auctoritatibus,</strong></span> <span class='ocrx_word' id='word_1_178' title='bbox 895 3201 1007 3279; x_wconf 92' lang='lat' dir='ltr'><strong>quihus</strong></span> 
     </span>
     <span class='ocr_line' id='line_1_35' title="bbox 259 3290 1008 3370; baseline 0.001 -17"><span class='ocrx_word' id='word_1_179' title='bbox 259 3290 329 3353; x_wconf 86' lang='lat' dir='ltr'><strong>dicti</strong></span> <span class='ocrx_word' id='word_1_180' title='bbox 351 3291 553 3352; x_wconf 88' lang='lat' dir='ltr'><strong>commissarii</strong></span> <span class='ocrx_word' id='word_1_181' title='bbox 574 3292 732 3368; x_wconf 89' lang='lat' dir='ltr'><strong>generales</strong></span> <span class='ocrx_word' id='word_1_182' title='bbox 754 3292 920 3370; x_wconf 88' lang='lat' dir='ltr'><strong>pollebant.</strong></span> <span class='ocrx_word' id='word_1_183' title='bbox 942 3292 1008 3356; x_wconf 90' lang='lat' dir='ltr'><strong>Sta·</strong></span> 
     </span>
     <span class='ocr_line' id='line_1_36' title="bbox 259 3385 1007 3464; baseline 0.004 -18"><span class='ocrx_word' id='word_1_184' title='bbox 259 3391 393 3457; x_wconf 89' lang='lat' dir='ltr'><strong>tuentes,</strong></span> <span class='ocrx_word' id='word_1_185' title='bbox 406 3393 441 3446; x_wconf 94' lang='lat' dir='ltr'><strong>ut</strong></span> <span class='ocrx_word' id='word_1_186' title='bbox 456 3385 682 3460; x_wconf 87' lang='lat' dir='ltr'><strong>praedictorum</strong></span> <span class='ocrx_word' id='word_1_187' title='bbox 696 3388 931 3464; x_wconf 91' lang='lat' dir='ltr'><strong>provincialium</strong></span> <span class='ocrx_word' id='word_1_188' title='bbox 946 3388 1007 3450; x_wconf 89' lang='lat' dir='ltr'><strong>ele-</strong></span> 
     </span>
     <span class='ocr_line' id='line_1_37' title="bbox 258 3475 1007 3543; baseline 0.007 -7"><span class='ocrx_word' id='word_1_189' title='bbox 258 3475 316 3536; x_wconf 89' lang='lat' dir='ltr'><strong>ctio</strong></span> <span class='ocrx_word' id='word_1_190' title='bbox 337 3476 435 3538; x_wconf 90' lang='lat' dir='ltr'><strong>libere</strong></span> <span class='ocrx_word' id='word_1_191' title='bbox 455 3493 471 3537; x_wconf 92' lang='lat' dir='ltr'><strong>a</strong></span> <span class='ocrx_word' id='word_1_192' title='bbox 492 3479 641 3540; x_wconf 77' lang='lat' dir='ltr'><strong>sexennio</strong></span> <span class='ocrx_word' id='word_1_193' title='bbox 664 3480 694 3538; x_wconf 93' lang='lat' dir='ltr'><strong>in</strong></span> <span class='ocrx_word' id='word_1_194' title='bbox 717 3480 903 3543; x_wconf 75' lang='lat' dir='ltr'><strong>sexennium</strong></span> <span class='ocrx_word' id='word_1_195' title='bbox 926 3481 1007 3543; x_wconf 84' lang='lat' dir='ltr'><strong>irata</strong></span> 
     </span>
     <span class='ocr_line' id='line_1_38' title="bbox 259 3569 1008 3648; baseline 0.008 -18"><span class='ocrx_word' id='word_1_196' title='bbox 259 3569 410 3646; x_wconf 89' lang='lat' dir='ltr'><strong>religiosis</strong></span> <span class='ocrx_word' id='word_1_197' title='bbox 429 3571 584 3632; x_wconf 91' lang='lat' dir='ltr'><strong>vocalibus</strong></span> <span class='ocrx_word' id='word_1_198' title='bbox 598 3571 692 3648; x_wconf 90' lang='lat' dir='ltr'><strong>ipsius</strong></span> <span class='ocrx_word' id='word_1_199' title='bbox 706 3571 828 3635; x_wconf 85' lang='lat' dir='ltr'><strong>Ordinis</strong></span> <span class='ocrx_word' id='word_1_200' title='bbox 845 3573 947 3636; x_wconf 83' lang='lat' dir='ltr'><strong>Sancti</strong></span> <span class='ocrx_word' id='word_1_201' title='bbox 962 3574 1008 3636; x_wconf 92' lang='lat' dir='ltr'><strong>lo-</strong></span> 
     </span>
     <span class='ocr_line' id='line_1_39' title="bbox 259 3662 1007 3730; baseline 0.007 -6"><span class='ocrx_word' id='word_1_202' title='bbox 259 3663 347 3724; x_wconf 88' lang='lat' dir='ltr'><strong>annis</strong></span> <span class='ocrx_word' id='word_1_203' title='bbox 367 3662 406 3725; x_wconf 93' lang='grc' dir='ltr'><strong>ιιι</strong></span> <span class='ocrx_word' id='word_1_204' title='bbox 427 3665 490 3727; x_wconf 87' lang='lat' dir='ltr'><strong>beo</strong></span> <span class='ocrx_word' id='word_1_205' title='bbox 510 3664 596 3726; x_wconf 90' lang='lat' dir='ltr'><strong>iuxta</strong></span> <span class='ocrx_word' id='word_1_206' title='bbox 617 3663 748 3726; x_wconf 88' lang='lat' dir='ltr'><strong>formam</strong></span> <span class='ocrx_word' id='word_1_207' title='bbox 764 3676 794 3728; x_wconf 91' lang='lat' dir='ltr'><strong>et</strong></span> <span class='ocrx_word' id='word_1_208' title='bbox 817 3675 959 3729; x_wconf 90' lang='lat' dir='ltr'><strong>tenorem</strong></span> <span class='ocrx_word' id='word_1_209' title='bbox 975 3670 1007 3730; x_wconf 94' lang='lat' dir='ltr'><strong>in</strong></span> 
     </span>
     <span class='ocr_line' id='line_1_40' title="bbox 258 3757 1009 3838; baseline 0.005 -20"><span class='ocrx_word' id='word_1_210' title='bbox 258 3757 533 3820; x_wconf 87' lang='lat' dir='ltr'><strong>constitutionibus</strong></span> <span class='ocrx_word' id='word_1_211' title='bbox 563 3758 702 3820; x_wconf 87' lang='lat' dir='ltr'><strong>eiusdem</strong></span> <span class='ocrx_word' id='word_1_212' title='bbox 731 3759 853 3822; x_wconf 84' lang='lat' dir='ltr'><strong>Ordinis</strong></span> <span class='ocrx_word' id='word_1_213' title='bbox 874 3775 930 3838; x_wconf 91' lang='lat' dir='ltr'><strong>pro</strong></span> <span class='ocrx_word' id='word_1_214' title='bbox 950 3761 1009 3822; x_wconf 93' lang='lat' dir='ltr'><strong>hu-</strong></span> 
     </span>
     <span class='ocr_line' id='line_1_41' title="bbox 258 3848 1007 3928; baseline 0.009 -20"><span class='ocrx_word' id='word_1_215' title='bbox 258 3848 389 3911; x_wconf 89' lang='lat' dir='ltr'><strong>iusmodi</strong></span> <span class='ocrx_word' id='word_1_216' title='bbox 422 3851 624 3912; x_wconf 91' lang='lat' dir='ltr'><strong>electionibus</strong></span> <span class='ocrx_word' id='word_1_217' title='bbox 654 3853 835 3928; x_wconf 85' lang='lat' dir='ltr'><strong>peragendis</strong></span> <span class='ocrx_word' id='word_1_218' title='bbox 858 3855 1007 3916; x_wconf 85' lang='lat' dir='ltr'><strong>constitu-</strong></span> 
     </span>
     <span class='ocr_line' id='line_1_42' title="bbox 260 3942 1008 4024; baseline 0.009 -23"><span class='ocrx_word' id='word_1_219' title='bbox 260 3948 339 4016; x_wconf 89' lang='lat' dir='ltr'><strong>tum,</strong></span> <span class='ocrx_word' id='word_1_220' title='bbox 352 3943 597 4020; x_wconf 88' lang='lat' dir='ltr'><strong>praesidentibus</strong></span> <span class='ocrx_word' id='word_1_221' title='bbox 612 3942 727 4005; x_wconf 91' lang='lat' dir='ltr'><strong>eisdem</strong></span> <span class='ocrx_word' id='word_1_222' title='bbox 744 3945 911 4024; x_wconf 87' lang='lat' dir='ltr'><strong>Episcopis,</strong></span> <span class='ocrx_word' id='word_1_223' title='bbox 924 3946 1008 4008; x_wconf 92' lang='lat' dir='ltr'><strong>salva</strong></span> 
     </span>
     <span class='ocr_line' id='line_1_43' title="bbox 260 4036 1007 4118; baseline 0.009 -24"><span class='ocrx_word' id='word_1_224' title='bbox 260 4041 363 4097; x_wconf 89' lang='lat' dir='ltr'><strong>tamen</strong></span> <span class='ocrx_word' id='word_1_225' title='bbox 392 4043 423 4097; x_wconf 91' lang='lat' dir='ltr'><strong>et</strong></span> <span class='ocrx_word' id='word_1_226' title='bbox 452 4036 572 4112; x_wconf 85' lang='lat' dir='ltr'><strong>integra</strong></span> <span class='ocrx_word' id='word_1_227' title='bbox 600 4044 781 4099; x_wconf 88' lang='lat' dir='ltr'><strong>remanente</strong></span> <span class='ocrx_word' id='word_1_228' title='bbox 809 4039 1007 4118; x_wconf 90' lang='lat' dir='ltr'><strong>exemptione</strong></span> 
     </span>
     <span class='ocr_line' id='line_1_44' title="bbox 259 4127 640 4190; baseline 0 -3"><span class='ocrx_word' id='word_1_229' title='bbox 259 4134 289 4188; x_wconf 95' lang='lat' dir='ltr'><strong>et</strong></span> <span class='ocrx_word' id='word_1_230' title='bbox 310 4127 452 4190; x_wconf 90' lang='lat' dir='ltr'><strong>libertate</strong></span> <span class='ocrx_word' id='word_1_231' title='bbox 471 4129 640 4190; x_wconf 90' lang='lat' dir='ltr'><strong>electionis.</strong></span> 
     </span>
    </p>

    <p class='ocr_par' dir='ltr' id='par_1_6' title="bbox 298 4222 1007 4304">
     <span class='ocr_line' id='line_1_45' title="bbox 298 4222 1007 4304; baseline 0.006 -22"><span class='ocrx_word' id='word_1_232' title='bbox 298 4224 317 4297; x_wconf 70' lang='grc' dir='ltr'><strong>ἓ</strong></span> <span class='ocrx_word' id='word_1_233' title='bbox 338 4222 366 4282; x_wconf 82' lang='grc' dir='ltr'><strong>ι.</strong></span> <span class='ocrx_word' id='word_1_234' title='bbox 391 4222 570 4285; x_wconf 85' lang='lat' dir='ltr'><strong>hiandamus</strong></span> <span class='ocrx_word' id='word_1_235' title='bbox 588 4223 724 4301; x_wconf 92' lang='lat' dir='ltr'><strong>insuper,</strong></span> <span class='ocrx_word' id='word_1_236' title='bbox 744 4232 777 4285; x_wconf 95' lang='lat' dir='ltr'><strong>ut</strong></span> <span class='ocrx_word' id='word_1_237' title='bbox 792 4240 1007 4304; x_wconf 87' lang='lat' dir='ltr'><strong>quaecumque</strong></span> 
     </span>
    </p>
   </div>
   <div class='ocr_carea' id='block_1_6' title="bbox 1740 553 2040 618">
    <p class='ocr_par' dir='ltr' id='par_1_7' title="bbox 1740 553 2040 618">
     <span class='ocr_line' id='line_1_46' title="bbox 1740 553 2040 618; baseline 0.003 -12"><span class='ocrx_word' id='word_1_238' title='bbox 1740 557 1799 618; x_wconf 74' lang='lat' dir='ltr'><strong>ltss9</strong></span> <span class='ocrx_word' id='word_1_239' title='bbox 1849 553 1903 606; x_wconf 77' lang='lat' dir='ltr'><strong>An.</strong></span> <span class='ocrx_word' id='word_1_240' title='bbox 1917 555 1947 608; x_wconf 79' lang='lat' dir='ltr'><strong>(l.</strong></span> <span class='ocrx_word' id='word_1_241' title='bbox 1970 555 2040 607; x_wconf 74' lang='lat'>1803</span> 
     </span>
    </p>
   </div>
   <div class='ocr_carea' id='block_1_7' title="bbox 1035 692 2050 4315">
    <p class='ocr_par' dir='ltr' id='par_1_8' title="bbox 1063 692 1818 2998">
     <span class='ocr_line' id='line_1_47' title="bbox 1066 692 1818 770; baseline 0.003 -18"><span class='ocrx_word' id='word_1_242' title='bbox 1066 707 1178 769; x_wconf 90' lang='lat' dir='ltr'><strong>rosque</strong></span> <span class='ocrx_word' id='word_1_243' title='bbox 1195 693 1283 766; x_wconf 80' lang='lat' dir='ltr'><strong>lines,</strong></span> <span class='ocrx_word' id='word_1_244' title='bbox 1307 709 1441 770; x_wconf 92' lang='lat' dir='ltr'><strong>quorum</strong></span> <span class='ocrx_word' id='word_1_245' title='bbox 1465 692 1562 768; x_wconf 89' lang='lat' dir='ltr'><strong>gratia</strong></span> <span class='ocrx_word' id='word_1_246' title='bbox 1578 693 1627 754; x_wconf 94' lang='lat' dir='ltr'><strong>vel</strong></span> <span class='ocrx_word' id='word_1_247' title='bbox 1642 709 1659 753; x_wconf 92' lang='lat' dir='ltr'><strong>a</strong></span> <span class='ocrx_word' id='word_1_248' title='bbox 1674 693 1731 770; x_wconf 88' lang='lat' dir='ltr'><strong>piis</strong></span> <span class='ocrx_word' id='word_1_249' title='bbox 1746 693 1818 754; x_wconf 89' lang='grc' dir='ltr'>ιιιιι-</span> 
     </span>
     <span class='ocr_line' id='line_1_48' title="bbox 1065 783 1815 862; baseline 0.004 -19"><span class='ocrx_word' id='word_1_250' title='bbox 1065 783 1222 847; x_wconf 91' lang='lat' dir='ltr'><strong>datoribus</strong></span> <span class='ocrx_word' id='word_1_251' title='bbox 1244 787 1365 862; x_wconf 90' lang='lat' dir='ltr'><strong>praedia</strong></span> <span class='ocrx_word' id='word_1_252' title='bbox 1387 793 1418 846; x_wconf 90' lang='lat' dir='ltr'><strong>et</strong></span> <span class='ocrx_word' id='word_1_253' title='bbox 1440 787 1518 848; x_wconf 92' lang='lat' dir='ltr'><strong>bona</strong></span> <span class='ocrx_word' id='word_1_254' title='bbox 1548 786 1646 862; x_wconf 88' lang='lat' dir='ltr'><strong>legata</strong></span> <span class='ocrx_word' id='word_1_255' title='bbox 1676 786 1815 860; x_wconf 90' lang='lat' dir='ltr'><strong>luerunt,</strong></span> 
     </span>
     <span class='ocr_line' id='line_1_49' title="bbox 1067 877 1817 957; baseline 0.005 -21"><span class='ocrx_word' id='word_1_256' title='bbox 1067 878 1114 939; x_wconf 91' lang='lat' dir='ltr'><strong>vel</strong></span> <span class='ocrx_word' id='word_1_257' title='bbox 1137 894 1152 938; x_wconf 91' lang='lat' dir='ltr'><strong>a</strong></span> <span class='ocrx_word' id='word_1_258' title='bbox 1175 877 1422 941; x_wconf 88' lang='lat' dir='ltr'><strong>benefactoribus</strong></span> <span class='ocrx_word' id='word_1_259' title='bbox 1446 881 1567 954; x_wconf 91' lang='lat' dir='ltr'><strong>donata,</strong></span> <span class='ocrx_word' id='word_1_260' title='bbox 1590 880 1643 957; x_wconf 92' lang='lat' dir='ltr'><strong>qui</strong></span> <span class='ocrx_word' id='word_1_261' title='bbox 1666 879 1817 940; x_wconf 90' lang='lat' dir='ltr'><strong>manuali·</strong></span> 
     </span>
     <span class='ocr_line' id='line_1_50' title="bbox 1066 971 1818 1050; baseline 0.001 -18"><span class='ocrx_word' id='word_1_262' title='bbox 1066 971 1122 1032; x_wconf 90' lang='lat' dir='ltr'><strong>bus</strong></span> <span class='ocrx_word' id='word_1_263' title='bbox 1143 971 1330 1048; x_wconf 85' lang='lat' dir='ltr'><strong>quotidianis</strong></span> <span class='ocrx_word' id='word_1_264' title='bbox 1358 971 1565 1050; x_wconf 83' lang='lat' dir='ltr'><strong>eleemosynis</strong></span> <span class='ocrx_word' id='word_1_265' title='bbox 1591 973 1628 1035; x_wconf 91' lang='lat' dir='ltr'><strong>ad</strong></span> <span class='ocrx_word' id='word_1_266' title='bbox 1654 987 1818 1034; x_wconf 86' lang='lat' dir='ltr'><strong>conserva·</strong></span> 
     </span>
     <span class='ocr_line' id='line_1_51' title="bbox 1067 1063 1818 1144; baseline 0.007 -20"><span class='ocrx_word' id='word_1_267' title='bbox 1067 1063 1185 1126; x_wconf 89' lang='lat' dir='ltr'><strong>tionem</strong></span> <span class='ocrx_word' id='word_1_268' title='bbox 1207 1064 1502 1142; x_wconf 89' lang='lat' dir='ltr'><strong>incrementumque</strong></span> <span class='ocrx_word' id='word_1_269' title='bbox 1522 1064 1623 1144; x_wconf 89' lang='lat' dir='ltr'><strong>operis</strong></span> <span class='ocrx_word' id='word_1_270' title='bbox 1644 1071 1708 1126; x_wconf 82' lang='lat' dir='ltr'><strong>tant</strong></span> <span class='ocrx_word' id='word_1_271' title='bbox 1736 1066 1818 1129; x_wconf 94' lang='lat' dir='ltr'><strong>salu·</strong></span> 
     </span>
     <span class='ocr_line' id='line_1_52' title="bbox 1068 1157 1817 1236; baseline 0.007 -21"><span class='ocrx_word' id='word_1_272' title='bbox 1068 1157 1139 1216; x_wconf 88' lang='lat' dir='ltr'><strong>laris</strong></span> <span class='ocrx_word' id='word_1_273' title='bbox 1161 1161 1364 1228; x_wconf 91' lang='lat' dir='ltr'><strong>concurrunt,</strong></span> <span class='ocrx_word' id='word_1_274' title='bbox 1387 1157 1471 1217; x_wconf 91' lang='lat' dir='ltr'><strong>salvo</strong></span> <span class='ocrx_word' id='word_1_275' title='bbox 1501 1172 1624 1235; x_wconf 87' lang='lat' dir='ltr'><strong>semper</strong></span> <span class='ocrx_word' id='word_1_276' title='bbox 1646 1160 1817 1236; x_wconf 89' lang='lat' dir='ltr'><strong>inrepatro·</strong></span> 
     </span>
     <span class='ocr_line' id='line_1_53' title="bbox 1066 1249 1817 1328; baseline 0.003 -18"><span class='ocrx_word' id='word_1_277' title='bbox 1066 1257 1155 1310; x_wconf 90' lang='lat' dir='ltr'><strong>natus</strong></span> <span class='ocrx_word' id='word_1_278' title='bbox 1170 1250 1206 1310; x_wconf 95' lang='lat' dir='ltr'><strong>ad</strong></span> <span class='ocrx_word' id='word_1_279' title='bbox 1221 1249 1409 1325; x_wconf 88' lang='lat' dir='ltr'><strong>praedictum</strong></span> <span class='ocrx_word' id='word_1_280' title='bbox 1427 1265 1533 1325; x_wconf 90' lang='lat' dir='ltr'><strong>regem</strong></span> <span class='ocrx_word' id='word_1_281' title='bbox 1547 1250 1734 1313; x_wconf 91' lang='lat' dir='ltr'><strong>catholicum</strong></span> <span class='ocrx_word' id='word_1_282' title='bbox 1746 1266 1817 1328; x_wconf 89' lang='lat' dir='ltr'><strong>per-</strong></span> 
     </span>
     <span class='ocr_line' id='line_1_54' title="bbox 1067 1341 1816 1420; baseline 0.004 -16"><span class='ocrx_word' id='word_1_283' title='bbox 1067 1344 1198 1404; x_wconf 89' lang='lat' dir='ltr'><strong>tinente.</strong></span> <span class='ocrx_word' id='word_1_284' title='bbox 1226 1342 1260 1403; x_wconf 92' lang='lat' dir='ltr'><strong>lu</strong></span> <span class='ocrx_word' id='word_1_285' title='bbox 1291 1341 1327 1403; x_wconf 92' lang='lat' dir='ltr'><strong>iis</strong></span> <span class='ocrx_word' id='word_1_286' title='bbox 1358 1358 1445 1418; x_wconf 90' lang='lat' dir='ltr'><strong>vero,</strong></span> <span class='ocrx_word' id='word_1_287' title='bbox 1478 1359 1556 1420; x_wconf 88' lang='lat' dir='ltr'><strong>quae</strong></span> <span class='ocrx_word' id='word_1_288' title='bbox 1586 1345 1624 1406; x_wconf 90' lang='lat' dir='ltr'><strong>ad</strong></span> <span class='ocrx_word' id='word_1_289' title='bbox 1653 1344 1816 1406; x_wconf 90' lang='lat' dir='ltr'><strong>internum</strong></span> 
     </span>
     <span class='ocr_line' id='line_1_55' title="bbox 1064 1435 1817 1510; baseline 0.004 -14"><span class='ocrx_word' id='word_1_290' title='bbox 1064 1445 1280 1496; x_wconf 89' lang='lat' dir='ltr'><strong>conventuum</strong></span> <span class='ocrx_word' id='word_1_291' title='bbox 1309 1435 1449 1510; x_wconf 85' lang='lat' dir='ltr'><strong>regimen</strong></span> <span class='ocrx_word' id='word_1_292' title='bbox 1481 1445 1513 1497; x_wconf 91' lang='lat' dir='ltr'><strong>et</strong></span> <span class='ocrx_word' id='word_1_293' title='bbox 1541 1435 1578 1496; x_wconf 93' lang='lat' dir='ltr'><strong>ad</strong></span> <span class='ocrx_word' id='word_1_294' title='bbox 1608 1439 1817 1499; x_wconf 88' lang='lat' dir='ltr'><strong>conservatio·</strong></span> 
     </span>
     <span class='ocr_line' id='line_1_56' title="bbox 1065 1528 1817 1604; baseline 0.008 -16"><span class='ocrx_word' id='word_1_295' title='bbox 1065 1544 1149 1603; x_wconf 90' lang='lat' dir='ltr'><strong>nem,</strong></span> <span class='ocrx_word' id='word_1_296' title='bbox 1181 1528 1407 1604; x_wconf 88' lang='lat' dir='ltr'><strong>integritatem,</strong></span> <span class='ocrx_word' id='word_1_297' title='bbox 1437 1528 1683 1591; x_wconf 91' lang='lat' dir='ltr'><strong>incolumitatem</strong></span> <span class='ocrx_word' id='word_1_298' title='bbox 1712 1538 1743 1592; x_wconf 94' lang='lat' dir='ltr'><strong>et</strong></span> <span class='ocrx_word' id='word_1_299' title='bbox 1764 1532 1817 1594; x_wconf 93' lang='lat' dir='ltr'><strong>ob-</strong></span> 
     </span>
     <span class='ocr_line' id='line_1_57' title="bbox 1064 1620 1814 1700; baseline 0.004 -18"><span class='ocrx_word' id='word_1_300' title='bbox 1064 1621 1250 1682; x_wconf 89' lang='lat' dir='ltr'><strong>servantiam</strong></span> <span class='ocrx_word' id='word_1_301' title='bbox 1273 1620 1453 1699; x_wconf 90' lang='lat' dir='ltr'><strong>disciplinae</strong></span> <span class='ocrx_word' id='word_1_302' title='bbox 1472 1622 1622 1698; x_wconf 90' lang='lat' dir='ltr'><strong>regularis</strong></span> <span class='ocrx_word' id='word_1_303' title='bbox 1644 1623 1814 1700; x_wconf 89' lang='lat' dir='ltr'><strong>pertinent,</strong></span> 
     </span>
     <span class='ocr_line' id='line_1_58' title="bbox 1065 1714 1817 1792; baseline 0.008 -20"><span class='ocrx_word' id='word_1_304' title='bbox 1065 1714 1210 1775; x_wconf 90' lang='lat' dir='ltr'><strong>volumus</strong></span> <span class='ocrx_word' id='word_1_305' title='bbox 1231 1722 1262 1775; x_wconf 91' lang='lat' dir='ltr'><strong>el</strong></span> <span class='ocrx_word' id='word_1_306' title='bbox 1294 1716 1487 1788; x_wconf 88' lang='lat' dir='ltr'><strong>mandamus,</strong></span> <span class='ocrx_word' id='word_1_307' title='bbox 1512 1721 1545 1776; x_wconf 90' lang='lat' dir='ltr'><strong>ut</strong></span> <span class='ocrx_word' id='word_1_308' title='bbox 1566 1716 1714 1792; x_wconf 87' lang='lat' dir='ltr'><strong>praedicti</strong></span> <span class='ocrx_word' id='word_1_309' title='bbox 1744 1732 1817 1778; x_wconf 90' lang='lat' dir='ltr'><strong>con·</strong></span> 
     </span>
     <span class='ocr_line' id='line_1_59' title="bbox 1065 1807 1816 1886; baseline 0.003 -18"><span class='ocrx_word' id='word_1_310' title='bbox 1065 1807 1185 1880; x_wconf 86' lang='lat' dir='ltr'><strong>fratres,</strong></span> <span class='ocrx_word' id='word_1_311' title='bbox 1209 1808 1337 1886; x_wconf 86' lang='lat' dir='ltr'><strong>priores,</strong></span> <span class='ocrx_word' id='word_1_312' title='bbox 1356 1807 1572 1885; x_wconf 89' lang='lat' dir='ltr'><strong>provinciales,</strong></span> <span class='ocrx_word' id='word_1_313' title='bbox 1589 1809 1770 1870; x_wconf 83' lang='lat' dir='ltr'><strong>definitores</strong></span> <span class='ocrx_word' id='word_1_314' title='bbox 1784 1817 1816 1872; x_wconf 93' lang='lat' dir='ltr'><strong>et</strong></span> 
     </span>
     <span class='ocr_line' id='line_1_60' title="bbox 1065 1900 1816 1980; baseline 0.007 -20"><span class='ocrx_word' id='word_1_315' title='bbox 1065 1909 1238 1962; x_wconf 91' lang='lat' dir='ltr'><strong>conventus</strong></span> <span class='ocrx_word' id='word_1_316' title='bbox 1266 1900 1454 1979; x_wconf 83' lang='lat' dir='ltr'><strong>quicumque</strong></span> <span class='ocrx_word' id='word_1_317' title='bbox 1477 1900 1508 1962; x_wconf 92' lang='lat' dir='ltr'><strong>in</strong></span> <span class='ocrx_word' id='word_1_318' title='bbox 1538 1917 1583 1975; x_wconf 91' lang='lat' dir='ltr'><strong>ea,</strong></span> <span class='ocrx_word' id='word_1_319' title='bbox 1607 1902 1638 1963; x_wconf 95' lang='lat' dir='ltr'><strong>in</strong></span> <span class='ocrx_word' id='word_1_320' title='bbox 1662 1919 1721 1980; x_wconf 93' lang='lat' dir='ltr'><strong>qua</strong></span> <span class='ocrx_word' id='word_1_321' title='bbox 1747 1903 1816 1965; x_wconf 91' lang='lat' dir='ltr'><strong>hac·</strong></span> 
     </span>
     <span class='ocr_line' id='line_1_61' title="bbox 1066 1991 1817 2074; baseline 0.007 -22"><span class='ocrx_word' id='word_1_322' title='bbox 1066 2000 1156 2054; x_wconf 90' lang='lat' dir='ltr'><strong>tenus</strong></span> <span class='ocrx_word' id='word_1_323' title='bbox 1177 1991 1316 2067; x_wconf 89' lang='lat' dir='ltr'><strong>fuerunt,</strong></span> <span class='ocrx_word' id='word_1_324' title='bbox 1333 2011 1348 2053; x_wconf 93' lang='lat' dir='ltr'><strong>a</strong></span> <span class='ocrx_word' id='word_1_325' title='bbox 1364 1993 1519 2055; x_wconf 79' lang='lat' dir='ltr'><strong>confratre</strong></span> <span class='ocrx_word' id='word_1_326' title='bbox 1540 1995 1647 2055; x_wconf 90' lang='lat' dir='ltr'><strong>maiori</strong></span> <span class='ocrx_word' id='word_1_327' title='bbox 1663 1995 1696 2055; x_wconf 92' lang='lat' dir='ltr'><strong>in</strong></span> <span class='ocrx_word' id='word_1_328' title='bbox 1711 1996 1817 2074; x_wconf 90' lang='lat' dir='ltr'><strong>llispa·</strong></span> 
     </span>
     <span class='ocr_line' id='line_1_62' title="bbox 1065 2085 1816 2165; baseline 0.009 -21"><span class='ocrx_word' id='word_1_329' title='bbox 1065 2087 1113 2144; x_wconf 91' lang='lat' dir='ltr'><strong>nia</strong></span> <span class='ocrx_word' id='word_1_330' title='bbox 1144 2086 1277 2162; x_wconf 89' lang='lat' dir='ltr'><strong>degente</strong></span> <span class='ocrx_word' id='word_1_331' title='bbox 1312 2085 1517 2164; x_wconf 89' lang='lat' dir='ltr'><strong>dependentia</strong></span> <span class='ocrx_word' id='word_1_332' title='bbox 1553 2096 1755 2165; x_wconf 89' lang='lat' dir='ltr'><strong>permaneant</strong></span> <span class='ocrx_word' id='word_1_333' title='bbox 1786 2095 1816 2151; x_wconf 90' lang='lat' dir='ltr'><strong>et</strong></span> 
     </span>
     <span class='ocr_line' id='line_1_63' title="bbox 1066 2181 1817 2260; baseline 0.005 -20"><span class='ocrx_word' id='word_1_334' title='bbox 1066 2187 1276 2257; x_wconf 89' lang='lat' dir='ltr'><strong>perseverent,</strong></span> <span class='ocrx_word' id='word_1_335' title='bbox 1308 2189 1375 2241; x_wconf 90' lang='lat' dir='ltr'><strong>eta</strong></span> <span class='ocrx_word' id='word_1_336' title='bbox 1403 2196 1599 2258; x_wconf 89' lang='lat' dir='ltr'><strong>quacumque</strong></span> <span class='ocrx_word' id='word_1_337' title='bbox 1628 2181 1817 2260; x_wconf 89' lang='lat' dir='ltr'><strong>respectivo-</strong></span> 
     </span>
     <span class='ocr_line' id='line_1_64' title="bbox 1065 2271 1813 2351; baseline 0.005 -19"><span class='ocrx_word' id='word_1_338' title='bbox 1065 2288 1135 2334; x_wconf 92' lang='lat' dir='ltr'><strong>rum</strong></span> <span class='ocrx_word' id='word_1_339' title='bbox 1151 2271 1386 2336; x_wconf 78' lang='lat' dir='ltr'><strong>ordinariorum</strong></span> <span class='ocrx_word' id='word_1_340' title='bbox 1411 2280 1562 2350; x_wconf 89' lang='lat' dir='ltr'><strong>potestate</strong></span> <span class='ocrx_word' id='word_1_341' title='bbox 1581 2275 1719 2351; x_wconf 92' lang='lat' dir='ltr'><strong>exempti</strong></span> <span class='ocrx_word' id='word_1_342' title='bbox 1740 2276 1813 2348; x_wconf 89' lang='lat' dir='ltr'><strong>sint,</strong></span> 
     </span>
     <span class='ocr_line' id='line_1_65' title="bbox 1066 2364 1814 2444; baseline 0.007 -20"><span class='ocrx_word' id='word_1_343' title='bbox 1066 2366 1148 2426; x_wconf 90' lang='lat' dir='ltr'><strong>iuxta</strong></span> <span class='ocrx_word' id='word_1_344' title='bbox 1165 2364 1336 2442; x_wconf 89' lang='lat' dir='ltr'><strong>privilegia,</strong></span> <span class='ocrx_word' id='word_1_345' title='bbox 1353 2381 1442 2444; x_wconf 89' lang='lat' dir='ltr'><strong>quae,</strong></span> <span class='ocrx_word' id='word_1_346' title='bbox 1460 2372 1494 2426; x_wconf 92' lang='lat' dir='ltr'><strong>ut</strong></span> <span class='ocrx_word' id='word_1_347' title='bbox 1511 2365 1696 2442; x_wconf 90' lang='lat' dir='ltr'><strong>praefertur,</strong></span> <span class='ocrx_word' id='word_1_348' title='bbox 1712 2367 1814 2429; x_wconf 90' lang='lat' dir='ltr'><strong>eidem</strong></span> 
     </span>
     <span class='ocr_line' id='line_1_66' title="bbox 1064 2457 1814 2535; baseline 0.003 -17"><span class='ocrx_word' id='word_1_349' title='bbox 1064 2457 1163 2518; x_wconf 90' lang='lat' dir='ltr'><strong>ordini</strong></span> <span class='ocrx_word' id='word_1_350' title='bbox 1190 2473 1331 2520; x_wconf 90' lang='lat' dir='ltr'><strong>concessa</strong></span> <span class='ocrx_word' id='word_1_351' title='bbox 1360 2458 1504 2535; x_wconf 87' lang='lat' dir='ltr'><strong>luerunt;</strong></span> <span class='ocrx_word' id='word_1_352' title='bbox 1533 2468 1579 2532; x_wconf 95' lang='lat' dir='ltr'><strong>ut,</strong></span> <span class='ocrx_word' id='word_1_353' title='bbox 1602 2467 1722 2521; x_wconf 90' lang='lat' dir='ltr'><strong>servata</strong></span> <span class='ocrx_word' id='word_1_354' title='bbox 1744 2460 1814 2523; x_wconf 92' lang='lat' dir='ltr'><strong>uni·</strong></span> 
     </span>
     <span class='ocr_line' id='line_1_67' title="bbox 1064 2549 1816 2628; baseline 0.004 -18"><span class='ocrx_word' id='word_1_355' title='bbox 1064 2549 1156 2613; x_wconf 90' lang='lat' dir='ltr'><strong>iurmi</strong></span> <span class='ocrx_word' id='word_1_356' title='bbox 1179 2551 1393 2613; x_wconf 91' lang='lat' dir='ltr'><strong>membrorum</strong></span> <span class='ocrx_word' id='word_1_357' title='bbox 1414 2550 1452 2611; x_wconf 95' lang='lat' dir='ltr'><strong>ab</strong></span> <span class='ocrx_word' id='word_1_358' title='bbox 1472 2552 1581 2613; x_wconf 81' lang='lat' dir='ltr'><strong>euclem</strong></span> <span class='ocrx_word' id='word_1_359' title='bbox 1608 2553 1746 2628; x_wconf 88' lang='lat' dir='ltr'><strong>generali</strong></span> <span class='ocrx_word' id='word_1_360' title='bbox 1767 2571 1816 2615; x_wconf 90' lang='lat' dir='ltr'><strong>ca·</strong></span> 
     </span>
     <span class='ocr_line' id='line_1_68' title="bbox 1064 2643 1814 2723; baseline 0.003 -20"><span class='ocrx_word' id='word_1_361' title='bbox 1064 2644 1128 2720; x_wconf 91' lang='lat' dir='ltr'><strong>pite</strong></span> <span class='ocrx_word' id='word_1_362' title='bbox 1158 2643 1375 2720; x_wconf 90' lang='lat' dir='ltr'><strong>dependentia,</strong></span> <span class='ocrx_word' id='word_1_363' title='bbox 1398 2643 1597 2706; x_wconf 83' lang='lat' dir='ltr'><strong>uniformitas</strong></span> <span class='ocrx_word' id='word_1_364' title='bbox 1625 2659 1749 2723; x_wconf 88' lang='lat' dir='ltr'><strong>quoque</strong></span> <span class='ocrx_word' id='word_1_365' title='bbox 1770 2644 1814 2705; x_wconf 91' lang='lat' dir='ltr'><strong>di·</strong></span> 
     </span>
     <span class='ocr_line' id='line_1_69' title="bbox 1063 2736 1814 2814; baseline 0.003 -17"><span class='ocrx_word' id='word_1_366' title='bbox 1063 2737 1207 2814; x_wconf 92' lang='lat' dir='ltr'><strong>scipliuae</strong></span> <span class='ocrx_word' id='word_1_367' title='bbox 1238 2744 1401 2810; x_wconf 89' lang='lat' dir='ltr'><strong>servetur,</strong></span> <span class='ocrx_word' id='word_1_368' title='bbox 1438 2736 1589 2811; x_wconf 87' lang='lat' dir='ltr'><strong>regularis</strong></span> <span class='ocrx_word' id='word_1_369' title='bbox 1619 2737 1814 2799; x_wconf 91' lang='lat' dir='ltr'><strong>observantia</strong></span> 
     </span>
     <span class='ocr_line' id='line_1_70' title="bbox 1064 2828 1814 2908; baseline 0 -18"><span class='ocrx_word' id='word_1_370' title='bbox 1064 2828 1221 2904; x_wconf 90' lang='lat' dir='ltr'><strong>consistat,</strong></span> <span class='ocrx_word' id='word_1_371' title='bbox 1243 2845 1277 2890; x_wconf 92' lang='lat' dir='ltr'><strong>ac</strong></span> <span class='ocrx_word' id='word_1_372' title='bbox 1296 2829 1382 2890; x_wconf 90' lang='lat' dir='ltr'><strong>illius</strong></span> <span class='ocrx_word' id='word_1_373' title='bbox 1395 2829 1557 2906; x_wconf 88' lang='lat' dir='ltr'><strong>integritas</strong></span> <span class='ocrx_word' id='word_1_374' title='bbox 1571 2828 1730 2908; x_wconf 89' lang='lat' dir='ltr'><strong>ipsiusque</strong></span> <span class='ocrx_word' id='word_1_375' title='bbox 1743 2845 1814 2891; x_wconf 91' lang='lat' dir='ltr'><strong>con·</strong></span> 
     </span>
     <span class='ocr_line' id='line_1_71' title="bbox 1065 2921 1556 2998; baseline -0.002 -15"><span class='ocrx_word' id='word_1_376' title='bbox 1065 2923 1253 2998; x_wconf 87' lang='lat' dir='ltr'><strong>gregationis</strong></span> <span class='ocrx_word' id='word_1_377' title='bbox 1276 2924 1376 2983; x_wconf 89' lang='lat' dir='ltr'><strong>unitas</strong></span> <span class='ocrx_word' id='word_1_378' title='bbox 1400 2921 1556 2984; x_wconf 91' lang='lat' dir='ltr'><strong>habeatur.</strong></span> 
     </span>
    </p>

    <p class='ocr_par' dir='ltr' id='par_1_9' title="bbox 1067 3015 2050 3288">
     <span class='ocr_line' id='line_1_72' title="bbox 1104 3015 2050 3129; baseline -0.003 -52"><span class='ocrx_word' id='word_1_379' title='bbox 1104 3017 1173 3091; x_wconf 69' lang='lat'><strong>55.</strong></span> <span class='ocrx_word' id='word_1_380' title='bbox 1195 3017 1356 3078; x_wconf 90' lang='lat' dir='ltr'><strong>Praeterea</strong></span> <span class='ocrx_word' id='word_1_381' title='bbox 1381 3015 1520 3077; x_wconf 91' lang='lat' dir='ltr'><strong>locorum</strong></span> <span class='ocrx_word' id='word_1_382' title='bbox 1542 3015 1721 3088; x_wconf 77' lang='lat' dir='ltr'><strong>ordinariis,</strong></span> <span class='ocrx_word' id='word_1_383' title='bbox 1748 3016 1816 3093; x_wconf 92' lang='lat' dir='ltr'><strong>qui·</strong></span> <span class='ocrx_word' id='word_1_384' title='bbox 1857 3029 1995 3129; x_wconf 57' lang='lat' dir='ltr'><strong>xmqrrsuo</strong></span> <span class='ocrx_word' id='word_1_385' title='bbox 2012 3028 2050 3075; x_wconf 74' lang='lat' dir='ltr'><strong>re·</strong></span> 
     </span>
     <span class='ocr_line' id='line_1_73' title="bbox 1067 3081 2050 3186; baseline -0.001 -16"><span class='ocrx_word' id='word_1_386' title='bbox 1067 3111 1120 3171; x_wconf 89' lang='lat' dir='ltr'><strong>bus</strong></span> <span class='ocrx_word' id='word_1_387' title='bbox 1137 3111 1244 3184; x_wconf 89' lang='lat' dir='ltr'><strong>vigore</strong></span> <span class='ocrx_word' id='word_1_388' title='bbox 1260 3107 1483 3185; x_wconf 89' lang='lat' dir='ltr'><strong>praesentium,</strong></span> <span class='ocrx_word' id='word_1_389' title='bbox 1495 3115 1529 3170; x_wconf 95' lang='lat' dir='ltr'><strong>ut</strong></span> <span class='ocrx_word' id='word_1_390' title='bbox 1541 3108 1724 3186; x_wconf 88' lang='lat' dir='ltr'><strong>praefertur,</strong></span> <span class='ocrx_word' id='word_1_391' title='bbox 1741 3124 1816 3170; x_wconf 91' lang='lat' dir='ltr'><strong>cura</strong></span> <span class='ocrx_word' id='word_1_392' title='bbox 1833 3081 2050 3183; x_wconf 54' lang='lat' dir='ltr'><strong>{Sssfflffiffl‘ssss</strong></span> 
     </span>
     <span class='ocr_line' id='line_1_74' title="bbox 1067 3189 2049 3288; baseline 0.003 -28"><span class='ocrx_word' id='word_1_393' title='bbox 1067 3197 1250 3276; x_wconf 91' lang='lat' dir='ltr'><strong>invigilandi</strong></span> <span class='ocrx_word' id='word_1_394' title='bbox 1260 3215 1353 3277; x_wconf 91' lang='lat' dir='ltr'><strong>super</strong></span> <span class='ocrx_word' id='word_1_395' title='bbox 1369 3206 1449 3261; x_wconf 91' lang='lat' dir='ltr'><strong>recta</strong></span> <span class='ocrx_word' id='word_1_396' title='bbox 1465 3215 1734 3278; x_wconf 89' lang='lat' dir='ltr'><strong>quorumcumque</strong></span> <span class='ocrx_word' id='word_1_397' title='bbox 1747 3201 1814 3262; x_wconf 91' lang='lat' dir='ltr'><strong>red·</strong></span> <span class='ocrx_word' id='word_1_398' title='bbox 1834 3189 2049 3288; x_wconf 54' lang='lat' dir='ltr'><strong>{l‘ffll’fflssj</strong></span> 
     </span>
    </p>

    <p class='ocr_par' dir='ltr' id='par_1_10' title="bbox 1065 3289 2049 3395">
     <span class='ocr_line' id='line_1_75' title="bbox 1065 3289 2049 3395; baseline -0.002 -43"><span class='ocrx_word' id='word_1_399' title='bbox 1065 3292 1188 3352; x_wconf 90' lang='lat' dir='ltr'><strong>dituum</strong></span> <span class='ocrx_word' id='word_1_400' title='bbox 1209 3291 1363 3353; x_wconf 90' lang='lat' dir='ltr'><strong>dictorum</strong></span> <span class='ocrx_word' id='word_1_401' title='bbox 1395 3291 1593 3369; x_wconf 86' lang='lat' dir='ltr'><strong>hospitalium</strong></span> <span class='ocrx_word' id='word_1_402' title='bbox 1620 3289 1815 3354; x_wconf 89' lang='lat' dir='ltr'><strong>administra·</strong></span> <span class='ocrx_word' id='word_1_403' title='bbox 1833 3297 1905 3395; x_wconf 58' lang='lat' dir='ltr'><strong>ti0¹¹0</strong></span> <span class='ocrx_word' id='word_1_404' title='bbox 1928 3295 2049 3350; x_wconf 79' lang='lat' dir='ltr'><strong>hosptia-</strong></span> 
     </span>
    </p>

    <p class='ocr_par' dir='ltr' id='par_1_11' title="bbox 1066 3359 1907 3459">
     <span class='ocr_line' id='line_1_76' title="bbox 1066 3359 1907 3459; baseline 0.002 -15"><span class='ocrx_word' id='word_1_405' title='bbox 1066 3385 1150 3446; x_wconf 89' lang='lat' dir='ltr'><strong>tione</strong></span> <span class='ocrx_word' id='word_1_406' title='bbox 1180 3385 1360 3447; x_wconf 89' lang='lat' dir='ltr'><strong>demandata</strong></span> <span class='ocrx_word' id='word_1_407' title='bbox 1388 3392 1445 3459; x_wconf 90' lang='lat' dir='ltr'><strong>est,</strong></span> <span class='ocrx_word' id='word_1_408' title='bbox 1468 3383 1644 3446; x_wconf 81' lang='lat' dir='ltr'><strong>facultatem</strong></span> <span class='ocrx_word' id='word_1_409' title='bbox 1676 3385 1816 3446; x_wconf 87' lang='lat' dir='ltr'><strong>concedi·</strong></span> <span class='ocrx_word' id='word_1_410' title='bbox 1845 3359 1907 3395; x_wconf 73' lang='lat' dir='ltr'><strong>rum.</strong></span> 
     </span>
    </p>

    <p class='ocr_par' dir='ltr' id='par_1_12' title="bbox 1066 3475 1814 3555">
     <span class='ocr_line' id='line_1_77' title="bbox 1066 3475 1814 3555; baseline 0.004 -17"><span class='ocrx_word' id='word_1_411' title='bbox 1066 3494 1146 3552; x_wconf 91' lang='lat' dir='ltr'><strong>mus,</strong></span> <span class='ocrx_word' id='word_1_412' title='bbox 1168 3485 1275 3554; x_wconf 88' lang='lat' dir='ltr'><strong>utpote</strong></span> <span class='ocrx_word' id='word_1_413' title='bbox 1296 3478 1389 3540; x_wconf 92' lang='lat' dir='ltr'><strong>huius</strong></span> <span class='ocrx_word' id='word_1_414' title='bbox 1410 3475 1538 3540; x_wconf 89' lang='lat' dir='ltr'><strong>Sanctae</strong></span> <span class='ocrx_word' id='word_1_415' title='bbox 1553 3477 1640 3541; x_wconf 87' lang='lat' dir='ltr'><strong>Sedis</strong></span> <span class='ocrx_word' id='word_1_416' title='bbox 1654 3477 1814 3555; x_wconf 73' lang='lat' dir='ltr'><strong>delegatis</strong></span> 
     </span>
    </p>

    <p class='ocr_par' dir='ltr' id='par_1_13' title="bbox 1064 3571 1816 3650">
     <span class='ocr_line' id='line_1_78' title="bbox 1064 3571 1816 3650; baseline -0.003 -14"><span class='ocrx_word' id='word_1_417' title='bbox 1064 3574 1272 3650; x_wconf 89' lang='lat' dir='ltr'><strong>cognoscendi</strong></span> <span class='ocrx_word' id='word_1_418' title='bbox 1295 3573 1326 3633; x_wconf 93' lang='grc' dir='ltr'><strong>ιιι</strong></span> <span class='ocrx_word' id='word_1_419' title='bbox 1349 3574 1444 3648; x_wconf 90' lang='lat' dir='ltr'><strong>gradu</strong></span> <span class='ocrx_word' id='word_1_420' title='bbox 1467 3572 1682 3650; x_wconf 89' lang='lat' dir='ltr'><strong>appellationis</strong></span> <span class='ocrx_word' id='word_1_421' title='bbox 1697 3571 1735 3634; x_wconf 91' lang='lat' dir='ltr'><strong>de</strong></span> <span class='ocrx_word' id='word_1_422' title='bbox 1750 3588 1816 3634; x_wconf 90' lang='lat' dir='ltr'><strong>om·</strong></span> 
     </span>
    </p>

    <p class='ocr_par' dir='ltr' id='par_1_14' title="bbox 1066 3666 1817 3742">
     <span class='ocr_line' id='line_1_79' title="bbox 1066 3666 1817 3742; baseline 0 -15"><span class='ocrx_word' id='word_1_423' title='bbox 1066 3669 1156 3728; x_wconf 93' lang='lat' dir='ltr'><strong>nibus</strong></span> <span class='ocrx_word' id='word_1_424' title='bbox 1177 3667 1309 3728; x_wconf 87' lang='lat' dir='ltr'><strong>decretis</strong></span> <span class='ocrx_word' id='word_1_425' title='bbox 1331 3675 1361 3727; x_wconf 91' lang='lat' dir='ltr'><strong>et</strong></span> <span class='ocrx_word' id='word_1_426' title='bbox 1383 3666 1614 3742; x_wconf 91' lang='lat' dir='ltr'><strong>provisionibus</strong></span> <span class='ocrx_word' id='word_1_427' title='bbox 1635 3668 1670 3729; x_wconf 89' lang='lat' dir='ltr'><strong>ad</strong></span> <span class='ocrx_word' id='word_1_428' title='bbox 1686 3666 1817 3728; x_wconf 91' lang='lat' dir='ltr'><strong>admini-</strong></span> 
     </span>
    </p>

    <p class='ocr_par' dir='ltr' id='par_1_15' title="bbox 1064 3758 1817 3837">
     <span class='ocr_line' id='line_1_80' title="bbox 1064 3758 1817 3837; baseline 0.001 -17"><span class='ocrx_word' id='word_1_429' title='bbox 1064 3761 1248 3821; x_wconf 90' lang='lat' dir='ltr'><strong>strationem</strong></span> <span class='ocrx_word' id='word_1_430' title='bbox 1269 3759 1422 3823; x_wconf 88' lang='lat' dir='ltr'><strong>dictorum</strong></span> <span class='ocrx_word' id='word_1_431' title='bbox 1443 3758 1640 3836; x_wconf 90' lang='lat' dir='ltr'><strong>hospitalium</strong></span> <span class='ocrx_word' id='word_1_432' title='bbox 1656 3759 1817 3837; x_wconf 91' lang='lat' dir='ltr'><strong>pertinen·</strong></span> 
     </span>
    </p>

    <p class='ocr_par' dir='ltr' id='par_1_16' title="bbox 1066 3851 1817 3930">
     <span class='ocr_line' id='line_1_81' title="bbox 1066 3851 1817 3930; baseline -0.004 -15"><span class='ocrx_word' id='word_1_433' title='bbox 1066 3854 1148 3916; x_wconf 91' lang='lat' dir='ltr'><strong>tibus</strong></span> <span class='ocrx_word' id='word_1_434' title='bbox 1180 3861 1242 3914; x_wconf 90' lang='lat' dir='ltr'><strong>tam</strong></span> <span class='ocrx_word' id='word_1_435' title='bbox 1272 3851 1421 3914; x_wconf 90' lang='lat' dir='ltr'><strong>emanatis</strong></span> <span class='ocrx_word' id='word_1_436' title='bbox 1452 3867 1544 3930; x_wconf 93' lang='lat' dir='ltr'><strong>quam</strong></span> <span class='ocrx_word' id='word_1_437' title='bbox 1576 3851 1770 3927; x_wconf 88' lang='lat' dir='ltr'><strong>emanandis,</strong></span> <span class='ocrx_word' id='word_1_438' title='bbox 1800 3869 1817 3912; x_wconf 92' lang='lat' dir='ltr'><strong>a</strong></span> 
     </span>
    </p>

    <p class='ocr_par' dir='ltr' id='par_1_17' title="bbox 1067 3943 1817 4024">
     <span class='ocr_line' id='line_1_82' title="bbox 1067 3943 1817 4024; baseline -0.003 -16"><span class='ocrx_word' id='word_1_439' title='bbox 1067 3946 1305 4024; x_wconf 89' lang='lat' dir='ltr'><strong>provincialibus</strong></span> <span class='ocrx_word' id='word_1_440' title='bbox 1326 3953 1356 4006; x_wconf 97' lang='grc' dir='ltr'><strong>ιι</strong></span> <span class='ocrx_word' id='word_1_441' title='bbox 1371 3944 1587 4006; x_wconf 87' lang='lat' dir='ltr'><strong>definitoribus</strong></span> <span class='ocrx_word' id='word_1_442' title='bbox 1602 3943 1766 4020; x_wconf 91' lang='lat' dir='ltr'><strong>eligendis,</strong></span> <span class='ocrx_word' id='word_1_443' title='bbox 1783 3951 1817 4006; x_wconf 92' lang='grc' dir='ltr'><strong>ιιι</strong></span> 
     </span>
    </p>

    <p class='ocr_par' dir='ltr' id='par_1_18' title="bbox 1035 4037 1819 4208">
     <span class='ocr_line' id='line_1_83' title="bbox 1064 4037 1818 4116; baseline 0 -16"><span class='ocrx_word' id='word_1_444' title='bbox 1064 4055 1167 4116; x_wconf 90' lang='lat' dir='ltr'><strong>supra,</strong></span> <span class='ocrx_word' id='word_1_445' title='bbox 1191 4040 1290 4116; x_wconf 89' lang='lat' dir='ltr'><strong>quoad</strong></span> <span class='ocrx_word' id='word_1_446' title='bbox 1312 4039 1504 4115; x_wconf 91' lang='lat' dir='ltr'><strong>superiorem</strong></span> <span class='ocrx_word' id='word_1_447' title='bbox 1527 4037 1704 4113; x_wconf 90' lang='lat' dir='ltr'><strong>generalem</strong></span> <span class='ocrx_word' id='word_1_448' title='bbox 1720 4038 1818 4100; x_wconf 89' lang='lat' dir='ltr'><strong>dictae</strong></span> 
     </span>
     <span class='ocr_line' id='line_1_84' title="bbox 1035 4129 1819 4208; baseline -0.003 -14"><span class='ocrx_word' id='word_1_449' title='bbox 1035 4162 1037 4203; x_wconf 69' lang='grc' dir='ltr'><strong>ι</strong></span> <span class='ocrx_word' id='word_1_450' title='bbox 1064 4131 1314 4208; x_wconf 85' lang='lat' dir='ltr'><strong>congregationis</strong></span> <span class='ocrx_word' id='word_1_451' title='bbox 1335 4131 1368 4191; x_wconf 93' lang='grc' dir='ltr'><strong>ιιι</strong></span> <span class='ocrx_word' id='word_1_452' title='bbox 1391 4130 1533 4208; x_wconf 85' lang='lat' dir='ltr'><strong>Hispania</strong></span> <span class='ocrx_word' id='word_1_453' title='bbox 1559 4129 1748 4192; x_wconf 87' lang='lat' dir='ltr'><strong>residentem</strong></span> <span class='ocrx_word' id='word_1_454' title='bbox 1769 4147 1819 4192; x_wconf 88' lang='lat' dir='ltr'><strong>re-</strong></span> 
     </span>
    </p>

    <p class='ocr_par' dir='ltr' id='par_1_19' title="bbox 1035 4221 1818 4315">
     <span class='ocr_line' id='line_1_85' title="bbox 1035 4221 1818 4315; baseline -0.004 -28"><span class='ocrx_word' id='word_1_455' title='bbox 1035 4226 1039 4315; x_wconf 71' lang='lat' dir='ltr'><strong>l</strong></span> <span class='ocrx_word' id='word_1_456' title='bbox 1065 4233 1220 4299; x_wconf 90' lang='lat' dir='ltr'><strong>curratur,</strong></span> <span class='ocrx_word' id='word_1_457' title='bbox 1242 4225 1283 4285; x_wconf 87' lang='lat' dir='ltr'><strong>ita</strong></span> <span class='ocrx_word' id='word_1_458' title='bbox 1305 4223 1482 4300; x_wconf 90' lang='lat' dir='ltr'><strong>postulante</strong></span> <span class='ocrx_word' id='word_1_459' title='bbox 1502 4221 1658 4284; x_wconf 92' lang='lat' dir='ltr'><strong>dictorum</strong></span> <span class='ocrx_word' id='word_1_460' title='bbox 1680 4226 1818 4285; x_wconf 92' lang='lat' dir='ltr'><strong>decreto-</strong></span> 
     </span>
    </p>
   </div>
   <div class='ocr_carea' id='block_1_8' title="bbox 65 4315 1818 4401">
    <p class='ocr_par' dir='ltr' id='par_1_20' title="bbox 65 4315 1818 4401">
     <span class='ocr_line' id='line_1_86' title="bbox 65 4315 1818 4401; baseline 0.001 -24"><span class='ocrx_word' id='word_1_461' title='bbox 65 4331 241 4379; x_wconf 72' lang='lat' dir='ltr'><strong>asucuontsuo</strong></span> <span class='ocrx_word' id='word_1_462' title='bbox 260 4317 294 4378; x_wconf 90' lang='lat' dir='ltr'><strong>ad</strong></span> <span class='ocrx_word' id='word_1_463' title='bbox 318 4315 517 4395; x_wconf 81' lang='lat' dir='ltr'><strong>hospitalium</strong></span> <span class='ocrx_word' id='word_1_464' title='bbox 539 4317 683 4392; x_wconf 90' lang='lat' dir='ltr'><strong>regimen</strong></span> <span class='ocrx_word' id='word_1_465' title='bbox 706 4324 736 4378; x_wconf 89' lang='lat' dir='ltr'><strong>et</strong></span> <span class='ocrx_word' id='word_1_466' title='bbox 758 4319 942 4381; x_wconf 91' lang='lat' dir='ltr'><strong>eorumdem</strong></span> <span class='ocrx_word' id='word_1_467' title='bbox 959 4321 1009 4380; x_wconf 94' lang='lat' dir='ltr'><strong>bo·</strong></span> <span class='ocrx_word' id='word_1_468' title='bbox 1035 4338 1037 4401; x_wconf 57' lang='grc' dir='ltr'><strong>ι</strong></span> <span class='ocrx_word' id='word_1_469' title='bbox 1066 4335 1137 4380; x_wconf 89' lang='lat' dir='ltr'><strong>rum</strong></span> <span class='ocrx_word' id='word_1_470' title='bbox 1159 4335 1193 4379; x_wconf 91' lang='lat' dir='ltr'><strong>ac</strong></span> <span class='ocrx_word' id='word_1_471' title='bbox 1215 4317 1430 4396; x_wconf 89' lang='lat' dir='ltr'><strong>provisionum</strong></span> <span class='ocrx_word' id='word_1_472' title='bbox 1452 4325 1576 4393; x_wconf 82' lang='lat' dir='ltr'><strong>natura3</strong></span> <span class='ocrx_word' id='word_1_473' title='bbox 1601 4331 1677 4393; x_wconf 75' lang='lat' dir='ltr'><strong>aquae</strong></span> <span class='ocrx_word' id='word_1_474' title='bbox 1693 4333 1765 4378; x_wconf 91' lang='lat' dir='ltr'><strong>com</strong></span> <span class='ocrx_word' id='word_1_475' title='bbox 1779 4318 1818 4380; x_wconf 91' lang='lat' dir='ltr'><strong>ad</strong></span> 
     </span>
    </p>
   </div>
   <div class='ocr_carea' id='block_1_9' title="bbox 65 4385 242 4485">
    <p class='ocr_par' dir='ltr' id='par_1_21' title="bbox 65 4385 242 4485">
     <span class='ocr_line' id='line_1_87' title="bbox 65 4385 242 4485; baseline 0.011 -55"><span class='ocrx_word' id='word_1_476' title='bbox 65 4385 242 4485; x_wconf 56' lang='lat' dir='ltr'><strong>ffiordioario-</strong></span> 
     </span>
    </p>
   </div>
   <div class='ocr_carea' id='block_1_10' title="bbox 259 4408 1010 5979">
    <p class='ocr_par' dir='ltr' id='par_1_22' title="bbox 259 4408 1010 5979">
     <span class='ocr_line' id='line_1_88' title="bbox 259 4408 1009 4485; baseline 0.005 -15"><span class='ocrx_word' id='word_1_477' title='bbox 259 4425 373 4471; x_wconf 90' lang='lat' dir='ltr'><strong>norum</strong></span> <span class='ocrx_word' id='word_1_478' title='bbox 408 4418 439 4470; x_wconf 90' lang='lat' dir='ltr'><strong>et</strong></span> <span class='ocrx_word' id='word_1_479' title='bbox 470 4408 736 4485; x_wconf 81' lang='lat' dir='ltr'><strong>eleemosynarum</strong></span> <span class='ocrx_word' id='word_1_480' title='bbox 768 4410 1009 4475; x_wconf 88' lang='lat' dir='ltr'><strong>administratio-</strong></span> 
     </span>
     <span class='ocr_line' id='line_1_89' title="bbox 260 4502 1007 4582; baseline 0.005 -18"><span class='ocrx_word' id='word_1_481' title='bbox 260 4518 332 4564; x_wconf 91' lang='lat' dir='ltr'><strong>nem</strong></span> <span class='ocrx_word' id='word_1_482' title='bbox 353 4502 514 4564; x_wconf 87' lang='lat' dir='ltr'><strong>dumtaxat</strong></span> <span class='ocrx_word' id='word_1_483' title='bbox 531 4503 742 4578; x_wconf 90' lang='lat' dir='ltr'><strong>pertiuebunt,</strong></span> <span class='ocrx_word' id='word_1_484' title='bbox 759 4506 1007 4582; x_wconf 90' lang='lat' dir='ltr'><strong>respectivornm</strong></span> 
     </span>
     <span class='ocr_line' id='line_1_90' title="bbox 261 4595 1008 4671; baseline 0.005 -13"><span class='ocrx_word' id='word_1_485' title='bbox 261 4595 494 4660; x_wconf 71' lang='lat' dir='ltr'><strong>ordinariorum</strong></span> <span class='ocrx_word' id='word_1_486' title='bbox 510 4611 565 4670; x_wconf 92' lang='lat' dir='ltr'><strong>pro</strong></span> <span class='ocrx_word' id='word_1_487' title='bbox 588 4601 727 4671; x_wconf 87' lang='lat' dir='ltr'><strong>tempore</strong></span> <span class='ocrx_word' id='word_1_488' title='bbox 741 4596 944 4660; x_wconf 89' lang='lat' dir='ltr'><strong>existentium</strong></span> <span class='ocrx_word' id='word_1_489' title='bbox 961 4610 1008 4662; x_wconf 89' lang='lat' dir='ltr'><strong>ut·</strong></span> 
     </span>
     <span class='ocr_line' id='line_1_91' title="bbox 261 4687 1005 4767; baseline 0.004 -17"><span class='ocrx_word' id='word_1_490' title='bbox 261 4697 330 4767; x_wconf 89' lang='lat' dir='ltr'><strong>pote</strong></span> <span class='ocrx_word' id='word_1_491' title='bbox 352 4689 562 4764; x_wconf 88' lang='lat' dir='ltr'><strong>delegatorum</strong></span> <span class='ocrx_word' id='word_1_492' title='bbox 578 4687 816 4764; x_wconf 89' lang='lat' dir='ltr'><strong>apostolicorum</strong></span> <span class='ocrx_word' id='word_1_493' title='bbox 831 4689 1005 4766; x_wconf 91' lang='lat' dir='ltr'><strong>directioni,</strong></span> 
     </span>
     <span class='ocr_line' id='line_1_92' title="bbox 260 4780 1009 4862; baseline 0.004 -19"><span class='ocrx_word' id='word_1_494' title='bbox 260 4798 350 4844; x_wconf 91' lang='lat' dir='ltr'><strong>curae</strong></span> <span class='ocrx_word' id='word_1_495' title='bbox 368 4791 398 4843; x_wconf 92' lang='lat' dir='ltr'><strong>et</strong></span> <span class='ocrx_word' id='word_1_496' title='bbox 413 4780 589 4856; x_wconf 87' lang='lat' dir='ltr'><strong>vigilantiae</strong></span> <span class='ocrx_word' id='word_1_497' title='bbox 604 4780 820 4856; x_wconf 84' lang='lat' dir='ltr'><strong>subiiciuntur,</strong></span> <span class='ocrx_word' id='word_1_498' title='bbox 837 4783 876 4844; x_wconf 94' lang='lat' dir='ltr'><strong>ita</strong></span> <span class='ocrx_word' id='word_1_499' title='bbox 893 4792 928 4845; x_wconf 94' lang='lat' dir='ltr'><strong>ut</strong></span> <span class='ocrx_word' id='word_1_500' title='bbox 944 4801 1009 4862; x_wconf 89' lang='lat' dir='ltr'><strong>pus·</strong></span> 
     </span>
     <span class='ocr_line' id='line_1_93' title="bbox 261 4873 1009 4950; baseline 0.003 -14"><span class='ocrx_word' id='word_1_501' title='bbox 261 4875 322 4938; x_wconf 90' lang='lat' dir='ltr'><strong>sint</strong></span> <span class='ocrx_word' id='word_1_502' title='bbox 343 4892 378 4937; x_wconf 92' lang='grc' dir='ltr'><strong>ιι</strong></span> <span class='ocrx_word' id='word_1_503' title='bbox 398 4874 529 4936; x_wconf 91' lang='lat' dir='ltr'><strong>debeant</strong></span> <span class='ocrx_word' id='word_1_504' title='bbox 551 4873 582 4934; x_wconf 91' lang='lat' dir='ltr'><strong>in</strong></span> <span class='ocrx_word' id='word_1_505' title='bbox 605 4875 634 4936; x_wconf 93' lang='lat' dir='ltr'><strong>id</strong></span> <span class='ocrx_word' id='word_1_506' title='bbox 656 4875 850 4950; x_wconf 90' lang='lat' dir='ltr'><strong>potissimum</strong></span> <span class='ocrx_word' id='word_1_507' title='bbox 868 4877 1009 4940; x_wconf 92' lang='lat' dir='ltr'><strong>intende-</strong></span> 
     </span>
     <span class='ocr_line' id='line_1_94' title="bbox 262 4967 1009 5058; baseline 0.003 -28"><span class='ocrx_word' id='word_1_508' title='bbox 262 4985 306 5042; x_wconf 92' lang='lat' dir='ltr'><strong>re,</strong></span> <span class='ocrx_word' id='word_1_509' title='bbox 329 4985 370 5032; x_wconf 85' lang='grc' dir='ltr'><strong>ιιι</strong></span> <span class='ocrx_word' id='word_1_510' title='bbox 390 4967 589 5046; x_wconf 89' lang='lat' dir='ltr'><strong>hospitalium</strong></span> <span class='ocrx_word' id='word_1_511' title='bbox 619 4967 758 5029; x_wconf 89' lang='lat' dir='ltr'><strong>redditus</strong></span> <span class='ocrx_word' id='word_1_512' title='bbox 783 4974 815 5058; x_wconf 75' lang='lat' dir='ltr'><strong>et</strong></span> <span class='ocrx_word' id='word_1_513' title='bbox 840 4969 1009 5048; x_wconf 82' lang='lat' dir='ltr'><strong>eleemosy-</strong></span> 
     </span>
     <span class='ocr_line' id='line_1_95' title="bbox 263 5059 1007 5139; baseline 0.001 -17"><span class='ocrx_word' id='word_1_514' title='bbox 263 5077 318 5122; x_wconf 91' lang='lat' dir='ltr'><strong>nae</strong></span> <span class='ocrx_word' id='word_1_515' title='bbox 340 5061 510 5139; x_wconf 89' lang='lat' dir='ltr'><strong>praedictae</strong></span> <span class='ocrx_word' id='word_1_516' title='bbox 531 5059 566 5120; x_wconf 94' lang='lat' dir='ltr'><strong>ad</strong></span> <span class='ocrx_word' id='word_1_517' title='bbox 588 5060 662 5120; x_wconf 88' lang='lat' dir='ltr'><strong>alios</strong></span> <span class='ocrx_word' id='word_1_518' title='bbox 684 5075 758 5121; x_wconf 90' lang='lat' dir='ltr'><strong>usus</strong></span> <span class='ocrx_word' id='word_1_519' title='bbox 783 5059 1007 5137; x_wconf 89' lang='lat' dir='ltr'><strong>distrahantur,</strong></span> 
     </span>
     <span class='ocr_line' id='line_1_96' title="bbox 260 5153 1007 5231; baseline 0 -15"><span class='ocrx_word' id='word_1_520' title='bbox 260 5153 312 5216; x_wconf 88' lang='lat' dir='ltr'><strong>sed</strong></span> <span class='ocrx_word' id='word_1_521' title='bbox 324 5155 369 5224; x_wconf 80' lang='lat' dir='ltr'><strong>,ad</strong></span> <span class='ocrx_word' id='word_1_522' title='bbox 391 5154 603 5226; x_wconf 83' lang='lat' dir='ltr'><strong>infirmorum,</strong></span> <span class='ocrx_word' id='word_1_523' title='bbox 619 5167 674 5229; x_wconf 93' lang='lat' dir='ltr'><strong>pro</strong></span> <span class='ocrx_word' id='word_1_524' title='bbox 695 5153 807 5231; x_wconf 90' lang='lat' dir='ltr'><strong>quibus</strong></span> <span class='ocrx_word' id='word_1_525' title='bbox 822 5153 908 5217; x_wconf 90' lang='lat' dir='ltr'><strong>datae</strong></span> <span class='ocrx_word' id='word_1_526' title='bbox 922 5163 1007 5229; x_wconf 89' lang='lat' dir='ltr'><strong>sunt,</strong></span> 
     </span>
     <span class='ocr_line' id='line_1_97' title="bbox 261 5246 1009 5325; baseline -0.001 -17"><span class='ocrx_word' id='word_1_527' title='bbox 261 5246 434 5310; x_wconf 86' lang='lat' dir='ltr'><strong>subsidium</strong></span> <span class='ocrx_word' id='word_1_528' title='bbox 454 5261 579 5323; x_wconf 88' lang='lat' dir='ltr'><strong>prorsus</strong></span> <span class='ocrx_word' id='word_1_529' title='bbox 599 5251 781 5320; x_wconf 85' lang='lat' dir='ltr'><strong>erogentur,</strong></span> <span class='ocrx_word' id='word_1_530' title='bbox 804 5253 901 5322; x_wconf 91' lang='lat' dir='ltr'><strong>utque</strong></span> <span class='ocrx_word' id='word_1_531' title='bbox 923 5262 1009 5325; x_wconf 89' lang='lat' dir='ltr'><strong>prae-</strong></span> 
     </span>
     <span class='ocr_line' id='line_1_98' title="bbox 262 5337 1009 5416; baseline -0.005 -12"><span class='ocrx_word' id='word_1_532' title='bbox 262 5349 344 5406; x_wconf 89' lang='lat' dir='ltr'><strong>terea</strong></span> <span class='ocrx_word' id='word_1_533' title='bbox 364 5340 499 5402; x_wconf 89' lang='lat' dir='ltr'><strong>rationes</strong></span> <span class='ocrx_word' id='word_1_534' title='bbox 519 5339 672 5399; x_wconf 90' lang='lat' dir='ltr'><strong>bonorum</strong></span> <span class='ocrx_word' id='word_1_535' title='bbox 694 5344 724 5403; x_wconf 89' lang='lat' dir='ltr'><strong>et</strong></span> <span class='ocrx_word' id='word_1_536' title='bbox 740 5337 1009 5416; x_wconf 85' lang='lat' dir='ltr'><strong>eleemosynarum</strong></span> 
     </span>
     <span class='ocr_line' id='line_1_99' title="bbox 262 5430 1010 5507; baseline -0.009 -7"><span class='ocrx_word' id='word_1_537' title='bbox 262 5435 436 5500; x_wconf 84' lang='lat' dir='ltr'><strong>huiusmodi</strong></span> <span class='ocrx_word' id='word_1_538' title='bbox 466 5451 482 5494; x_wconf 92' lang='lat' dir='ltr'><strong>a</strong></span> <span class='ocrx_word' id='word_1_539' title='bbox 511 5432 600 5496; x_wconf 87' lang='lat' dir='ltr'><strong>dictis</strong></span> <span class='ocrx_word' id='word_1_540' title='bbox 630 5430 837 5493; x_wconf 88' lang='lat' dir='ltr'><strong>confratribus</strong></span> <span class='ocrx_word' id='word_1_541' title='bbox 867 5437 1010 5507; x_wconf 91' lang='lat' dir='ltr'><strong>repetere</strong></span> 
     </span>
     <span class='ocr_line' id='line_1_100' title="bbox 261 5523 1008 5606; baseline -0.008 -14"><span class='ocrx_word' id='word_1_542' title='bbox 261 5529 380 5606; x_wconf 88' lang='lat' dir='ltr'><strong>possint</strong></span> <span class='ocrx_word' id='word_1_543' title='bbox 401 5544 434 5589; x_wconf 87' lang='lat' dir='ltr'><strong>ac</strong></span> <span class='ocrx_word' id='word_1_544' title='bbox 455 5526 597 5599; x_wconf 87' lang='lat' dir='ltr'><strong>debeant,</strong></span> <span class='ocrx_word' id='word_1_545' title='bbox 617 5525 811 5600; x_wconf 90' lang='lat' dir='ltr'><strong>omninoque</strong></span> <span class='ocrx_word' id='word_1_546' title='bbox 839 5523 1008 5599; x_wconf 89' lang='lat' dir='ltr'><strong>invigilent</strong></span> 
     </span>
     <span class='ocr_line' id='line_1_101' title="bbox 260 5615 1009 5701; baseline -0.008 -17"><span class='ocrx_word' id='word_1_547' title='bbox 260 5631 353 5701; x_wconf 88' lang='lat' dir='ltr'><strong>atque</strong></span> <span class='ocrx_word' id='word_1_548' title='bbox 374 5628 494 5683; x_wconf 89' lang='lat' dir='ltr'><strong>attente</strong></span> <span class='ocrx_word' id='word_1_549' title='bbox 516 5618 709 5697; x_wconf 90' lang='lat' dir='ltr'><strong>provideant,</strong></span> <span class='ocrx_word' id='word_1_550' title='bbox 727 5624 761 5677; x_wconf 91' lang='lat' dir='ltr'><strong>ut</strong></span> <span class='ocrx_word' id='word_1_551' title='bbox 782 5615 855 5678; x_wconf 91' lang='lat' dir='ltr'><strong>dicti</strong></span> <span class='ocrx_word' id='word_1_552' title='bbox 870 5616 1009 5678; x_wconf 91' lang='lat' dir='ltr'><strong>redditus</strong></span> 
     </span>
     <span class='ocr_line' id='line_1_102' title="bbox 262 5709 1010 5793; baseline -0.007 -16"><span class='ocrx_word' id='word_1_553' title='bbox 262 5713 500 5793; x_wconf 89' lang='lat' dir='ltr'><strong>quamoptime</strong></span> <span class='ocrx_word' id='word_1_554' title='bbox 528 5712 760 5788; x_wconf 88' lang='lat' dir='ltr'><strong>rectissimeque</strong></span> <span class='ocrx_word' id='word_1_555' title='bbox 791 5709 1010 5773; x_wconf 89' lang='lat' dir='ltr'><strong>administran-</strong></span> 
     </span>
     <span class='ocr_line' id='line_1_103' title="bbox 263 5807 1010 5886; baseline -0.003 -16"><span class='ocrx_word' id='word_1_556' title='bbox 263 5817 314 5872; x_wconf 89' lang='lat' dir='ltr'><strong>tur</strong></span> <span class='ocrx_word' id='word_1_557' title='bbox 334 5818 567 5886; x_wconf 90' lang='lat' dir='ltr'><strong>erogenturque</strong></span> <span class='ocrx_word' id='word_1_558' title='bbox 587 5807 621 5869; x_wconf 91' lang='lat' dir='ltr'><strong>in</strong></span> <span class='ocrx_word' id='word_1_559' title='bbox 643 5807 821 5883; x_wconf 86' lang='lat' dir='ltr'><strong>utilitatem,</strong></span> <span class='ocrx_word' id='word_1_560' title='bbox 837 5808 1010 5870; x_wconf 85' lang='lat' dir='ltr'><strong>subsidium</strong></span> 
     </span>
     <span class='ocr_line' id='line_1_104' title="bbox 261 5901 1009 5979; baseline 0 -17"><span class='ocrx_word' id='word_1_561' title='bbox 261 5909 293 5962; x_wconf 89' lang='grc' dir='ltr'><strong>ιι</strong></span> <span class='ocrx_word' id='word_1_562' title='bbox 312 5901 457 5964; x_wconf 89' lang='lat' dir='ltr'><strong>levamen</strong></span> <span class='ocrx_word' id='word_1_563' title='bbox 479 5917 650 5979; x_wconf 88' lang='lat' dir='ltr'><strong>pauperum</strong></span> <span class='ocrx_word' id='word_1_564' title='bbox 680 5901 890 5975; x_wconf 84' lang='lat' dir='ltr'><strong>infirmorum,</strong></span> <span class='ocrx_word' id='word_1_565' title='bbox 912 5909 1009 5962; x_wconf 87' lang='lat' dir='ltr'><strong>caete·</strong></span> 
     </span>
    </p>
   </div>
   <div class='ocr_carea' id='block_1_11' title="bbox 1035 4408 1836 5976">
    <p class='ocr_par' dir='ltr' id='par_1_23' title="bbox 1035 4408 1836 5976">
     <span class='ocr_line' id='line_1_105' title="bbox 1035 4408 1818 4488; baseline -0.004 -14"><span class='ocrx_word' id='word_1_566' title='bbox 1035 4408 1038 4457; x_wconf 80' lang='lat' dir='ltr'><strong>t</strong></span> <span class='ocrx_word' id='word_1_567' title='bbox 1067 4414 1183 4474; x_wconf 92' lang='lat' dir='ltr'><strong>bouum</strong></span> <span class='ocrx_word' id='word_1_568' title='bbox 1214 4410 1459 4488; x_wconf 89' lang='lat' dir='ltr'><strong>publicumtam</strong></span> <span class='ocrx_word' id='word_1_569' title='bbox 1489 4423 1605 4484; x_wconf 89' lang='lat' dir='ltr'><strong>urgens</strong></span> <span class='ocrx_word' id='word_1_570' title='bbox 1626 4425 1659 4469; x_wconf 88' lang='lat' dir='ltr'><strong>ac</strong></span> <span class='ocrx_word' id='word_1_571' title='bbox 1680 4423 1818 4471; x_wconf 87' lang='lat' dir='ltr'><strong>necessa-</strong></span> 
     </span>
     <span class='ocr_line' id='line_1_106' title="bbox 1035 4498 1819 4590; baseline -0.003 -23"><span class='ocrx_word' id='word_1_572' title='bbox 1035 4498 1038 4590; x_wconf 68' lang='grc' dir='ltr'><strong>ι</strong></span> <span class='ocrx_word' id='word_1_573' title='bbox 1066 4507 1147 4568; x_wconf 89' lang='lat' dir='ltr'><strong>rium</strong></span> <span class='ocrx_word' id='word_1_574' title='bbox 1171 4504 1359 4584; x_wconf 90' lang='lat' dir='ltr'><strong>pertineant,</strong></span> <span class='ocrx_word' id='word_1_575' title='bbox 1375 4501 1473 4580; x_wconf 93' lang='lat' dir='ltr'><strong>qualis</strong></span> <span class='ocrx_word' id='word_1_576' title='bbox 1488 4511 1534 4564; x_wconf 90' lang='lat' dir='ltr'><strong>est</strong></span> <span class='ocrx_word' id='word_1_577' title='bbox 1549 4501 1749 4563; x_wconf 87' lang='lat' dir='ltr'><strong>intirmorum</strong></span> <span class='ocrx_word' id='word_1_578' title='bbox 1765 4519 1819 4565; x_wconf 92' lang='lat' dir='ltr'><strong>cu·</strong></span> 
     </span>
     <span class='ocr_line' id='line_1_107' title="bbox 1035 4595 1817 4675; baseline 0.003 -19"><span class='ocrx_word' id='word_1_579' title='bbox 1035 4600 1038 4656; x_wconf 86' lang='lat' dir='ltr'><strong>l</strong></span> <span class='ocrx_word' id='word_1_580' title='bbox 1066 4601 1153 4673; x_wconf 89' lang='lat' dir='ltr'><strong>ratio,</strong></span> <span class='ocrx_word' id='word_1_581' title='bbox 1184 4595 1413 4675; x_wconf 91' lang='lat' dir='ltr'><strong>providendum</strong></span> <span class='ocrx_word' id='word_1_582' title='bbox 1446 4603 1505 4669; x_wconf 90' lang='lat' dir='ltr'><strong>est,</strong></span> <span class='ocrx_word' id='word_1_583' title='bbox 1536 4607 1570 4658; x_wconf 88' lang='lat' dir='ltr'><strong>ut</strong></span> <span class='ocrx_word' id='word_1_584' title='bbox 1598 4611 1691 4672; x_wconf 90' lang='lat' dir='ltr'><strong>quam</strong></span> <span class='ocrx_word' id='word_1_585' title='bbox 1721 4595 1817 4658; x_wconf 89' lang='lat' dir='ltr'><strong>celer-</strong></span> 
     </span>
     <span class='ocr_line' id='line_1_108' title="bbox 1066 4687 1815 4766; baseline -0.005 -13"><span class='ocrx_word' id='word_1_586' title='bbox 1066 4693 1145 4753; x_wconf 89' lang='lat' dir='ltr'><strong>rime</strong></span> <span class='ocrx_word' id='word_1_587' title='bbox 1167 4692 1233 4752; x_wconf 87' lang='lat' dir='ltr'><strong>heri</strong></span> <span class='ocrx_word' id='word_1_588' title='bbox 1266 4697 1378 4766; x_wconf 89' lang='lat' dir='ltr'><strong>potest,</strong></span> <span class='ocrx_word' id='word_1_589' title='bbox 1407 4687 1584 4750; x_wconf 89' lang='lat' dir='ltr'><strong>executioni</strong></span> <span class='ocrx_word' id='word_1_590' title='bbox 1615 4688 1815 4764; x_wconf 90' lang='lat' dir='ltr'><strong>mandentur,</strong></span> 
     </span>
     <span class='ocr_line' id='line_1_109' title="bbox 1065 4780 1816 4861; baseline -0.007 -15"><span class='ocrx_word' id='word_1_591' title='bbox 1065 4784 1142 4861; x_wconf 91' lang='lat' dir='ltr'><strong>quin</strong></span> <span class='ocrx_word' id='word_1_592' title='bbox 1164 4797 1274 4844; x_wconf 89' lang='lat' dir='ltr'><strong>corum</strong></span> <span class='ocrx_word' id='word_1_593' title='bbox 1307 4781 1449 4843; x_wconf 88' lang='lat' dir='ltr'><strong>executio</strong></span> <span class='ocrx_word' id='word_1_594' title='bbox 1482 4780 1598 4841; x_wconf 90' lang='lat' dir='ltr'><strong>tamdiu</strong></span> <span class='ocrx_word' id='word_1_595' title='bbox 1629 4780 1816 4856; x_wconf 90' lang='lat' dir='ltr'><strong>retardetur,</strong></span> 
     </span>
     <span class='ocr_line' id='line_1_110' title="bbox 1066 4872 1818 4954; baseline -0.003 -18"><span class='ocrx_word' id='word_1_596' title='bbox 1066 4876 1204 4954; x_wconf 93' lang='lat' dir='ltr'><strong>quandiu</strong></span> <span class='ocrx_word' id='word_1_597' title='bbox 1225 4874 1434 4936; x_wconf 91' lang='lat' dir='ltr'><strong>necessarium</strong></span> <span class='ocrx_word' id='word_1_598' title='bbox 1456 4879 1547 4947; x_wconf 89' lang='lat' dir='ltr'><strong>esset,</strong></span> <span class='ocrx_word' id='word_1_599' title='bbox 1563 4873 1588 4932; x_wconf 90' lang='lat' dir='ltr'><strong>si</strong></span> <span class='ocrx_word' id='word_1_600' title='bbox 1603 4879 1675 4934; x_wconf 92' lang='lat' dir='ltr'><strong>ante</strong></span> <span class='ocrx_word' id='word_1_601' title='bbox 1690 4872 1818 4934; x_wconf 90' lang='lat' dir='ltr'><strong>illorum</strong></span> 
     </span>
     <span class='ocr_line' id='line_1_111' title="bbox 1066 4965 1819 5044; baseline -0.005 -14"><span class='ocrx_word' id='word_1_602' title='bbox 1066 4969 1282 5031; x_wconf 86' lang='lat' dir='ltr'><strong>executionem</strong></span> <span class='ocrx_word' id='word_1_603' title='bbox 1317 4967 1504 5044; x_wconf 88' lang='lat' dir='ltr'><strong>expectanda</strong></span> <span class='ocrx_word' id='word_1_604' title='bbox 1529 4973 1641 5028; x_wconf 78' lang='lat' dir='ltr'><strong>‘essent</strong></span> <span class='ocrx_word' id='word_1_605' title='bbox 1673 4965 1819 5044; x_wconf 87' lang='lat' dir='ltr'><strong>praedicti</strong></span> 
     </span>
     <span class='ocr_line' id='line_1_112' title="bbox 1066 5057 1819 5139; baseline -0.008 -15"><span class='ocrx_word' id='word_1_606' title='bbox 1066 5061 1235 5139; x_wconf 90' lang='lat' dir='ltr'><strong>superioris</strong></span> <span class='ocrx_word' id='word_1_607' title='bbox 1267 5059 1420 5137; x_wconf 86' lang='lat' dir='ltr'><strong>generalis</strong></span> <span class='ocrx_word' id='word_1_608' title='bbox 1452 5057 1578 5134; x_wconf 88' lang='lat' dir='ltr'><strong>Hispani</strong></span> <span class='ocrx_word' id='word_1_609' title='bbox 1610 5073 1757 5136; x_wconf 90' lang='lat' dir='ltr'><strong>responsa</strong></span> <span class='ocrx_word' id='word_1_610' title='bbox 1787 5063 1819 5119; x_wconf 89' lang='lat' dir='ltr'><strong>et</strong></span> 
     </span>
     <span class='ocr_line' id='line_1_113' title="bbox 1066 5151 1819 5230; baseline -0.007 -13"><span class='ocrx_word' id='word_1_611' title='bbox 1066 5154 1250 5230; x_wconf 71' lang='lat' dir='ltr'><strong>decisiones,</strong></span> <span class='ocrx_word' id='word_1_612' title='bbox 1266 5152 1349 5214; x_wconf 89' lang='lat' dir='ltr'><strong>salva</strong></span> <span class='ocrx_word' id='word_1_613' title='bbox 1365 5160 1468 5214; x_wconf 91' lang='lat' dir='ltr'><strong>tameo</strong></span> <span class='ocrx_word' id='word_1_614' title='bbox 1483 5167 1517 5213; x_wconf 94' lang='lat' dir='ltr'><strong>ac</strong></span> <span class='ocrx_word' id='word_1_615' title='bbox 1532 5151 1620 5211; x_wconf 86' lang='lat' dir='ltr'><strong>firma</strong></span> <span class='ocrx_word' id='word_1_616' title='bbox 1635 5157 1819 5212; x_wconf 88' lang='lat' dir='ltr'><strong>remanente</strong></span> 
     </span>
     <span class='ocr_line' id='line_1_114' title="bbox 1067 5243 1818 5324; baseline -0.003 -16"><span class='ocrx_word' id='word_1_617' title='bbox 1067 5247 1125 5324; x_wconf 91' lang='lat' dir='ltr'><strong>ipsi</strong></span> <span class='ocrx_word' id='word_1_618' title='bbox 1144 5247 1299 5324; x_wconf 89' lang='lat' dir='ltr'><strong>superiori</strong></span> <span class='ocrx_word' id='word_1_619' title='bbox 1321 5245 1457 5322; x_wconf 91' lang='lat' dir='ltr'><strong>generali</strong></span> <span class='ocrx_word' id='word_1_620' title='bbox 1473 5243 1615 5307; x_wconf 90' lang='lat' dir='ltr'><strong>facultate</strong></span> <span class='ocrx_word' id='word_1_621' title='bbox 1630 5259 1818 5321; x_wconf 89' lang='lat' dir='ltr'><strong>cognoscen-</strong></span> 
     </span>
     <span class='ocr_line' id='line_1_115' title="bbox 1066 5335 1819 5415; baseline -0.005 -15"><span class='ocrx_word' id='word_1_622' title='bbox 1066 5339 1096 5400; x_wconf 90' lang='lat' dir='ltr'><strong>di</strong></span> <span class='ocrx_word' id='word_1_623' title='bbox 1118 5357 1152 5401; x_wconf 90' lang='lat' dir='ltr'><strong>ac</strong></span> <span class='ocrx_word' id='word_1_624' title='bbox 1171 5338 1332 5401; x_wconf 90' lang='lat' dir='ltr'><strong>decidendi</strong></span> <span class='ocrx_word' id='word_1_625' title='bbox 1361 5352 1456 5414; x_wconf 89' lang='lat' dir='ltr'><strong>super</strong></span> <span class='ocrx_word' id='word_1_626' title='bbox 1482 5337 1733 5415; x_wconf 89' lang='lat' dir='ltr'><strong>quibuscumque</strong></span> <span class='ocrx_word' id='word_1_627' title='bbox 1753 5335 1819 5397; x_wconf 91' lang='lat' dir='ltr'><strong>aliis</strong></span> 
     </span>
     <span class='ocr_line' id='line_1_116' title="bbox 1066 5429 1819 5508; baseline -0.005 -14"><span class='ocrx_word' id='word_1_628' title='bbox 1066 5431 1165 5494; x_wconf 89' lang='lat' dir='ltr'><strong>causis</strong></span> <span class='ocrx_word' id='word_1_629' title='bbox 1185 5438 1217 5492; x_wconf 90' lang='grc' dir='ltr'><strong>ιι</strong></span> <span class='ocrx_word' id='word_1_630' title='bbox 1238 5430 1481 5508; x_wconf 90' lang='lat' dir='ltr'><strong>quaestiouibus,</strong></span> <span class='ocrx_word' id='word_1_631' title='bbox 1503 5445 1581 5508; x_wconf 90' lang='lat' dir='ltr'><strong>quae</strong></span> <span class='ocrx_word' id='word_1_632' title='bbox 1603 5429 1678 5490; x_wconf 92' lang='lat' dir='ltr'><strong>oriri</strong></span> <span class='ocrx_word' id='word_1_633' title='bbox 1693 5439 1819 5505; x_wconf 89' lang='lat' dir='ltr'><strong>possent</strong></span> 
     </span>
     <span class='ocr_line' id='line_1_117' title="bbox 1066 5519 1836 5598; baseline -0.005 -12"><span class='ocrx_word' id='word_1_634' title='bbox 1066 5526 1144 5586; x_wconf 90' lang='lat' dir='ltr'><strong>cirea</strong></span> <span class='ocrx_word' id='word_1_635' title='bbox 1170 5524 1330 5586; x_wconf 88' lang='lat' dir='ltr'><strong>internam</strong></span> <span class='ocrx_word' id='word_1_636' title='bbox 1357 5531 1574 5585; x_wconf 89' lang='lat' dir='ltr'><strong>conventuum</strong></span> <span class='ocrx_word' id='word_1_637' title='bbox 1602 5519 1836 5598; x_wconf 77' lang='lat' dir='ltr'><strong>disciplinam,</strong></span> 
     </span>
     <span class='ocr_line' id='line_1_118' title="bbox 1066 5615 1818 5693; baseline -0.001 -14"><span class='ocrx_word' id='word_1_638' title='bbox 1066 5623 1097 5679; x_wconf 92' lang='grc' dir='ltr'><strong>ιι</strong></span> <span class='ocrx_word' id='word_1_639' title='bbox 1119 5619 1198 5681; x_wconf 83' lang='grc' dir='ltr'>ιιιιι</span> <span class='ocrx_word' id='word_1_640' title='bbox 1219 5618 1364 5693; x_wconf 90' lang='lat' dir='ltr'><strong>regimen</strong></span> <span class='ocrx_word' id='word_1_641' title='bbox 1384 5615 1618 5678; x_wconf 91' lang='lat' dir='ltr'><strong>communitatis</strong></span> <span class='ocrx_word' id='word_1_642' title='bbox 1645 5615 1818 5692; x_wconf 89' lang='lat' dir='ltr'><strong>religiosae,</strong></span> 
     </span>
     <span class='ocr_line' id='line_1_119' title="bbox 1068 5709 1821 5790; baseline -0.005 -16"><span class='ocrx_word' id='word_1_643' title='bbox 1068 5714 1206 5790; x_wconf 90' lang='lat' dir='ltr'><strong>itemque</strong></span> <span class='ocrx_word' id='word_1_644' title='bbox 1226 5711 1309 5772; x_wconf 91' lang='lat' dir='ltr'><strong>salva</strong></span> <span class='ocrx_word' id='word_1_645' title='bbox 1330 5719 1361 5772; x_wconf 95' lang='lat' dir='ltr'><strong>et</strong></span> <span class='ocrx_word' id='word_1_646' title='bbox 1383 5711 1472 5772; x_wconf 91' lang='lat' dir='ltr'><strong>llrma</strong></span> <span class='ocrx_word' id='word_1_647' title='bbox 1492 5719 1676 5772; x_wconf 90' lang='lat' dir='ltr'><strong>remanente</strong></span> <span class='ocrx_word' id='word_1_648' title='bbox 1701 5709 1821 5788; x_wconf 90' lang='lat' dir='ltr'><strong>praedi-</strong></span> 
     </span>
     <span class='ocr_line' id='line_1_120' title="bbox 1066 5802 1819 5879; baseline -0.001 -13"><span class='ocrx_word' id='word_1_649' title='bbox 1066 5805 1107 5866; x_wconf 91' lang='lat' dir='ltr'><strong>cti</strong></span> <span class='ocrx_word' id='word_1_650' title='bbox 1128 5805 1251 5867; x_wconf 85' lang='lat' dir='ltr'><strong>Ordinis</strong></span> <span class='ocrx_word' id='word_1_651' title='bbox 1279 5803 1347 5867; x_wconf 91' lang='lat' dir='ltr'><strong>sive</strong></span> <span class='ocrx_word' id='word_1_652' title='bbox 1376 5802 1625 5879; x_wconf 89' lang='lat' dir='ltr'><strong>congregationis</strong></span> <span class='ocrx_word' id='word_1_653' title='bbox 1646 5803 1704 5864; x_wconf 91' lang='lat' dir='ltr'><strong>sub</strong></span> <span class='ocrx_word' id='word_1_654' title='bbox 1726 5803 1819 5865; x_wconf 94' lang='lat' dir='ltr'><strong>unico</strong></span> 
     </span>
     <span class='ocr_line' id='line_1_121' title="bbox 1065 5891 1819 5976; baseline 0.003 -17"><span class='ocrx_word' id='word_1_655' title='bbox 1065 5897 1164 5976; x_wconf 87' lang='lat' dir='ltr'><strong>capite</strong></span> <span class='ocrx_word' id='word_1_656' title='bbox 1185 5897 1316 5958; x_wconf 82' lang='lat' dir='ltr'><strong>unitate.</strong></span> <span class='ocrx_word' id='word_1_657' title='bbox 1339 5896 1510 5960; x_wconf 77' lang='lat' dir='ltr'><strong>ordinariis</strong></span> <span class='ocrx_word' id='word_1_658' title='bbox 1531 5891 1639 5960; x_wconf 87' lang='lat' dir='ltr'><strong>autem</strong></span> <span class='ocrx_word' id='word_1_659' title='bbox 1665 5895 1819 5973; x_wconf 85' lang='lat' dir='ltr'><strong>locorum,</strong></span> 
     </span>
    </p>
   </div>
   <div class='ocr_carea' id='block_1_12' title="bbox 0 0 2383 6980">
    <p class='ocr_par' dir='ltr' id='par_1_24' title="bbox 0 0 2383 6980">
     <span class='ocr_line' id='line_1_122' title="bbox 0 0 2383 6980; baseline 0 0"><span class='ocrx_word' id='word_1_660' title='bbox 0 0 2383 6980; x_wconf 95' lang='lat' dir='ltr'><strong> </strong></span> 
     </span>
    </p>
   </div>
  </div>
 </body>
</html>
