4740 6962
69 619 104 669 lu.
114 615 136 664 G.
154 609 214 661 1773

899 621 1041 667 GLEMENS
1064 621 1127 665 llll'.

242 759 299 804 non
323 741 428 804 minus
450 743 654 821 spiritualem,
671 760 764 823 quam
781 739 983 822 temporalem

243 835 326 897 istius
342 835 445 914 populi
466 836 634 900 utilitatem
649 839 808 900 intuentes
822 834 984 897 sancienda

240 945 300 990 esse
323 928 540 1005 iudicavimus,
564 930 597 994 in
620 947 682 1009 quo
706 929 880 1011 plurimum
900 927 983 989 solli·

238 1021 378 1096 citudini,
400 1040 433 1086 ac
454 1024 595 1102 pastorali
617 1024 799 1102 vigilantiae
821 1030 891 1085 tuae
913 1037 983 1084 cou-

239 1114 373 1190 fidimus,
396 1115 451 1194 qui
472 1115 548 1178 illud
570 1117 707 1196 profecto
735 1117 899 1180 sedulitate
919 1123 983 1176 stu-

238 1209 347 1287 dioque
370 1216 424 1271 tuo
446 1209 569 1285 efficies,
593 1211 726 1291 nequid
747 1210 883 1273 edivino
898 1206 983 1271 cultu

238 1302 522 1364 detractumrideri
543 1303 649 1379 possit,
666 1305 717 1366 sed
740 1320 800 1382 quo
823 1302 926 1364 minor
940 1301 983 1363 fe·

236 1402 356 1457 storum
389 1393 513 1456 dierum
544 1395 641 1458 tactus
674 1403 720 1458 est
750 1411 918 1469 numerus,
947 1409 983 1455 eo

238 1487 333 1550 maior
346 1487 388 1549 sit
403 1489 436 1550 in
451 1488 640 1567 populorum
662 1489 772 1551 animis
788 1487 908 1567 pietatis
923 1485 983 1547 fer·

238 1597 293 1642 vor
312 1597 345 1644 ac
366 1582 500 1644 devotio.
524 1583 676 1662 Cepimus
696 1590 802 1646 autem
823 1600 856 1644 ac
877 1581 910 1642 in
925 1580 982 1641 Do-

238 1672 321 1736 mino
343 1690 533 1754 magnopere
553 1676 726 1753 hortamur,
750 1684 785 1739 ut
805 1673 981 1738 fraternitas

238 1775 290 1828 tna
310 1767 439 1845 populos
467 1769 521 1831 tibi
550 1785 604 1848 per
632 1769 840 1848 apostoticam
869 1768 981 1832 Sedem

237 1859 415 1922 commissos
436 1877 530 1940 quam
550 1862 727 1941 saepissime
745 1861 916 1926 edocendos
931 1878 981 1924 cu·

237 1961 285 2014 ret
298 1969 377 2030 quae
388 1955 424 2016 ad
439 1955 552 2017 iustam
565 1955 796 2034 legitimamque
806 1954 927 2018 dierum
939 1953 982 2018 fe-

236 2053 356 2107 storum
367 2047 607 2110 celebrationem
618 2049 789 2127 pertinent,
801 2065 863 2127 quo
873 2049 981 2110 ardore

236 2155 355 2218 quaqua
385 2140 563 2203 bumilitate
592 2141 718 2219 spiritus
745 2143 863 2204 adstare
884 2141 980 2206 SSrim

236 2233 339 2294 altaris
355 2232 524 2309 Sacrificio,
541 2251 602 2313 quo
622 2234 736 2310 studio,
755 2252 815 2314 qua
836 2236 981 2312 frequen·

238 2327 278 2387 tia
300 2326 414 2389 divinis
444 2327 567 2404 Officiis,
596 2329 687 2390 sacris
716 2328 924 2390 concionibus
951 2334 981 2390 et

236 2418 429 2482 Christianae
444 2421 608 2483 Doctrinae
623 2420 871 2484 institutionibus
886 2420 981 2483 inter·

237 2527 303 2573 esse
325 2512 468 2588 debeant,
491 2521 523 2575 et
543 2529 585 2575 ne
605 2529 662 2592 per
686 2530 738 2576 eos
767 2515 832 2578 dies
854 2515 982 2578 Christi-

237 2605 378 2668 lidelium
392 2608 484 2669 corda
500 2617 671 2684 graventur
684 2609 820 2686 crapula,
837 2615 868 2670 et
883 2609 982 2671 ebrie·

238 2704 300 2759 tate
322 2707 353 2761 et
378 2699 585 2763 saecularibus
612 2701 862 2778 cogitationibus,
890 2718 981 2781 quam

236 2790 508 2869 diligentissimam
536 2810 659 2872 operam
688 2794 760 2856 dare
788 2795 922 2870 debebis,
949 2803 995 2858 ut-

237 2885 363 2963 profana
390 2903 531 2966 quaeque
558 2887 690 2965 ludrica,
722 2897 754 2952 et
780 2890 884 2952 minus
912 2890 984 2952 reli·

237 2980 321 3057 glosa
341 2996 357 3040 a
379 2981 511 3059 publicis
532 2980 605 3043 locis
631 2990 853 3060 amoveantur3
876 2991 982 3046 contra

237 3091 313 3137 vero
334 3076 367 3136 in
379 3082 546 3152 conspectu
558 3075 612 3136 illa
625 3075 701 3152 sint,
713 3077 899 3156 abundeque
912 3093 982 3156 sup

236 3176 356 3248 petant,
371 3183 450 3247 quae
470 3167 505 3229 ad
528 3167 692 3231 forandam
707 3169 907 3232 devotionem
921 3169 984 3247 pie-

237 3269 397 3344 tatemque
411 3261 584 3338 plurimum
600 3262 742 3340 prodesse
758 3263 887 3342 possint.
905 3263 982 3326 lllud

237 3362 392 3436 postremo
413 3371 506 3417 curae
531 3355 587 3416 tibi
615 3356 685 3432 erit,
714 3373 787 3420 ven.
820 3357 926 3434 frater,
950 3363 983 3419 ut

235 3451 417 3513 Bornssicae
431 3449 558 3512 ditionis
574 3450 678 3513 fideles
699 3450 805 3530 populi
820 3467 876 3531 per
891 3459 921 3513 te
936 3451 983 3513 in-

237 3543 379 3620 telligant
410 3559 504 3618 eum,
536 3543 585 3606 cui
615 3545 827 3622 temporaliter
854 3545 984 3607 subiecti

236 3648 323 3714 sunt,
345 3637 513 3717 plurimam
528 3637 647 3700 dedisse
661 3624 797 3716 operam,
812 3647 845 3701 ut
857 3655 912 3701 nos
928 3640 984 3701 hoc

235 3733 417 3812 apostolicae
448 3733 656 3796 concessionis
688 3733 876 3797 beneficium
911 3735 983 3814 ipsis

237 3827 437 3903 largiremur,
460 3834 553 3906 atque
574 3827 631 3890 hoc
652 3829 745 3890 etiam
768 3845 802 3892 re
823 3831 983 3910 perspicue

236 3919 416 3996 declarasse,
439 3929 594 3998 quantum
615 3937 744 3983 suorum
765 3924 935 3986 commodis
949 3941 983 3987 ac

236 4013 362 4074 utilitati
383 4013 539 4089 studeant,
557 4022 643 4077 tanto
658 4015 786 4092 proinde
807 4017 903 4094 magis
918 4033 983 4080 eos·

237 4106 307 4167 dem
329 4105 456 4168 excitari
478 4107 676 4181 cebennam
698 4108 800 4170 solum
822 4117 857 4173 ut
878 4111 984 4174 alacri·

238 4209 285 4262 ter
299 4199 435 4262 debitam
448 4199 493 4262 illi
505 4199 711 4263 obedientiam
726 4202 881 4282 fidemque
896 4220 982 4284 prae-

236 4301 319 4356 stare
339 4301 483 4371 pergant,
499 4310 612 4356 verum
633 4297 726 4357 etiam
742 4297 862 4360 assidue
883 4300 982 4361 Deum

236 4388 409 4461 obsecrent,
426 4396 461 4450 nt
476 4386 521 4448 eis
536 4387 627 4450 illum
642 4388 782 4451 cumulet
803 4391 890 4453 donis
905 4409 982 4470 quae

237 4481 399 4543 adrerum
423 4498 457 4543 ac
482 4480 609 4543 solidam
636 4473 815 4544 felicitatem
840 4485 982 4548 conferre

237 4573 364 4652 possint.
393 4574 476 4648 Quae
503 4573 631 4652 quidem
653 4582 800 4638 cunctae
826 4588 981 4656 perspecta

237 4668 378 4745 pastorali
401 4667 563 4744 vigilantia
587 4675 638 4730 tua
653 4669 739 4731 nobis
760 4671 896 4732 maxime
918 4673 983 4750 pol-

238 4761 382 4836 licentes,
412 4761 443 4822 in
476 4761 652 4838 pontificiae
683 4763 838 4825 charitatis
871 4764 982 4842 pignus

237 4855 432 4933 apostolicam
449 4854 697 4916 benedictionem
713 4857 780 4931 tibi,
793 4874 863 4919 ven.
875 4858 981 4936 frater,

240 4957 370 5028 tuaeque
392 4947 464 5011 ndei
484 4947 647 5010 commisso
662 4949 776 5028 populo
788 4961 983 5030 peramanter

238 5043 447 5121 impertimur.

276 5137 387 5198 [tatum
417 5137 533 5198 Romae
563 5135 641 5212 apud
674 5137 705 5200 S.
735 5139 858 5201 llariam
891 5141 981 5202 lilaio·

238 5247 304 5294 rem
323 5230 382 5293 sub
402 5228 519 5291 annulo
542 5229 712 5305 Piscatoris,
735 5230 786 5294 die
801 5249 888 5295 xxiv.
903 5235 982 5298 iunii

239 5337 452 5398 uucccxxm,
475 5323 671 5401 pontificatus
687 5326 786 5387 nostri
800 5343 882 5390 auno
898 5345 940 5390 rr.

493 5483 731 5494 ——--—.—

550 5603 673 5671 xxvii.

243 5796 369 5860 Mandat
393 5795 519 5858 domino
550 5795 722 5858 Gurdinoli
744 5795 910 5875 Aqucoioo
932 5814 983 5858 co-

276 5889 384 5967 piendi
405 5889 628 5966 possessionem
655 5887 809 5950 bonorum
838 5895 983 5965 specten-

279 5984 360 6044 tium
383 5988 451 6044 tom
466 5981 507 6044 cd
522 5980 690 6062 collegium
708 5983 934 6046 Gernrcoicunc
950 5988 980 6043 ct

341 6129 392 6175 lnr.
411 6129 480 6175 Porti.
496 6127 527 6176 de
543 6129 615 6188 Prop.
631 6126 693 6174 Fide
708 6127 790 6175 Partis
803 6129 822 6176 l.
838 6127 891 6174 Vol.
907 6130 946 6175 lv.

1710 596 1766 660 193
1816 591 2006 647 nn.o.1raa

1080 738 1306 818 flunporicnnt
1332 737 1513 824 inducetis
1543 732 1666 804 Urbini,
1689 745 1785 810 quarn

1080 830 1122 894 ud
1144 829 1310 911 collegium
1328 828 1498 893 Societctis
1514 826 1585 888 lesu
1599 823 1786 904 erigendam

1082 922 1116 985 iu
1138 924 1271 986 civitate
1293 921 1486 1003 Soaopclliu.

1042 1109 1158 1177 llilecio
1181 1108 1244 1176 lilio
1268 1113 1373 1176 nostro
1396 1104 1540 1173 Pasobali
1563 1102 1597 1170 8.
1617 1101 1650 1169 ll.
1667 1100 1701 1167 Ε.
1726 1102 1787 1168 dia-

1081 1219 1158 1270 cono
1174 1201 1322 1270 cardinali
1335 1200 1487 1284 aquaviva
1498 1199 1534 1266 de
1546 1195 1697 1281 dragonis
1714 1212 1787 1262 nun-

1080 1301 1191 1381 cupaio
1220 1296 1247 1362 in
1270 1294 1472 1375 Urbinatensi,
1493 1291 1657 1377 Eupalion,
1679 1288 1786 1356 Pisau-

1080 1393 1172 1468 rensi,
1195 1395 1227 1457 ci
1255 1389 1379 1473 reliquia
1412 1388 1584 1455 civilatibus
1611 1389 1643 1451 ei
1671 1383 1784 1468 oppidis

1080 1483 1247 1568 apostolico
1276 1482 1530 1566 incorporationis
1558 1479 1682 1546 decreto
1706 1493 1785 1542 carn·

1081 1576 1240 1661 prehensis
1263 1581 1295 1643 ei
1316 1575 1352 1642 ad
1375 1574 1576 1658 apostoticam
1603 1568 1713 1637 scaen
1735 1569 1787 1636 de·

1080 1668 1187 1738 rotulis
1211 1668 1427 1754 pro-praesidi,

1228 1853 1413 1922 CLEMENS
1435 1853 1496 1921 ΡΡ.
1522 1850 1593 1920 ΧΝ.

1253 2043 1369 2111 dilecte
1391 2042 1434 2110 fili
1457 2047 1572 2119 noster,

1072 2136 1200 2204 salutern
1223 2141 1255 2204 et
1276 2134 1474 2220 apostolicam
1497 2131 1748 2202 benedictionem.

1078 2327 1097 2402 ἓ
1120 2327 1146 2388 l.
1172 2327 1250 2389 Cum
1272 2341 1365 2405 super
1387 2325 1488 2402 bonis,
1504 2325 1599 2387 rebus
1614 2341 1648 2386 ac
1662 2322 1782 2384 iuribus
1812 2333 2017 2432 rraccapumue

1040 2427 1101 2482 tam
1124 2419 1158 2482 ad
1181 2420 1348 2497 collegium
1369 2419 1587 2482 Germanicum
1607 2425 1639 2479 et
1660 2417 1784 2492 Hunga·
1804 2387 2018 2488 ssffl'neaossffit'·

1040 2514 1137 2575 ricnm
1159 2512 1258 2575 almae
1280 2513 1365 2575 urbis
1385 2513 1608 2590 spectantibus,
1631 2519 1661 2572 et
1683 2511 1716 2571 in
1738 2525 1786 2570 ca·
1805 2504 1870 2540 ¹¹¹¹·

1038 2614 1103 2668 stro
1132 2607 1247 2668 montis
1279 2606 1362 2669 Radii
1391 2607 1520 2686 aliisque
1551 2607 1624 2668 locis
1655 2605 1785 2668 ducatus

1040 2699 1254 2761 Urbinatensis
1274 2699 1498 2774 existentibus,
1522 2700 1671 2777 quemad
1694 2697 1785 2761 colle-

1040 2793 1129 2870 gium
1143 2791 1327 2856 clericorum
1342 2792 1533 2870 regularium
1544 2791 1703 2856 societatis
1717 2792 1786 2853 lesu

1040 2887 1072 2948 in
1095 2886 1219 2948 civitate
1233 2894 1338 2948 nostra
1355 2886 1578 2964 senogalliensi
1600 2886 1786 2963 erigendum
1804 2937 1808 2944 .

1040 2980 1270 3059 pertinentibus
1292 2979 1462 3042 nonnullae
1483 2980 1686 3058 provisiones,
1706 2979 1787 3041 crdi-

1041 3073 1182 3160 nationes
1214 3081 1306 3152 atque
1333 3071 1547 3152 dispositiones
1578 3073 1787 3152 praescribere

1041 3164 1251 3241 intendamus,
1274 3165 1359 3240 binc,
1381 3174 1416 3228 ut
1438 3165 1511 3229 haec
1532 3166 1635 3228 omnia
1650 3182 1785 3230 commo-

1041 3259 1785 3340 diusetfaciliussuumconsequantureffectum,

1040 3353 1308 3432 circumspectioni
1327 3360 1398 3416 tuae
1412 3370 1468 3434 per
1482 3362 1660 3433 praesentes
1681 3353 1786 3417 iniun-

1041 3449 1157 3526 gimus,
1173 3457 1208 3512 ut
1229 3465 1285 3529 per
1307 3457 1348 3525 te,
1361 3449 1410 3512 vel
1433 3450 1540 3533 alium,
1556 3467 1610 3513 seu
1632 3449 1706 3511 alios
1721 3447 1802 3511 cor?

1041 3545 1192 3622 poralem,
1208 3531 1324 3608 realem
1344 3553 1374 3606 et
1393 3544 1544 3607 actualem
1559 3543 1785 3622 possessionem

1041 3637 1196 3700 dictorum
1210 3639 1366 3700 bonorum
1382 3638 1416 3699 ad
1433 3646 1604 3716 utrumque
1619 3636 1786 3714 collegium

1041 3730 1217 3793 huiusmodi
1240 3739 1303 3793 tam
1324 3737 1463 3794 erectum
1484 3747 1577 3810 quam
1599 3731 1785 3807 erigendum

1040 3825 1246 3904 spectantium
1268 3832 1299 3886 et
1321 3824 1557 3902 pertinentium,
1588 3832 1619 3886 et
1642 3825 1701 3886 illis
1724 3824 1784 3885 for-

1039 3933 1093 3978 san
1115 3933 1322 3992 aunexorum,
1352 3917 1549 3995 inriumque,
1571 3925 1603 3980 et
1627 3918 1786 3998 pertinen·

1041 4010 1156 4072 tiaram
1177 4025 1304 4072 suarum
1326 4025 1596 4090 quarumcumque
1617 4017 1724 4073 nostro
1754 4019 1785 4072 et

1041 4100 1339 4179 sedisapostolicae
1362 4103 1507 4180 nomine,
1531 4105 1677 4167 omnibus
1699 4119 1785 4166 mora

1040 4203 1070 4257 et
1092 4197 1239 4260 dilatione
1253 4198 1441 4276 postpositis,
1455 4200 1677 4277 apprehendas,
1692 4207 1785 4278 atque

1040 4308 1252 4370 quoscumque
1273 4292 1400 4354 clericos
1421 4293 1590 4356 saeculares
1618 4295 1717 4358 dictae
1737 4309 1786 4355 so·

1039 4386 1157 4448 cietatis
1179 4388 1213 4448 ad
1236 4386 1406 4449 custodiam
1427 4402 1482 4450 seu
1503 4387 1645 4465 regimen
1660 4403 1784 4450 eorum·

1039 4481 1109 4544 dem
1131 4481 1299 4556 bonorum,
1315 4496 1369 4542 seu
1391 4481 1465 4542 alios
1486 4481 1719 4560 quomodolibet
1734 4483 1785 4545 de-

1041 4582 1163 4652 putatos
1184 4589 1338 4648 amoveas,
1354 4573 1492 4653 aliosque
1512 4576 1663 4654 probitate
1684 4583 1715 4637 et
1737 4575 1783 4637 in-

1041 4667 1184 4742 tegritate
1205 4674 1395 4746 praestantes
1410 4667 1493 4730 viros
1510 4669 1541 4731 in
1556 4685 1666 4731 eorum
1682 4670 1783 4732 locum

1040 4777 1095 4838 pro
1116 4771 1198 4823 recta
1220 4762 1374 4822 bonorum
1392 4763 1568 4825 huiusmodi
1590 4764 1784 4826 administra·

1040 4857 1125 4916 tione
1146 4855 1239 4930 eligas
1261 4870 1294 4916 ac
1315 4853 1456 4932 deputes,
1473 4873 1530 4917 nec
1552 4872 1615 4917 uon
1637 4857 1783 4932 archivia,

1040 4947 1132 5010 libros
1153 4953 1184 5008 et
1205 4947 1371 5025 scripturas
1393 4949 1543 5026 praedicta
1566 4949 1644 5010 bona
1662 4966 1784 5012 eorum-

1039 5058 1100 5121 que
1122 5042 1424 5105 administrationem
1449 5043 1559 5119 quovis
1580 5042 1671 5104 modo
1692 5044 1786 5122 respi-

1040 5137 1151 5199 cientia
1174 5136 1207 5198 in
1238 5143 1303 5197 tuto
1330 5151 1447 5214 ponere
1474 5145 1505 5198 et
1525 5152 1711 5198 conservare
1732 5155 1785 5199 cu-

1041 5247 1089 5290 res
1111 5237 1141 5292 et
1162 5229 1262 5292 facias.

1080 5324 1148 5399 §b
1172 5323 1212 5386 Ut
1234 5332 1337 5384 autem
1360 5324 1523 5402 praemissa
1545 5325 1647 5387 omnia
1669 5333 1701 5388 et
1721 5325 1784 5386 sin·
1816 5327 2017 5392 ompruuscom-

1041 5417 1111 5494 gula
1134 5417 1253 5478 debitae
1274 5418 1448 5480 executioni
1467 5417 1705 5494 demandentur,
1719 5435 1784 5481 om·
1802 5382 1917 5482 3ζῖῗῖῗᾶ
1930 5383 2016 5492 w

1041 5511 1315 5588 nibusetsiugulis
1327 5511 1657 5587 locorumllrdinariis,
1671 5515 1782 5592 guber·
1804 5489 2016 5588 ξῖἣῖξθέἳῖιῖζιξζ

1041 5607 1217 5680 natoribus,
1248 5605 1550 5682 locumtenentibus,
1573 5608 1782 5684 praetoribus,
1802 5595 1945 5642 ¹⁰¹¹¹¹⁰¹¹⁰·

1040 5709 1071 5762 et
1092 5700 1160 5762 aliis
1181 5701 1518 5778 quocumquenomiue
1540 5701 1727 5780 nuncupatis
1740 5701 1785 5763 of·

1040 5793 1189 5856 totalibus
1208 5801 1238 5854 et
1260 5793 1411 5855 ministris
1432 5793 1605 5868 civitatum,
1630 5803 1784 5858 terrarum

1039 5895 1070 5949 et
1090 5887 1229 5950 locorum
1252 5886 1339 5948 nobis
1361 5894 1392 5950 et
1414 5887 1444 5950 S.
1461 5887 1497 5948 ll.
1515 5887 1549 5948 E.
1573 5887 1783 5951 subiectorum

1039 5980 1145 6059 quavis
1172 5988 1342 6059 potestate,
1364 5980 1546 6042 auctoritate
1568 5988 1599 6042 et
1620 5980 1784 6059 priuilegio

1652 6131 1678 6179 2⁵
