4734 7004
297 489 617 584 twmmm'

516 656 650 734 capitulo
671 651 895 732 interfuerunt,
918 656 950 720 in
971 671 1115 721 censuras
1130 659 1262 738 aliasque

516 751 676 814 canonicas
690 766 804 830 poenae
818 751 985 814 incurrisse
1003 751 1147 814 declares.
1164 750 1262 814 Inter·

517 859 550 904 ea
572 845 703 906 minime
734 845 928 920 dubitantes,
951 846 1027 925 quin
1055 845 1130 908 baec
1157 847 1263 907 omnia

515 937 555 998 sis
577 937 759 1015 expleturus
783 939 894 1004 eodem
921 939 988 1000 zelo
1016 938 1260 1020 prudentiaque,

515 1045 549 1091 ac
569 1031 711 1093 mandata
733 1032 973 1111 praedecessoris
994 1033 1092 1095 nostri
1114 1033 1263 1113 perticere

515 1123 673 1200 studuisti,
705 1125 804 1188 113313
830 1126 924 1188 enixo
952 1141 1118 1202 rogamus,
1140 1135 1176 1188 ut
1197 1133 1261 1188 acta

516 1219 681 1296 utriusque
705 1226 849 1282 nostrum
871 1218 908 1281 ad
933 1221 1083 1282 maiorem
1106 1220 1173 1282 eius
1198 1219 1261 1296 qlo-

515 1311 594 1373 riam
609 1311 748 1373 intentos
766 1313 927 1388 secundet,
943 1319 973 1374 et
988 1311 1175 1375 fraternitati
1193 1321 1262 1375 tuae

514 1405 711 1484 apostolicam
724 1404 970 1467 benedictionem
980 1411 1175 1484 peramanter
1185 1404 1262 1466 elar-

450 1563 451 1566 ,
514 1504 629 1580 gimur.

556 1598 666 1660 batum
688 1595 820 1670 Romae,
850 1596 930 1674 apud
963 1595 993 1658 S.
1018 1592 1145 1657 Mariam
1171 1593 1262 1656 Maio-

514 1708 594 1768 rem,
611 1692 669 1754 sub
683 1692 800 1754 annulo
825 1691 998 1766 Piscatoris,
1018 1691 1067 1753 die
1089 1705 1134 1752 xv.
1158 1690 1262 1770 aprilis

515 1805 681 1864 nocuum,
704 1785 900 1866 pontificatus
922 1785 1021 1850 nostri
1042 1801 1125 1849 anno
1147 1801 1169 1848 ι.

761 2044 1012 2054 ffl-

861 2263 913 2326 tx.

512 2451 719 2515 Facultatum
737 2448 858 2514 tribuit
875 2449 1000 2512 Nuntio
1023 2447 1174 2510 Petuntur
1189 2465 1260 2508 con·

552 2546 678 2628 [eraudi
701 2555 764 2608 tres
786 2545 1000 2608 canonicatus
1022 2543 1057 2603 in
1079 2541 1261 2605 cathedrali

553 2639 696 2702 Ecclesia
720 2638 888 2710 (intonen,
911 2637 1015 2714 priano
1037 2640 1210 2698 evocaturos
1225 2637 1260 2699 ln

551 2729 713 2794 mensibus
740 2729 942 2808 apostolicae
974 2728 1047 2792 Sodi
1074 2730 1257 2802 reserantis,

552 2832 582 2887 el
604 2825 646 2890 nd
668 2823 818 2904 Episcopi
840 2824 1105 2894 nominationem,
1120 2820 1179 2885 sub
1196 2821 1260 2902 lupe

553 2929 660 2983 tumen
692 2917 879 2996 cnpcdlcndl
908 2915 1101 2994 apostolicus
1130 2915 1259 2978 litteras

551 3013 611 3078 sub
631 3009 773 3092 plumbo,
805 3011 898 3072 intra
926 3013 1137 3070 rotonenses
1162 3027 1181 3071 u
1209 3007 1259 3072 dic

553 3104 747 3171 collationis.

700 3286 887 3358 clemens
910 3287 970 3355 ΡΡ.
996 3286 1065 3354 ΧΙΙΙ.

724 3465 915 3533 Venerabilis
937 3464 1044 3543 irater,

544 3575 674 3645 salutern
696 3578 728 3641 et
749 3571 950 3656 apostolicam
973 3569 1222 3639 benedictionem.

305 3781 393 3827 araus
407 3787 491 3840 porra·
550 3767 569 3843 5
592 3767 619 3828 1.
643 3764 775 3843 Egregia
801 3763 988 3826 venerabilis
1015 3763 1118 3825 fratris
1140 3761 1257 3824 Uiadis·

278 3833 381 3946 ἷιιιῗῖοἶῗ
392 3829 492 3946 *5222ss
511 3861 572 3924 iavi
583 3857 810 3937 archiepiscopi
826 3857 982 3920 Gnesnen.
999 3855 1032 3918 in
1054 3873 1111 3920 nos
1133 3866 1164 3920 et
1178 3859 1257 3937 Apo

278 3947 492 4043 gggbgglfflg
510 3953 648 4016 stolidam
671 3950 782 4016 Sedem
804 3950 875 4012 ddet
898 3958 929 4011 et
950 3949 1124 4012 devotionis
1147 3953 1256 4014 merita

278 4043 491 4149 gggttgttffitffrffl
510 4054 652 4127 poscunt,
681 4054 717 4108 ut
737 4061 771 4106 ea
800 4043 846 4106 1111
878 4043 1011 4106 libenter
1042 4043 1256 4121 concedamus

279 4155 393 4204 nevasia.
511 4157 565 4218 per
587 4155 664 4219 quae
691 4153 764 4215 erga
791 4153 936 4216 personas
961 4136 1092 4199 istarum
1120 4140 1256 4217 partium

424 4269 425 4272 =
509 4235 567 4296 sibi
590 4241 690 4310 gratas
711 4239 743 4293 31
763 4237 899 4307 acceptas
919 4246 951 4290 se
972 4228 1149 4293 beneficum
1171 4234 1259 4294 exbi-

511 4325 584 4389 13333
605 4326 700 4405 possit
724 4331 756 4386 et
776 4322 952 4400 liberalem,
981 4323 1257 4402 supplicationibus

510 4419 615 4498 itaque
635 4417 730 4498 ipsius
758 4415 924 4479 Uladislavi
952 4416 1180 4496 archiepiscopi
1202 4433 1257 4480 no·

510 4513 556 4576 bis
583 4512 746 4576 humiliter
776 4509 926 4590 porrectis
950 4509 1108 4588 inclinati,
1132 4513 1199 4589 tibi,
1222 4521 1257 4576 ut

509 4613 573 4671 tres
594 4605 852 4684 metropolitanae
866 4603 1019 4666 Ecclesiae
1040 4605 1257 4671 1133333333-

510 4701 672 4763 nonicatus
693 4708 724 4762 et
744 4699 943 4778 praebendas,
957 4714 1034 4776 quos
1052 4699 1083 4760 in
1098 4700 1257 4763 mensibus

508 4793 674 4856 nostriset
706 4793 804 4854 dictae
820 4787 915 4853 'Sedis
937 4791 1128 4870 apostolicae
1156 4795 1255 4873 dispo·

508 4887 613 4950 sitioni
634 4887 799 4949 reservatis
820 4902 874 4964 per
888 4886 1007 4949 obitum
1029 4887 1098 4948 ilios
1114 4888 1256 4950 obtinen-

510 4982 590 5045 tium
601 4981 702 5058 primo
723 4996 830 5041 vacare
845 4980 1022 5055 contigerit,
1039 4981 1178 5059 personis
1194 4982 1255 5042 ido-

509 5075 576 5136 neis
586 5074 667 5136 dicto
678 5071 852 5135 Uladislavo
864 5073 1111 5152 brobiepiscopn
1121 5080 1156 5134 ut
1172 5091 1255 5153 prae·

508 5167 621 5254 tertur,
632 5166 727 5243 gratis
744 5172 774 5228 et
789 5165 931 5243 acceptis,
944 5183 977 5228 ac
995 5165 1067 5226 alias
1081 5165 1256 5244 specialiter

508 5258 716 5330 nominandis,
728 5273 808 5336 quae
822 5258 854 5319 in
868 5259 975 5334 primis
991 5257 1022 5320 in
1034 5259 1179 5322 catholica
1196 5260 1256 5322 tide

507 5363 683 5415 constantes
703 5351 777 5426 sint,
800 5351 982 5413 auctoritate
1010 5359 1115 5414 nostra
1137 5360 1255 5431 aposto·

413 5447 416 5455 '
506 5445 563 5509 lica
584 5445 738 5520 conterre,
761 5445 850 5506 etde
872 5443 932 5506 iliis
953 5444 1047 5506 etiam
1079 5445 1253 5522 providere,

506 5539 648 5618 ipsasque
664 5554 818 5618 personas,
832 5538 882 5600 vei
903 5554 1011 5601 earum
1026 5546 1253 5618 procuratores,

506 5649 613 5696 aarum
629 5631 768 5707 nornine,
782 5631 1016 5710 incorporalem
1030 5633 1254 5711 possessionem

1043 529 1107 586 tuit.
1131 527 1223 586 roda.
1246 527 1287 584 bt
1308 530 1337 584 a.
1361 524 1391 586 ti.
1414 527 1497 595 nans
1518 524 1540 586 1.

2099 499 2158 574 dn.
2173 517 2205 570 (i.
2229 499 2296 568 1759
2340 465 2341 470 η

1318 659 1556 723 canonicatuum
1579 667 1610 722 et
1631 657 1876 738 praebendarum
1886 653 2064 721 huiusmodi
2122 662 2249 713 accurram
2264 665 2308 713 ru-
2340 643 2341 716 J

1318 767 1375 830 per
1396 759 1427 814 te
1449 753 1672 831 ipsumvigore
1686 753 1897 832 praesentium
1919 750 1978 812 iliis
1993 765 2064 812 con·
2083 720 2310 838 2,¹,¹‚¹²¹{{„}',⁰i¹,¹²¹,⁰„
2340 755 2341 770 *

1317 843 1532 922 terendorum,
1549 846 1729 924 iuriumque
1750 854 1781 908 et
1802 844 2064 924 pertinentiarum
2083 826 2311 928 f?,}3}¹{²,²„⁰8,¹¹„¹31

1318 953 1517 1016 quorumque
1548 939 1694 1002 inducere
1726 947 1758 1002 et
1787 937 1930 1001 inductus
1959 935 2065 998 deien-
2083 935 2310 1035 ffffiuffigffl
2340 1007 2341 1012 ἵ

1318 1032 1403 1107 dere,
1419 1047 1451 1094 ac
1466 1047 1679 1112 quoscumque
1701 1032 1823 1095 illicitos
1836 1030 2014 1093 detentores
2028 1029 2065 1092 ab
2084 1043 2091 1088 r
2116 1022 2205 1088 aneas
2227 1025 2311 1106 persei

1318 1123 1379 1186 iliis
1400 1141 1558 1203 amovere,
1574 1127 1695 1206 sibique
1709 1126 1746 1188 de
1761 1125 1886 1188 iliorum
1901 1121 2064 1198 tractibus,
2083 1106 2137 1196 {¹52³
2158 1105 2311 1144 ⁰⁰¹³¹¹¹⁸V⁸⁴
2340 1165 2341 1180 2

1318 1219 1500 1295 redditibus,
1524 1220 1740 1299 proventibus,
1757 1219 1929 1282 iuribus'et
1950 1216 2066 1278 obven-

1317 1311 1456 1374 tionibus
1466 1311 1589 1392 integre
1600 1313 1793 1394 responderi,
1803 1312 1968 1391 aliaquein
1980 1327 2066 1390 prae-

1319 1404 1431 1478 missis,
1453 1413 1484 1468 31
1505 1408 1583 1470 circa
1604 1423 1639 1468 ea
1661 1407 1832 1470 necessaria
1860 1423 1915 1468 seu
1937 1419 2066 1484 quomo·

1317 1497 1433 1562 dolibet
1454 1509 1628 1580 opportuna
1649 1502 1759 1577 iacere,
1780 1515 1838 1566 nec
1859 1516 1923 1564 non
1944 1507 2066 1562 contra·

1299 1617 1300 1624 1
1317 1591 1449 1656 dictores
1470 1591 1624 1673 quoslibet
1649 1611 1705 1676 per
1726 1611 1872 1658 censuras
1893 1604 1925 1658 et
1952 1610 2065 1674 poenas

1316 1691 1549 1767 ecclesiasticas,
1572 1693 1694 1772 aliaque
1723 1701 1898 1773 opportuna
1925 1690 2003 1753 iuris
2034 1697 2065 1752 et

1317 1783 1388 1847 iacti
1410 1786 1557 1862 remedia,
1572 1787 1776 1866 appellatione
1792 1787 1967 1866 postposita,
1983 1801 2065 1850 com-

1317 1893 1442 1956 pescere
1468 1879 1566 1942 iibere
1597 1888 1628 1943 et
1660 1880 1744 1943 licite
1768 1881 1863 1960 possis
1894 1888 1926 1942 et
1951 1880 2063 1955 valeas,

1318 1971 1493 2036 [acuitatem
1530 1975 1712 2062 auctoritate
1745 1974 1920 2054 praedicta,
1953 1983 2064 2037 tenore

1317 2069 1541 2144 praesentium,
1557 2069 1756 2131 concedimus
1771 2076 1803 2131 et
1817 2069 2029 2147 impertimur.

1357 2159 1426 2234 §2
1451 2159 1672 2238 decernentes,
1701 2162 1881 2224 collationes
1907 2169 1941 2224 et
1962 2162 2065 2241 provi·
2101 2177 2235 2226 clausura
2249 2180 2306 2226 suu
2340 2241 2341 2244 Ἴ

1316 2251 1420 2315 sioues
1452 2269 1506 2332 per
1538 2261 1569 2316 te
1590 2254 1629 2317 de
1654 2256 1743 2318 dictis
1773 2255 2005 2320 canonicatibus
2033 2263 2064 2318 et
2081 2232 2304 2334 {ffi’ffifflff
2340 2329 2341 2332 Ἴ

1316 2348 1510 2426 praebendis,
1524 2355 1558 2410 ut
1579 2349 1764 2428 praefertur,
1785 2350 1939 2414 iaciendas
1960 2351 2064 2429 perin-

1316 2441 1353 2503 de
1375 2441 1500 2516 validas,
1523 2443 1639 2519 firmas,
1666 2451 1697 2506 et
1718 2443 1856 2506 efficaces
1876 2445 2012 2507 existere
2032 2453 2064 2508 et

1316 2533 1382 2596 iore
1404 2536 1435 2597 in
1459 2537 1604 2598 omnibus
1617 2546 1650 2600 et
1671 2555 1726 2616 per
1747 2539 1864 2613 omnia,
1886 2539 2015 2617 perinde
2030 2556 2063 2602 ao

1314 2629 1341 2690 si
1362 2646 1377 2689 a
1400 2630 1629 2710 nobismetipsis
1654 2630 1750 2694 iactae
1779 2631 1928 2709 luissent,
1958 2634 2063 2711 sicque

1314 2729 1347 2784 et
1369 2739 1433 2784 non
1455 2723 1546 2786 aliter
1567 2740 1622 2804 per
1642 2741 1857 2805 quoscumque
1877 2726 1993 2789 iudices
2014 2743 2065 2788 or·

1315 2817 1450 2879 dinarios
1471 2825 1503 2879 et
1524 2817 1690 2895 delegatos,
1713 2819 1807 2882 eliam
1827 2815 1990 2883 causarum
2012 2835 2064 2901 pa·

1314 2908 1378 2971 13111
1393 2909 1550 2988 apostolici
1564 2910 1731 2988 auditores,
1748 2913 1877 2976 iudicari
1893 2922 1923 2976 et
1938 2915 2062 2978 definiri

1314 3001 1438 3077 debere,
1461 3017 1494 3064 ac
1515 3003 1641 3066 irritum
1662 3012 1694 3066 31
1708 3006 1801 3068 inane
1821 3006 1847 3068 si
1868 3021 1956 3069 secus
1969 3023 2063 3086 super

1314 3097 1361 3159 bis
1376 3116 1392 3160 a
1406 3115 1617 3179 quocumque,
1633 3103 1741 3181 quavis
1755 3103 1949 3180 auctoritate,
1964 3103 2062 3167 scien-

1315 3203 1362 3254 ter
1382 3194 1434 3256 331
1457 3194 1639 3271 ignoranter
1660 3195 1829 3274 contigerit
1849 3197 2005 3259 attentari.

1353 3288 1373 3363 5
1394 3287 1423 3349 3.
1448 3286 1517 3350 Non
1536 3289 1729 3351 obstantibus
1743 3291 2062 3355 constitutionibuset
2099 3304 2246 3350 contrariu
2260 3303 2299 3350 ce·

1314 3379 1562 3443 ordinationibus
1594 3381 1786 3460 apostolicis,
1815 3400 1849 3445 ac
1878 3385 2061 3463 praesertim
2079 3363 2164 3415 ‘⁰⁸³²'

1315 3473 1523 3537 Canceitariae
1537 3475 1728 3554 apostolicae
1745 3475 1884 3552 Regulis,
1900 3477 2061 3558 dictaeque

1315 3566 1568 3646 bietropotitanae
1593 3568 1747 3632 Ecclesiae
1771 3569 1943 3646 (inesnen.,
1966 3574 2060 3636 etiam

1314 3661 1508 3736 iuramento,
1540 3663 1779 3725 confirmatione
1805 3665 1986 3742 apostolica,
2009 3667 2060 3728 vei

1314 3754 1423 3832 quavis
1445 3755 1594 3817 firmitate
1614 3755 1671 3817 alia
1702 3757 1863 3832 roboratis,
1885 3759 2008 3820 statutis
2028 3768 2060 3820 ct

1313 3847 1603 3924 consuetudinibus,
1614 3843 1805 3928 ca‘eterisque
1819 3851 1980 3913 contrariis
1993 3853 2062 3930 qui·

1314 3939 1517 4020 buscumque.

1353 4037 1423 4112 §a
1447 4037 1597 4102 Volumus
1611 4041 1821 4119 autem,quod
1844 4039 1864 4101 ii
1886 4041 1999 4130 quibus
2013 4055 2060 4101 oa-
2092 4051 2296 4116 3303333331-

1314 4135 1477 4196 nonicalus
1492 4141 1522 4196 et
1544 4133 1730 4212 praebendas
1752 4133 1930 4196 huiusmodi
1950 4145 2059 4199 contu·
2078 4105 2296 4224 Εῧξῖῗιῗὲῧῖὅῗῧί

1314 4224 1397 4300 teris,
1421 4225 1500 4288 inira
1522 4235 1590 4288 octo
1612 4241 1735 4287 menses
1756 4227 1837 4288 adie
1858 4213 2205 4290 1113333331-οιὶιΙεςαιΙο
2224 4225 2295 4270 ⁰¹⁹²·

2078 4265 2295 4366 ditionisaposto·

1313 4317 1437 4381 lationis
1458 4326 1490 4379 et
1511 4319 1697 4397 provisionis
1714 4321 1947 4397 computandos,
1964 4337 2059 4384 novas
2078 4318 2207 4420 impp
2212 4325 2295 4432 3¹13ng

1314 4413 1505 4492 provisiones
1526 4412 1696 4491 superlitis
1710 4429 1725 4473 a
1741 4413 1830 4476 nobis
1844 4423 1875 4478 et
1887 4417 2059 4495 Apostolica
2078 4425 2119 4482 bo.
2141 4428 2214 4474 intra
2237 4431 2292 4473 octo

1313 4506 1392 4570 Sede
1413 4507 1593 4585 impetrare,
1609 4517 1640 4568 et
1662 4507 1780 4571 litteras
1801 4510 1981 4588 apostolicas
2001 4513 2060 4575 sub
2077 4480 2293 4591 ff3ff0⁸f⁸s3u⁰⁰1¹t¹ril
2340 4499 2341 4504 ἵ

1314 4600 1444 4663 Piumbo
1475 4599 1607 4680 desuper
1637 4603 1793 4681 expedire,
1823 4605 1953 4686 iuraque
1981 4608 2058 4671 Can·
2077 4587 2289 4647 V²¹¹⁰¹¹¹⁵¹³⁰⁰¹¹²

1313 4693 1452 4758 cellariae
1473 4700 1505 4756 et
1526 4695 1676 4758 Gamerae
1697 4696 1907 4775 apostolicae,
1929 4698 2058 4780 aliisque

1312 4795 1475 4867 propterea
1507 4788 1636 4864 debitis,
1659 4791 1837 4868 persolvere
1863 4795 1993 4856 omnino
2015 4801 2061 4856 te·

1313 4889 1463 4958 neantur,
1486 4883 1640 4962 alioquin,
1663 4883 1772 4962 elapsis
1800 4883 1918 4949 eisdem
1943 4889 2060 4950 mensi·

1313 4977 1379 5051 bus,
1403 4977 1601 5039 canonicatus
1615 4985 1653 5038 et
1674 4978 1866 5056 praebendae
1879 4981 2058 5044 huiusmodi

1312 5086 1420 5132 vacare
1434 5079 1620 5133 censeantur
1640 5087 1676 5132 eo
1698 5073 1774 5150 ipso,
1792 5075 1972 5154 possintque
1992 5078 2059 5138 aliis

1313 5181 1367 5244 per
1381 5180 1438 5226 nos
1456 5174 1508 5226 aut
1524 5165 1697 5227 Romanum
1714 5165 1896 5230 Pontificem
1911 5185 1967 5248 pro
1983 5177 2060 5232 lem-

1311 5272 1386 5335 pore
1407 5258 1595 5320 existentem
1611 5259 1780 5334 dumtaxat,
1798 5260 1895 5323 libere
1910 5263 2058 5338 conferri,

1309 5350 1372 5414 nisi
1395 5351 1508 5430 provisi
1525 5351 1663 5428 legitimo
1679 5353 1903 5431 impedimento
1924 5355 2057 5432 detenti,

1311 5445 1349 5507 de
1368 5446 1545 5508 huiusmodi
1561 5445 1701 5522 legitimo
1717 5447 1940 5525 impedimento
1955 5466 2059 5512 coram

1311 5538 1432 5601 Datario
1453 5546 1560 5602 nostro
1581 5547 1722 5602 constare
1746 5539 1889 5617 iecerint,
1913 5543 1964 5605 vel
1986 5543 2058 5623 ipsis
2099 5601 2101 5605 .

1309 5633 1488 5712 petentibus
1502 5649 1598 5697 novas
1614 5634 1807 5712 provisiones
1823 5635 2011 5713 huiusmodi,
2027 5643 2058 5698 31

548 5877 577 5934 (l)
594 5876 698 5924 Eisdem
713 5875 800 5923 verbis
818 5873 1051 5936 acconditlouibus
1071 5878 1190 5926 eamdem
1205 5877 1359 5927 facultatem
1380 5879 1476 5927 tribuit
1494 5877 1592 5926 Nuntio
1605 5889 1653 5937 pro
1667 5878 1779 5926 dioecesi
1797 5881 1924 5926 dnesnen.
1944 5880 1986 5926 die
2000 5890 2055 5928 xxa.

507 5943 571 5994 maii
584 5945 703 5992 eiusdem
717 5945 788 5992 anni.
