4808 6988
363 496 418 550 An.
432 498 462 552 Ο.
484 497 552 551 1822
602 498 661 562 616

622 651 657 696 ιι.
683 635 713 699 Si
736 637 898 714 praedium
913 637 1018 702 Wbite
1032 638 1131 702 llarsb
1147 651 1327 700 mensuram

582 731 1326 810 excesseriiduorummilliumiugerorum,sive,

584 829 619 885 ut
649 831 772 898 vocant,
798 839 997 902 arpanarum,
1019 841 1055 888 ea
1085 835 1184 888 terrae
1215 824 1326 902 portio,

583 931 663 994 quae
682 926 819 994 superat,
841 933 982 996 quaeque
1003 917 1099 995 magis
1121 935 1136 978 a
1158 923 1266 978 centro
1283 917 1328 978 di-

583 1015 654 1083 stat,
666 1008 701 1070 ad
719 1018 817 1087 patres
829 1011 954 1074 lesuitas
966 1011 1146 1089 possidenda
1161 1011 1326 1089 pertineat,

583 1101 676 1166 ducto
704 1110 811 1166 centro
832 1105 869 1167 ab
896 1105 1033 1180 ecclesia,
1058 1105 1190 1184 quaein
1219 1104 1328 1168 eodem

584 1196 679 1259 tundo
700 1197 755 1260 sita
778 1204 833 1260 est.

625 1307 673 1353 ιιι.
691 1292 855 1372 Postquam
866 1293 1140 1373 urcuiepisoopus
1133 1295 1229 1373 ipsius
1242 1309 1330 1372 prae-

584 1385 626 1447 dii
647 1388 870 1464 possessionem
891 1388 1012 1464 adierit,
1028 1389 1053 1450 si
1075 1403 1184 1465 graves
1210 1387 1329 1465 aliquae

584 1495 690 1542 causae
711 1491 909 1557 concurrant,
932 1481 1044 1562 quibus
1066 1481 1205 1560 expediri
1226 1479 1328 1542 videa-

586 1581 647 1646 tur,
671 1591 712 1636 ne
733 1583 834 1653 patres
854 1576 1006 1640 societatis
1020 1577 1128 1640 eodem
1149 1575 1246 1639 iuudo
1268 1575 1328 1652 pri-

584 1675 710 1744 ventur,
728 1667 818 1731 liceat
833 1671 1004 1748 praeposito
1022 1669 1160 1746 generali
1176 1667 1327 1732 eiusmodi

585 1761 740 1824 rationum
763 1769 920 1825 momenta
943 1779 1099 1841 exponere
1119 1780 1220 1825 sacrae
1247 1762 1328 1826 con·

585 1852 770 1930 gregatiuni,
783 1871 861 1934 quae
877 1855 1022 1918 iudicabit
1037 1872 1075 1917 an
1089 1871 1195 1918 mensa
1213 1857 1329 1918 arcbie·

584 1946 743 2026 piscopalis
766 1949 797 2009 in
820 1964 856 2011 eo
872 1950 985 2026 potius,
1001 1965 1094 2028 quarn
1115 1949 1147 2014 in
1169 1949 1228 2010 alio
1243 1964 1329 2027 prae·

583 2037 645 2114 dio,
662 2041 876 2104 constituenda
890 2043 942 2118 sit,
959 2043 1048 2104 drmo
1062 2059 1186 2122 semper
1202 2043 1327 2106 urcino-

583 2132 699 2212 piscupi
720 2133 800 2196 iure.

624 2243 667 2288 ιι.
690 2227 722 2291 Si
744 2228 851 2292 allatae
865 2248 881 2292 ι
896 2233 1068 2310 praeposito
1084 2231 1222 2311 generali
1239 2234 1329 2296 tutio·

585 2337 640 2382 nes
661 2337 714 2384 eae
736 2338 844 2385 revera
866 2323 989 2387 loturae
1010 2327 1085 2402 sint,
1106 2333 1141 2390 ui
1162 2325 1198 2388 ad
1213 2326 1328 2407 praedii

585 2417 860 2479 commutationem
881 2433 982 2480 sacrae
1007 2420 1262 2496 congregationis
1283 2419 1329 2482 iu·

584 2507 663 2570 dicio
691 2510 923 2574 deveniendum
952 2512 1003 2586 sit,
1026 2513 1108 2575 idem
1142 2515 1330 2591 praepositus

584 2603 738 2678 generalis
759 2603 896 2680 obligare
912 2606 1069 2668 tenebitur
1090 2613 1189 2686 patres
1204 2605 1330 2668 lesuitas

584 2695 804 2775 ltarytaudtae,
828 2705 862 2760 ιιι
882 2699 954 2762 loco
977 2699 1065 2764 fundi
1095 2699 1202 2764 Wbite
1230 2701 1329 2764 Mersit

584 2791 734 2867 odierant,
767 2796 912 2857 accedant
944 2795 1160 2858 Raltimorensi
1189 2797 1329 2858 Antistiti

584 2884 667 2948 aliud
689 2887 847 2963 praedium
869 2888 1005 2950 eiusdem
1024 2889 1135 2951 valoris
1150 2897 1180 2952 et
1196 2905 1330 2952 commo·

585 2981 697 3054 ditatis,
720 2981 799 3058 quod
827 2983 936 3059 iugera
963 2985 1029 3046 sive
1050 2999 1181 3064 arpenas
1199 2984 1331 3047 bismille

584 3075 753 3150 contiueat,
769 3081 800 3137 et
820 3075 916 3139 fundo
931 3077 1036 3140 Wbite
1051 3077 1163 3153 Mersit,
1179 3085 1331 3157 quantum

585 3167 653 3228 beri
681 3176 792 3248 potest,
816 3186 912 3248 aeque
935 3172 1118 3250 respondeat
1142 3179 1210 3233 tum
1232 3170 1331 3249 quoad

584 3263 768 3340 positionem
780 3273 812 3325 ιι
822 3265 898 3327 coeli
909 3265 1136 3340 salubritatem,
1151 3274 1216 3328 tum
1233 3263 1330 3344 quoad

585 3354 816 3420 secunditatem.
839 3358 1095 3438 ilrobiepisoopus
1112 3375 1187 3422 vero
1206 3359 1239 3421 in
1254 3357 1333 3438 paci·

586 3454 640 3514 luca
656 3455 847 3529 possessione
863 3453 998 3516 manebit
1013 3455 1101 3520 tundi
1117 3457 1221 3520 Wbite
1232 3459 1331 3522 llarsb

585 3553 683 3615 doner
703 3558 857 3615 conventa
878 3555 1065 3631 permutatio
1087 3569 1198 3616 usacra
1215 3555 1330 3629 congr.

586 3649 746 3727 approbata
759 3648 852 3712 luerit
863 3649 993 3728 eiusque
1004 3649 1232 3728 adprobatiouis
1242 3654 1333 3715 docu-

587 3742 1331 3826 mentumadbrebiepiscopinranuspervenerit.

626 3856 657 3899 v.
684 3837 774 3902 Omni
805 3837 907 3900 studio
937 3839 1111 3902 curandum
1135 3841 1193 3905 erit
1225 3843 1332 3904 iisdem

587 3933 739 4012 patribus,
762 3939 797 3997 ut
818 3933 976 4011 praedium
991 3934 1096 3996 Wbite
1117 3933 1218 3997 blarsir
1236 3952 1333 4015 nsque

587 4031 623 4090 ad
645 4027 738 4102 cliem,
756 4029 788 4090 in
811 4043 870 4106 qua
885 4027 1139 4107 drenteplseopus
1161 4029 1245 4092 illius
1267 4047 1333 4110 pos-

586 4124 754 4185 sessionem
783 4123 901 4198 inierit,
924 4122 1032 4184 eadent
1056 4121 1206 4186 industria
1235 4141 1267 4186 ac
1288 4141 1333 4186 se-

587 4217 715 4280 dulitate
737 4217 905 4291 excolatur,
920 4233 954 4278 ac
967 4215 992 4279 si
1014 4215 1070 4298 ipsi
1092 4226 1242 4296 perpetuo
1257 4219 1332 4283 illud

588 4311 742 4390 possidere
763 4311 924 4374 deberent.

629 4422 670 4467 ιι.
695 4405 727 4469 Si
749 4405 863 4468 iundus
877 4406 983 4469 Wbite
996 4407 1108 4482 biarsb,
1122 4409 1172 4470 vel
1187 4408 1264 4470 alius
1278 4425 1333 4487 pro

587 4517 623 4560 eo
635 4499 861 4576 subrogandus,
874 4499 976 4578 aliquo
991 4517 1060 4563 aere
1076 4501 1177 4566 alieno
1192 4508 1333 4579 gravatus

588 4593 682 4656 luerit
701 4600 770 4656 ante
792 4593 900 4656 initam
924 4595 1151 4673 trebiepisoopt
1175 4595 1333 4672 possessio

588 4705 662 4751 nem
684 4692 851 4762 contracto,
874 4688 940 4749 eins
965 4688 1078 4750 solutio
1101 4686 1134 4748 ad
1158 4697 1259 4764 patres
1280 4688 1332 4752 So-

588 4784 703 4846 cietatis
729 4783 796 4846 lesu
824 4781 981 4859 spectabit.
1014 4782 1082 4843 Pari
1103 4780 1193 4843 modu
1216 4782 1333 4844 iructus

588 4879 625 4940 alx
647 4877 755 4939 eodem
777 4875 885 4950 londo,
909 4875 957 4937 vel
979 4874 1016 4937 ab
1037 4874 1120 4938 illius
1141 4874 1333 4937 conductori-

589 4973 657 5046 bus,
680 4972 704 5032 si
730 4970 783 5050 qui
811 4977 900 5046 suut,
928 4969 1149 5047 provenientes
1177 4971 1332 5047 usquead

588 5065 716 5128 eandem
738 5064 934 5143 possessionis
948 5063 1028 5126 diem
1052 5062 1089 5124 ab
1112 5063 1217 5125 iisdem
1241 5063 1333 5140 patri-

588 5160 647 5223 bus
671 5158 892 5236 percipientur.

628 5269 683 5315 vn.
707 5253 831 5328 Quoties
844 5259 944 5330 patres
965 5249 1123 5315 societatis
1145 5249 1211 5312 lesu
1227 5250 1259 5311 in
1273 5249 1332 5311 Μι-

590 5345 726 5424 rylandia
748 5353 975 5409 commorantes
995 5361 1028 5406 ea
1051 5345 1150 5408 omnia
1166 5343 1333 5420 diligenter

588 5439 796 5519 impleverint,
819 5455 897 5518 quae
911 5456 927 5499 a
942 5455 1022 5502 sacre
1039 5439 1286 5516 congregatione
1301 5437 1333 5501 in

588 5540 671 5600 bisce
693 5536 829 5598 articulis
850 5533 962 5597 sancitu
983 5540 1068 5609 sunt,
1082 5533 1333 5610 brobiepisoopus

590 5630 819 5694 Baltimorensis
840 5645 878 5690 ex
899 5637 985 5705 parte
1006 5643 1059 5691 sua
1074 5626 1188 5703 obligat
1202 5642 1235 5688 se
1249 5642 1333 5688 suos-

590 5741 650 5804 que
670 5738 870 5796 successores,
893 5722 1059 5800 spondens
1090 5727 1152 5782 tam
1179 5736 1212 5782 se
1241 5735 1332 5798 quam

591 5817 659 5879 illos
679 5831 801 5894 semper
824 5815 993 5892 agnituros,
1017 5821 1175 5892 ratamque
1196 5829 1261 5876 esse
1282 5812 1333 5874 ιιι-

591 5910 710 5974 bitures
740 5908 869 5970 liberam
899 5925 932 5971 ac
962 5907 1118 5986 pacificam
1149 5906 1333 5970 lesuitarum

1107 517 1172 564 lUR·
1196 518 1286 564 PONT·
1310 517 1351 562 DE
1372 517 1402 562 P·
1425 519 1455 564 tt·
1479 518 1561 564 PARS
1584 520 1604 563 Ι.

1383 637 1604 716 possessionem
1616 640 1648 702 in
1663 640 1792 720 reliquis
1803 641 1904 717 bonis,
1916 659 2006 721 quae,
2017 643 2130 706 exinde

1383 731 1541 810 pontificio
1568 734 1660 796 etiarn
1682 735 1847 798 accedente
1872 735 1996 814 placito,
2020 735 2131 798 iisdem

1383 822 1480 886 libere
1503 825 1740 889 administranda
1766 827 2002 906 relinquuntur,
2025 830 2067 892 ita
2097 837 2131 892 ut

1382 916 1467 980 nulia
1480 933 1627 996 umquam
1639 919 1671 982 in
1683 928 1842 999 posterum
1854 921 1903 983 vel
1918 921 1955 983 ab
1971 922 2131 1002 Archiepi·

1383 1011 1491 1089 scopis,
1504 1012 1552 1073 vel
1568 1031 1582 1072 a
1599 1013 1681 1076 clero
1695 1014 1842 1076 saeculari
1857 1014 1953 1092 possit
1967 1015 2005 1077 iis
2019 1015 2131 1078 inierri

1383 1103 1535 1180 molestia,
1551 1115 1602 1168 aut
1624 1107 1656 1168 in
1678 1106 1800 1186 pacifica
1820 1107 1998 1170 huiusmodi
2014 1125 2132 1186 posses-

1383 1195 1470 1260 sione
1489 1215 1541 1260 eus
1556 1200 1620 1262 ullu
1636 1201 1726 1262 inodo
1741 1201 1789 1262 vei
1805 1202 1863 1264 sub
1877 1201 1987 1280 quovis
2002 1203 2131 1266 obtentu

1385 1291 1512 1367 turbari,
1544 1293 1635 1354 bruno
1666 1301 1767 1356 ιιιιιιιι
1794 1311 1918 1373 semper
1948 1305 2132 1359 remanente

1385 1383 1547 1448 interdicto
1562 1388 1599 1448 de
1614 1386 1704 1450 bonis
1722 1403 1783 1451 non
1796 1388 1964 1452 alienandis
1985 1399 2016 1452 ιι
2035 1389 2129 1452 salvis

1384 1478 1540 1554 oneribus,
1563 1495 1642 1558 quae
1664 1480 1775 1543 iisdem
1797 1481 1884 1546 bonis
1905 1481 2081 1546 inhaerent.

1424 1570 1494 1646 53.
1518 1573 1670 1636 limnibus
1700 1585 1822 1638 mature
1846 1575 2003 1654 perpensis
2032 1575 2131 1639 etuti
2196 1581 2320 1635 courmuu
2369 1563 2370 1580 ²

1383 1681 1476 1742 supra
1496 1664 1648 1745 dispositis
1669 1669 1796 1732 nomine
1809 1669 1981 1746 praedictae
1994 1670 2133 1746 congre
2150 1638 2234 1690 aposto
2211 1633 2280 1682 totta

1384 1758 1516 1834 gationis
1537 1759 1575 1822 de
1594 1759 1790 1840 Propaganda
1804 1763 1877 1828 Fide
1897 1764 2031 1842 petitum
2046 1781 2062 1825 a
2078 1779 2134 1826 no

1385 1851 1430 1912 bis
1455 1851 1531 1928 luit,
1555 1859 1591 1918 ut
1617 1855 1798 1932 apostolicae
1825 1858 1983 1935 potestatis
2007 1864 2133 1920 nostrae

1385 1946 1560 2009 munimine
1575 1947 1770 2026 roboremus,
1787 1951 1880 2028 idque
1894 1951 2132 2030 praecipiamus,

1384 2039 1465 2118 quod
1486 2041 1588 2103 stabili
1610 2043 1822 2106 constitutioni
1845 2059 1968 2108 mensae
1983 2045 2133 2122 archiepi-

1384 2132 1512 2210 scopalis
1533 2133 1766 2197 Baltimorensis
1790 2136 1873 2198 iuxta
1894 2137 2058 2215 praemissa
2080 2151 2134 2214 op

1385 2233 1555 2303 portunum
1571 2228 1704 2290 videtur.
1729 2227 1791 2290 Nos
1806 2227 1982 2291 uniusmodi
1999 2245 2131 2305 congre-

1385 2319 1516 2396 gationis
1527 2321 1754 2386 votisannuere
1766 2321 2135 2400 volentesacsingulares

1385 2429 1543 2492 personas,
1560 2414 1674 2491 quibus
1689 2424 1864 2494 praesentes
1881 2425 2004 2478 nostrae
2026 2417 2135 2480 literae

1385 2504 1501 2581 lavent,
1523 2507 1704 2584 specialibus
1722 2509 1829 2586 gratiis
1844 2517 1875 2571 et
1890 2509 2048 2573 lareribus
2062 2525 2135 2588 pro·

1385 2598 1473 2678 sequi
1494 2607 1633 2663 volentes
1654 2609 1685 2664 ιι
1706 2621 1720 2662 ι
1743 2603 1903 2682 quibusvis
1918 2605 2133 2666 exeommuni-

1385 2694 1524 2770 cationis,
1546 2696 1756 2773 suspensionis
1771 2703 1802 2759 et
1816 2695 1987 2769 interdicti,
2004 2697 2136 2775 aliisque

1385 2786 1595 2854 ecclesiasticis
1620 2795 1772 2870 censuris,
1797 2795 1961 2856 sententiis
1982 2803 2013 2856 et
2028 2794 2136 2871 poenis

1386 2887 1496 2963 quovis
1512 2885 1602 2950 modo
1617 2895 1648 2949 et
1662 2903 1857 2967 quacumque
1876 2886 1915 2948 de
1942 2905 2031 2950 causa
2053 2887 2134 2964 latis,

1386 2981 1411 3042 si
1427 2998 1502 3059 quas
1517 2981 1597 3044 iorte
1618 2982 1821 3058 incurrerint,
1838 2981 1930 3048 huius
1951 2993 2073 3047 tantum
2089 2985 2136 3045 rei

1388 3076 1483 3154 gratia
1504 3075 1699 3139 absolventes
1712 3085 1744 3138 ιι
1758 3078 1910 3142 absolutos
1925 3078 1991 3142 iore
2005 3095 2135 3142 censen-

1388 3176 1443 3246 tes,
1467 3171 1741 3250 supplicationibus
1766 3173 1943 3235 huiusmodi
1966 3173 2054 3236 nobis
2076 3174 2136 3238 bu·

1387 3267 1505 3330 militer
1526 3268 1675 3344 porrectis
1696 3267 1850 3342 inclinati,
1866 3269 1970 3332 omnia
1989 3270 2136 3348 superius

1388 3359 1482 3421 relata
1503 3369 1535 3422 et
1556 3377 1570 3420 a
1594 3362 1843 3439 congregatione
1872 3379 1969 3425 venn.
2000 3363 2134 3426 fratrum

1388 3461 1562 3519 nostrorum
1591 3456 1623 3520 S.
1640 3457 1675 3520 lt.
1694 3457 1729 3518 E.
1761 3457 1972 3524 cardinalium
2001 3462 2136 3538 negotiis

1389 3547 1603 3626 propagandae
1618 3549 1701 3612 Fidei
1716 3554 1962 3630 praepositorum
1984 3556 2061 3618 circa
2076 3564 2135 3616 sta-

1388 3645 1483 3709 bilem
1505 3649 1759 3713 constitutionem
1787 3665 1913 3712 mensae
1934 3651 2137 3730 archiepisco-

1389 3743 1463 3820 palis
1476 3743 1706 3810 Baltimorensis
1727 3744 1853 3818 sancita,
1869 3743 2051 3806 auctoritate
2064 3760 2136 3822 apo-

1388 3835 1493 3897 stoliea
1506 3844 1614 3897 tenore
1624 3838 1833 3913 praesentium
1846 3839 2062 3917 approbamus,
2074 3840 2135 3901 eis-

1389 3944 1449 4006 que
1470 3929 1651 4004 apostolicae
1673 3929 1830 3992 firmitatis
1849 3931 1946 3993 robur
1960 3932 2132 4008 adiicimus,

1389 4039 1421 4085 ac
1442 4039 1548 4085 omnes
1564 4030 1594 4084 ιι
1609 4023 1747 4100 singulos
1763 4023 1837 4086 iuris
1852 4031 1884 4086 et
1899 4023 1968 4086 lacti
1984 4024 2131 4101 deiectus,

1388 4116 1501 4196 siquos
1516 4119 1547 4178 in
1563 4133 1597 4180 ea
1613 4117 1771 4196 irrepsisse
1785 4118 1963 4194 contigerit,
1978 4133 2131 4193 sanamus,

1389 4218 1482 4290 atque
1503 4211 1694 4288 supplemus,
1719 4212 1902 4273 mandantes
1923 4219 2084 4290 propterea
2100 4212 2132 4274 ιιι

1390 4305 1507 4368 virtute
1528 4313 1649 4368 sanotae
1670 4305 1864 4368 obedientiae
1889 4307 2061 4385 praeposito
2083 4321 2134 4383 ge-

1390 4399 1487 4462 nerali
1509 4399 1668 4462 Societatis
1695 4400 1775 4476 lesu,
1799 4407 1844 4474 ut,
1867 4401 1972 4462 statim
1994 4417 2028 4462 ae
2049 4417 2133 4479 prae-

1388 4501 1492 4555 sentes
1513 4503 1636 4556 nostrae
1657 4493 1763 4554 literae
1778 4495 1806 4554 ei
1827 4492 1945 4555 luerint
1966 4494 2132 4568 exhibitae,

1389 4588 1493 4648 omnia
1515 4587 1547 4648 in
1570 4585 1631 4648 illis
1660 4601 1800 4664 expressa
1822 4592 1853 4650 et
1874 4602 1889 4646 a
1913 4587 1999 4648 uoltis
2027 4603 2134 4666 appro-

1390 4683 1456 4744 bata
1478 4687 1619 4744 accurate
1641 4682 1753 4760 exequi
1777 4690 1928 4746 teneatur.

1428 4779 1496 4853 §ln
1520 4779 1726 4840 Decerneutes
1756 4778 1806 4838 iras
1832 4784 2007 4856 praesentes
2031 4777 2134 4838 literas
2153 4775 2325 4880 1,⁰,},²¹¹,⁵,¹¹¹3,⁵¹²b

1387 4887 1510 4950 semper
1532 4873 1648 4947 firmas,
1664 4872 1778 4934 validas
1800 4879 1830 4932 ιι
1845 4871 1979 4934 efficaces
2000 4872 2134 4934 existere
2153 4891 2206 4933 tum
2220 4886 2308 4931 ιιιιιιιι

1389 4975 1420 5029 ιι
1437 4964 1515 5041 ιιιι,
1530 4981 1663 5044 suosque
1679 4965 1833 5044 plenarios
1848 4973 1879 5027 et
1901 4967 2040 5043 integros
2061 4967 2133 5028 ιιιι-

1389 5069 1456 5123 ctus
1466 5059 1569 5120 sortiri
1586 5067 1618 5121 et
1633 5059 1786 5132 obtinere,
1796 5075 1828 5119 ac
1843 5059 2000 5134 omnibns,
2012 5059 2046 5121 ad
2058 5075 2135 5137 quos

1388 5159 1504 5232 spectat
1514 5163 1545 5216 ιι
1557 5151 1705 5230 spectabit
1719 5167 1775 5228 pro
1790 5159 1941 5230 tempure,
1954 5152 2133 5230 plenissime

1389 5246 1560 5323 suilragari,
1583 5253 1614 5306 et
1638 5245 1676 5307 ab
1696 5244 1813 5306 eisdem
1841 5243 2062 5307 inviolabiliter
2083 5245 2134 5306 ob-

1387 5339 1521 5416 servari3
1538 5339 1641 5416 sicque
1662 5339 1692 5400 in
1709 5337 1882 5416 praemissis
1898 5353 1951 5415 per
1972 5353 2136 5416 quoscum-

1389 5451 1449 5513 que
1473 5433 1588 5496 iudioes
1613 5431 1781 5493 ordinarios
1803 5436 1834 5492 et
1853 5430 2020 5508 delegatos,
2043 5432 2134 5493 etiarn

1389 5544 1549 5592 causarum
1565 5526 1668 5606 palatii
1685 5526 1782 5587 nostri
1798 5523 1952 5604 apostolici
1970 5526 2134 5600 auditores,

1390 5623 1515 5686 iudicari
1539 5627 1572 5682 et
1593 5619 1715 5682 definiri
1748 5617 1871 5688 debere,
1894 5634 1928 5680 ac
1958 5617 2083 5680 ιιιιιιιιιι
2103 5625 2135 5678 ιι

1389 5717 1500 5789 inane,
1526 5714 1550 5775 si
1574 5729 1662 5774 secus
1683 5727 1776 5789 super
1797 5711 1846 5771 bis
1860 5728 1875 5770 a
1891 5725 2049 5789 quoquam
2063 5727 2136 5788 qua-

1388 5810 1436 5871 vis
1457 5809 1638 5870 auctoritate
1656 5805 1791 5870 scienter
1803 5803 1875 5866 ιιι
1868 5811 2049 5882 ignoranter
2063 5820 2134 5868 con·

1389 5903 1534 5982 tigerita
1518 5900 1674 5964 attentari.
