4754 6966
68 605 102 658 dn.
112 602 133 652 C.
150 581 207 646 llil

72 1015 217 1072 emelioren-

65 1077 126 1124 ffisim',
139 1070 159 1110 Εἴ
168 1071 218 1106 Sall·

65 1139 92 1180 ‚ql
104 1119 197 1182 poenalis.

896 579 1124 639 mmm
1702 549 1996 630 twmwh

236 719 361 793 debere3
385 714 509 780 irritum
536 731 660 797 quoque
681 724 712 778 et
733 714 837 790 inane,
853 715 879 776 si
892 728 979 775 secus

235 813 396 892 superbis
424 828 439 872 a
466 827 621 891 quoquam
648 811 755 890 quavis
779 807 977 878 auctoritate,

235 908 369 968 scienter
381 906 429 968 vel
447 907 626 982 ignoranter
641 904 804 980 contigerit
820 899 976 964 attentari.

276 1001 296 1074 5
312 1000 357 1062 tb.
373 997 441 1060 Non
458 999 660 1072 obstantibus,
673 1006 826 1076 quatenus
837 1009 912 1073 opus
927 992 978 1066 sit,

237 1092 391 1153 nostrast
414 1091 620 1154 cancellariae
651 1089 840 1169 apostolicae
864 1083 981 1164 praedi·

236 1193 302 1247 ctae
323 1185 430 1262 reguli
445 1185 482 1246 de
498 1185 566 1248 iure
587 1185 726 1262 quaesito
748 1198 810 1245 non
833 1178 980 1250 tollendo,

236 1277 364 1356 aliisque
385 1279 416 1340 in
439 1277 631 1340 contrarium
654 1277 891 1355 praemissorum
907 1285 982 1350 quo-

236 1371 406 1433 modolibet
427 1372 521 1434 etiam
543 1373 574 1434 in
597 1369 794 1450 synodalibus
812 1366 983 1448 provincia·

238 1462 330 1536 libus,
347 1465 543 1541 generalibus
558 1471 588 1526 et
604 1463 831 1527 universalibus
846 1457 983 1522 conciliis

238 1558 327 1618 editis
356 1559 405 1620 vel
428 1559 554 1620 edendis
579 1559 759 1636 specialibus
780 1555 830 1617 vel
856 1567 984 1630 genera·

239 1649 323 1712 libus
349 1651 633 1726 constitutionibus,
657 1652 706 1713 vel
731 1649 891 1712 ordinibus
915 1660 984 1723 apo·

238 1743 368 1815 stolicis,
401 1745 572 1823 privilegiis
603 1761 743 1824 quoque,
776 1741 923 1814 indultis,
955 1743 986 1798 et

238 1837 340 1900 literis
359 1839 532 1917 apostolicis
552 1838 710 1917 quibusvis
730 1835 941 1916 superioribus
956 1839 986 1892 et

240 1934 392 2010 personis,
421 1933 479 1993 sub
500 1932 749 2010 quibuscumque
775 1929 934 1993 tenoribus
956 1933 986 1988 et

240 2027 362 2103 lormiS,
384 2045 417 2088 ac
438 2043 509 2088 cum
531 2015 692 2106 quibusvis
716 2027 808 2088 etiam
830 2024 987 2098 derogato·

241 2123 362 2184 riarum
384 2121 596 2197 derogatorib,
612 2121 740 2199 aliisque
755 2117 987 2185 efficacioribus,

241 2216 463 2278 efficacissimis
484 2232 517 2276 ac
538 2215 670 2277 insolitis
698 2214 840 2277 clausulis
867 2230 900 2276 ac
921 2213 991 2274 irri-

242 2311 391 2384 tantibus,
414 2318 445 2370 et
466 2309 532 2370 aliis
552 2309 682 2370 decretis
704 2309 734 2370 in
757 2323 870 2384 genere
893 2307 942 2368 vel
958 2308 989 2368 in

241 2407 357 2482 speeie,
380 2405 474 2465 etiarn
503 2411 601 2478 motu,
630 2403 757 2465 scientia
779 2410 808 2464 et
835 2400 991 2478 potestatis

243 2497 443 2578 plenitudine
463 2495 588 2573 paribus
606 2512 660 2574 pro
684 2502 820 2573 tempore
842 2494 992 2556 concessis

244 2601 276 2654 et
290 2589 506 2654 concedendis.
530 2589 646 2664 Quibus
661 2590 806 2651 omnibus
817 2598 847 2650 ct
862 2587 993 2664 singulis

244 2687 366 2748 etiamsi
380 2701 434 2764 pro
452 2684 575 2746 illorum
595 2683 761 2746 sulbcienti
783 2684 994 2758 derogatione,

244 2781 320 2841 alias
341 2781 379 2842 de
403 2777 647 2855 illiseorumque
662 2779 733 2838 totis
757 2777 914 2840 tenoribus
929 2793 995 2854 spe·

245 2874 344 2947 cialis,
366 2871 516 2950 specifica,
541 2885 682 2950 expressa
705 2879 735 2931 et
757 2869 915 2933 individua
932 2885 995 2932 non

246 2973 354 3027 aratam
376 2980 432 3042 per
447 2963 595 3026 clausulas
611 2963 770 3039 generales
783 2964 865 3025 idem
882 2964 997 3041 impor-

248 3064 351 3120 tantes
373 3057 510 3131 mentio,
533 3072 587 3118 seu
609 3057 735 3135 quaevis
757 3056 812 3118 alia
842 3057 996 3134 expressio

248 3153 406 3225 habenda,
428 3159 482 3212 ant
513 3148 612 3228 aliqua
644 3149 699 3211 alia
726 3149 817 3211 etiam
847 3150 996 3229 exquisita

248 3247 351 3308 iorma
373 3245 408 3305 acl
431 3245 489 3306 hoc
509 3246 658 3306 servanda
682 3243 772 3319 iuret,
796 3252 919 3306 tonores
941 3244 999 3304 hu·

249 3340 397 3414 insmodi,
421 3356 452 3400 ac
474 3338 498 3398 si
524 3339 562 3398 de
584 3337 680 3398 verbo
702 3337 736 3397 ad
766 3339 897 3418 verbum
920 3337 997 3399 nibil

248 3435 378 3512 penitus
408 3432 538 3506 omisso,
560 3439 592 3492 et
622 3430 719 3493 torma
743 3432 775 3494 in
798 3431 858 3492 illis
890 3432 1003 3494 tradita

248 3529 424 3601 observata,
447 3533 478 3586 et
501 3523 609 3587 inserti
639 3524 751 3599 iurent,
774 3525 889 3587 eisdem
913 3541 998 3603 prae·

247 3622 392 3685 sentibus
415 3637 469 3698 pro
490 3619 582 3698 plene
599 3625 630 3679 et
644 3619 835 3680 sulliclenter
848 3620 999 3696 expressis

249 3717 414 3790 hahentes,
433 3713 492 3774 illis
513 3712 585 3772 alias
601 3712 632 3773 in
654 3728 709 3772 suo
725 3712 836 3773 robore
857 3727 999 3790 perman-

249 3811 346 3886 suris,
369 3807 518 3870 latissime
538 3814 568 3867 et
596 3805 776 3883 plenissime
797 3805 832 3866 ad
854 3806 999 3882 praemis-

250 3919 359 3967 sorum
382 3900 605 3962 validissimum
622 3899 767 3960 ellectum
782 3900 954 3976 specialiter
968 3907 999 3961 et

248 4013 409 4078 expresse,
427 4011 483 4058 nec
500 4009 563 4054 uon
586 3999 759 4072 opportune
774 3999 803 4054 et
820 3992 929 4068 valide,
945 3995 1000 4054 hac

251 4093 324 4154 vice
339 4090 510 4162 dumtaxat,
528 4087 637 4147 horum
654 4103 778 4165 quoque
792 4087 883 4159 serie,
899 4071 999 4161 melu,

252 4183 383 4247 scientia
405 4191 436 4242 et
457 4179 616 4260 potestatis
631 4179 827 4258 plenitudine
846 4180 1001 4240 similibus

252 4281 457 4353 derogamus,
480 4273 671 4350 caeterisque
692 4273 855 4334 contrariis
876 4273 1000 4351 quibus-

252 4386 399 4448 cumque.

297 4463 385 4540 §ll
410 4461 495 4524 Nulli
521 4476 598 4537 ergo
625 4461 756 4523 omnino
776 4461 940 4524 hominum
967 4461 1002 4522 li-

253 4564 322 4620 ceat
345 4561 423 4618 lianc
452 4555 596 4633 paginam
618 4563 740 4616 nostrae
765 4554 1001 4633 suppressionis‚

255 4649 469 4725 extinctionis,
492 4647 668 4722 erectionis,
691 4648 909 4722 institutionis,
932 4663 1004 4709 con·

255 4744 438 4818 stitutionis,
452 4741 806 4818 assignationisstatuti,
815 4739 941 4816 ‹lecreti
954 4743 1003 4802 ad·

257 4837 411 4901 missionis
433 4842 465 4896 et
479 4833 687 4910 derogationis
710 4833 894 4910 intringere,
911 4834 960 4896 vel
976 4834 1002 4894 ei

257 4949 333 4994 ausu
356 4929 521 4993 temerario
548 4927 714 4988 contraire.
739 4927 771 4990 Si
800 4929 868 5006 quis
900 4935 1004 4990 autem

258 5029 315 5087 hoe
346 5031 498 5084 attentare
529 5023 786 5106 praesumpserit,
820 5023 1006 5098 indignatio-

260 5134 333 5181 nem
360 5115 585 5194 omnipotentis
608 5115 660 5176 [tei
686 5131 718 5176 ac
740 5114 899 5176 beatorum
923 5115 1004 5177 Petri

260 5220 290 5272 et
315 5210 400 5272 Pauli
423 5209 639 5288 Apostolorum
667 5208 732 5268 eius
753 5223 785 5269 se
813 5209 937 5269 noverit
957 5209 1005 5270 in·

260 5319 435 5366 cursurum.

301 5399 409 5460 ilatum
441 5395 567 5471 Romae,
595 5398 674 5475 apud
707 5397 738 5460 S.
763 5396 888 5457 llariam
916 5395 1006 5458 llaio-

263 5509 339 5568 rem,
361 5506 444 5552 anno
466 5490 687 5552 incarnationis
710 5491 885 5552 llominicae
907 5490 1007 5551 mille-

263 5589 338 5648 simo
356 5584 636 5664 septingentesimo
650 5584 878 5660 septuagesimo
893 5583 1005 5662 primo,

265 5679 475 5743 tertiodecimo
490 5677 636 5739 kalendas
650 5677 795 5752 octobris,
811 5677 1007 5755 pontificatus

265 5774 361 5837 nostri
382 5789 464 5835 anno
479 5787 527 5833 ιιι.

514 5929 753 5943 ffl-

1373 701 1450 770 xvi.

1039 901 1201 964 Concessio
1233 901 1341 979 [rariore
1375 895 1608 957 catholicorum
1634 897 1780 954 Armeno-

1076 1009 1149 1056 runt
1182 993 1329 1068 Artcpruc
1361 985 1585 1068 indulgentiae
1617 982 1781 1061 plenoriue

1077 1095 1106 1150 et
1124 1103 1186 1148 rem
1193 1085 1322 1146 lesionis
1335 1087 1535 1159 percuterem
1548 1076 1711 1154 aliquibus
1726 1093 1782 1136 urr-

1078 1177 1233 1243 nunlt'bus
1245 1175 1429 1256 praecipuis
1445 1174 1571 1254 (estivis
1587 1169 1696 1233 dicbus
1713 1187 1784 1230 ron-

1077 1271 1262 1352 sequendae.

1100 1453 1717 1526 mmmmmmms

1258 1552 1568 1630 mmmm

1231 1697 1416 1768 CLEMENS
1440 1697 1500 1766 PP.
1526 1698 1597 1766 ltttt.

1318 1837 1515 1918 Mmffi

1076 1932 1751 2018 smmmfflmmmmt

1085 2125 1232 2188 Libenter
1254 2125 1476 2198 intelleximus,
1500 2108 1611 2186 dilecte
1633 2124 1688 2199 nti,
1712 2140 1789 2202 quae
1821 2130 2021 2188 uuassrntnrae·

1045 2221 1080 2282 acl
1102 2224 1241 2280 nostram
1263 2218 1341 2279 hanc
1362 2217 1642 2294 congregationem
1659 2217 1697 2279 de
1718 2217 1789 2278 Pru·
1808 2183 2021 2294 {trigfffnt⁰i{r⁸a⁰a¹r¹a

1046 2311 1182 2390 paganda
1205 2310 1279 2372 ride
1294 2326 1395 2387 nuper
1408 2309 1555 2388 scripsisti
1566 2311 1604 2370 de
1618 2309 1789 2388 apostolicis
1808 2289 2022 2390 fiffignffigfflguffi

1047 2403 1202 2467 laboribus
1214 2403 1286 2477 tuis,
1299 2419 1376 2481 qnos
1391 2403 1423 2464 in
1438 2402 1604 2464 excolenda
1617 2403 1683 2464 istic
1699 2403 1788 2464 vinea
1808 2399 2022 2498 {{ss,{,2„3⁰}¹,}2{

1050 2498 1184 2570 Domini,
1200 2497 1261 2557 lieo
1281 2496 1472 2558 incrementa
1496 2497 1599 2571 dante,
1620 2495 1723 2558 sedula
1746 2513 1791 2556 as·
1809 2515 1925 2551 exercere
1957 2507 2022 2551 ures

1049 2593 1197 2669 siduaque
1218 2605 1310 2668 opera
1331 2589 1495 2667 impendis,
1508 2606 1542 2650 ac
1556 2589 1593 2651 de
1609 2605 1642 2650 ea
1657 2605 1792 2668 praeser-
1810 2559 1908 2605 capeat.

1051 2687 1106 2748 tim
1138 2684 1277 2746 tidelium
1310 2683 1456 2757 utilitate,
1484 2699 1577 2762 quam
1609 2682 1793 2746 universalis

1051 2777 1176 2840 iubilaei
1191 2777 1257 2838 istic
1273 2776 1460 2855 promulgati
1482 2776 1696 2854 opportunitas
1712 2777 1795 2839 intu-

1051 2873 1099 2949 lit,
1119 2873 1245 2949 [leoque
1260 2869 1315 2949 ipsi
1332 2877 1493 2948 propterea
1510 2868 1658 2945 plurimas
1674 2869 1795 2945 egimus

1053 2967 1176 3042 gratias,
1201 2964 1289 3026 cuius
1317 2963 1509 3038 benignitate
1537 2961 1657 3025 tructus
1678 2965 1796 3042 prodie-

1053 3068 1129 3123 runt
1145 3058 1307 3132 uberrimi,
1326 3057 1444 3134 tibique
1459 3073 1507 3117 eas
1523 3057 1663 3120 dedimus
1678 3057 1794 3130 laudes,

1053 3171 1131 3234 qnae
1152 3151 1279 3228 egregio
1301 3151 1438 3225 muneri,
1460 3166 1522 3227 quo
1550 3149 1702 3226 iungeris,
1725 3167 1797 3212 con-

1053 3248 1164 3310 venire
1184 3245 1319 3307 maxime
1341 3244 1483 3319 debeant,
1502 3259 1572 3306 cum
1596 3245 1628 3306 in
1651 3261 1688 3306 eo
1709 3262 1797 3306 exer-

1054 3342 1151 3404 cendo
1177 3338 1394 3414 evangelicum
1422 3337 1597 3399 animarum
1630 3337 1732 3400 zelum
1764 3356 1796 3400 ac

1054 3436 1087 3496 in
1103 3433 1281 3513 proximum
1303 3431 1462 3494 caritatem
1483 3446 1555 3492 cum
1569 3432 1730 3510 prudentia
1746 3433 1797 3494 do-

1053 3529 1216 3606 ctrinaque
1237 3523 1447 3587 coniunxeris.
1476 3526 1667 3603 Quapropter
1693 3525 1799 3588 deesse

1055 3623 1143 3686 nobis
1164 3621 1358 3694 videremur,
1374 3619 1398 3678 si
1418 3635 1513 3680 novas
1528 3619 1596 3680 istic
1610 3620 1798 3682 exercendae

1055 3732 1166 3796 operae
1189 3722 1272 3788 tuae,
1288 3731 1320 3774 ac
1337 3711 1574 3774 inflammandae
1589 3714 1620 3775 in
1643 3715 1700 3776 isto
1717 3714 1799 3777 hdeli

1055 3808 1169 3889 populo
1191 3806 1311 3885 pietatis
1333 3805 1579 3884 opportunitates
1605 3823 1668 3869 non
1689 3825 1799 3888 suppe-

1056 3905 1236 3966 ditaremus.
1261 3901 1365 3977 ltaque
1380 3914 1435 3977 per
1455 3900 1544 3960 hasco
1559 3906 1677 3962 nostras
1693 3902 1722 3963 in
1739 3901 1800 3963 lor·

1056 4013 1105 4058 ma
1127 3994 1235 4056 Brevis
1256 3993 1371 4066 literas,
1394 4009 1468 4070 quas
1489 3993 1524 4052 ad
1548 4000 1588 4068 te,
1610 3991 1720 4055 dilecte
1743 3995 1799 4068 dli,

1058 4087 1317 4160 transmittimus,
1346 4085 1516 4162 plenariam
1538 4093 1731 4162 peccatorum
1754 4088 1800 4148 in-

1032 4251 1034 4258 ,
1057 4181 1248 4259 dulgentiam
1269 4177 1521 4240 sollemnioribus
1536 4194 1723 4256 perannum
1739 4183 1801 4242 die-

1058 4277 1125 4351 bus,
1149 4273 1293 4336 videlicet
1314 4271 1550 4333 resurrectionis
1561 4272 1685 4334 liomini
1702 4274 1801 4335 nostri

1059 4373 1127 4434 lesu
1159 4368 1284 4442 Christi,
1314 4373 1522 4446 pentecostes,
1545 4367 1735 4446 epiphaniae,
1757 4386 1802 4429 as-

1058 4463 1244 4543 sumptionis
1266 4461 1370 4522 beatae
1391 4459 1501 4522 llariae
1522 4459 1803 4537 Virginis,sancto-

1058 4575 1131 4622 rum
1153 4555 1371 4636 Apostolorum
1395 4553 1475 4614 Petri
1497 4561 1528 4614 et
1548 4553 1646 4630 Pauli,
1669 4573 1702 4616 ac
1722 4571 1803 4617 sera-

1059 4653 1140 4732 phici
1162 4650 1255 4730 patris
1277 4647 1309 4710 S.
1322 4647 1474 4710 Francisci
1496 4647 1673 4710 lucrandam
1691 4649 1803 4712 ahum-

1061 4747 1152 4809 nibus
1167 4742 1311 4806 hrmenis
1326 4743 1465 4817 Ancyrae
1480 4741 1647 4814 catholicis,
1663 4743 1803 4821 quicum-

1060 4855 1121 4918 que
1141 4838 1226 4916 prius
1254 4834 1384 4898 confessi
1413 4851 1446 4895 ac
1475 4852 1555 4898 sacra
1582 4838 1803 4898 communione

1060 4933 1167 4996 reiecti
1189 4947 1245 5010 pro
1267 4929 1454 4992 exaltatione
1478 4929 1641 5005 Ecclesiae,
1657 4947 1713 5009 pro
1735 4931 1805 4993 ind-

1061 5025 1176 5088 delium
1204 5023 1408 5085 conversione
1429 5039 1462 5083 ac
1483 5038 1538 5099 pro
1566 5024 1730 5086 haeresum
1751 5041 1804 5086 ex·

1062 5119 1226 5199 tirpatione
1249 5117 1345 5177 licum
1367 5115 1537 5192 oraverint,
1553 5115 1588 5176 ad
1604 5119 1805 5195 septennium

1061 5212 1241 5274 duraturam
1269 5210 1431 5289 apostoliea
1460 5209 1640 5271 auctoritate
1665 5211 1806 5272 concedi-

1063 5323 1141 5369 mus.
1166 5305 1264 5366 licum
1286 5318 1361 5364 vero
1383 5303 1484 5381 ipsum
1507 5319 1561 5364 nos
1579 5319 1754 5382 precamur,
1771 5311 1806 5365 ul

1062 5399 1227 5462 eonsilium
1238 5399 1296 5460 hoc
1316 5402 1459 5458 nostrum
1475 5396 1509 5455 ad
1521 5413 1607 5457 suam
1630 5398 1729 5473 magis
1743 5413 1806 5458 ma-

1063 5495 1170 5572 gisque
1191 5491 1365 5567 augendam
1382 5489 1511 5566 gloriam
1527 5505 1712 5552 conversum
1734 5507 1807 5552 suae

1063 5587 1206 5649 bonitatis
1228 5584 1368 5646 ubertate
1383 5582 1559 5658 foecundet,
1577 5583 1705 5662 tibique,
1722 5591 1757 5645 ut
1770 5585 1806 5644 ad

1064 5695 1131 5741 eam
1152 5676 1320 5741 curandam
1343 5676 1451 5736 maiori
1473 5675 1596 5737 divinae
1623 5677 1738 5752 gratiae
1760 5677 1808 5737 in·

1064 5776 1225 5834 cremento
1245 5768 1451 5842 confirmeris,
1464 5768 1600 5830 caelestis
1623 5769 1807 5830 benedictio

1066 5865 1113 5926 nis
1145 5863 1300 5942 auspicem
1334 5861 1529 5940 apostolicam
1560 5861 1809 5924 benedictionem

1066 5964 1261 6038 peramanter
1277 5955 1486 6034 impertimur.
