4808 6988
357 507 412 562 Au.
426 511 456 564 G.
479 510 545 564 1821
597 513 655 576 594

617 650 728 711 Datttm
757 651 883 728 Romae,
913 655 992 733 apud
1021 655 1051 718 S.
1081 657 1206 720 Mariam
1230 657 1321 719 Maio-

577 759 643 804 rem
665 741 723 803 sub
743 744 861 806 annulo
882 745 1053 824 Piscatoris,
1076 749 1126 810 die
1147 765 1213 812 xix.
1243 751 1322 812 iunii

576 851 769 911 enecetur,
792 838 988 916 pontiucatus
1009 842 1108 903 nostri
1129 858 1178 903 an.
1201 857 1280 905 xxti.

833 1000 1071 1010 -———

889 1121 1009 1186 xutttt.

654 1309 920 1386 Circumscriptio
944 1311 1133 1373 dioecesium
1159 1311 1249 1390 regrtt'

861 1405 1038 1466 Borussici.

787 1587 873 1656 etus
896 1587 1115 1656 eetsuueus

763 1766 872 1820 servus
894 1767 1048 1818 servorum
1071 1752 1138 1830 liei,

697 1873 733 1940 ud
755 1877 927 1957 perpetuam
950 1875 993 1940 rei
1016 1873 1199 1940 memoriam.

374 2077 543 2124 prooemium.
617 2067 636 2141 ς
661 2064 687 2125 t.
710 2065 752 2125 De
774 2063 871 2125 salute
891 2063 1079 2138 animarum,
1101 2062 1200 2141 deque
1220 2061 1323 2125 catho-

577 2157 652 2220 licae
675 2157 833 2234 religionis
855 2157 1049 2218 incremento
1071 2171 1126 2234 pro
1143 2155 1323 2232 apostolicae

577 2251 737 2313 servitutis
766 2251 865 2313 ollicio
896 2250 1035 2326 impense
1064 2247 1202 2322 solliciti,
1236 2263 1322 2310 curas

578 2352 696 2406 nostras
717 2344 866 2406 continuo
892 2341 1085 2405 intendimus
1106 2341 1141 2402 ad
1164 2357 1198 2402 ea
1219 2340 1322 2401 omnia

577 2433 1323 2517 quaeGhristihdeliumspiritualiregiminipro-

577 2531 713 2593 curando
741 2530 838 2606 magis
869 2537 937 2608 apta
966 2535 997 2590 et
1026 2527 1113 2591 utilia
1145 2542 1322 2606 comparare

578 2640 665 2702 posse
686 2624 908 2699 dignoscamus.
927 2623 990 2684 Hoc
1009 2638 1083 2682 sane
1103 2621 1231 2683 consilio
1247 2621 1323 2680 iam·

577 2717 629 2779 diu
651 2715 851 2792 cogitationes
873 2725 992 2778 nostras
1012 2717 1175 2792 praecipue
1190 2713 1322 2774 intendi-

577 2827 646 2870 mus
669 2810 700 2870 in
720 2809 863 2884 regiones
880 2808 956 2882 illas,
972 2824 1051 2885 quae
1065 2815 1134 2868 actu
1149 2806 1321 2866 dominatui

576 2902 706 2964 subsunt
720 2901 909 2963 serenissimi
924 2901 1070 2979 principis
1082 2897 1229 2961 Friderici
1239 2897 1323 2960 Guil-

576 2995 674 3056 lielmi
696 2995 900 3057 Borussorum
921 2995 1014 3070 regis,
1037 3000 1070 3053 ut
1094 2993 1175 3053 illius
1191 2991 1322 3052 interce-

577 3089 669 3149 deme
692 3103 749 3165 ope
769 3104 802 3149 ac
825 3087 1007 3148 liberalitate
1034 3101 1102 3147 rem
1129 3101 1244 3147 sacram
1267 3084 1324 3144 ibi·

578 3181 649 3243 dem
661 3180 796 3256 meliori,
808 3196 867 3259 qua
880 3179 946 3241 beri
960 3184 1072 3257 posset,
1085 3179 1229 3241 methodo
1241 3193 1323 3238 com·

579 3289 695 3351 ponere
716 3273 901 3336 valeremus.

363 3375 437 3440 natta
447 3373 561 3438 edendae
619 3369 688 3441 §2-
713 3368 809 3430 Probe
837 3367 990 3447 siquidem
1011 3367 1100 3428 nobis
1128 3373 1199 3428 ante
1220 3365 1323 3426 oculos

349 3431 549 3476 ⁰⁰³³²¹‘¹¹‘¹⁰¹¹¹³'
578 3460 758 3522 versabatur
778 3475 922 3538 praesens
945 3459 1110 3535 regionum
1133 3459 1257 3520 illarum
1277 3475 1325 3518 ra-

580 3556 632 3628 tio,
656 3569 713 3616 nec
734 3568 883 3632 umquam
914 3551 1075 3629 deplorare
1103 3551 1323 3616 cessaverimus

579 3647 716 3723 ingentia
745 3649 854 3709 damna
886 3651 1062 3724 promanata
1090 3661 1127 3707 ax
1150 3643 1324 3724 praeteritis

579 3756 686 3802 rerum
715 3740 1011 3818 perturbationibus,
1038 3757 1116 3818 quae
1144 3739 1323 3802 florentissi-

580 3850 644 3895 mas
665 3834 740 3894 olim
760 3842 851 3911 atquo
881 3833 1047 3897 ditissimas
1075 3833 1257 3895 Germaniae
1275 3849 1324 3894 eo-

579 3926 683 3988 clesias
704 3943 719 3986 a
737 3927 924 4005 veterique
941 3927 1145 4004 praestabant,
1161 3927 1325 4004 splendore

580 4019 722 4093 deiectas,
742 4037 775 4082 ac
797 4022 951 4084 bonorum
967 4021 1117 4098 praesidio
1131 4020 1274 4098 spoliatas
1288 4022 1323 4082 ad

583 4113 793 4176 miserrimum
823 4114 1008 4190 redegerant
1036 4123 1164 4192 statum,
1195 4129 1233 4174 ex
1264 4131 1324 4192 quo

579 4226 701 4274 summa
722 4210 755 4271 in
776 4209 956 4272 catholicum
973 4209 1168 4286 religionem,
1185 4217 1216 4270 et
1231 4209 1262 4270 in
1279 4224 1326 4269 ca-

582 4304 710 4367 tholicos
733 4305 822 4383 ipsos,
844 4304 997 4382 pernicies
1018 4301 1223 4381 promanavit.

351 4401 420 4449 mem
435 4406 561 4459 utsupra.
621 4399 639 4472 ἓ
661 4398 689 4458 3.
714 4398 857 4478 Cumque
876 4408 1054 4478 temporum
1078 4395 1214 4459 conditio
1236 4397 1326 4458 mini-

583 4508 632 4554 me
652 4499 811 4570 pateretur
832 4490 964 4569 inclytae
979 4491 1112 4553 nationis
1127 4491 1327 4553 Germanicae

580 4585 720 4646 ecclesias
741 4585 776 4644 ad
797 4583 992 4660 splendidum
1023 4583 1189 4662 antiquum
1210 4591 1324 4646 statum

581 4681 716 4757 aspicere
737 4683 904 4751 revocatas,
921 4691 1014 4737 omne
1035 4677 1175 4738 studium
1196 4677 1328 4752 diligen-

581 4775 716 4849 tiamque
737 4769 943 4842 adhibuimus,
961 4777 995 4831 ut
1011 4771 1104 4831 tantis
1119 4771 1207 4832 malis
1222 4788 1256 4832 ea
1270 4773 1326 4832 sal-

582 4876 646 4929 tem
674 4882 851 4945 pararemus
878 4866 1025 4942 remedia,
1048 4883 1126 4943 quae
1147 4869 1182 4930 ad
1205 4883 1328 4930 conser-

582 4962 713 5020 vandam
745 4959 803 5021 illis
825 4961 857 5020 in
878 4960 1058 5036 regionibus
1089 4961 1270 5022 catholicam
1295 4961 1329 5021 h—

581 5055 653 5116 dem
674 5062 705 5116 et
725 5055 760 5117 ad
782 5052 957 5115 animarum
972 5053 1231 5117 christifidelium
1247 5054 1326 5116 salu-

584 5156 645 5210 tem
675 5147 896 5224 procurandam
919 5145 1079 5223 inprimis
1105 5149 1275 5210 necessaria
1296 5155 1327 5211 et

582 5250 754 5321 opportuna
774 5255 841 5302 esse
862 5239 1052 5303 viderentur.

351 5341 421 5388 ruam
436 5344 467 5389 ut
477 5352 563 5398 surra.
623 5337 642 5412 g
663 5337 692 5396 d.
709 5333 893 5397 Huiusmodi
907 5341 1010 5396 aretem
1023 5335 1102 5397 votis
1114 5337 1227 5398 nostris
1242 5337 1327 5397 miri·

488 5471 491 5478 ·
584 5433 638 5492 doe
653 5428 873 5491 obsecundavit
888 5427 1028 5490 laudatus
1040 5429 1243 5492 Borussorum
1261 5447 1326 5504 rex,

582 5524 670 5584 cuitus
691 5538 875 5601 propensam
898 5522 1065 5584 admodum
1088 5523 1269 5584 invenimus
1296 5531 1327 5584 et

584 5625 670 5691 grato
698 5617 802 5678 animo
831 5616 1049 5695 prosequimur
1077 5617 1272 5678 voluntatem
1295 5617 1326 5676 in

583 5707 746 5769 catholicos
776 5723 890 5784 magno
921 5725 1055 5771 numero
1086 5709 1142 5770 sibi
1172 5709 1326 5783 subditos,

582 5801 762 5878 praesertim
778 5817 816 5862 ex
831 5802 859 5862 ei
874 5803 1018 5863 attributa
1035 5801 1143 5878 grandi
1158 5810 1244 5878 parte
1258 5818 1328 5879 pro-

584 5893 757 5955 vinciarum
777 5892 811 5954 ad
837 5893 994 5970 Rhenum,
1017 5895 1057 5957 ita
1081 5902 1115 5958 ut
1136 5895 1240 5956 omnia
1263 5903 1329 5956 tan·

1105 537 1169 584 [Uli.
1192 538 1284 584 tour.
1308 539 1348 584 ott
1370 533 1408 584 P(
1423 539 1452 585 F.
1476 541 1559 586 PARS
1581 541 1602 587 l.

2158 528 2209 581 Aa.
2223 532 2249 584 G.
2268 536 2322 590 teat

1377 659 1445 720 dem
1458 659 1558 721 lausto
1569 659 1713 739 felicique
1727 661 1813 723 exitu
1824 678 2012 741 componere
2027 679 2061 725 ac
2071 679 2126 742 pro

1378 751 1516 814 locorum
1545 752 1697 831 positione
1725 761 1819 830 atque
1846 753 2019 817 incolarum
2044 771 2125 817 com-

1378 845 1526 906 moditate
1547 861 1666 908 novnm
1688 847 1721 910 in
1744 847 1903 910 Borussiae
1918 863 2016 924 regno
2031 849 2126 912 eccle·

1377 937 1495 999 siarum
1515 945 1630 1000 statum
1651 948 1683 1002 et
1704 939 1891 1003 dioecesium
1913 941 2027 1004 limites
2043 958 2126 1005 nunc

1378 1033 1578 1107 constituere,
1596 1033 1795 1112 singulasque
1817 1035 1928 1097 deinde
1949 1037 2047 1111 sedes,
2072 1037 2123 1098 ubl

1379 1125 1534 1200 dellciant,
1551 1127 1695 1206 propriis,
1717 1128 1820 1205 dignis
1841 1136 1871 1190 et
1893 1129 2011 1190 idoneis
2027 1138 2126 1208 pasto·

1379 1217 1464 1278 ribus
1486 1219 1599 1281 donare
1620 1221 1789 1284 valeamus.

1418 1309 1486 1385 §ti
1513 1313 1569 1374 Pro
1600 1315 1752 1391 expressis
1779 1316 1888 1392 igitur,
1911 1333 1944 1378 ac
1971 1317 2009 1379 de
2031 1319 2125 1380 verbo
2205 1333 2330 1432 enfiteosis

1378 1404 1413 1465 ad
1435 1405 1566 1465 verbum
1596 1405 1722 1468 insertis
1743 1408 1888 1470 habentes
1908 1411 2055 1474 omnibus
2075 1412 2123 1486 iis,
2144 1396 2318 1498 iidduapiiio⁵⁰

1378 1512 1456 1574 quae
1477 1498 1647 1576 respiciunt
1671 1500 1892 1564 inlradicendas
1914 1504 1964 1565 vel
1984 1505 2125 1566 ecclesia·
2144 1491 2251 1592 ξξῇᾒῃξξ
2268 1455 2330 1544 asii-

1379 1605 1450 1650 rum
1464 1598 1495 1651 et
1509 1592 1726 1668 capitulorum,
1738 1610 1912 1674 eorumque
1922 1597 2125 1674 peculiarium

1367 1677 1572 1746 'anteriorum
1587 1686 1704 1748 iuriam
1722 1705 1754 1748 eo
1769 1691 2054 1766 praerogativarum
2072 1709 2125 1754 ex·

1380 1775 1560 1839 tinctionem
1582 1788 1635 1842 aut
1656 1781 1908 1845 immutationem
1932 1799 1987 1846 seu
2009 1787 2126 1848 reordi-

1379 1870 1549 1946 nationem,
1560 1889 1593 1932 ac
1608 1875 1852 1951 respectivarum
1864 1879 2053 1940 dioecesium
2065 1881 2125 1942 dis-

1379 1963 1637 2028 membrationem
1658 1981 1711 2029 seu
1736 1984 1849 2031 novam
1876 1970 2123 2049 applicationem,

1378 2071 1436 2118 nec
1457 2073 1521 2119 uon
1549 2059 1773 2138 cuiuscumque
1804 2063 2016 2140 praecedentis
2048 2065 2124 2128 iuris
2169 2093 2171 2098 ·

1378 2151 1597 2229 metropolitici
1631 2145 1897 2232 annullationem,
1936 2167 1967 2219 et
1998 2159 2125 2238 insuper

1377 2259 1649 2325 quorumcumque
1675 2249 1824 2311 interesse
1849 2252 2029 2314 habentium
2052 2270 2126 2316 con-

1377 2338 1481 2398 sensui
1503 2338 1641 2416 plenarie
1662 2341 1855 2419 supplentes,
1871 2361 1910 2405 ex
1926 2353 2006 2407 certa
2027 2347 2127 2408 soien-

1378 2431 1418 2490 tia
1439 2439 1470 2493 et
1491 2440 1610 2494 matura
1632 2433 1855 2498 deliberatione
1876 2439 2002 2512 nostris,
2025 2440 2125 2516 deque

1377 2524 1558 2600 apostolicae
1586 2528 1743 2605 potestatis
1772 2529 1979 2606 plenitudine,
2004 2533 2125 2609 praevia

1378 2631 1416 2676 ex
1444 2632 1530 2678 nunc
1558 2620 1735 2682 omnimoda
1766 2623 1994 2700 suppressione,
2024 2625 2126 2685 extin-

1377 2708 1479 2770 ctione
1500 2716 1531 2770 et
1551 2711 1765 2774 annullatione
1787 2715 1920 2776 vacantis
1948 2717 2126 2794 episcopalis

1377 2799 1456 2861 sedis
1478 2802 1735 2878 aquisgranensis
1757 2822 1828 2868 cum
1856 2807 1938 2870 illius
1960 2809 2126 2871 cathedrali

1378 2894 1523 2971 capitulo,
1540 2895 1575 2955 ad
1590 2905 1706 2958 statum
1722 2900 1871 2976 simplicis
1887 2901 2074 2979 collegiatae,
2092 2911 2126 2964 ut

1379 2986 1469 3061 inira,
1486 2980 1673 3065 reducendo,
1690 2999 1782 3070 atque
1803 2993 1930 3057 alterius
1949 2996 2126 3074 episcopalis

1378 3081 1522 3143 ecclesiae
1549 3091 1580 3144 et
1601 3084 1726 3160 capituli
1755 3086 1937 3148 cathedralis
1960 3089 2128 3154 Gorbeien·

1378 3173 1430 3248 sis,
1453 3191 1511 3236 nec
1531 3191 1595 3238 non
1618 3178 1796 3240 monosterii
1815 3179 1953 3242 abbatiae
1968 3197 2126 3260 nuncupa-

1378 3273 1424 3328 tae
1456 3267 1665 3330 Neocelleusis
1696 3270 1791 3346 vulgo
1814 3269 2020 3336 «Neuenzell
2035 3293 2066 3349 »,
2089 3293 2125 3336 ex

1379 3375 1474 3434 nunc,
1499 3361 1637 3438 itemque
1654 3362 1782 3424 alterius
1797 3367 1977 3428 monasterii
1991 3367 2127 3431 abbatiae

1379 3454 1493 3530 pariter
1514 3462 1710 3532 nuncupatae
1731 3455 1893 3533 Olivensis,
1910 3474 1947 3518 ex
1971 3477 2055 3523 nurtc
2071 3476 2126 3538 pro

1380 3554 1465 3622 tunc,
1487 3548 1610 3626 quando
1631 3549 1747 3611 scilicet
1765 3567 1805 3611 ex
1821 3566 1949 3628 persona
1965 3557 2126 3617 venerabi-

1379 3641 1416 3702 lis
1437 3640 1539 3702 iratris
1554 3641 1673 3720 losephi
1689 3643 1725 3704 de
1740 3644 1971 3707 Holteuzollern
1986 3647 2126 3728 Episcopi

1379 3736 1579 3799 Warmiensis
1603 3737 1727 3797 modeni
1748 3737 1863 3798 abbatis
1885 3737 2038 3802 Olivensis
2052 3759 2127 3820 quo-

1380 3828 1606 3906 modocumque
1621 3830 1792 3907 vacaverit;
1810 3837 1844 3892 ut
1859 3835 2036 3895 communia
2051 3852 2127 3913 quo-

1379 3938 1440 4001 que
1460 3922 1689 3984 Germanorum
1710 3931 1793 3996 vota,
1808 3925 1904 4000 regiis
1926 3927 2018 3988 etiam
2040 3939 2126 3990 aucta

1379 4015 1711 4090 commendationibus,
1734 4014 1871 4106 beniga
1898 4016 2002 4080 lavore
2024 4036 2127 4097 prose-

1379 4124 1525 4187 quamur,
1555 4110 1590 4168 ad
1612 4109 1836 4185 omnipotentis
1862 4110 1915 4171 Dei
1944 4110 2074 4186 gloriam
2097 4123 2128 4177 et

1379 4204 1415 4265 ad
1437 4202 1590 4262 honorem
1611 4201 1691 4263 beati
1713 4202 1795 4264 Petri
1811 4204 2028 4280 Apostolorum
2043 4209 2127 4286 prin-

1380 4297 1465 4374 cipis,
1490 4297 1706 4358 coloniensem
1724 4298 1883 4361 ecclesiam
1900 4300 1959 4361 iam
1975 4313 2064 4363 antea
2080 4304 2127 4364 in-

1382 4400 1429 4451 ter
1455 4389 1638 4451 Germaniae
1666 4390 1753 4451 sedes
1782 4391 1862 4452 nulli
1890 4393 2072 4471 antiquitate
2094 4414 2127 4458 ac

1381 4481 1544 4558 splendore
1564 4483 1742 4556 secundam,
1764 4483 1823 4544 sub
1850 4485 2044 4548 invocatione
2065 4488 2129 4552 lau·

1382 4575 1443 4636 dati
1464 4574 1611 4652 principis
1634 4575 1864 4653 Apostolorum,
1887 4578 1923 4638 ad
1951 4583 2128 4660 metropoli-

1381 4674 1469 4729 tanae
1490 4668 1635 4730 ecclesiae
1657 4669 1789 4745 gradum
1810 4669 2017 4746 restituimus,
2040 4692 2073 4736 uc
2096 4676 2128 4737 in

1381 4759 1435 4826 illo
1457 4773 1605 4842 perpetuo
1627 4763 1875 4828 constituendam
1901 4780 1969 4827 esse
1989 4767 2128 4830 decerni-

1383 4878 1464 4936 mus,
1475 4863 1639 4940 eidemque
1652 4862 1907 4941 metropolitanae
1922 4865 2127 4942 sutiragaueas

1382 4957 1573 5032 assignamus
1594 4957 1778 5034 episcopales
1800 4958 1940 5020 ecclesias
1962 4959 2129 5023 Treviren-

1381 5067 1459 5124 sem,
1483 5048 1757 5113 Monasteriensem
1779 5060 1871 5129 atque
1897 5052 2129 5118 Paderbornen-

1382 5159 1458 5204 sem.

1423 5241 1490 5315 §b
1516 5240 1727 5318 Episcopalem
1744 5241 1865 5318 pariter
1892 5240 2052 5304 ecclesiam
2075 5245 2128 5305 Po·
2160 5247 2333 5314 ,ermuqeme-

1382 5332 1580 5395 snaniensem
1602 5333 1658 5395 sub
1674 5334 1868 5396 invocatione
1882 5342 2060 5397 sauctorum
2075 5337 2129 5399 Pe·
2148 5311 2334 5404 iii⁸r0⁰idii1⁰diss

1383 5428 1422 5490 tri
1445 5437 1475 5488 et
1497 5426 1580 5490 Pauli
1601 5428 1833 5507 Apostolorum,
1856 5429 1892 5488 ad
1912 5428 1992 5490 sedis
2014 5438 2129 5492 metro·
2148 5409 2334 5522 {affinian-

1382 5523 1533 5601 politanae
1554 5523 1685 5597 gradum
1714 5520 1895 5582 extollimus
1917 5537 1949 5582 ac
1970 5523 2130 5585 constitui-

1384 5630 1469 5691 mus;
1492 5617 1694 5691 eamdemque
1716 5613 1803 5676 alteri
1819 5614 2066 5693 archiepiscopali
2083 5633 2132 5678 ec·

1383 5707 1490 5769 clesiae
1520 5708 1695 5770 Gnesnensi
1723 5708 1781 5769 sub
1809 5709 2004 5771 invocatione
2026 5707 2130 5772 Sancti

1383 5800 1539 5861 hdalberti
1561 5817 1616 5879 per
1636 5800 1850 5864 dimissionem
1871 5803 2056 5864 venerabilis
2071 5803 2129 5864 ira-

1384 5893 1439 5954 tris
1460 5893 1569 5969 Ignatii
1590 5893 1762 5974 Raeciusky
1785 5894 1889 5957 ultimi
1906 5895 1988 5958 illins
2004 5897 2129 5959 hrehie·
