4750 6980
340 561 395 622 An.
408 568 439 622 G.
460 569 529 624 1797
577 571 635 635 424

557 723 630 771 men
645 715 691 782 ut,
706 709 731 769 si
752 707 916 788 diplomata
930 707 1137 770 commissaria
1152 722 1206 786 pro
1227 720 1295 768 mu-

556 800 683 863 neribus
703 803 863 879 praedictis
884 804 1023 865 nondum
1043 801 1139 865 solido
1160 799 1296 862 triennio

556 903 660 957 exacto
680 895 879 974 accipiantur,
895 895 1047 974 quamvis,
1063 901 1096 958 ut
1111 893 1295 973 praefertur,

555 986 644 1049 electi
665 987 874 1050 visitationem
895 988 1098 1065 susceperint,
1116 987 1196 1049 illico
1211 987 1248 1048 ab
1261 1000 1296 1047 ea

554 1079 716 1156 desistent,
739 1087 771 1142 et
791 1081 824 1142 in
839 1097 874 1143 eo
889 1087 999 1143 statua
1016 1079 1228 1142 commissario
1243 1092 1295 1155 ge-

555 1175 652 1236 nerali
672 1175 828 1238 ludiarum
850 1190 905 1252 pro
918 1185 1055 1254 tempore
1075 1175 1226 1237 existente
1241 1189 1294 1234 no-

554 1267 663 1330 minati
676 1267 741 1330 illas
754 1269 992 1344 continuabunt,
1008 1284 1106 1347 usque
1120 1269 1195 1330 dum
1211 1281 1294 1344 prae-

553 1360 1296 1441 sidentiaecapitulorum,eorumqueincidentiae

552 1455 638 1518 iuxta
659 1456 774 1518 ordinis
795 1456 942 1535 praedicti
961 1462 1073 1518 statuta
1093 1455 1127 1516 ad
1150 1454 1295 1516 ellectum

552 1548 615 1610 sint
635 1549 783 1625 redditae,
798 1558 887 1628 atque
902 1551 938 1612 ad
952 1551 1157 1628 praecavenda
1180 1549 1294 1610 incom-

554 1641 640 1703 moda
666 1643 851 1719 guardianus
872 1652 903 1706 et
924 1643 1046 1706 discreti
1067 1644 1104 1706 de
1132 1643 1196 1721 ipso
1216 1643 1293 1705 cele·

515 1751 520 1771 ¹
553 1736 701 1798 ltratiouis
727 1736 854 1815 capituli
879 1753 961 1800 anno
988 1736 1153 1800 certiorem
1182 1736 1294 1798 facient

553 1831 795 1893 commissarium
818 1831 1004 1907 generalem,
1028 1837 1062 1894 ut
1083 1832 1147 1909 ipse
1168 1831 1203 1892 ad
1224 1845 1294 1908 pro-

554 1923 675 1986 ximum
702 1923 843 1987 futurum
871 1925 1041 2003 capitulum
1069 1925 1242 1987 visitatores
1262 1931 1293 1986 et

553 2013 776 2094 praesidentem
797 2025 971 2096 opportune
990 2018 1127 2096 deputet.

903 2209 938 2270 lt.

323 2393 533 2505 rafflnffiffmffi
592 2395 611 2472 ὃ
631 2395 659 2458 lc.
670 2396 710 2458 Ut
724 2398 859 2461 obeunte
873 2398 979 2474 fratre,
992 2397 1171 2476 priusquam
1187 2396 1292 2458 navim

322 2501 459 2548 animatas
487 2513 533 2566 qo·
551 2491 775 2567 conscenderit,
786 2491 929 2568 suffragia
944 2491 975 2552 in
990 2491 1085 2570 ipsius
1106 2491 1227 2552 animae
1241 2507 1293 2553 ex·

322 2555 533 2664 morracios
552 2584 718 2664 piationem
740 2591 832 2646 erunt
852 2584 988 2647 facienda
1009 2601 1024 2645 a
1046 2580 1291 2664 provincia,'seu

550 2677 724 2754 collegio,a
744 2694 805 2756 quo
826 2679 976 2755 discessit3
999 2679 1024 2740 si
1045 2687 1149 2741 autem
1170 2695 1290 2740 ascensa

551 2770 611 2832 iam
633 2771 715 2844 navi,
731 2777 805 2832 ωηο
819 2773 925 2834 eadem
939 2771 1081 2847 suffragia
1097 2787 1151 2850 per
1166 2773 1292 2850 provin·

550 2864 639 2938 ciam,
661 2878 714 2926 seu
741 2864 922 2940 collegium,
944 2867 993 2929 cui
1018 2871 1083 2927 erat
1108 2865 1289 2942 assignatus,

548 2964 643 3020 erunt
664 2958 827 3039 explenda:
852 2958 933 3037 quod
953 2960 978 3020 si
993 2958 1087 3037 aliqui
1108 2974 1146 3020 ex
1167 2957 1214 3033 iis,
1237 2959 1290 3036 qui

549 3050 749 3130 collegiorum
784 3052 968 3116 decennium
1004 3052 1063 3115 iant
1094 3059 1288 3129 exegerunt,

548 3153 707 3224 postquam
737 3145 903 3223 acollegio
930 3163 983 3209 seu
1009 3145 1174 3223 provinciis
1204 3146 1289 3207 missi

549 3236 690 3312 fuerunt,
712 3237 908 3312 decesserint,
926 3238 1045 3316 quoties
1066 3239 1095 3300 id
1116 3239 1287 3314 contingat,

549 3339 601 3395 aut
631 3331 809 3411 priusquam
841 3333 944 3394 navim
975 3331 1149 3412 Hispaniam
1181 3348 1288 3395 versus

548 3424 759 3500 ascenderint,
781 3432 833 3488 aut
864 3433 1029 3503 antequam
1050 3425 1139 3489 alicui
1159 3442 1198 3488 ex
1219 3440 1288 3503 pro-

549 3519 658 3583 vinciis
679 3519 837 3582 indiarum
852 3519 967 3581 fuerint
982 3517 1104 3595 addicti,
1120 3527 1195 3582 ωηο
1210 3538 1288 3584 onus

547 3611 763 3687 suffragiorum
784 3611 843 3673 erit
869 3610 1047 3688 seminario,
1068 3613 1118 3675 cui
1140 3614 1287 3678 inservie-

547 3710 637 3766 ruut:
662 3702 686 3763 si
701 3717 776 3765 vero
791 3703 850 3766 iam
866 3719 1028 3767 conscensa
1043 3707 1126 3780 navi,
1140 3712 1215 3768 tunc
1229 3706 1289 3768 erit

547 3796 736 3876 provinciae,
757 3793 792 3856 ad
815 3812 907 3874 quam
924 3806 1137 3874 revertuntur,¹
1159 3799 1287 3862 illorum

547 3891 667 3952 animae
687 3890 862 3966 suflragari:
886 3891 911 3952 si
933 3893 1056 3955 tandem
1077 3893 1109 3980 lxi
1131 3893 1287 3956 missicna-

547 3983 586 4045 rii
607 3982 706 4046 alicui'
725 4001 762 4045 ex
790 3985 955 4063 provinciis
983 3985 1140 4048 indiarum
1171 3987 1288 4051 luerint

546 4077 694 4153 adiuncti,
707 4078 829 4156 expleto
843 4079 995 4140 decennio
1007 4079 1038 4141 iu
1053 4079 1200 4157 collegiis,
1214 4090 1288 4145 tuuc

546 4172 580 4233 lri
601 4180 745 4250 tauquam
769 4172 879 4234 fratres
899 4172 1036 4234 seniores
1062 4173 1159 4250 quoad
1180 4175 1289 4238 suflra-

547 4265 594 4343 gia
615 4271 793 4328 censentur.

894 4452 942 4516 ΙΙΙ.

316 4633 528 4736 oggegrlgiolggglsff
586 4639 653 4714 §ii
678 4639 718 4701 Ut
737 4639 762 4700 si
784 4639 979 4716 missicnarii,
998 4651 1104 4705 exacto
1125 4645 1285 4722 decennio,

317 4740 359 4787 ns.
546 4731 578 4792 in
598 4731 662 4794 suis
684 4731 819 4809 collegiis
841 4734 925 4796 iuxta
940 4736 1118 4812 apostolicus
1138 4740 1288 4802 coustitu-

547 4827 657 4901 tiones,
669 4842 702 4888 ac
717 4827 896 4902 praesertim
911 4831 1082 4893 secundum
1094 4831 1286 4896 innocentia-

546 4934 618 4982 nam
639 4919 891 4982 constitutionem
916 4937 1047 4984 numero
1066 4939 1154 5000 xxv,
1177 4929 1212 4990 ad
1233 4928 1286 4991 ali-

546 5028 636 5091 quam
652 5029 690 5074 ex
705 5013 872 5090 provinciis
893 5015 1050 5078 indiarum
1063 5017 1283 5098 adiunguntur,

546 5113 639 5167 eruut
659 5104 790 5168 subinde
812 5105 913 5168 idonei
934 5116 965 5169 et
986 5124 1107 5187 capaces
1126 5113 1162 5175 ad
1183 5115 1285 5176 omnia

545 5214 674 5259 munera
696 5206 727 5260 et
748 5197 844 5260 officia
873 5200 1010 5263 eiusdem
1038 5204 1213 5280 provinciae
1235 5207 1285 5271 ob-

546 5291 670 5353 tinenda
692 5308 707 5352 a
728 5291 788 5365 die,
811 5309 869 5370 qua
891 5292 1019 5358 luerunt
1040 5297 1206 5374 adgregati.

889 5479 939 5542 IV.

314 5674 384 5722 ruem
398 5675 428 5721 at
439 5684 523 5731 supra.
584 5665 602 5740 5
622 5665 651 5727 6.
669 5665 708 5728 Ut
723 5665 924 5741 collegiorum
939 5667 1125 5731 missicnarii
1140 5671 1285 5752 deinceps

545 5757 626 5818 hisce
636 5756 781 5820 fruantur
793 5759 1038 5840 privilegiis,qui
1050 5777 1173 5840 nempe,
1182 5781 1286 5827 emen·

542 5849 583 5912 sis
599 5849 792 5912 laudabiliter
806 5850 968 5914 duodecim
982 5855 1083 5929 anuis,
1099 5866 1151 5918 aut
1167 5859 1203 5920 ad
1217 5875 1285 5920 suas

543 5949 655 6005 matres
681 5944 855 6021 provincias
884 5945 1016 6024 regredi,
1038 5958 1090 6012 aut
1118 5951 1285 6028 provinciis

1078 590 1142 636 lun.
1166 589 1256 634 rond.
1281 587 1320 630 ult
1342 587 1371 630 P.
1394 587 1422 633 l?-
1447 588 1528 634 PAHS
1550 589 1570 632 l.

2126 563 2187 620 An.
2202 565 2237 619 G.
2260 566 2325 618 1797

1354 703 1520 782 indiarum,
1536 723 1608 769 curu
1629 706 1752 784 Hispani
1773 707 1849 782 sint,
1867 707 2027 784 aggregari
2041 707 2092 770 de·
2169 708 2173 716 '

1351 798 1497 874 siderent,
1521 799 1552 860 iu
1576 799 1684 863 iisdem
1711 801 1876 879 provinciis
1900 809 1994 864 eruut
2013 815 2093 862 sem·

1352 907 1407 970 per
1426 891 1607 955 admittendi
1635 899 1666 954 et
1694 894 1860 970 recipiendi
1881 910 1955 956 cum
1977 895 2093 955 honore

1352 995 1383 1049 et
1405 986 1510 1062 gradu
1540 987 1762 1050 concionatoris
1793 1004 1847 1050 seu
1879 988 2093 1067 praedicatoris

1352 1079 1502 1155 generalis
1516 1081 1554 1143 de
1568 1081 1646 1142 iure.
1669 1081 1726 1157 Qui
1741 1089 1844 1145 autem
1866 1097 1921 1160 per
1939 1082 2092 1145 sexdecim

1351 1186 1507 1235 annorum
1530 1173 1720 1236 curriculum
1741 1192 1794 1237 sua
1822 1175 1966 1253 obsequia
1992 1174 2092 1238 ordini

1351 1265 1582 1342 praestiterunt,
1604 1266 1641 1327 iis
1662 1268 1768 1330 eadem
1795 1267 1978 1346 spectabunt
1998 1256 2094 1346 privi-

1352 1356 1446 1434 legia,
1475 1359 1604 1435 perinde
1630 1376 1664 1422 ac
1689 1361 1714 1421 si
1743 1359 1873 1423 luissent
1901 1361 2089 1438 definitores,

1352 1451 1461 1530 iusque
1482 1451 1541 1515 erit
1555 1451 1687 1529 eligendi
1704 1468 1759 1531 pro
1772 1469 1829 1516 suo
1842 1453 1971 1516 arbitrio
1985 1469 2093 1532 quem·

1350 1560 1410 1622 que
1431 1553 1625 1608 conventum
1645 1547 1834 1622 provinciae,
1851 1553 1885 1608 ut
1907 1546 1938 1607 in
1960 1562 1996 1608 eo
2017 1548 2090 1611 adfi-
2149 1565 2181 1617 ο

1351 1636 1477 1713 lientur,
1500 1641 1588 1702 etad
1610 1639 1946 1717 illumadiungantur:
1969 1643 1994 1704 si
2017 1625 2091 1705 ve'ro

1350 1747 1405 1809 per
1426 1731 1539 1808 viginti
1566 1750 1662 1795 anuos
1684 1734 1896 1810 inservierint,
1924 1735 2090 1812 perfunctis

1351 1826 1476 1889 interim
1505 1829 1688 1890 muneribus
1708 1845 1761 1891 seu
1790 1829 1897 1892 ciliciis
1918 1833 2092 1894 commissa-

1349 1919 1467 1983 riorum
1489 1921 1673 1986 missionum
1688 1931 1719 1987 et
1733 1923 1857 1987 illarum
1877 1925 2089 2004 collectorum,

1350 2011 1393 2087 lai,
1414 2014 1494 2077 sicut
1515 2016 1630 2093 pariter
1655 2017 1815 2092 guardiaui
1838 2025 1869 2080 et
1889 2019 2090 2096 collegiorum

1349 2105 1484 2182 discreti,
1506 2109 1610 2186 etqui
1633 2125 1688 2187 per
1708 2109 1886 2188 quindecim
1903 2127 1999 2175 annos
2021 2127 2089 2176 mu-

1349 2215 1408 2260 nus
1428 2201 1596 2277 magisterii
1618 2203 1650 2264 in
1671 2203 1770 2282 aliqua
1791 2204 1860 2267 utili
1882 2205 2007 2269 scientia
2034 2225 2089 2272 seu

1348 2290 1491 2356 facultate
1511 2295 1719 2371 exercuerint,
1742 2312 1850 2360 omues
1872 2298 1915 2375 lxi,
1930 2301 1956 2361 si
1977 2309 2030 2363 aut
2050 2303 2090 2365 ob

1349 2387 1506 2451 infirmam
1536 2389 1762 2469 valetudinem,
1784 2402 1836 2456 aut
1857 2411 1896 2456 ex
1924 2396 1979 2458 alia
2009 2398 2088 2462 iusta

1347 2497 1434 2543 causa
1454 2483 1617 2560 apostolico
1639 2485 1812 2549 ministerio
1832 2506 1865 2551 se
1885 2490 2022 2555 abdicare
2037 2509 2090 2572 po·

1347 2575 1543 2652 stulaverint,
1566 2583 1642 2640 tuuc
1662 2595 1726 2641 non
1746 2580 1848 2643 solum
1869 2583 1938 2646 iure
1957 2585 2110 2650 sibieli-'

1349 2671 1439 2745 gendi
1461 2685 1517 2749 pro
1538 2687 1593 2733 suo
1615 2673 1741 2736 arbitrio
1762 2675 1934 2754 quemlibet
1955 2693 2087 2743 couven-

1347 2769 1427 2838 tum,
1443 2779 1553 2826 verum
1569 2765 1662 2828 etiam
1677 2768 1820 2831 omnibus
1834 2777 1865 2830 et
1880 2772 2010 2848 siugulis
2024 2775 2087 2851 pri-

1347 2855 1468 2935 vilegiis
1484 2865 1545 2920 tam
1559 2859 1596 2923 de
1611 2861 1690 2936 iure,
1703 2879 1796 2941 quam
1806 2880 1865 2927 usu
1880 2873 1910 2927 et
1921 2875 2086 2930 cousuetu-

1347 2950 1418 3012 dine
1439 2951 1589 3016 ministris
1609 2955 1848 3033 provincialibus
1867 2960 1951 3021 inter
1973 2959 2087 3024 limites

1346 3045 1575 3121 provinciarum
1597 3064 1670 3112 suae
1690 3049 1848 3114 filiationis
1869 3060 1921 3114 aut
1941 3054 2088 3131 adgrega-

1347 3135 1439 3198 tionis
1460 3141 1707 3218 competentibus
1732 3145 1790 3218 uti,
1812 3143 1873 3208 frui
1896 3155 1926 3206 et
1952 3148 2087 3224 gaudere
2128 3201 2131 3207 ,

1346 3228 1442 3292 libere
1456 3247 1490 3294 ac
1506 3232 1589 3297 licite
1603 3243 1766 3313 poterunt:
1785 3239 1881 3302 immo
1895 3239 2005 3304 fratres
2016 3257 2086 3320 pro·

1346 3323 1517 3389 vinciacum
1542 3329 1744 3409 Hispanorum
1770 3331 1843 3395 dicti
1870 3334 2004 3410 OrdiuiS,
2032 3337 2086 3414 qui

1344 3419 1379 3480 ad
1391 3422 1563 3499 provincias
1575 3423 1731 3489 lndiarum
1742 3435 1836 3490 eruut
1848 3429 2088 3506 adiunctipost-

1344 3529 1437 3591 quam
1446 3513 1637 3579 laudabiliter
1646 3527 2087 3587 memoratumannorumcur-

1344 3606 1479 3670 riculum
1500 3610 1619 3671 emensi
1638 3609 1766 3688 fuerint,
1783 3631 1798 3674 a
1813 3614 1872 3690 die,
1896 3631 1954 3694 qua
1969 3616 2085 3680 eisdem

1345 3701 1509 3778 provinciis
1520 3702 1648 3768 luerunt
1658 3706 1814 3784 adgregati
1826 3724 1881 3787 pro
1892 3709 2084 3789 alternativa,

1344 3801 1511 3858 censentur
1540 3796 1699 3860 habilitati.
1730 3798 1816 3861 Hisce
1841 3807 1944 3864 tamen
1972 3802 2085 3868 addeu-

1344 3884 1418 3948 dum
1439 3894 1497 3962 est,
1512 3895 1548 3951 ut
1567 3889 1744 3953 collectores
1765 3893 1949 3956 missionum
1971 3896 2003 3957 in
2021 3897 2085 3960 suis

1344 3981 1512 4057 respective
1533 3981 1667 4060 collegiis
1688 3985 1751 4048 sint
1777 3986 1901 4050 discreti
1930 3991 2082 4066 perpetui,

1344 4074 1452 4136 eodem
1467 4090 1591 4153 prorsus
1607 4079 1708 4153 modo,
1720 4096 1781 4158 quo
1796 4083 1996 4146 commissarii
2012 4086 2083 4147 mis-

1343 4169 1478 4244 sionum,
1501 4185 1533 4232 ac
1555 4173 1713 4246 guardiani
1735 4181 1798 4236 tam
1819 4177 1968 4253 actuales,
1991 4194 2084 4257 quam

1344 4261 1526 4338 habitualem
1549 4265 1590 4325 ita
1612 4275 1714 4332 tamen
1737 4275 1771 4330 ut
1793 4284 1900 4334 omnes
1914 4274 2086 4349 praedictae

1343 4356 1603 4434 praeeminentiae
1629 4368 1721 4440 atque
1748 4366 1959 4443 exemptiones
1979 4367 2084 4430 subro-

1344 4451 1476 4527 gationis
1498 4453 1651 4516 lrabendae
1671 4456 1734 4518 sint
1747 4457 1814 4519 siue
1835 4459 2021 4535 praeiudicio
2034 4476 2085 4539 pa-

1345 4553 1428 4608 trum
1444 4546 1612 4610 immediati
1628 4559 1659 4612 et
1674 4551 1816 4626 senioris,
1832 4561 1923 4631 atque
1939 4553 2082 4630 aliorum,

1344 4642 1397 4718 qui
1417 4649 1490 4704 suut
1510 4644 1774 4722 ex-proviuciales
1793 4659 1833 4706 ex
1848 4647 1917 4709 iure
1937 4647 2084 4727 subroga-

1344 4735 1447 4810 tionis,
1469 4735 1567 4812 quoad
1589 4738 1684 4800 dictos
1698 4746 1799 4816 patres
1820 4738 2033 4806 immediatum
2052 4753 2085 4807 et

1342 4845 1507 4891 seniorem.

1694 5020 1730 5082 V.

1380 5203 1448 5278 §7-
1473 5205 1513 5266 Ut
1544 5205 1734 5270 confessores
1758 5209 1791 5270 in
1819 5211 1881 5273 suis
1913 5213 2083 5291 respective
2116 5231 2170 5290 noo
2185 5228 2314 5276 marom·
2372 5231 2373 5287 t

1341 5299 1507 5376 provinciis
1521 5301 1678 5364 constituti
1693 5301 1819 5365 illorum
1834 5303 2036 5368 institutionis
2051 5307 2082 5368 vi
2101 5291 2154 5328 ¹¹¹⁸·

1342 5391 1482 5454 omnium
1504 5393 1698 5456 subditorum
1726 5397 1842 5460 ordinis
1871 5399 2016 5474 praedicti
2038 5417 2082 5462 sa·

1342 5485 1543 5549 crementales
1558 5488 1764 5551 confessiones
1778 5491 1930 5570 excipere,
1947 5509 2002 5555 nec
2018 5509 2081 5557 non

1342 5579 1462 5658 propria
1490 5591 1627 5658 peccata,
1654 5584 1703 5644 cui
1729 5583 1913 5646 confessario
1942 5584 2081 5654 eiusdem

1341 5671 1458 5733 ordinis
1479 5673 1647 5748 volueriut,
1670 5679 1811 5754 quamvis
1833 5678 1891 5740 nisi
1907 5697 1921 5739 a
1939 5678 2083 5740 ministro

1341 5764 1521 5844 provinciali
1542 5767 1599 5843 ipsi
1619 5767 1779 5831 facultates
1798 5770 1918 5846 habeat,
1940 5772 2082 5835 confiteri

1341 5865 1501 5936 poterunt:
1528 5859 1612 5920 salvo
1640 5869 1741 5924 tamen
1760 5879 1884 5944 semper
1907 5867 1973 5928 iure
1994 5865 2079 5930 Ordi-

1342 5949 1503 6014 uariorum
1523 5969 1713 6034 suarumque
1732 5956 1922 6022 facultatum.
