4856 7010
914 595 1010 658 lnoex
1032 575 1243 659 nuentcanml

303 721 355 797 tit.
379 725 552 809 Supprimit
579 725 812 794 Commissarios
839 729 1051 807 congregatio·

363 826 412 888 nis
439 825 616 890 Simonis
646 825 773 887 lie-Deo
804 824 837 886 in
860 822 1050 888 Americanis

360 917 527 999 provinciis
546 919 708 997 Hispaniae
722 917 831 981 ditioni
846 915 1002 991 subiectis,
1019 923 1050 978 et

360 1013 566 1078 provinciales
598 1011 631 1074 in
662 1027 772 1076 eorum
802 1012 906 1074 locum
936 1011 1048 1074 substi-

359 1110 430 1171 tuit.
453 1107 522 1171 488.

299 1201 364 1265 illl.
388 1202 520 1280 Deputat
533 1200 721 1280 Episcopum
737 1199 896 1263 titularem
910 1199 946 1262 ad
960 1213 1048 1260 exer·

357 1295 453 1360 tenda
474 1293 635 1374 pastoralia
658 1294 765 1356 munia
787 1295 819 1355 in
842 1293 908 1356 loco
923 1291 971 1355 dcl
986 1291 1047 1354 Ρ3-

358 1403 433 1465 3333
454 1388 487 1450 13
508 1387 612 1450 131113.
636 1385 703 1450 tto.

299 1481 378 1545 11111.
402 1482 533 1560 11333131
562 1479 793 1558 suffraganeum
820 1497 875 1543 seu
895 1479 1046 1542 vicarium

360 1575 392 1638 13
414 1574 481 1638 1333
503 1575 550 1638 del
572 1574 694 1652 Peposo
714 1591 768 1653 pro
782 1575 986 1637 conversione
999 1573 1046 1634 in-

359 1668 499 1732 fidelium
522 1669 554 1730 in
583 1670 704 1732 deserto
725 1668 758 1730 di
780 1671 937 1735 11333333
966 1681 1047 1728 non-

358 1767 479 1839 cupato.
497 1761 565 1824 473.

299 1852 381 1917 XIV.
399 1850 1047 1932 831333331333331331331311313311383-

358 1947 486 2010 necuela
508 1947 541 2010 in
562 1945 833 2026 archiepiscopales
848 1945 950 2022 erigit.
975 1944 1043 2005 476.

297 2038 364 2103 XV.
388 2041 481 2102 Docet
501 2041 641 2117 permitti
663 2055 727 2102 non
748 2054 835 2117 posse
858 2037 1045 2101 3131133133-

356 2133 488 2196 tholicae
509 2149 580 2196 cum
601 2133 767 2196 acatholico
782 2129 983 2193 matrimonio
997 2145 1046 2191 co-

357 2227 489 2305 pulatae,
517 2227 600 2290 aliud
630 2225 711 2289 inire
741 2221 980 2287 matrimonium
1008 2223 1046 2285 ob

356 2320 545 2383 seutentiam
565 2319 729 2382 solutionis
744 2334 759 2378 a
775 2316 876 2380 iudice
889 2316 965 2378 laico
979 2321 1047 2378 tan·

357 2419 424 2475 tum
455 2413 629 2489 obtentam3
658 2411 812 2490 permittit
840 2417 945 2472 tamen
968 2407 1046 2470 iudi·

356 2502 440 2564 oium
461 2504 645 2566 canonicum
671 2501 847 2576 instituere,
869 2501 895 2562 si
917 2497 1045 2576 impedi-

357 2605 501 2658 mentum
517 2595 664 2659 canonice
678 2595 838 2673 probetur,
851 2594 883 2656 in
898 2608 960 2672 quo
975 2607 1047 2654 con·

358 2689 489 2754 liciendo
504 2691 654 2770 Episcopo
667 2689 835 2768 peculiares
850 2687 989 2751 concedit
1003 2685 1046 2746 ia·

357 2783 503 2862 cultates;
531 2785 558 2846 31
585 2783 822 2846 matrimonium
852 2782 892 2843 sit
922 2786 1045 2843 tantum

357 2887 472 2954 ratum,
493 2877 755 2955 dispensationem
776 2894 792 2937 a
813 2873 892 2940 Sede
906 2878 963 2955 Ap.
980 2891 1047 2937 3333

356 2972 593 3052 impetrandam.
617 2970 686 3036 4711.

296 3063 375 3130 XVI.
399 3066 493 3129 Docet
514 3064 671 3128 Vicarium
693 3065 899 3145 capitularem
916 3062 1045 3126 Triden-

356 3159 461 3221 tinum
491 3157 712 3237 impedimenta
743 3171 830 3219 mere
855 3155 957 3218 civilia
979 3172 1044 3217 non

355 3253 476 3316 obstare
497 3251 688 3315 matrimonii
716 3249 878 3326 caliditati,
905 3250 1043 3328 adeoque

357 3362 414 3408 nec
428 3345 584 3409 deiectum
599 3343 726 3425 quidem
741 3343 863 3405 obstare
877 3359 1044 3406 consensus

354 3440 520 3517 curatoris3
542 3439 615 3501 hinc
637 3437 777 3500 mulieris
801 3437 1042 3516 propositionem

354 3533 428 3595 alias
458 3532 583 3612 nuptias
614 3531 796 3595 contrahere
823 3530 977 3610 cupientis
1002 3531 1042 3592 ob

354 3625 492 3705 primum
524 3625 761 3688 matrimonium
791 3624 859 3686 sine
890 3640 1042 3688 consensu

355 3719 505 3782 curatoris
522 3719 648 3794 initum,
664 3733 730 3780 esse
750 3717 880 3778 omnino
901 3717 1043 3778 reiicien·

354 3813 435 3874 dam.
458 3811 527 3874 4811.

295 3905 388 3972 xvh.
408 3907 579 3969 confirmat
593 3904 846 3968 deliberationem
863 3903 971 3966 initam
986 3919 1042 3981 per

353 3999 555 4064 secretarium
566 4005 662 4062 status
672 3997 954 4076 cumdeputatione
964 3997 1043 4058 eius·

353 4097 425 4158 dem
445 4095 478 4157 in
496 4091 631 4156 iudicem
646 4091 836 4170 privativum
851 4107 943 4168 super
957 4088 1041 4151 iutu-

352 4189 400 4251 ris·
409 4185 629 4252 controversiis
644 4199 699 4264 pro
713 4183 844 4260 collegio
858 4182 1041 4246 Germanico

350 4283 526 4360 ilungarico
546 4280 583 4342 de
604 4279 692 4342 urbe.
715 4276 785 4340 481.

292 4374 399 4441 1111111.
424 4375 594 4438 confirmat
615 4374 775 4436 decretum
792 4369 1040 4448 congregationis

350 4484 508 4534 sacrorum
531 4469 668 4531 Rittium·
680 4483 736 4547 pro
750 4467 832 4528 clero
847 4464 994 4528 saeculari
1009 4473 1041 4527 et

351 4562 487 4644 regulari
511 4561 643 4623 civitatis
665 4567 696 4621 et
716 4558 863 4621 dioecesis
884 4558 922 4621 de
944 4559 1040 4622 cusco

351 4657 386 4718 in
407 4655 501 4718 indiis
521 4651 778 4719 occidentalibus.
801 4651 870 4713 483.

292 4745 375 4814 xlx.
399 4748 569 4812 confirmat
598 4745 719 4822 regulas
746 4754 778 4807 et
805 4745 1039 4808 constitutiones

351 4839 600 4918 congregationis
627 4839 796 4901 mulierum
822 4839 1040 4916 praesentatio-

352 4935 401 4998 nis
416 4934 448 5000 S.
464 4935 576 4998 1133133
593 4930 678 5008 Virg.
695 4932 827 4996 civitatis
842 4932 936 4996 corlt.
960 4930 1036 4993 ibid.

292 5029 360 5095 XX.
378 5030 548 5094 Confirmat
561 5029 746 5091 electionem
762 5027 899 5089 ministri
913 5025 1040 5104 provin·

351 5123 434 5188 cialis
455 5131 486 5186 31
507 5122 747 5186 destinationem
764 5123 873 5184 domus
888 5121 1041 5199 probatio-

351 5220 399 5283 nis
420 5226 451 5281 et
470 5218 669 5297 protessionis
690 5232 762 5280 cum
790 5215 946 5278 erectione
967 5231 1039 5278 con-

351 5313 540 5392 gregationis
569 5311 755 5375 caliciarum
784 5311 817 5372 in
848 5309 1039 5388 provinciam

349 5407 537 5486 regularem,
552 5419 608 5486 pro
629 5405 772 5466 ministro
786 5402 970 5482 provinciali
983 5401 1040 5465 Ga-

349 5501 493 5566 liciarum
509 5500 632 5564 Ordinis
647 5496 750 5561 Sancti
765 5496 851 5559 Pauli
864 5495 958 5575 primi
972 5512 1039 5560 ere-

349 5595 454 5660 mitae.
476 5592 546 5657 488.

291 5689 372 5759 11111.
395 5690 431 5753 13
453 5687 611 5765 collegiata
632 5688 666 5749 B.
691 5687 728 5749 hl.
750 5686 786 5750 V.
803 5686 842 5749 de
862 5686 1038 5765 cuadalupe

350 5786 525 5849 1133133333
555 5782 700 5846 dioecesis
727 5781 859 5860 singulis
889 5772 1036 5860 sabbatis,

350 5878 383 5946 in
406 5883 518 5962 quibus
538 5889 679 5946 occurrat
694 5881 829 5945 officium
844 5881 922 5944 ritus
936 5881 1036 5960 dupli·

351 5977 393 6038 313
413 5978 564 6039 33333133
593 5977 707 6054 classis,
734 5977 829 6040 etiam
856 5975 936 6038 inira
957 5982 1037 6040 3313-

400 6122 453 6172 113.
471 6121 541 6172 Porti.
557 6122 587 6172 de
604 6124 676 6188 Prop.
691 6125 754 6174 Fide
768 6127 850 6176 Partis
864 6126 883 6171 i.
898 6123 951 6174 Tol.
967 6125 1006 6174 111.

1778 576 1833 657 rol

1165 746 1217 791 vas
1238 729 1456 808 privilegiatas,
1472 743 1532 794 una
1555 726 1645 794 missa
1666 747 1738 796 cum
1760 739 1853 796 cantu

1165 823 1203 887 de
1223 824 1329 886 eadem
1351 825 1476 904 Deipara
1504 823 1652 886 celebrari
1673 841 1761 904 posse
1782 841 1854 887 con-

1163 918 1253 981 cedit.
1277 917 1345 982 487.

1104 1011 1404 1076 1111116333113313
1429 1013 1526 1076 sancti
1556 1013 1718 1092 Sepulchri
1740 1015 1853 1075 Terrae

1163 1105 1291 1169 Sanctae
1311 1105 1451 1170 concedit
1470 1105 1649 1168 facultatem
1670 1105 1853 1168 conterendi

1163 1205 1390 1262 sacramentum
1421 1198 1665 1262 confirmationis
1696 1198 1852 1262 catholicis

1163 1293 1250 1354 latini
1282 1293 1372 1368 ritus,
1396 1295 1523 1356 caeteris
1556 1292 1700 1355 omnibus
1728 1291 1853 1372 penitus
1913 1327 1917 1338 ·

1161 1385 1304 1450 exclusis.
1327 1386 1402 1448 ibid.

1102 1478 1209 1543 1111111.
1228 1481 1399 1543 consumat
1414 1480 1518 1543 literas
1532 1486 1627 1560 apost.
1641 1480 1770 1557 Gregor.
1784 1480 1849 1545 XV.

1161 1591 1254 1652 super
1269 1575 1466 1653 exemptione
1480 1590 1582 1638 sacrae
1596 1575 1852 1650 congregationis

1162 1667 1376 1745 Propagandae
1405 1668 1491 1732 Fidei
1512 1668 1549 1730 ab
1575 1667 1721 1730 omnibus
1750 1666 1849 1743 datiis,

1162 1761 1300 1836 gabellis,
1322 1762 1451 1840 aliisque
1475 1761 1683 1822 solutionibus
1704 1777 1759 1838 pro
1780 1761 1850 1823 lite-

1161 1853 1215 1928 ris,
1247 1855 1470 1932 chirographis,
1501 1853 1729 1929 instrumentis,
1763 1859 1851 1916 testa-

1162 1949 1275 2010 mentis
1296 1954 1327 2010 31
1348 1947 1518 2010 similibus:
1539 1945 1608 2008 488.

1103 2041 1210 2103 xxiv.
1242 2041 1371 2104 Nullum
1402 2057 1468 2103 esse
1498 2039 1630 2104 declarat
1664 2039 1850 2118 rescriptum

1161 2136 1369 2214 pontificium,
1396 2140 1503 2213 utpote
1530 2133 1714 2210 subreptitie
1742 2133 1851 2196 obten-

1162 2239 1240 2305 tum,
1263 2245 1325 2307 quo
1345 2227 1433 2291 alteri
1455 2227 1521 2288 data
1543 2227 1602 2289 luit
1622 2227 1782 2304 pecuniaa
1799 2227 1850 2288 Pa-

1159 2322 1290 2384 triarchi
1312 2321 1506 2384 Antiocheno
1530 2319 1682 2398 Syrorum
1704 2318 1851 2382 llichaele

1161 2414 1272 2478 Giarve
1293 2415 1355 2476 iam
1377 2421 1562 2477 testamento
1583 2412 1682 2488 legata
1697 2419 1849 2474 monaste-

1161 2510 1207 2571 rio
1228 2510 1258 2573 8.
1283 2509 1393 2572 blaciae
1414 2508 1620 2571 liberatricis.
1645 2505 1714 2568 489.

1100 2602 1197 2667 xilv.
1220 2603 1395 2666 cuardiano
1427 2603 1538 2663 Terrae
1569 2601 1696 2664 Sanctae
1725 2599 1849 2663 1333113-

1160 2704 1223 2760 tem
1241 2697 1361 2772 tribuit,
1378 2697 1509 2758 durante
1524 2709 1666 2767 munere,
1682 2691 1849 2755 exercendi

1160 2790 1344 2871 pontificalia
1366 2789 1398 2850 in
1420 2788 1546 2850 33313311
1566 2787 1681 2866 3333311
1704 2787 1848 2850 conven-

1159 2897 1220 2949 tus.
1243 2884 1312 2948 491.

1100 2979 1207 3045 XXVI.
1233 2981 1411 3043 commutat
1432 2975 1718 3040 confraternitatem
1739 2974 1796 3037 sub
1812 2975 1848 3037 ti-

1161 3073 1227 3137 tulo
1249 3073 1294 3136 Ss.
1320 3070 1477 3133 Trinitatis
1499 3077 1529 3133 31
1550 3070 1584 3130 Β.
1608 3069 1647 3131 11.
1670 3067 1707 3132 V.
1730 3066 1768 3128 de
1789 3067 1847 3129 llo·

1159 3166 1238 3229 sario
1259 3164 1391 3228 civitatis
1412 3163 1549 3240 Bajeusis
1564 3161 1597 3224 in
1612 3161 1737 3223 Brasilla
1753 3160 1785 3222 in
1800 3177 1848 3221 ar-

1157 3258 1495 3324 chiconlraternitatem
1516 3255 1724 3319 sanctissimae
1746 3255 1847 3317 Trini-

1159 3355 1229 3416 tatis
1250 3351 1481 3428 Redemptionis
1502 3349 1706 3427 captivorum.
1730 3346 1804 3408 ibid.

1099 3446 1219 3512 xxvii.
1244 3446 1440 3510 visitatorem
1472 3441 1685 3521 Apostolicum
1716 3441 1847 3519 collegii

1074 3529 1077 3538 ’
1156 3541 1341 3603 missionum
1357 3538 1387 3601 S.
1403 3536 1531 3600 Antonii
1547 3535 1678 3597 lratrum
1689 3535 1845 3598 illinorum

1158 3631 1418 3698 conventualium
1449 3630 1481 3692 S.
1504 3628 1658 3691 Francisci
1684 3627 1846 3691 constituit

1156 3725 1319 3803 losephum
1341 3724 1373 3787 S.
1392 3723 1427 3784 lt.
1446 3721 1481 3783 E.
1507 3719 1702 3784 cardinalem
1719 3719 1844 3795 nlhanl,

1155 3818 1365 3880 determinans
1386 3816 1542 3878 obiectum
1561 3812 1756 3874 visitationis.
1773 3811 1842 3875 4112.

1095 3913 1230 3977 11111111.
1250 3909 1400 3989 Separatis
1415 3925 1431 3970 a
1446 3906 1607 3984 lletropoli
1620 3907 1779 3968 Kioviensi
1794 3923 1847 3969 ru·

1149 4008 1236 4070 thoni
1258 4005 1335 4068 ritus
1363 4001 1504 4065 Ecclesiis
1533 3999 1706 4075 ilaliciensi,
1729 3999 1845 4079 Leopo·

1155 4100 1257 4175 liensi,
1280 4095 1459 4162 chelmensi
1480 4101 1511 4154 et
1533 4093 1754 4167 Premisliensi,
1774 4095 1845 4156 unit

1155 4185 1845 4267 simulHaliciensemetLeopoliensem,qui·

1155 4288 1212 4350 bus
1234 4285 1329 4348 unitis
1356 4283 1405 4345 ius
1428 4280 1538 4342 tribuit
1566 4278 1842 4356 metropoliticum,

1155 4399 1187 4443 ac
1209 4379 1327 4442 reditus
1356 4375 1509 4452 assignat3
1542 4371 1666 4436 subiicit
1696 4381 1843 4450 tanquam

1154 4474 1361 4549 suffraganeas
1393 4467 1541 4530 Ecclesias
1570 4465 1791 4531 chelmensem
1813 4474 1844 4528 et

1156 4565 1416 4638 Premisliensem,
1438 4577 1510 4623 cunt
1531 4561 1714 4622 auctoritate
1732 4558 1844 4621 hietro·

1154 4660 1291 4740 politano
1322 4671 1463 4720 concessa
1494 4655 1667 4716 nominatos
1698 4653 1735 4714 ad
1756 4655 1843 4716 sedes

1154 4755 1360 4829 suffraganeas
1392 4748 1520 4812 nomine
1551 4747 1582 4811 8.
1614 4746 1700 4810 83113
1731 4746 1843 4808 constr·

1155 4847 1271 4922 mandi,
1293 4842 1475 4907 instituendi
1502 4848 1534 4902 31
1554 4837 1772 4918 consecrandi;
1795 4840 1843 4902 ius

1128 4978 1132 4989 =
1156 4943 1283 5018 insuper
1299 4937 1408 5000 tribuit
1423 4934 1603 5014 imperatori
1614 4931 1773 4996 lustriaco
1788 4948 1843 4995 no-

1154 5031 1296 5098 minandi
1317 5029 1474 5094 Praesules
1488 5029 1599 5091 harum
1615 5027 1842 5105 Ecclesiarum3

1154 5127 1233 5191 nihil
1248 5127 1414 5188 immutato
1423 5123 1457 5186 in
1469 5121 1596 5184 caeteris
1609 5121 1761 5186 Ecclesiae
1772 5121 1842 5183 llio-

1155 5221 1271 5285 viensis
1298 5219 1429 5293 iuribus,
1455 5215 1540 5278 nulla
1561 5214 1677 5293 pariter
1698 5216 1841 5278 immuta-

1156 5319 1240 5380 tione
1254 5313 1330 5376 lacta
1344 5310 1501 5375 13031133
1513 5307 1777 5373 hlonachorumS.
1789 5309 1843 5371 Ba·

1154 5411 1226 5486 31111,
1249 5415 1279 5472 31
1308 5407 1448 5468 13133313
1477 5403 1566 5466 113113
1595 5402 1739 5464 1133133113
1767 5403 1843 5465 obli-

1153 5505 1276 5582 gatione
1297 5498 1441 5562 servandi
1463 5496 1583 5559 decreta
1605 5496 1716 5574 synodi
1736 5497 1843 5559 zamo-

1151 5592 1333 5660 33133493.

1095 5691 1205 5757 1111111.
1229 5687 1397 5752 11331333113
1418 5695 1449 5750 31
1475 5686 1634 5766 ampliatio
1662 5685 1843 5750 facultatum

1152 5797 1368 5849 concessarum
1389 5781 1558 5860 guardiano
1580 5788 1610 5842 31
1630 5778 1844 5846 1333133333-

1153 5881 1233 5945 dinis
1256 5877 1416 5940 minorum
1438 5876 1469 5939 S.
1492 5875 1645 5938 Franciscl
1669 5885 1844 5938 conventus

1152 5975 1203 6038 vel
1223 5975 1383 6038 seminarii
1410 5975 1448 6038 de
1470 5972 1651 6038 lleaaaolrio
1682 5974 1842 6052 Portugal·

1711 6126 1737 6170 33
