4776 6974
915 573 985 632 6666
1007 580 1056 630 an.
1081 577 1123 631 vl.

495 701 581 772 eltis
605 701 665 772 ΡΡ.
690 703 735 770 111.

460 893 649 963 Venerabilis
670 895 780 974 trater,

282 989 407 1059 salutem
430 995 462 1058 et
484 991 678 1074 apostolicam
707 987 955 1055 benedictionem.

289 1183 333 1245 bb
354 1183 565 1260 expectatione
587 1188 690 1242 nostra
725 1180 817 1255 longe
838 1177 925 1239 devia
947 1183 993 1236 est

252 1275 406 1355 responsio
428 1293 443 1336 a
468 1285 497 1338 te
519 1276 630 1338 litteris
651 1273 765 1336 nostris
785 1269 992 1348 tlata,·quibus

252 1371 431 1434 curabamus
451 1388 467 1430 6
488 1369 616 1432 66661116
639 1377 668 1429 66
689 1381 846 1439 66666666,
863 1361 992 1441 iuquod

253 1463 382 1526 incidisti
403 1463 655 1540 promulgatione
670 1460 827 1539 epistolae,
845 1458 927 1519 unde
943 1458 993 1517 do-

252 1559 365 1620 ctrinae
386 1563 544 1630 emanant,
560 1571 638 1634 6666
653 1553 830 1616 scandalum
846 1551 994 1630 praebent

253 1651 417 1724 Ecclesiae,
450 1651 660 1726 iniuriamque
690 1646 878 1726 apostolicae
911 1643 992 1707 Sedi.

253 1743 387 1806 Postulas
408 1743 505 1816 enim,
522 1755 557 1804 nt
574 1742 628 1803 tibi
644 1741 827 1818 explicetur,
844 1738 916 1817 quid
933 1738 995 1815 cpi·

252 1835 325 1897 stola
347 1843 400 1896 tua
422 1835 590 1904 contineat,
613 1834 693 1911 qnod
720 1848 789 1896 curn
817 1829 996 1906 dogmaticis

253 1929 440 2006 apostolicae
463 1927 549 1990 Sedis
570 1925 690 1988 iudiciis
706 1926 809 1986 minus
823 1925 995 1996 cohaereat,

254 2023 370 2100 tibique
391 2020 616 2099 quodammodo
638 2035 795 2082 assumens
815 2017 997 2078 eorumdem

251 2115 435 2178 iudiciorum
456 2129 630 2188 censuram,
653 2113 798 2187 66616666,
821 2110 931 2188 quibus
952 2109 999 2168 in-

252 2210 322 2270 6166
343 2217 430 2280 6666,
447 2209 501 2269 tibi
517 2208 595 2270 tradi
610 2207 753 2285 postulas,
771 2215 844 2268 1666
858 2212 998 2282 paratum

251 2313 280 2362 te
295 2302 447 2379 praehens
461 2301 605 2379 epistolae
622 2309 690 2363 tuae
705 2297 918 2362 reformationi
931 2310 1000 2371 ope·

249 2411 316 2456 ram
341 2397 425 2470 dare,
448 2395 501 2456 uhi
524 2389 1000 2456 (1611616666666616666.11666

246 2489 361 2566 agendi
384 2489 461 2550 ratio
482 2487 646 2549 convenire
668 2486 800 2548 minime
815 2491 913 2562 potest
929 2497 1000 2545 6666

248 2583 443 2662 hpostolicae
466 2581 552 2645 Sedis
574 2581 875 2658 666666·16616,66666
897 2583 931 2638 16
953 2576 1001 2637 lit-

247 2678 326 2740 teris
357 2677 417 2738 tuis
443 2676 585 2737 venerari
614 2673 758 2747 affirmas,
782 2687 884 2750 neque
904 2669 1001 2731 animi

244 2774 419 2834 candorem
441 2767 618 2847 praesefert,
640 2766 883 2844 sapientiamque
902 2763 1002 2841 expri-

245 2867 321 2940 mit,
346 2880 425 2944 quae
446 2872 516 2925 luae
529 2877 661 2922 consona
676 2860 715 2921 sit
731 2857 883 2935 dignitati.
901 2858 1001 2932 Quum

243 2963 340 3022 enim
362 2958 465 3020 studio
487 2957 616 3034 dataque
637 2971 728 3032 opera
754 2955 790 3014 ab
812 2952 1002 3030 apostolicae

245 3057 343 3120 Sedis
364 3053 600 3118 delinitionibus
621 3051 833 3128 doctrinisque
848 3050 1001 3127 delleotas,

243 3170 280 3214 66
303 3148 515 3229 praecederis
537 3145 706 3206 ianseniam
735 3145 886 3206 haeresim
908 3146 1003 3223 phan-

244 3257 352 3309 tasma
375 3252 467 3322 alque
490 3242 613 3302 inanem
641 3238 775 3316 speciem
797 3239 941 3317 appelles,
969 3241 1003 3302 li-

244 3350 297 3403 cet
323 3339 433 3401 nullus
455 3337 590 3413 ignoret,
614 3333 918 3414 luqueprobescias,
936 3350 1003 3394 eam

244 3439 285 3498 ah
302 3432 492 3508 Innocentio
507 3430 544 3492 X.
560 3429 724 3499 confixam,
742 3427 787 3489 uli
802 3443 875 3488 rere
890 3428 922 3488 in
938 3427 1004 3489 Gal·

245 3532 299 3592 liis
325 3525 511 3607 praesertim
541 3530 720 3598 serpentem
742 3522 911 3597 haeresim3
936 3521 1005 3583 hle·

247 3625 415 3686 nandrum
437 3617 515 3692 litt,
537 3626 619 3678 certa
652 3615 745 3676 661666
773 3615 905 3676 lormula
926 3615 1005 3676 chri-

248 3713 437 3780 stianissimi
469 3711 550 3787 regis
577 3709 781 3788 postulatione
812 3709 1006 3771 161666611-

249 3828 329 3874 nem
360 3806 538 3878 constituta,
560 3812 652 3881 atque
673 3803 710 3864 ab
735 3802 1005 3864 6661661666161661-

252 3903 393 3982 gnanda,
406 3899 576 3977 reprimere
586 3895 789 3972 adlaborasse3
802 3913 835 3958 ac
847 3897 1006 3958 neminem

178 3990 183 4002 '
252 4001 350 4061 lateat
373 3993 500 4057 delinita
521 3989 635 4052 iamdiu
657 4006 770 4064 666666,
788 4005 850 4050 666
866 4006 941 4051 6666
956 3992 1008 4051 de-

256 4093 349 4154 166166
371 4103 478 4150 errore
500 4085 694 4148 Clementem
721 4083 772 4145 xl.
797 4084 879 4145 inter
901 4085 1006 4146 multi-

256 4186 353 4264 plices
384 4197 484 4253 curas,
506 4177 666 4239 notissima
695 4178 927 4246 constitutione,
957 4181 1007 4241 cut

258 4276 389 4341 initium
415 4275 540 4335 'Vincerat
562 4269 703 4341 11666161,
727 4270 884 4334 monuisse
906 4271 1009 4334 Eccle-

257 4374 351 4448 siam3
376 4379 482 4448 patens
497 4367 546 4438 sit,
563 4365 720 4426 immerito
735 4371 764 4425 le
780 4364 1006 4440 ignorationem

260 4483 347 4529 nunc
369 4463 514 4524 simulare
536 4475 658 4532 eorum,
680 4459 792 4535 quibus
814 4459 940 4537 epistola
957 4469 1008 4523 166

261 4558 467 4638 apostolicam
499 4555 609 4616 Sedena
641 4555 799 4616 doctrinae
831 4557 1010 4634 integritate

261 4652 423 4714 sollicitam
453 4647 589 4724 graviter
615 4646 759 4723 oilendit;
782 4649 874 4726 idque
895 4665 931 4710 eo
954 4654 1010 4712 mi-

263 4763 323 4807 uus
344 4742 490 4804 affirmari
512 4747 625 4818 potest,
647 4741 1011 4822 66661661661116666661-

264 4839 386 4910 hibens,
409 4853 442 4896 66
463 4835 602 4896 laudibus
623 4835 763 4896 cumulas
784 4845 934 4911 auctores,
957 4839 1008 4916 qui

263 4927 614 5006 61666666116661611666
645 4928 731 4991 Sedis
760 4930 889 4990 decretis
920 4947 1011 5007 repu-

265 5041 360 5101 gnare
393 5041 427 5084 66
458 5023 619 5084 detrahere
652 5036 714 5082 666
746 5023 1009 5098 relormidarant,

265 5119 413 5199 parvique
435 5115 549 5177 iaciens
571 5131 715 5176 censuras
731 5117 762 5177 in
778 5132 886 5178 eorum
900 5118 1009 5194 scripta

267 5213 409 5284 indictas,
432 5211 467 5271 ad
491 5211 608 5282 eadem,
626 5208 671 5270 uti
686 5210 722 5270 ad
738 5209 886 5271 innocuos
901 5211 1011 5272 doctri·

267 5321 323 5366 666
335 5303 447 5377 166666,
459 5301 578 5364 clerum
590 5302 704 5363 excitas
717 5309 816 5363 tuum.
831 5303 926 5364 Valde
938 5319 1012 5363 6666

267 5399 427 5476 deciperis,
450 5395 572 5474 quando
603 5395 773 5456 rationibus
804 5397 841 5456 de
866 5397 956 5458 editis
977 5397 1013 5458 61)

269 5492 439 5570 hpostolica
461 5489 538 5551 Sede
560 5489 690 5550 decretis
712 5491 758 5549 vis
782 5500 811 5551 te
826 5508 892 5551 esse
907 5491 1013 5551 conri-

269 5595 364 5657 ctum,
387 5591 423 5643 ut
443 5583 488 5643 eis
510 5590 599 5644 16666
615 5583 778 5644 submittas
792 5601 965 5658 assensuum
981 5585 1011 5644 id

270 5679 354 5739 enim
376 5678 534 5755 privatum
556 5677 593 5738 de
614 5675 685 5736 fidei
707 5693 893 5755 morumque
921 5679 1013 5738 rebus

269 5771 411 5850 spiritum
433 5769 605 5842 induceret,
621 5771 701 5847 quod
716 5771 863 5832 catholico
878 5773 1013 5847 dogmati

271 5866 395 5927 omnino
417 5870 580 5941 repugnat.
602 5865 793 5942 Quapropter
814 5866 901 5926 nobis
923 5866 1016 5927 mini-

272 5975 320 6022 me
341 5960 500 6034 convenit,
524 5965 558 6020 ut
581 5959 727 6020 desemel
743 5958 868 6037 prolatis
883 5960 1013 6036 iudiciis,
1041 5945 1045 6008 1

1049 721 1126 782 6666
1148 704 1271 768 6666161
1294 701 1417 785 praecia
1437 704 1583 766 severiori
1605 702 1792 764 discussione

1048 809 1121 862 sunt
1151 799 1245 872 edita,
1269 800 1432 860 reddamus
1462 799 1628 872 rationem;
1652 797 1715 858 imo
1737 813 1793 876 pro

1049 909 1181 956 minnere
1210 893 1421 970 dignitateque
1443 901 1545 954 nostra
1573 907 1589 952 a
1611 892 1701 954 66616
1723 905 1796 952 666-

1049 987 1270 1049 certationibus
1298 990 1423 1048 omnino
1454 1003 1487 1047 66
1517 986 1683 1062 diligenter
1705 983 1796 1046 absti-

1050 1098 1125 1143 nere
1146 1081 1310 1156 debennus;
1332 1081 1403 1142 allas
1420 1095 1581 1156 66666666
1597 1077 1795 1154 1666161666-

1051 1175 1202 1237 tationum
1236 1176 1317 1249 finis,
1340 1191 1373 1237 66
1394 1176 1593 1236 minueretur
1620 1173 1794 1246 auctoritas,

1049 1269 1099 1330 cui
1120 1285 1186 1329 sese
1213 1268 1363 1330 subiicere
1396 1268 1527 1346 quisque
1557 1267 1793 1341 constringitur.

1051 1364 1129 1424 11666
1147 1362 1308 1425 manifesta
1324 1378 1421 1440 quum
1436 1362 1510 1436 sint,
1526 1363 1729 1424 vehenmenter
1745 1361 1795 1422 de-

1051 1457 1225 1534 ceptionem
1248 1462 1332 1518 luam
1354 1455 1505 1532 dolemus,
1529 1473 1588 1535 666
1616 1457 1796 1533 116616166-

1053 1552 1121 1626 gius
1144 1551 1200 1625 ire,
1223 1567 1256 1612 ac
1278 1556 1400 1627 tempus
1422 1561 1540 1623 tenere,
1564 1563 1728 1628 morasque
1743 1565 1798 1611 ne-

1052 1653 1135 1706 ctere
1150 1645 1265 1714 studes,
1278 1660 1318 1706 66
1334 1659 1441 1704 vocem
1456 1652 1592 1704 nostram
1607 1644 1719 1704 amoris
1734 1642 1797 1720 ple-

1053 1755 1125 1801 nam
1147 1738 1226 1800 sacili
1248 1740 1352 1800 661666
1373 1738 1526 1812 admittas,
1542 1755 1574 1800 ao
1595 1738 1619 1798 si
1642 1747 1796 1815 comperta

1053 1836 1125 1897 satis
1148 1833 1201 1894 tibi
1224 1849 1287 1895 666
1317 1832 1431 1906 166661,
1454 1848 1531 1910 66666
1557 1848 1624 1893 6666
1646 1849 1709 1895 666
1732 1848 1798 1910 pos-

1054 1936 1128 1989 sunt
1149 1925 1406 2004 compertissima:
1440 1925 1577 2002 impensa
1599 1941 1673 1987 vero
1697 1936 1799 1988 nostra

1055 2024 1086 2084 in
1111 2030 1140 2082 te
1162 2021 1268 2082 caritas
1291 2020 1438 2080 maiorem
1462 2020 1492 2080 in
1516 2019 1643 2081 modum
1659 2020 1799 2096 sollicita,

1057 2133 1096 2177 ne
1119 2115 1248 2175 lratrum
1271 2129 1385 2174 nomen
1407 2113 1513 2174 subeat
1534 2113 1711 2188 discrimen,
1732 2131 1802 2191 apo-

1055 2209 1175 2282 stolico,
1188 2224 1248 2285 quo
1263 2207 1499 2283 obstringimur,
1512 2207 1622 2283 ollioio,
1633 2223 1689 2269 nos
1703 2217 1731 2270 te
1745 2209 1801 2270 ite·

1058 2319 1128 2365 rum
1150 2301 1232 2378 cogit
1254 2315 1378 2376 urgere,
1401 2309 1436 2362 ut
1456 2300 1632 2363 scandalum
1649 2302 1801 2365 Ecclesiae

1057 2397 1174 2469 datum,
1198 2395 1284 2456 omni
1305 2393 1500 2456 666666611666
1530 2397 1661 2472 praecisa
1683 2396 1801 2474 sapien-

1059 2495 1106 2551 ter
1128 2489 1226 2562 tollas,
1250 2488 1330 2565 qnod
1352 2487 1564 2565 superioribus
1587 2491 1700 2550 nostris
1722 2490 1804 2553 litle-

1059 2583 1098 2644 ris
1120 2581 1363 2660 postulabamus;
1397 2597 1430 2642 ac
1460 2579 1686 2644 fraternitatem
1718 2592 1803 2646 luam

1057 2676 1150 2737 enixe
1180 2690 1337 2751 rogamus,
1360 2680 1451 2752 61666
1482 2675 1671 2736 obtestamur
1693 2677 1725 2738 in
1747 2679 1803 2741 Do·

1059 2769 1155 2843 mino,
1172 2785 1212 2830 ne
1236 2775 1264 2828 te
1286 2767 1402 2830 diutius
1418 2779 1646 2846 repugnantem
1661 2772 1804 2849 praebeas

1058 2863 1106 2936 iis,
1128 2879 1206 2940 quae
1227 2879 1242 2922 a
1264 2861 1429 2923 maioribus
1452 2863 1565 2926 nostris
1586 2870 1659 2925 sunt
1683 2866 1802 2940 tradita,

1059 2973 1092 3019 ac
1114 2972 1154 3018 ne
1174 2956 1336 3017 obfirmato
1357 2956 1460 3017 animo
1482 2972 1532 3016 eos
1552 2958 1661 3018 seclari
1686 2973 1803 3036 pergae,

1060 3051 1113 3130 qui
1134 3051 1191 3111 sibi
1209 3050 1265 3111 soli
1280 3066 1387 3129 sapere
1401 3049 1560 3126 videntur,
1577 3067 1653 3129 quos
1668 3051 1745 3114 lama
1761 3061 1806 3114 est

1060 3149 1091 3209 in
1115 3145 1257 3208 Hetruria
1279 3143 1368 3206 hodie
1389 3143 1507 3205 adstare
1528 3160 1662 3224 suosque
1683 3145 1733 3206 661
1748 3146 1806 3208 cal·

1061 3240 1180 3302 liditale
1208 3238 1257 3299 vel
1279 3237 1471 3315 impudentia
1500 3246 1628 3300 6666166
1650 3239 1805 3315 6611616666,

1062 3340 1096 3396 66
1113 3335 1222 3395 minus
1244 3332 1363 3407 integra
1385 3331 1424 3392 sil
1446 3333 1602 3393 doctrinae
1622 3333 1714 3410 ratio;
1739 3335 1808 3395 tihi-

1061 3444 1133 3506 que,
1156 3425 1341 3488 venerahilis
1369 3425 1474 3499 irater,
1497 3426 1693 3503 apostolicam
1716 3429 1809 3490 bene-

1062 3521 1231 3584 dictionem
1253 3527 1448 3597 peramanter
1470 3520 1678 3598 impertimur.

1103 3616 1214 3677 batum
1233 3614 1359 3688 Romae,
1375 3613 1454 3691 apud
1471 3614 1500 3676 S.
1513 3614 1640 3675 Petrum
1656 3632 1698 3676 66.
1713 3633 1808 3678 66666

1064 3707 1231 3770 1666666166
1246 3722 1478 3769 6666666666.
1497 3708 1693 3784 pontificatus
1709 3712 1808 3772 nostri

1064 3819 1145 3865 6666
1167 3815 1223 3863 666.

1322 4003 1560 4012 --.-....-.-.-,..

1390 4183 1482 4247 LXV.

1071 4373 1108 4434 111
1130 4373 1272 4452 religiosi
1290 4371 1812 4454 13666661116666666166611666616-

1107 4465 1382 4532 6166111661666666
1411 4468 1582 4545 attritasque
1613 4487 1721 4542 666666,
1746 4481 1813 4533 tono

1107 4560 1141 4621 in
1164 4561 1261 4640 officio
1291 4561 1441 4621 61661666
1473 4562 1667 4640 [natiuitatis
1699 4565 1813 4627 Sancti

1107 4653 1239 4730 Iosephi,
1271 4669 1365 4730 66666
1399 4653 1433 4714 irc
1454 4653 1522 4714 6116
1551 4654 1814 4733 Desponsatioais

1109 4749 1225 4808 1166166
1248 4747 1370 4808 Marino
1390 4746 1539 4824 Virgini-ic,
1559 4749 1752 4826 reciprocant
1768 4769 1815 4810 66-

1108 4857 1181 4902 66666
1204 4840 1529 4901 6666666666661166666
1552 4843 1656 4922 florere
1674 4843 1812 4912 66166661,

1108 4933 1260 4994 concredit.

1322 5102 1408 5171 prus
1432 5103 1492 5170 ΡΡ.
1517 5103 1562 5170 lll.

1209 5225 1674 5296 mmmmmwm

1108 5405 1127 5478 h
1151 5403 1176 5464 l·
1195 5402 1301 5481 Nuper
1315 5421 1369 5482 pro
1385 5413 1471 5482 parte
1486 5407 1588 5468 dilecti
1605 5407 1658 5468 16111
1675 5407 1815 5472 moderni
1857 5435 1933 5479 narro
1947 5443 2048 5480 soncos.

1070 5498 1276 5576 procuratoris
1291 5500 1441 5574 generalis
1457 5499 1589 5561 lralrum
1605 5502 1728 5562 Ordinis
1745 5504 1816 5564 Bea-
1836 5487 1923 5532 ⁵¹⁰¹¹¹⁸·

1070 5599 1118 5652 tae
1139 5591 1249 5652 blaciae
1271 5592 1307 5652 de
1330 5593 1433 5653 116666
1456 5593 1596 5654 Carmelo
1624 5593 1816 5657 Excalceato-

1073 5699 1142 5743 rum
1164 5691 1412 5760 nuncupatorum
1430 5685 1460 5745 in
1477 5702 1555 5745 nova
1572 5684 1714 5764 Hispania
1730 5689 1818 5750 nobis

1071 5776 1245 5853 expositum
1275 5775 1345 5849 luit,
1368 5780 1448 5855 quod
1471 5778 1507 5839 ad
1529 5780 1625 5854 magis
1658 5781 1818 5859 magisque

1071 5868 1243 5943 aagendam
1265 5885 1335 5945 erga
1359 5869 1478 5931 beatam
1500 5871 1662 5948 Virginem
1678 5873 1817 5949 blaciam,

1072 5969 1101 6022 et
1124 5962 1273 6028 Sanctum
1287 5962 1449 6040 losephum
1464 5979 1621 6044 sponsum,
1638 5968 1819 6046 praecipuos

1713 545 1771 618 3111
1822 549 2011 610 bn.c.1ast
