4750 6980
918 599 990 644 elus
1012 599 1060 644 ΡΡ.
1083 597 1125 644 vl.

255 724 383 786 verbum
405 725 528 788 insertis
545 724 703 796 babentes,
726 721 786 782 illis
800 720 871 782 alias
886 719 919 780 in
934 734 991 781 suo

255 818 361 880 robore
372 818 594 896 permansuris,
612 815 648 878 ad
664 815 903 894 praemissorum
919 811 990 874 elie·

238 918 334 982 ¹ctum
355 911 411 973 bac
432 913 499 974 vice
519 910 678 973 dumtaxat
698 907 870 986 specialiter
890 914 922 967 et
940 921 991 966 ex-

255 1019 353 1083 presse
384 1005 584 1081 derogamus,
613 1002 802 1080 caeterisque
832 997 991 1063 contrariis

255 1097 507 1176 quibuscumque.

292 1191 403 1252 Datum
430 1190 562 1263 Romae,
595 1189 675 1267 apud
703 1187 734 1250 S.
759 1187 902 1259 Petrum,
934 1183 993 1246 sub

256 1283 369 1346 annvrlo
390 1284 510 1358 Piscat,
527 1283 577 1345 die
590 1297 657 1343 vni.
680 1280 784 1342 martii
800 1293 991 1353 uoccxcvv„

257 1379 447 1458 pontificatus
468 1376 567 1439 nostri
581 1390 631 1435 an.
648 1388 729 1434 xxrr.

562 1656 682 1721 extit.

259 1830 384 1912 cadolt
407 1847 547 1923 Hispano
563 1842 686 1924 alperti
707 1849 737 1904 et
757 1838 909 1918 Hispanis
931 1854 992 1900 om·

292 1938 395 2013 eibos,
421 1940 476 2018 qci
498 1935 543 2000 ibi
558 1939 804 2004 commorentur,
822 1933 924 2011 iisque
938 1934 992 2009 qui

192 2036 195 2045 ⁴
292 2047 399 2094 eorem
420 2031 528 2095 measti
546 2036 698 2098 utantur,
718 2027 857 2090 concedit
872 2032 911 2086 et
928 2024 992 2085 die·

293 2126 348 2189 bus
368 2123 584 2188 abstinentiae
605 2127 635 2184 ct
663 2122 782 2184 ieiunii
804 2121 846 2182 iis
866 2135 993 2182 vescon·

293 2227 349 2281 tur
369 2217 461 2290 cibis,
484 2216 598 2296 quibes
614 2217 650 2278 io
665 2216 823 2294 Hispania
837 2227 993 2275 vesceren-

293 2321 360 2383 tcr,
383 2327 492 2390 eosque
519 2311 652 2388 insuper
672 2308 711 2372 ab
733 2305 905 2370 ordinarie
926 2304 992 2368 ccci

292 2407 350 2468 mit
372 2405 612 2475 iurisdictione,
640 2419 678 2466 ec
703 2401 837 2467 subiicit
866 2400 993 2478 Coppel-

292 2501 364 2562 looo
384 2498 503 2561 maiori
530 2497 732 2560 eccrcttcom
762 2495 855 2574 Heqis
882 2495 994 2572 Hispa·

293 2594 364 2657 reice
385 2590 440 2672 (l).

505 2758 591 2828 etus
614 2760 673 2826 ΡΡ.
698 2760 742 2826 lll.

392 2885 428 2953 ed
452 2886 584 2952 tutorem
611 2885 653 2951 rei
677 2884 853 2950 memorien.

294 3066 346 3127 Est
368 3065 397 3126 id
419 3062 509 3141 plane
529 3063 664 3139 regium,
681 3061 809 3137 vigilare
830 3060 948 3122 assidue
962 3077 994 3122 ac

256 3156 398 3235 longeio
420 3163 580 3235 posterum
607 3154 781 3232 providere,
803 3169 994 3232 suorumque

254 3250 447 3329 popularium
467 3249 593 3313 utilitati
613 3255 643 3310 et
664 3248 753 3310 saluti
769 3257 909 3326 tempore
923 3263 994 3309 con·

253 3343 364 3418 solere,
387 3361 419 3406 ac
440 3359 550 3405 eorum
576 3343 747 3416 neminem,
770 3341 911 3420 quamvis
931 3357 994 3403 ma·

255 3451 314 3514 gno
341 3436 478 3499 locorum
510 3435 675 3498 intervallo
705 3435 907 3508 disiunctum,
931 3450 994 3496 non

255 3533 321 3594 sine
341 3532 413 3594 cura
435 3537 464 3592 et
485 3529 670 3606 cogitatione
692 3528 865 3608 complecti.

292 3629 310 3704 5
332 3621 359 3688 l.
382 3624 589 3700 Quamobrem
610 3623 738 3685 omnino
759 3622 894 3699 benigne
912 3641 994 3690 acce·

255 3723 354 3800 pimus
381 3720 461 3800 quod
489 3720 663 3799 expositum
696 3720 782 3782 nobis
814 3737 914 3799 nuper
936 3719 994 3784 luit

255 3814 401 3877 carissimi
423 3815 455 3876 in
478 3814 601 3877 Christo
623 3813 676 3876 tllii
700 3815 796 3876 nostri
823 3815 922 3879 Caroli
944 3816 994 3877 Hi-

254 3908 428 3988 spaniarum
450 3908 540 3985 Regis
560 3908 699 3970 catholici
722 3909 850 3971 nomine
869 3924 924 3986 pro
938 3927 994 3972 suo

255 4003 387 4066 Consule
407 4018 440 4064 ac
460 3999 587 4080 reliquis
615 4002 753 4082 Hispanis
780 4003 924 4065 omnibus
946 4004 996 4066 nl-

254 4095 331 4174 gerii
351 4094 622 4169 commorantibus,
644 4097 697 4174 qui
719 4096 826 4159 diebus
840 4097 994 4160 abstinen-

254 4191 312 4254 tiae
332 4197 364 4252 et
385 4189 492 4251 ieiunii
516 4188 596 4250 vesci
619 4197 776 4269 nequeant
797 4205 832 4253 eo
854 4191 995 4254 ciborum

253 4298 368 4361 genere
396 4297 458 4361 quo
485 4289 554 4343 tum
581 4291 738 4361 oporteat;
771 4284 885 4362 quippe
913 4285 993 4363 quod

253 4391 321 4438 raro
348 4374 512 4438 admodum
541 4389 577 4436 eo
606 4375 790 4454 importetur
818 4375 857 4438 ob
888 4391 993 4456 perpe·

255 4479 342 4532 tuum
363 4466 428 4530 lere
441 4466 534 4545 pestis
549 4475 681 4540 metum,
702 4467 856 4548 quodque,
873 4470 993 4532 etiarnsi

252 4569 404 4641 suppetat,
419 4560 574 4623 insalubre
588 4567 619 4622 et
633 4561 764 4622 noxium
779 4570 924 4625 censetur
937 4565 995 4626 bu·

253 4657 350 4718 manis
371 4656 549 4734 corporibus
570 4670 607 4717 eo
628 4661 784 4732 grassante
805 4657 925 4731 morbo,
941 4657 993 4736 qui

253 4749 376 4827 paterna
395 4748 507 4812 idcirco
529 4750 632 4812 nostra
655 4750 847 4827 indulgentia
862 4761 991 4829 egeant:

251 4841 402 4906 adiectum
424 4841 500 4904 illud
521 4857 645 4922 quoque
665 4842 724 4904 init
739 4842 877 4907 eiusdem
892 4847 995 4923 regiae

254 4936 418 4998 maiestatis
447 4936 586 5010 nomine,
618 4937 916 5015 opportunissimum
937 4940 995 5002 sibi

253 5030 361 5104 videri,
383 5028 419 5091 ad
440 5031 544 5092 omnia
571 5028 792 5092 discordiarum
813 5037 844 5092 et
865 5040 995 5094 conten-

253 5123 372 5185 tionum
388 5122 511 5204 ¹semina
532 5125 676 5186 radicitus
702 5123 873 5200 evellenda,
898 5132 994 5188 totam

254 5215 456 5293 Hispanorum
482 5231 518 5277 eo
541 5216 574 5278 in
604 5217 713 5294 oppido
745 5217 992 5294 multitudinem,

254 5326 315 5372 non
334 5309 437 5371 solum
469 5309 635 5372 Consulem
667 5310 796 5389 eiusque
823 5311 992 5387 cohortem,

254 5405 307 5467 sub
326 5409 510 5483 potestatem
541 5403 727 5466 ordinariam
757 5403 855 5481 redigi
877 5407 994 5484 cappel-

255 5495 311 5558 lani
331 5498 467 5573 maioris,
489 5498 620 5576 eiusque
640 5497 746 5560 vicarii
775 5498 926 5574 generalis
948 5516 995 5561 re·

256 5603 374 5666 giorum
397 5591 601 5655 exercituum.
741 5651 745 5662 ,

291 5684 359 5760 §2
383 5684 500 5758 Quibus
522 5701 577 5746 nos
599 5685 679 5747 votis
700 5685 796 5761 igitur
809 5691 994 5762 annuentes,

257 5777 291 5838 de
311 5781 434 5839 nostrae
451 5777 632 5856 apostolicae
652 5780 810 5857 potestatis
831 5778 996 5857 plenitudi-

294 5991 322 6048 (l)
336 5993 374 6036 Ex
388 5993 451 6047 Reg.
466 5993 523 6036 Vnt.
539 5991 612 6048 epist.
628 5993 661 6038 ad
675 5992 759 6038 Princ.
775 5997 822 6038 etc.
886 6047 889 6056 Ι

358 6113 410 6161 lor.
427 6113 495 6160 Perat.
511 6113 542 6161 cle
555 6114 630 6175 Prop.
645 6114 707 6162 Fide
720 6116 801 6163 Partis
816 6117 832 6162 l.
849 6116 903 6163 vol.
920 6117 957 6163 lv.

1047 732 1097 790 ne,
1128 721 1236 776 tenore
1267 709 1475 790 praesentium
1507 706 1677 774 literarum,
1710 712 1789 776 quae

1046 817 1195 887 perpetuo
1225 807 1288 868 sint
1314 803 1478 877 valiturae,
1500 797 1625 861 veniam
1652 790 1789 856 concedi·

1047 918 1116 965 mus
1148 909 1213 963 tum
1244 899 1331 976 regio
1362 893 1576 974 Hispaniarum
1605 885 1729 953 consuli
1756 901 1790 945 ac

1046 992 1266 1068 vice-consuli,
1288 992 1342 1071 qui
1363 989 1479 1064 algerii
1506 987 1579 1059 sint,
1603 982 1716 1061 quiquo
1739 979 1789 1040 de-

1047 1090 1151 1164 inceps
1171 1087 1234 1148 sint
1254 1084 1364 1160 loturi,
1387 1093 1456 1146 tum
1476 1079 1620 1142 omuibus
1637 1083 1668 1138 et
1682 1074 1788 1148 singu-

1047 1180 1084 1242 lis
1106 1181 1257 1260 Hispanis,
1273 1179 1326 1257 qui
1341 1177 1500 1254 ulgerium
1518 1169 1722 1248 migraverint
1735 1177 1791 1229 aut

1048 1275 1211 1352 migraturi
1232 1274 1306 1347 sint,
1328 1280 1359 1334 et
1375 1269 1524 1346 cuiusque
1538 1263 1682 1337 familiae,
1698 1269 1789 1339 atque
1875 1305 1877 1310 ,
1915 1255 1920 1266 '

1048 1369 1084 1430 iis
1105 1369 1179 1430 adeo
1200 1367 1253 1445 qui
1274 1380 1384 1428 eorum
1398 1377 1504 1425 mensa
1519 1363 1660 1431 utentur,
1677 1361 1711 1417 ut
1727 1354 1790 1415 die-

1050 1465 1104 1526 bus
1124 1459 1372 1526 commemoratis
1398 1454 1603 1519 abstinentiae
1630 1459 1661 1512 et
1682 1446 1791 1510 ieiunii

1048 1558 1157 1620 iisdem
1171 1556 1244 1618 cibis
1259 1553 1392 1627 alantur,
1404 1549 1516 1630 quibus
1530 1563 1569 1608 ex
1584 1545 1677 1607 buius
1692 1541 1723 1604 S.
1737 1537 1790 1602 Se·

1047 1651 1094 1714 dis
1114 1649 1286 1729 privilegiis
1305 1648 1366 1708 iam
1394 1642 1564 1721 impetratis
1591 1638 1631 1700 ali
1652 1643 1788 1715 possent,

1047 1743 1072 1804 si
1094 1743 1175 1805 intra
1197 1742 1273 1804 fines
1295 1738 1384 1816 regni
1400 1736 1615 1814 Hispaniarum
1630 1742 1791 1792 versaren-

1048 1843 1109 1898 tur.

1087 1931 1106 2004 ἓ
1127 1929 1155 1991 3.
1180 1928 1309 1992 Eosdem
1331 1935 1487 2007 praeterea
1508 1921 1687 1996 Consulem,
1703 1917 1793 1980 vice·-

1048 2025 1220 2100 consulem,
1243 2025 1390 2102 Hispanos
1405 2037 1513 2082 omnes
1527 2025 1558 2081 et
1571 2014 1720 2092 singulos,
1737 2013 1790 2092 qui

1049 2117 1081 2180 in
1103 2118 1264 2196 ulgerium
1295 2114 1511 2179 transtulerint
1533 2111 1582 2172 vel
1605 2106 1792 2172 transferent

1047 2217 1080 2273 et
1101 2211 1249 2302 cuiusque
1270 2210 1417 2273 familiam
1444 2205 1649 2271 iurisdictioni
1670 2202 1790 2264 ordina·

1048 2305 1158 2371 riaeo'n
1173 2305 1385 2384 spiritualibus
1396 2301 1562 2381 cappellani
1576 2297 1700 2362 maioris
1713 2296 1791 2358 eius·

1050 2400 1181 2477 demque
1202 2399 1308 2461 vicarii
1325 2395 1477 2475 generalis
1491 2393 1685 2456 exercituum
1700 2391 1792 2467 Regis

1049 2493 1263 2571 Hispaniarum
1283 2489 1423 2554 catlaolici
1445 2506 1477 2552 ac
1497 2489 1563 2550 eius
1578 2484 1790 2562 delegatorum

1048 2587 1200 2650 subiectos
1231 2585 1427 2665 postmodum
1459 2599 1524 2644 esse
1553 2579 1790 2651 constituimus,

1009 2757 1010 2762 ἵ
1049 2681 1251 2758 praecipimus
1273 2685 1304 2740 et
1325 2679 1483 2742 iubemus:
1514 2690 1626 2754 eosque
1648 2674 1684 2735 ab
1704 2671 1790 2734 omni

1049 2772 1175 2835 alterius
1195 2773 1417 2852 cuiuscumque
1440 2769 1650 2835 iurisdictione
1671 2765 1793 2828 ordina·

1048 2867 1093 2942 ria
1115 2867 1226 2932 liberos
1247 2866 1487 2946 pronunciamus
1508 2874 1538 2928 et
1560 2862 1760 2927 declaramus.

1089 2964 1107 3038 ἓ
1129 2963 1159 3026 lt.
1181 2965 1387 3026 Deceruentes
1408 2962 1461 3023 bas
1482 2959 1586 3021 literas
1608 2957 1723 3028 sirmas,
1740 2969 1793 3013 va-

1049 3060 1123 3122 lidas
1143 3066 1173 3120 et
1193 3055 1328 3118 efficaces
1349 3055 1482 3117 existere
1503 3068 1536 3114 ao
1556 3051 1632 3126 lore,
1661 3065 1793 3127 suosque

1049 3150 1202 3230 plenarios
1224 3156 1254 3212 et
1276 3151 1413 3226 integros
1434 3147 1559 3209 ellectus
1577 3145 1680 3209 sortiri
1696 3151 1727 3206 et
1741 3143 1793 3206 ob·

1051 3245 1162 3318 tinere,
1185 3259 1218 3305 ac
1239 3242 1299 3304 illis
1320 3242 1356 3304 ad
1377 3256 1454 3319 quos
1467 3246 1583 3318 spectat
1597 3245 1629 3300 et
1644 3253 1699 3317 pro
1715 3244 1791 3299 tem-

1049 3355 1123 3417 pore
1144 3337 1400 3417 quandocumque
1420 3335 1577 3414 spectabit,
1601 3335 1633 3397 in
1649 3333 1793 3396 omnibus

1049 3441 1081 3495 et
1102 3447 1156 3510 per
1177 3431 1280 3494 omnia
1312 3427 1489 3507 plenissime
1509 3427 1683 3505 suilragari,
1706 3435 1735 3489 et
1757 3427 1794 3490 ab

1048 3529 1093 3589 eis
1114 3525 1300 3604 respectivea
1314 3521 1534 3586 inviolabiliter
1547 3521 1721 3599 observari3
1738 3521 1794 3584 sic-

1049 3639 1110 3700 que
1132 3623 1163 3682 in
1185 3619 1359 3699 praemissis
1380 3634 1433 3697 per
1453 3632 1664 3695 quoscumque
1679 3616 1793 3702 iudices

1049 3714 1218 3778 ordinarios
1236 3719 1265 3774 et
1281 3710 1446 3788 delegatos,
1460 3711 1555 3792 ewam
1568 3725 1729 3774 causarum
1744 3726 1794 3787 pa·

1050 3810 1113 3871 latii
1129 3806 1285 3887 apostolici
1300 3806 1464 3880 auditores,
1481 3806 1608 3868 iudicari
1624 3809 1655 3865 et
1670 3803 1792 3867 deliniri

1049 3902 1172 3975 debere,
1191 3917 1223 3962 ac
1240 3900 1363 3962 irritum
1378 3907 1409 3960 et
1429 3899 1533 3974 inane,
1548 3898 1575 3959 si
1594 3914 1681 3960 secus
1700 3911 1793 3974 super

1050 3999 1097 4058 bis
1117 4014 1132 4058 a
1155 4006 1311 4074 quoquam
1332 3993 1439 4072 quavis
1460 3992 1642 4055 auctoritate
1661 3992 1795 4054 scienter

1050 4091 1100 4153 vel
1120 4092 1300 4167 ignoranter
1321 4087 1487 4163 contigerit
1508 4088 1662 4148 attentari.

1089 4188 1108 4262 ὅ
1128 4189 1157 4250 ὅ.
1181 4186 1249 4251 Νοιι
1266 4187 1468 4262 obstantibus,
1484 4196 1636 4268 quatenus
1650 4205 1726 4268 opus
1741 4191 1792 4264 sit,

1050 4283 1206 4345 nostrast
1234 4280 1441 4346 cancellariae
1468 4283 1657 4360 apostolicae
1687 4283 1795 4360 regula

1049 4380 1086 4440 de
1100 4379 1169 4440 iure
1184 4377 1320 4456 quaesito
1336 4392 1398 4438 non
1416 4375 1562 4451 tollendo,
1579 4376 1709 4456 aliisque
1724 4393 1794 4455 apo-

1049 4471 1163 4533 stolicis
1184 4487 1216 4531 ac
1237 4468 1513 4531 inuniversalibus
1542 4469 1794 4547 provincialibus·

1049 4579 1108 4643 que
1139 4571 1170 4624 et
1196 4561 1392 4640 synodalibus
1419 4561 1556 4625 conciliis
1584 4565 1673 4626 editis
1700 4580 1793 4641 gene·

1050 4657 1165 4719 ralibos
1188 4655 1238 4718 vel
1261 4655 1441 4734 specialibus
1466 4657 1737 4721 constitutionibus
1763 4665 1793 4720 et

1050 4750 1306 4824 ordinationibus,
1339 4756 1369 4811 et
1401 4749 1560 4829 quibusvis
1590 4752 1684 4812 etiam
1711 4753 1793 4814 iura·
1872 4803 1876 4812 .

1050 4850 1167 4918 mento,
1184 4843 1419 4904 confirmatione
1439 4843 1602 4920 apostolica
1622 4843 1672 4906 vel
1687 4845 1795 4924 quavis

1050 4935 1196 5000 firmitate
1216 4935 1443 4998 alitroboratis
1468 4936 1592 5000 statutis
1614 4946 1644 5000 et
1664 4954 1793 5002 consue·

1052 5029 1221 5104 tudinibus,
1251 5028 1422 5108 privilegiis
1450 5045 1584 5107 quoque,
1615 5030 1742 5094 indultis
1765 5039 1795 5096 et

1051 5122 1146 5185 literis
1168 5122 1339 5199 apostolicis
1360 5124 1570 5202 superioribus
1590 5125 1639 5186 vel
1654 5127 1794 5203 personis

1049 5218 1106 5280 sub
1127 5217 1372 5296 quibuscumque
1394 5218 1554 5281 tenoribus
1573 5225 1605 5280 et
1626 5218 1744 5297 lormis,
1761 5237 1795 5281 ac

1050 5326 1123 5372 cum
1144 5309 1303 5388 quibusvis
1321 5311 1414 5372 etiam
1429 5311 1693 5387 derogatoriarum
1707 5311 1795 5375 dero·

1051 5405 1187 5481 gatoriis,
1202 5403 1331 5482 aliisque
1347 5403 1565 5468 efficacioribus
1580 5403 1795 5468 efficacissimis

1050 5515 1083 5560 ac
1097 5497 1230 5559 insolitis
1244 5497 1399 5572 clausulis,
1412 5498 1668 5578 irritantibusque
1682 5507 1713 5561 et
1729 5499 1794 5562 aliis

1050 5591 1179 5654 decretis
1201 5589 1234 5652 in
1257 5605 1372 5666 genere
1397 5590 1447 5653 vel
1471 5593 1504 5654 in
1532 5593 1645 5671 specie,
1671 5609 1704 5656 ac
1728 5593 1794 5654 aliis

1050 5686 1083 5747 in
1104 5683 1295 5746 contrarium
1309 5686 1548 5763 praemissorum
1564 5686 1795 5765 quomodolibet

1050 5779 1212 5852 concessis,
1241 5779 1411 5857 approbatis
1432 5785 1462 5839 et
1489 5777 1657 5840 innovatis.
1680 5779 1795 5855 Quibus

1711 557 1770 622 417
1820 546 1875 600 An.
1888 546 1918 600 c.
1940 545 2008 598 laec
