4808 6988
315 523 369 580 ΑΒ·
383 527 414 582 ⁰·
435 527 504 582 1823
552 525 612 592 642
1055 557 1120 602 run.
1144 555 1235 604 nour.
1259 557 1300 602 nn
1321 555 1350 602 n.
1374 557 1403 603 r.
1426 557 1509 602 nans
1530 556 1551 601 r.
1906 479 1915 506 Ι
2108 532 2163 587 An.
2178 534 2210 588 ⁰·
2234 535 2311 588 1823

533 674 665 734 tremam
687 673 858 751 perniciem
875 674 994 750 aberro,
1011 673 1169 738 intereant
1190 674 1277 736 enim
1332 673 1468 750 decedat,
1485 681 1520 738 tn
1535 674 1714 738 universam
1729 673 1906 737 Lntsianam
1922 670 2012 734 initio
2026 668 2079 730 ob

533 769 666 842 oportet,
689 775 781 844 prout
801 767 960 844 asseritur,
984 775 1051 829 tum
1067 767 1176 830 domus
1197 768 1276 831 con·
1333 767 1435 831 tinere
1449 769 1577 845 debeas,
1600 784 1634 830 ea
1648 783 1724 830 vero
1738 767 1891 829 diuisione
1904 765 1941 828 ad
1955 763 2076 826 exitum

534 859 721 934 gregationis
737 859 898 936 llissionis,
909 875 988 938 quae
1002 875 1102 940 nuper
1113 867 1276 924 tantacum
1332 861 1490 938 perducta,
1507 875 1603 924 unam
1625 867 1749 922 tantum
1765 876 1802 923 en
1817 858 1934 920 duabus
1956 853 2018 918 illis
2032 871 2077 917 se-

533 949 686 1013 Ecclesiae
707 952 840 1017 utilitate
861 953 893 1015 in
916 953 1056 1016 Luisiana
1075 953 1195 1017 condita
1217 964 1274 1031 est,
1332 954 1420 1017 dibus
1442 959 1476 1016 tu
1498 955 1672 1030 gubernare
1696 952 1840 1027 tenearis,
1852 951 1942 1014 alteri
1963 950 2008 1012 illi
2031 966 2077 1012 re·

533 1048 602 1104 tum
622 1044 826 1108 seminarium
847 1046 1041 1122 clericorum,
1054 1052 1120 1110 tum
1141 1047 1277 1126 denique
1332 1045 1414 1121 licta,
1437 1061 1531 1124 quom
1554 1046 1647 1110 Sedes
1668 1044 1840 1123 Apostolica
1854 1042 2074 1119 designaverit.

533 1133 697 1212 collegium
713 1137 958 1202 adolescentibus
978 1138 1123 1218 religioni
1141 1157 1174 1202 ac
1189 1141 1277 1203 bonis
1331 1140 1415 1215 Quod
1437 1141 1461 1200 si
1484 1155 1558 1202 vero
1580 1139 1730 1218 Episcopo
1744 1137 1849 1200 Norae
1869 1134 2013 1198 Aureliae
2027 1137 2076 1198 ad-

533 1228 648 1291 artibns
670 1229 878 1307 instituendis,
896 1240 925 1294 te
939 1249 954 1293 a
969 1231 1110 1296 Luisiana
1131 1232 1275 1308 abeunte,
1334 1234 1393 1296 buc
1408 1233 1481 1294 viro
1495 1231 1538 1313 (id
1553 1239 1658 1298 antem
1673 1249 1689 1294 a
1704 1230 1837 1294 Domim
1851 1244 1889 1293 er
1904 1230 1996 1292 corde
2009 1244 2077 1306 pre-

533 1321 586 1399 qui
603 1338 685 1387 unus
695 1325 742 1386 bis
756 1325 901 1388 omnibus
913 1334 1038 1405 propter
1052 1341 1209 1388 sacrorum
1220 1327 1277 1388 mi·
1331 1325 1452 1404 camur)
1474 1325 1638 1388 Laisianae
1658 1325 1768 1387 divisio
1793 1323 1981 1398 absolvatur,
2003 1328 2077 1384 tunc

534 1413 716 1492 nistrorum,
728 1417 781 1495 qui
797 1417 828 1479 in
843 1433 878 1480 ea
890 1417 1019 1494 regione
1031 1425 1276 1495 commorantur,
1331 1418 1477 1482 volumus
1493 1428 1529 1481 ut
1544 1426 1589 1493 tu,
1606 1419 1758 1482 continuo
1772 1414 1957 1480 coadiutoris
1978 1414 2077 1476 officio

533 1506 682 1584 exignum
713 1525 884 1574 numerum
912 1518 943 1574 et
970 1511 1170 1575 immaturam
1197 1521 1277 1575 aeta·
1331 1511 1481 1590 deposito,
1496 1526 1552 1590 per
1566 1510 1745 1588 apostolicas
1766 1510 1870 1572 literas
1885 1525 1921 1570 eo
1937 1515 2078 1584 tempore

533 1607 610 1674 tarn,
633 1602 752 1665 utiliter
773 1619 913 1681 praeesse
933 1611 1028 1683 potes.
1054 1605 1141 1668 llisce
1155 1616 1277 1670 mature
1331 1607 1522 1680 scribendas,
1545 1605 1629 1670 illius
1650 1622 1688 1667 ex
1716 1605 1834 1668 duabus
1862 1600 1986 1664 sedibus
2008 1599 2079 1678 Epi-

534 1696 703 1772 perpensis,
720 1714 753 1759 ac
774 1696 811 1758 de
832 1701 1014 1762 eorumdem
1031 1715 1125 1762 venn.
1143 1699 1276 1764 iratrum
1330 1719 1439 1782 scopus
1465 1699 1506 1762 sis
1534 1698 1761 1773 instituendus,
1788 1712 1882 1776 quam
1911 1695 2077 1773 Episcopus

534 1795 714 1852 nostrorum
726 1791 853 1856 Sanctae
863 1793 1018 1858 Romanae
1030 1795 1183 1860 Ecclesiae
1205 1797 1276 1860 Car·
1333 1796 1436 1859 Norae
1452 1793 1593 1856 Aureliae
1609 1793 1775 1870 relinquet.
1798 1791 1878 1856 llaec
1898 1787 2078 1852 auctoritate

533 1881 684 1945 dinalium
699 1883 915 1965 Propagandae
930 1887 1014 1952 Fidei
1030 1891 1276 1969 praepositorum
1333 1897 1438 1952 nostra
1459 1886 1620 1966 apostolica
1649 1887 1831 1948 mandamns
1859 1893 1950 1962 atque
1971 1881 2079 1942 statui-

533 1975 672 2052 consilio,
694 1991 750 2055 pro
771 1979 881 2042 maiori
902 1980 1062 2058 religionis
1083 1990 1114 2045 et
1135 1983 1277 2046 fidelium
1332 1999 1413 2058 mus,
1437 1996 1500 2043 non
1522 1979 1714 2042 obstantibus
1742 1978 1928 2057 praemissis,
1951 1991 1986 2037 ac
2005 1989 2077 2037 con·

534 2065 668 2130 utilitate
683 2071 720 2132 de
735 2072 889 2134 sententia
905 2074 1052 2138 decedere
1065 2083 1275 2154 opportunum
1332 2074 1546 2138 stitutionibus
1571 2082 1603 2136 et
1624 2071 1867 2136 ordinationibus
1892 2067 2076 2148 apostolicis,

533 2174 599 2222 esse
619 2157 770 2225 ducimus.
1332 2168 1521 2246 caeterisque
1537 2165 1698 2229 contrariis
1712 2165 1974 2244 quibuscumque.

334 2258 423 2355 ,wlff
444 2266 517 2356 {evo-
574 2254 641 2328 52.
666 2253 728 2317 Nos
744 2256 839 2335 igitur
853 2259 1032 2343 praecitatae
1047 2261 1226 2340 apostolicas
1241 2261 1275 2324 li·
1372 2261 1441 2337 §3-
1464 2259 2077 2336 blandamusproptereainvirtntesan-
2114 2273 2324 2320 maneamne

301 2319 516 2410 ξῖοιοῗοῗήἓεεῗέ-
535 2354 625 2424 teras,
648 2349 758 2428 quibus
781 2353 963 2416 vicariatum
983 2355 1196 2434 Apostolicom
1219 2365 1280 2420 ter·
1333 2368 1398 2422 ctae
1430 2353 1622 2418 obebientiae
1653 2351 1797 2415 omnibus
1824 2358 1855 2413 et
1881 2350 2013 2428 singulis
2040 2350 2078 2412 ad
2095 2327 2239 2429 ξῗξῖξιὲἶζ,
2253 2337 2325 2374 Μ’

304 2417 351 2464 ¹¹¹³·
534 2442 678 2504 litorium
693 2443 848 2524 Mississipi
864 2453 896 2509 et
911 2447 1054 2510 Alabama
1069 2449 1101 2510 in
1116 2449 1278 2514 foederatis
1333 2467 1409 2531 quos
1430 2455 1545 2528 spectat
1565 2463 1598 2508 ac
1619 2445 1767 2523 spectabit
1790 2460 1843 2523 pro
1866 2451 2019 2522 tempore,
2042 2449 2078 2506 ut

534 2535 694 2599 Americaa
707 2538 875 2614 provinciis
889 2541 1093 2618 instituimus,
1106 2543 1197 2622 eique
1210 2544 1279 2607 Elo-
1334 2553 1364 2608 te
1385 2541 1421 2604 ad
1447 2540 1583 2604 cilicium
1615 2538 1812 2614 coadiutoriS,
1840 2547 1882 2614 et,
1911 2538 1937 2599 si
1967 2537 2078 2600 divisio

534 2631 615 2692 ridas
635 2646 672 2693 ex
687 2631 817 2700 dioecesi
833 2633 937 2696 Novae
955 2635 1098 2698 Aureliae
1113 2637 1279 2702 disiunctas
1333 2638 1507 2711 Luisianae,
1532 2635 1659 2696 virente
1684 2633 1833 2710 Episcopo
1854 2631 1959 2694 Novae
1980 2631 2078 2693 bure·

534 2722 744 2801 adiunximus,
759 2734 789 2788 et
806 2733 835 2790 te
857 2728 889 2790 in
911 2727 1062 2792 vicarium
1077 2730 1278 2808 apostolicum
1334 2734 1403 2807 liae,
1426 2729 1604 2792 aderitum
1626 2741 1689 2788 non
1711 2725 1806 2788 luerit
1827 2726 1987 2803 perducta,
2004 2732 2078 2786 tnnc

420 2827 422 2834 '
534 2816 1280 2904 elegimus-,auctoritateapostolicatenoreprae
1333 2828 1369 2889 ad
1396 2823 1560 2888 uniuersae
1586 2821 1749 2883 Luisianae
1777 2817 1937 2897 spirituale
1966 2817 2078 2894 guber·

533 2912 672 2974 sentium
692 2929 875 2976 revocamus
896 2923 927 2978 et
949 2916 1147 2994 abrogamus,
1169 2920 1278 2997 etita,
1335 2919 1423 2982 nium
1446 2917 1547 2991 initio,
1564 2915 1649 2978 iuxta
1665 2912 1846 2976 earumdem
1868 2911 2078 2991 praesentium

535 3009 571 3066 ut
593 3012 639 3080 tu,
661 3005 715 3083 uui
738 3005 907 3083 Episcopus
929 3009 1136 3086 Tenagrensis
1157 3010 1242 3074 luisti
1264 3029 1279 3074 a
1333 3021 1475 3076 tenorem
1507 3007 1684 3082 admittant,
1712 3006 1830 3086 tibique
1857 3006 1889 3068 in
1919 3005 2077 3080 omnibus,

535 3097 622 3161 nobis
643 3113 698 3176 per
719 3099 791 3161 alias
813 3099 991 3178 apostolicas
1013 3102 1114 3165 literas
1135 3103 1184 3165 die
1206 3120 1277 3168 χιιι.
1334 3119 1411 3184 quae
1433 3103 1469 3166 ad
1490 3101 1670 3164 huiusmodi
1692 3100 1880 3178 gubernium
1902 3097 2077 3177 pertinent,

534 3191 658 3268 augusti
680 3206 869 3256 nncccxxrr.
894 3195 976 3256 datas
997 3194 1125 3271 electus,
1141 3204 1171 3258 et
1194 3213 1280 3261 nunc
1334 3205 1453 3277 praesto
1474 3197 1550 3271 sint,
1571 3204 1663 3273 atque
1685 3192 1840 3268 obediant,
1864 3199 1978 3270 tuaque
1998 3190 2079 3252 salu-

534 3282 637 3346 iorsan
652 3286 890 3348 consecrationis
901 3301 1017 3350 munus
1032 3287 1093 3350 iam
1108 3291 1278 3370 suscepisti,
1334 3291 1399 3356 bria
1420 3290 1536 3352 monita
1558 3294 1589 3350 et
1611 3289 1754 3350 mandata
1776 3292 1959 3350 reverenter
1980 3283 2079 3362 suspi-

534 3386 673 3440 revocata
696 3378 909 3456 designatione
930 3381 967 3443 ad
989 3379 1097 3443 vicarii
1122 3384 1278 3460 apostolici
1333 3385 1433 3460 ciant,
1457 3400 1489 3445 ac
1518 3381 1684 3444 efficaciter
1712 3380 1912 3459 adimpleant,
1942 3377 2078 3455 alioquin

534 3471 687 3546 cilicium,
710 3487 800 3550 opem
831 3473 980 3552 Episcopo
1009 3473 1113 3538 Nouae
1134 3477 1279 3542 Aureliae
1333 3477 1522 3540 sententiam
1542 3491 1598 3538 seu
1620 3489 1764 3554 poenam,
1780 3489 1873 3553 quam
1894 3473 1954 3534 rite
1969 3471 2078 3533 tuleris

535 3565 566 3624 in
584 3565 774 3643 procuranda
789 3566 914 3629 ecclesia
930 3583 1002 3629 snae
1018 3567 1106 3646 ieras,
1119 3570 1278 3648 iungendo
1334 3571 1366 3633 in
1389 3569 1531 3644 rebelles,
1546 3583 1602 3630 seu
1616 3565 1771 3642 statueris,
1786 3573 1882 3628 ratam
1898 3564 2077 3627 babebimus

534 3673 667 3720 munere
682 3659 730 3720 sui
744 3658 939 3736 coadiutoris,
956 3660 1095 3739 sublege
1112 3670 1217 3728 tamen
1233 3666 1279 3726 in·
1334 3672 1364 3726 et
1386 3663 1545 3735 iaciemus,
1566 3665 1689 3722 auctore
1711 3658 1853 3734 Domino,
1870 3673 1971 3737 usque
1984 3659 2021 3720 ad
2033 3673 2079 3718 sa·

533 3749 701 3827 stituenda,
716 3750 834 3829 tibique
848 3761 879 3814 et
895 3752 938 3816 illi
954 3751 1101 3834 Episcopo
1117 3755 1278 3833 imponen-
1334 3754 1539 3819 tisiactionem
1567 3753 1753 3830 condignam
1780 3749 2000 3814 inviolabiliter
2026 3749 2078 3814 ob

534 3843 582 3917 da,
605 3851 640 3904 nt
661 3841 805 3906 Luisiana
836 3852 897 3907 tota
922 3846 955 3907 in
981 3845 1056 3910 duos
1087 3848 1288 3927 episcopatus
1332 3849 1461 3912 servari.

534 3936 617 3997 intra
640 3935 811 3998 triennium
827 3937 989 4000 dividenda
1004 3939 1061 4018 sit;
1078 3956 1137 4020 qua
1151 3942 1277 4020 quidem
1372 3943 1484 4005 Datum
1507 3940 1633 4017 llomae,
1659 3941 1738 4020 apud
1767 3939 1798 4006 S.
1832 3938 1961 4002 llariam
1987 3937 2079 4001 bloio-

535 4027 686 4092 dirisione
719 4029 860 4093 nondum
885 4032 1030 4110 perlecta,
1058 4033 1084 4096 si
1112 4033 1278 4114 Episcopus
1332 4049 1411 4110 rem,
1433 4035 1491 4097 sub
1519 4032 1636 4096 annulo
1662 4033 1833 4107 Piscatoris,
1849 4032 1899 4094 die
1920 4047 1987 4096 xiv.
2010 4029 2078 4094 iulii

535 4121 638 4184 Norae
654 4123 796 4188 Aureliae
811 4123 905 4204 (qnod
922 4125 1002 4188 Deus
1016 4126 1148 4207 auertat)
1167 4143 1184 4190 e
1199 4128 1278 4190 viris
1332 4143 1548 4201 nncccxnur,
1572 4127 1767 4206 pontificatus
1788 4125 1886 4190 nostri
1902 4141 1952 4186 ab.
1967 4140 2054 4188 xxiv.
