1421 1946
136 248 137 260 ἶ
157 251 175 264 All.
180 250 193 263 C,
202 248 233 262 17⁷8

576 248 612 261 PIUS
622 250 647 262 1³1².
660 250 681 263 Vi.

243 283 258 297 et
267 281 338 301 specifice
349 281 444 300 innovando,
452 284 470 297 ut
476 280 568 297 eorumdem
576 280 616 296 loco-

243 308 277 320 rum
293 307 383 320 sanctorum
397 304 495 321 indemnitati
508 304 615 323 consulerent,

243 332 269 348 per
278 328 338 344 similes
347 332 383 344 suas
394 328 446 344 literas
457 329 498 344 datas
508 328 565 344 Romae
576 327 615 347 apud

243 351 257 367 S.
269 351 334 367 Petrum
344 352 373 367 sub
382 352 441 367 annulo
449 351 529 367 Piscatoris
536 351 561 367 dio
569 355 614 366 xviiii

242 375 280 391 iunii
292 379 368 391 nocxuv.
380 375 479 395 pontificatus
492 375 516 391 sni
527 378 568 390 anno
579 378 615 393 xit„

243 398 315 414 omnibus
325 401 341 414 et.
351 398 416 418 singulis
430 398 512 418 uti-iusque
525 402 571 414 sexus
581 402 616 418 per-

242 422 282 438 sonis
293 422 405 442 cuiuscumque
418 422 503 441 dignitatis,
516 424 571 440 status,
582 426 617 441 gra-

243 446 275 465 duS,
286 446 345 466 ordinis
356 448 371 462 et
382 446 475 462 conditionis
482 445 591 464 existentibus,
599 445 616 461 iu

243 469 301 485 virtute
311 472 373 485 sanotae
383 469 485 488 obedientiae.
497 471 512 485 et
519 469 548 485 sub
555 473 616 485 excom-

243 492 351 509 municationis
362 492 423 508 maioris
433 493 472 508 latae
484 493 571 508 sententiae
580 496 615 512 poe-

243 520 267 535 na.
276 520 284 532 a
295 521 325 536 qua
332 516 395 532 nonnisi
402 516 421 532 ab
427 516 460 536 ipso
467 516 492 532 vel
500 516 569 532 Romano
577 516 616 532 Pon-

243 540 283 555 titlee
293 543 321 559 pro
333 542 402 559 tempore
413 540 496 559 existente,
506 542 615 560 praeterquam

242 563 257 579 in
268 563 334 579 articulo
344 564 399 579 mortis
409 563 503 582 constitutis.
514 563 572 579 absolvi
583 567 616 583 pos-

241 589 282 606 sent,
293 586 362 602 districte
377 587 472 607 praeceperit
482 588 498 602 et
513 587 615 606 mandaverit,

243 615 261 627 ne
271 611 291 626 de
301 613 362 626 caetero
372 611 441 626 cuiusvis
451 608 514 630 ueneris
521 611 560 626 bona
568 611 585 626 ad
593 615 616 626 sa-

242 638 266 650 οη
277 634 310 650 loca
317 634 406 650 huiusmodi
413 634 502 653 spectantia,
510 634 566 654 quovis
573 638 616 654 prae-

243 660 293 676 textu.
305 661 355 676 eausa,
366 657 392 673 vel
407 657 486 673 occasione
501 658 541 677 apud
551 661 568 673 se
578 657 616 673 reti>

243 685 279 697 nere
290 681 365 697 auderent
375 685 402 696 seu
418 683 541 700 praesumerent,
552 681 578 697 sed
589 681 616 697 illa

243 704 300 721 eisdem
311 704 348 720 locis
358 708 386 720 seu
394 704 457 720 illorum
464 704 546 723 agentibus
553 704 616 720 realiter

243 731 257 744 et
267 732 303 744 eum
313 728 368 744 effectu
376 728 484 743 restituerent.
492 728 512 743 Et
519 728 585 744 subinde
592 728 615 744 ln-

243 751 325 768 nocentius
335 751 363 767 PP.
375 751 394 767 X.
406 751 513 770 praedecessor
519 755 581 771 quoque
589 755 616 767 uo-

242 777 273 791 ster
283 775 317 790 aliis
327 774 397 790 eiusdem
405 774 464 790 Urbani
471 774 591 794 praedecessoris
598 775 616 791 li-

244 799 279 815 teris
290 798 380 817 inhaerens,
388 797 403 813 vi
414 797 490 813 similium
499 798 580 814 literarum
587 798 616 814 sub

243 823 296 839 datum
307 822 365 837 Romae
373 821 413 841 apud
421 821 494 837 Sanctam
501 822 564 838 Mariam
571 823 616 839 Maio-

243 850 276 862 rem
287 846 335 861 etiam
344 845 374 861 sub
384 845 443 861 annulo
456 845 535 861 piscatoris
546 846 570 862 die
581 850 615 863 xix.

242 869 334 890 septembris
348 873 418 884 nocxtv.
432 868 531 888 pontificatus
540 870 564 885 sui
575 874 616 886 anno

243 894 299 913 primo,
310 892 407 911 Patriarchis.
419 892 545 912 Arcbiepiseopis,
555 893 616 913 Episco-

243 917 266 938 pis
276 917 341 936 aliisque
355 916 425 932 locorum
439 916 529 935 Ordinariis,
544 920 573 932 nec
584 921 616 933 non

243 940 317 957 omnibus
327 941 342 955 et
354 939 421 959 singulis
434 940 526 959 quorumvis
536 941 615 960 ordinum,

243 963 382 984 congregationum
398 965 414 979 et
431 963 539 980 institutorum
556 964 616 984 reguta-

243 988 285 1004 rium
295 987 394 1007 generalibus
404 987 499 1003 commiserit
509 990 526 1003 et
535 989 616 1004 mandave-

243 1012 270 1030 rit,
275 1013 293 1027 ut
300 1011 355 1026 saltem
362 1010 422 1026 duabus
427 1010 487 1027 vicibus
494 1011 564 1031 quolibet
569 1016 615 1031 anno,

243 1035 319 1051 adventus
329 1034 388 1050 scilicet
398 1036 414 1050 et
424 1035 550 1054 quadragesimae
557 1037 616 1055 tompo-

243 1058 292 1077 ribus,
303 1059 335 1073 tam
347 1061 374 1077 per
385 1057 428 1072 verbi
439 1057 466 1073 Dei
478 1058 588 1077 praedicatores
599 1058 616 1074 in

243 1081 289 1097 saci-is
301 1080 406 1099 concionibus,
419 1084 466 1100 quam
477 1081 493 1096 in
505 1081 591 1097 actionibus
600 1084 617 1098 et

243 1104 349 1120 [unctionibus
356 1104 427 1124 publicis,
433 1104 531 1120 necessitates
537 1109 616 1121 sacrorum

244 1129 383 1143 monumentorum
392 1129 443 1143 terrae
450 1129 510 1143 sanctae
517 1128 574 1148 populo
582 1132 617 1148 pro-

243 1151 280 1171 poni
290 1153 306 1166 et
315 1151 421 1166 commendari
430 1153 503 1167 curarent
515 1153 531 1167 et
541 1151 615 1171 iacerent.

243 1177 289 1195 atque
300 1174 363 1194 insuper
373 1174 449 1190 addiderit
458 1178 476 1190 ac
484 1175 557 1194 voluerit,
565 1176 582 1191 ut
591 1175 617 1191 Pa-

244 1198 324 1217 triaroliae,
334 1197 449 1217 Arcbiepisoupi
459 1199 475 1213 et
485 1198 554 1218 Episcopi
566 1199 582 1214 in
593 1203 617 1214 re⁴

243 1222 300 1237 latione
310 1223 359 1237 status
368 1224 433 1237 suarum
440 1220 546 1241 eeclesiarum,
554 1223 617 1242 quando

243 1245 324 1260 visitarent
334 1244 388 1260 limina
394 1244 509 1264 Apostolorum,
517 1245 585 1261 iacienda
593 1250 617 1262 re-

243 1268 308 1287 terrem,
319 1272 336 1283 se
346 1267 451 1283 secundodioti
461 1268 520 1284 Urbani
529 1269 617 1288 praedeces-

242 1291 281 1307 soris
294 1293 310 1307 et
323 1291 355 1307 suis
369 1291 419 1306 literis
434 1291 507 1311 pai-uisse.
520 1292 541 1307 Ac
552 1292 616 1308 demum

243 1315 335 1331 Benedictus
349 1314 377 1330 PP.
389 1314 431 1331 xlv.
443 1315 497 1331 itidem
510 1316 616 1335 praedeeessor

244 1340 301 1357 noster,
310 1340 391 1358 postquam
398 1342 426 1358 por
433 1338 491 1354 similes
498 1343 533 1355 snas
540 1339 592 1355 literas
600 1340 616 1355 in

244 1362 291 1378 torma
302 1362 355 1377 Brevis
365 1362 395 1377 sub
405 1361 458 1377 datum
466 1362 524 1378 Romae
531 1362 570 1382 opud
578 1363 616 1379 San-

243 1387 283 1401 ctam
294 1385 357 1401 Mariam
367 1385 441 1401 Maiorem
450 1386 479 1402 sub
486 1386 544 1401 annulo
551 1386 617 1402 Piscato-

244 1409 263 1424 ris
273 1409 299 1424 die
306 1413 321 1424 x.
330 1409 395 1424 ianuarii
403 1412 480 1425 nouem.
488 1409 585 1429 pontificatus
592 1410 616 1425 sui

243 1436 283 1448 anno
294 1432 349 1452 primo.
358 1432 449 1452 praemissas
455 1432 498 1448 Pauli
505 1435 521 1448 et
528 1433 616 1449 innocentii

243 1456 378 1476 praedeeessorum
385 1460 403 1471 ao
411 1455 448 1471 alias
455 1456 570 1472 nonnullorum
578 1457 616 1472 Pon-

244 1479 303 1495 uncum
308 1479 413 1494 Romanorum
419 1479 477 1498 pariter
482 1480 616 1499 praedeeessorum

243 1504 332 1518 nostrorum
346 1502 403 1521 literas.
415 1502 434 1518 ad
447 1503 572 1522 promovendum
585 1505 617 1518 ter*

244 1530 268 1541 rae
278 1528 339 1541 sanetae
349 1525 410 1541 cultum
424 1528 502 1541 emanatas
516 1526 617 1542 confirmave-

244 1551 271 1568 rat,
282 1551 298 1564 et
309 1549 361 1565 denuo
371 1551 475 1569 praeceperat,
486 1551 504 1565 ut
515 1550 616 1569 Palriarclaae,

244 1572 356 1592 Archiepisoopi
366 1575 382 1588 et
392 1572 464 1592 Episcopi
474 1573 490 1588 in
502 1573 577 1589 relatione
586 1575 616 1589 sta*

244 1598 289 1612 tuum
298 1596 398 1612 eeclesiarum
409 1600 480 1615 suarum,
492 1597 554 1617 quaudo
565 1597 616 1613 visita-

644 283 679 296 rent
686 281 738 297 limina
745 282 859 302 Apostolorum,
867 281 933 297 iacienda
940 281 1018 297 referrent

643 309 659 320 se
671 305 751 324 praedictis
766 305 823 321 Urbani
838 305 957 325 praedecessoris
970 305 1018 321 literis

644 329 719 348 paruisse:
728 329 764 345 alias
771 330 817 345 etiam
824 329 880 348 literas,
887 330 918 349 pari
927 330 976 345 torma
982 330 1019 345 Bre-

644 353 673 371 vis,
684 353 708 368 die
722 357 749 368 xx.
761 354 822 372 augusti
837 357 925 369 nocui-iit.
938 354 1018 373 pontifica-

645 378 668 391 tus
676 377 699 392 sui
708 381 748 392 anno
756 377 808 396 tertio,
816 377 887 396 ediderit,
896 377 951 397 quibus
959 377 1018 392 eisdem

645 399 740 418 patriarchis,
752 400 873 420 Areliiepisropis
884 402 899 415 et
909 400 993 420 Episcopis,
1002 405 1018 415 ac

644 422 676 437 aliis
688 422 756 438 locorum
768 423 857 442 Ordinariis,
869 427 897 439 nec
905 427 936 438 non
945 423 1018 439 omnibus

644 447 659 460 et
670 446 736 464 singulis
746 447 838 465 quorumvis
847 447 925 465 ordinum,
934 451 1018 466 congrega-

645 469 705 484 tionum
716 471 731 484 et
742 469 850 485 institutorum
863 470 959 489 regularium
972 474 1018 490 geue-

644 492 701 508 raiibus
716 493 811 509 commiserit
824 496 839 509 et
854 494 956 512 mandaverit,
972 496 989 509 ut
1000 494 1018 509 ad

645 516 696 531 minus
709 518 774 536 quatuor
786 517 844 532 vicibus
855 517 924 536 quolibet
934 522 982 536 annu,
993 517 1018 532 ad-

644 542 701 555 ventus
711 540 768 555 scilicet
779 542 794 555 et
804 540 931 559 quadragesimae
944 541 1018 560 tempori-

644 563 677 581 bus,
686 567 713 582 per
721 563 764 579 verbi
772 564 798 579 Dei
807 564 916 583 praedicatores
924 566 954 580 tam
964 565 979 580 in
987 565 1018 580 suis

643 587 689 602 sacris
699 587 804 605 concionibus,
816 591 862 607 quam
872 587 888 603 in
896 588 977 607 quibusvis
985 588 1018 603 aliis

644 611 729 626 actionibus
739 613 754 626 et
765 610 871 626 functionibus
880 611 945 630 publicis
952 612 1018 627 necessi-

645 636 683 650 tates
694 636 743 650 terrae
758 636 820 649 sanctae
831 634 900 650 fidelium
915 635 973 654 populo
984 639 1018 655 pro-

644 658 680 677 poni
691 660 707 673 et
717 657 822 673 commendari
834 660 906 673 curarent
916 660 931 673 et
943 658 1017 674 iacerent.

645 682 665 696 Aa
675 682 739 701 insuper
750 683 766 696 ut
777 681 888 701 parochialium
898 684 967 697 rectores
977 684 993 697 et.
1003 687 1018 697 a-

644 705 699 720 liarum
710 704 809 720 eeclesiarum
820 705 952 720 administratores
968 710 1018 721 unum

644 732 672 744 sen
683 728 734 747 plures
742 728 783 743 viros
790 728 846 747 probos
853 728 871 743 ad
879 729 971 748 colligendas
979 730 1019 745 elee-

644 756 714 771 mosynas
726 752 814 767 huiusmodi
826 752 841 767 iu
851 756 906 768 eorum
914 753 982 768 ecclesiis
989 756 1019 769 sta-

645 776 682 791 tutis
690 776 785 795 temporibus
792 776 889 795 deputarent,
898 780 953 796 easque
960 777 982 792 sic
988 778 1018 793 col-

644 799 690 814 lectas
706 799 759 818 elapsis
774 798 850 814 adventus
866 801 881 815 et
892 800 1018 819 quadragesimae

645 822 740 842 temporibus
757 822 775 837 ad
793 823 862 842 proprios
879 823 968 839 Ordinarios
985 826 1019 840 tuto

646 846 728 861 transferre
736 846 816 865 deberent,
823 846 891 866 dictique
898 847 975 863 Ordinarii
982 852 1019 867 syn-

644 869 681 884 dicis
692 869 708 885 in
719 873 775 884 eorum
789 869 875 889 respective
885 870 981 886 dioecesibus
991 875 1019 891 per

645 893 766 908 commissarium
778 893 866 912 generalem
877 893 894 908 ad
905 893 933 909 hoc
941 894 1019 914 deputatis

645 916 729 935 traderent,
741 918 756 931 et
767 916 805 936 apud
816 920 843 931 eos
853 917 930 936 deponere
938 921 1018 937 curarent,

645 942 690 960 atque
697 942 785 959 satagerent
791 942 851 956 servata
859 941 875 956 in
883 941 947 961 reliquis
954 946 1019 957 suarum

645 964 715 983 priorum
729 964 810 979 literarum
826 964 874 979 forma
889 967 905 980 et
919 965 1019 984 dispositione

644 987 724 1007 apostoliea
739 987 772 1003 eins
787 988 877 1003 auctoritate
891 988 965 1008 voluerit,
977 993 1019 1008 prae-

644 1011 723 1030 scripserit
734 1013 749 1026 ει
760 1011 860 1026 ordinaverit.
869 1011 888 1027 Et
896 1016 946 1032 nuper
954 1016 982 1027 nos
991 1013 1019 1032 ipsi

644 1034 661 1049 ad
673 1034 785 1049 exsolvendum
800 1038 825 1049 aes
838 1034 912 1054 alienum,
924 1040 955 1055 quo
970 1036 1019 1055 piissi-

645 1061 688 1073 mum
696 1055 724 1073 hoo
732 1061 770 1077 opus
776 1057 854 1073 custodiae
861 1062 940 1074 sacrorum
948 1059 1019 1075 locorum

645 1083 695 1096 terrae
708 1083 769 1096 sanctae
785 1081 831 1097 nimis
845 1082 949 1101 premebatur,
960 1083 981 1098 ob
992 1083 1019 1098 tri—

645 1105 681 1120 buta
689 1109 697 1120 a
703 1105 763 1123 'rui-cis,
769 1105 860 1124 praesertim
868 1107 937 1125 tempore
943 1106 986 1125 belli,
992 1110 1019 1122 ex-

646 1130 668 1143 tra
684 1127 754 1143 ordinem
771 1128 827 1143 indicta
841 1130 857 1143 et
871 1131 921 1144 exacta
937 1129 1019 1149 religiosae

645 1151 752 1171 Hispaniarum
761 1151 811 1171 gentis
818 1152 897 1171 pietatem,
905 1157 944 1172 quae
951 1153 1019 1172 copiosas

645 1175 701 1190 obtulit
711 1175 729 1190 ad
740 1175 781 1190 nunc
792 1175 840 1190 finem
854 1175 966 1196 eleemosynas,
978 1176 1018 1192 exei-

645 1199 735 1215 taverimus,

665 1223 674 1241 ἓ
685 1222 700 1238 li.
712 1222 816 1238 Nihilominus
827 1223 867 1242 quia,
879 1223 1018 1244 siculaccepimus,

645 1249 667 1262 tot
678 1248 748 1266 peractae
758 1248 774 1261 et
785 1246 859 1266 repetitae
870 1247 970 1267 hortationes,
979 1248 1017 1267 quin

646 1271 676 1286 imo
687 1270 821 1290 praedecessorum
832 1272 921 1285 nostrorum
931 1273 1017 1290 praecepta,

645 1341 686 1360 ralis,
698 1340 763 1356 mininie
775 1341 861 1360 obtinuere,
870 1341 942 1361 quodque
950 1342 1019 1357 deterius

645 1367 673 1383 est,
686 1364 701 1380 in
712 1364 777 1379 dubium
789 1364 850 1380 videtur
861 1365 936 1384 revocari,
947 1369 967 1381 an
979 1365 1018 1381 elee-

645 1392 718 1407 mosynae
724 1392 751 1407 pro
758 1390 798 1403 terra
806 1390 857 1403 sancta
864 1389 950 1404 destinatae
958 1389 974 1404 iu
982 1389 1019 1404 alios

645 1412 677 1431 pios
688 1415 725 1427 usus
736 1411 828 1427 commutari
839 1414 904 1431 quoant;
916 1416 984 1432 cumque
996 1413 1019 1427 in-

645 1435 691 1450 terim
702 1434 765 1453 vigeant
779 1435 822 1450 solita
836 1435 916 1454 vectigalia
927 1437 942 1450 et
954 1435 1018 1454 tributa,

644 1460 690 1477 atque
701 1458 739 1473 aliae
750 1458 766 1473 in
774 1458 805 1473 dies
813 1460 899 1477 augeantur
907 1459 922 1473 in
931 1463 947 1474 oa
955 1459 1019 1478 regione

645 1481 750 1500 ecclesiarum,
761 1485 872 1501 sacrorumque
883 1482 992 1497 ministrorum
1003 1485 1018 1498 et

646 1505 774 1520 Cbristiiidelium
784 1505 865 1524 signanter
872 1509 933 1524 eorum,
939 1506 967 1525 qui
975 1506 1018 1521 latini

645 1528 713 1544 nominis
727 1530 770 1547 suuty
782 1532 834 1547 onera,
846 1529 866 1544 ita
878 1530 894 1544 ut
906 1529 1018 1548 quamplurimi

645 1552 681 1571 sint,
690 1552 745 1571 quibus
756 1552 776 1567 ob
783 1553 869 1567 extremam
877 1554 984 1572 paupertatem
992 1553 1019 1567 ali-

645 1577 697 1591 menta
708 1577 723 1590 et
734 1577 790 1593 vestes,
802 1577 819 1590 nt
833 1575 849 1590 in
860 1575 933 1591 catholica
943 1576 973 1591 side
984 1580 1019 1595 per-

633 1607 635 1609 -
644 1600 723 1618 sever-ent,
735 1599 832 1619 suppeditare
839 1601 914 1619 oporteat,
922 1604 974 1619 nequo
981 1604 1018 1615 vero

978 246 1008 263 235
1033 246 1060 261 An.
1067 247 1082 261 Ε.
1093 246 1128 261 1778

1044 1228 1095 1240 noum
1105 1230 1134 1241 me-

1028 1242 1134 1268 l'fflfi'ffiassssi

1027 1271 1089 1282 synai-nm
1100 1270 1134 1281 nutti-

807 1294 810 1296 ,
921 1294 923 1296 ,
1027 1282 1098 1295 genearum
1111 1286 1134 1297 pm

645 1294 705 1309 felicem
716 1293 774 1312 ubique
786 1295 852 1312 exitum,
864 1296 909 1320 prout
920 1298 991 1320 tn-spem
1002 1299 1018 1310 se
1027 1296 1134 1322 {iissrss‘issv'ss'gss}

645 1319 716 1333 erexerat
726 1319 776 1332 terrae
782 1319 843 1332 sanctae
849 1321 964 1333 conimissartus
971 1322 1019 1337 gene·
1027 1324 1060 1333 rum,
