4750 6980
324 507 378 566 An.
393 507 423 568 0.
444 511 514 566 1799

331 663 413 710 aanor
427 673 525 710 conces·

312 716 401 764 sionis.

525 1204 622 1266 ·iorte
653 1205 830 1280 incurrerit,
853 1205 944 1268 huius
976 1211 1098 1268 tantum
1126 1205 1170 1266 rei
1193 1206 1290 1280 gratia

322 2523 457 2578 derogatio
468 2531 525 2566 con-

312 2577 457 2623 trariorum.

533 4376 801 4454 quibuscumque.

564 503 623 576 aba
1065 489 1135 570 'tuh
1159 511 1250 570 acha.
1274 518 1314 569 nn
1336 519 1365 568 r.
1389 516 1419 569 r.
1443 516 1525 570 anns
1547 507 1568 568 l.
2126 495 2184 554 nn.
2199 501 2229 555 c.
2250 501 2310 556 1799

1386 657 1456 704 men
1478 649 1515 706 at
1538 641 1577 706 ab
1599 639 1728 705 aerario
1760 638 1847 721 rapio
1874 633 1987 702 eisdem
2018 635 2094 702 locis

1385 736 1449 814 piis
1463 736 1634 800 solvantur
1648 737 1781 816 fructus
1794 735 1897 798 trium
1913 735 1949 796 in
1962 732 2095 813 sinqala

1386 835 1517 891 centeno
1538 835 1569 890 ct
1590 845 1702 892 annac.
2356 824 2357 916 l

584 649 603 724 5
624 648 653 710 2.
677 645 739 710 Nos
753 646 851 725 igitur
865 645 983 710 dictum
999 655 1210 724 exponentem
1224 657 1290 722 spe·

543 741 669 804 cialibus
691 741 795 818 gratiis
810 748 841 802 et
855 741 1011 804 favoribus
1025 739 1170 819 prosequi
1186 739 1290 802 volen-

545 843 599 909 tes,
617 841 647 896 et
662 851 678 897 a
692 834 853 913 quibusvis
868 833 1209 908 excommunicationis,
1226 850 1291 896 sus·

544 927 699 1004 pensionis
720 934 750 988 et
772 927 943 1002 interdicti,
959 926 1088 1004 aliisque
1109 926 1291 988 ecclesiasti·

543 1020 585 1080 cis
614 1021 763 1092 censuris,
794 1020 958 1083 sententiis
987 1029 1018 1081 et
1045 1021 1152 1098 poenis
1181 1020 1290 1097 quovis

545 1113 634 1174 mado
656 1119 687 1173 et
708 1128 902 1192 quacumque
924 1115 961 1176 de
975 1129 1063 1175 causa
1080 1112 1158 1188 latis,
1174 1113 1199 1174 si
1215 1129 1290 1190 quas

1347 1011 1575 1082 venerabilibus
1592 1012 1740 1082 inminibus
1757 1009 1954 1090 Patriarchia,
1972 1011 2096 1079 danhie-

1388 1108 1528 1192 piacopie,
1546 1108 1714 1192 Episcopo,
1735 1125 1773 1174 ac
1796 1107 1914 1174 ditectio
1936 1105 2009 1174 liliis
2024 1123 2096 1172 cae·

1386 1203 1463 1269 ieris
1485 1202 1616 1269 locorum
1639 1201 1797 1269 ordinariis
1820 1216 1979 1284 raucorum
1999 1217 2036 1266 ac
2054 1201 2095 1266 in-

543 1298 737 1360 absolventes
767 1306 797 1360 ot
825 1297 999 1360 absolutum
1024 1298 1092 1360 lore
1118 1305 1289 1374 censentes,
1387 1294 1518 1362 salarum
1539 1301 1599 1362 lan
1628 1297 1705 1362 eitra
1732 1311 1818 1377 quam
1841 1294 1919 1360 ullra
1942 1309 2022 1360 mare
2044 1311 2094 1361 ca-

1388 1391 1506 1457 rissimo
1540 1391 1568 1457 in
1602 1389 1723 1456 chrisio
1753 1388 1817 1456 lilia
1850 1385 1955 1456 nostro
1986 1386 2095 1455 carolo

1388 1483 1596 1568 Hispaniarum
1621 1483 1683 1569 reni
1707 1484 1859 1551 catholico
1881 1483 2094 1562 subiectarum,

1484 1609 1511 1650 Ο

542 1391 816 1471 supplicationibus
827 1391 1004 1454 huiusmodi
1016 1391 1168 1472 inclinati,
1183 1391 1292 1454 irater-

544 1485 632 1547 nitati
657 1493 737 1559 tuce,
761 1491 806 1559 ut,
830 1484 975 1563 inspectis
997 1485 1140 1546 omnibus
1159 1486 1290 1548 circum-

544 1578 676 1653 stantiis,
698 1578 795 1639 ritum
817 1577 907 1640 officii
940 1577 1132 1639 exaltationis
1163 1579 1289 1641 Sanctae

545 1671 651 1734 Crucis
671 1687 726 1750 pro
748 1670 830 1732 clero
846 1669 992 1732 saeculari
1015 1678 1045 1731 et
1068 1672 1231 1750 utriusque
1246 1687 1291 1733 se·

545 1782 601 1828 xus
622 1764 756 1840 regulari
787 1763 924 1825 eiusdem
951 1763 1083 1825 civitatis
1110 1761 1290 1825 Limanaea

544 1859 628 1936 dupl.
653 1859 724 1920 mai.
747 1859 783 1920 ad
806 1857 878 1934 dup.
903 1857 952 1918 vel
974 1859 1126 1920 secundae
1153 1857 1204 1918 vel
1230 1858 1291 1934 pri-

545 1969 611 2014 mae
634 1953 727 2014 etiam
748 1951 849 2013 classis
871 1951 939 2012 sine
956 1957 1069 2025 octava,
1086 1959 1178 2028 prout
1194 1951 1290 2027 magis

545 2046 575 2106 in
605 2046 736 2107 Domino
766 2045 912 2122 expedire
943 2043 1136 2118 indicaveris,
1169 2043 1290 2106 elevare

545 2155 598 2218 pro
620 2146 672 2200 tua
687 2136 847 2216 prudentia
862 2145 893 2198 et
907 2137 1094 2199 conscientia
1109 2135 1290 2199 auctoritate

545 2238 646 2294 nostra
676 2231 838 2308 apostolica
867 2230 961 2308 passis
982 2237 1012 2291 et
1033 2231 1143 2304 valeas,
1167 2229 1290 2292 laculta-

545 2331 606 2387 tem
631 2333 738 2385 tenore
760 2323 971 2402 praesentium
993 2323 1161 2385 tribuimus
1182 2330 1213 2384 et
1235 2323 1291 2384 im·

1600 1669 1687 1738 Plus
1711 1671 1771 1738 ΡΡ.
1797 1671 1843 1739 vt.

1370 1817 1395 1838 ⁶
1429 1857 1626 1928 venerantes
1642 1860 1759 1928 vieriae
1778 1877 1815 1928 io
1835 1859 1935 1931 aiteio
1951 1858 2014 1938 rrtvv,

1381 1953 1509 2021 salutern
1532 1960 1564 2020 et
1585 1955 1785 2038 apostolicam
1809 1954 2058 2022 benedictionem.

1388 2147 1406 2222 5
1430 2145 1456 2205 l.
1479 2146 1603 2220 Quoties
1624 2145 1729 2206 animo
1757 2143 1939 2224 repetimus,
1963 2144 1995 2205 in
2018 2160 2096 2222 quae
2143 2159 2311 2204 prooemium.

1347 2234 1528 2298 difficillima
1550 2236 1715 2300 incidimus
1741 2244 1889 2314 tempora,
1913 2235 1996 2297 inter
2018 2236 2095 2313 ipsas

1349 2328 1574 2403 tribulationes,
1597 2347 1676 2408 qnae
1697 2329 1890 2392 invenerunt
1911 2344 1967 2390 nos
1988 2329 2093 2404 nimis,

584 2513 602 2588 5
623 2511 652 2573 3.
675 2511 744 2574 Non
762 2511 956 2573 obstantibus
970 2511 1246 2574 constitutionibus
1261 2517 1291 2572 et

544 2606 789 2670 ordinationibus
819 2604 1004 2682 apostolicis,
1030 2621 1087 2666 nec
1108 2620 1171 2666 non
1193 2605 1291 2667 dictae

542 2701 674 2764 civitatis
695 2699 787 2762 etiam
808 2699 994 2773 iuramento,
1011 2699 1247 2760 confirmatione
1261 2716 1290 2758 a·

543 2794 699 2872 postolica,
722 2791 773 2853 vel
794 2791 901 2870 quavis
921 2791 1068 2853 firmitate
1089 2791 1145 2852 alia
1167 2791 1290 2852 robora·

545 2891 582 2951 tis
602 2888 724 2950 statutis
745 2893 775 2946 at
803 2884 1095 2962 consuctudinibus3
1118 2883 1290 2963 privilegiis

543 2998 676 3061 quoque,
694 2979 822 3043 indultis
844 2987 874 3040 et
896 2978 993 3039 literis
1015 2977 1187 3055 apostolicis
1202 2995 1290 3055 supe·

1346 2524 1394 2577 set
1408 2531 1475 2591 nos,
1489 2521 1572 2578 certo
1587 2515 1805 2589 obrueremur,
1819 2515 1907 2577 nobis
1922 2515 2024 2578 visum
2036 2522 2092 2591 est,

1348 2609 1427 2670 haud
1449 2610 1696 2688 inopportunum
1717 2607 1794 2683 lore,
1809 2607 1834 2670 si
1849 2609 1991 2685 precibus
2005 2608 2094 2670 caris·

1347 2702 1419 2764 simi
1439 2701 1471 2763 in
1494 2703 1616 2765 Christo
1637 2700 1691 2762 filii
1708 2701 1804 2763 nostri
1821 2700 1922 2764 Caroli
1939 2701 2093 2780 Hispania-

1347 2811 1418 2858 rum
1441 2795 1521 2871 regis
1542 2794 1693 2867 catholici,
1716 2811 1750 2855 ac
1770 2793 1808 2855 de
1821 2793 1987 2856 christiana
2003 2811 2093 2873 repu-

1348 2889 1423 2952 blica
1446 2889 1562 2966 optime
1577 2887 1692 2963 meriti,
1709 2887 1798 2948 nobis
1813 2886 1974 2951 humiliter
1989 2903 2095 2965 porre-

1346 2986 1402 3048 ctis
1424 2983 1714 3047 obsecundaremus.

544 3075 676 3136 rioribus
690 3081 721 3135 et
735 3072 886 3151 personis,
902 3072 960 3133 sub
980 3071 1229 3150 quibuscumque
1246 3079 1289 3132 te-

543 3168 671 3230 noribus
686 3172 718 3227 et
732 3165 850 3238 formis,
867 3181 900 3226 ac
920 3178 993 3226 cum
1015 3164 1174 3241 quibusvis
1195 3163 1289 3224 etiam

541 3260 806 3338 derogatoriarum
833 3255 1047 3332 derogatoriis,
1076 3256 1205 3333 aliisque
1225 3255 1289 3317 elli-

542 3353 719 3427 cacioribus,
751 3350 965 3414 efficacissimis
996 3365 1029 3412 ac
1050 3349 1185 3412 insolitis
1210 3348 1287 3413 clau-

542 3449 628 3523 sulis,
657 3445 916 3521 irritantibusque
942 3449 973 3504 et
1001 3442 1067 3504 aliis
1097 3443 1228 3504 decretis
1257 3443 1289 3506 in

542 3555 657 3618 genere
674 3538 724 3601 vel
746 3539 778 3599 in
793 3537 905 3614 specie,
921 3553 954 3597 ac
968 3535 1034 3597 aliis
1048 3537 1081 3597 in
1097 3535 1289 3599 contrarium

1386 3079 1405 3152 5
1426 3079 1454 3141 2.
1479 3078 1572 3141 Nobis
1593 3076 1746 3155 siquidem
1769 3076 1907 3138 eiusdem
1930 3076 2032 3139 Caroli
2046 3093 2096 3138 re·
2127 3092 2259 3149 expositio
2274 3103 2320 3158 pre

1348 3172 1393 3248 gis
1414 3172 1555 3234 catholici
1578 3169 1704 3234 nomine
1727 3169 1901 3248 expositum
1918 3167 1989 3244 luit,
2013 3171 2095 3248 quod
2113 3150 2321 3247 ξὲξιώςςῖζῃῖῗω
2364 3170 2365 3230 3

1347 3281 1417 3328 cum
1439 3265 1578 3328 debiturn
1594 3265 1754 3342 publicum
1769 3265 1843 3328 adeo
1859 3264 2044 3339 excreverit,
2061 3274 2096 3327 ut

1348 3359 1497 3420 immensa
1525 3359 1588 3420 sint
1616 3358 1811 3437 pertimenda
1838 3359 1949 3420 damna
1971 3357 2003 3420 in
2024 3373 2096 3420 suos

1347 3452 1495 3526 subditos,
1519 3453 1599 3530 quod
1622 3453 1687 3530 ipse
1700 3459 1823 3513 maturo
1840 3452 2036 3514 considerans
2051 3451 2096 3512 nil

1347 3545 1552 3622 opportunius
1568 3545 1650 3607 inter
1664 3553 1782 3606 caetera
1798 3545 1935 3607 remedia
1950 3543 2095 3608 loturum

543 3633 782 3714 praemissorum
804 3628 1033 3708 quomodolibet
1054 3631 1219 3706 concessis,
1239 3646 1290 3708 ap-

543 3727 676 3804 probatis
703 3733 734 3786 et
755 3722 920 3785 innovatis.
952 3722 1069 3796 Quibus
1090 3723 1237 3785 omnibus
1259 3731 1290 3784 et

541 3818 673 3895 singulis
694 3816 822 3878 illorum
845 3824 968 3877 tenores
997 3815 1210 3892 praesentibus
1235 3831 1290 3893 pro

542 3911 633 3990 plene
649 3917 679 3971 et
694 3907 885 3970 sufficienter
907 3905 1069 3984 expressis,
1092 3923 1126 3968 ac
1142 3906 1181 3968 de
1196 3909 1291 3970 verbo

543 4003 726 4066 adverbum
748 4000 874 4063 insertis
895 3999 1055 4074 habentes,
1079 3998 1140 4061 illis
1161 4000 1234 4062 alias
1256 4002 1288 4063 in

542 4113 598 4157 suo
618 4095 729 4157 robore
750 4091 971 4173 permansuris,
992 4091 1027 4153 ad
1050 4093 1290 4171 praemissorum

542 4189 700 4262 ellectum,
717 4187 772 4248 hac
790 4187 858 4247 vice
879 4187 1049 4260 dumtaxat,
1065 4185 1239 4263 specialiter
1260 4195 1291 4249 et

543 4297 688 4360 expresse
708 4281 903 4357 derogamus,
919 4279 1111 4357 caeterisque
1129 4279 1292 4341 contrariis

1348 3639 1413 3700 iore
1441 3638 1541 3710 duxit,
1563 3653 1657 3715 quam
1684 3637 1721 3712 si,
1745 3638 1879 3700 venditis
1901 3655 1934 3700 ac
1956 3638 2095 3701 alienatis

1348 3732 1451 3796 lundis
1481 3749 1514 3794 ac
1545 3731 1633 3794 bonis
1653 3729 1689 3792 ad
1721 3731 1913 3805 nosocomia,
1945 3731 2093 3811 hospitia,

1350 3825 1598 3906 brephotrophia,
1617 3823 1897 3900 conhaternitales,
1913 3833 2095 3904 caeteraque

1348 3936 1438 3998 opera
1468 3921 1517 4000 pia
1547 3937 1580 3982 ac
1610 3919 1851 3998 iuripatronatus
1882 3919 2008 3994 laicalia,
2038 3935 2095 3981 nec

1348 4029 1412 4075 xxon
1434 4012 1468 4074 ad
1490 4014 1692 4092 cappellanias
1713 4012 1868 4075 collativas
1894 4010 2027 4090 aliasque
2047 4027 2095 4076 ec·

1348 4106 1528 4169 clesiasticas
1555 4104 1752 4168 fundationes
1777 4103 1887 4167 similis
1917 4104 2095 4183 iurispatro-

1349 4207 1440 4261 natus
1461 4199 1555 4261 etiam
1573 4197 1766 4261 ecclesiastici
1781 4197 2013 4276 quomodolibet
2027 4213 2098 4276 per-

1348 4291 1520 4356 tinentibus
1541 4299 1572 4353 et
1592 4292 1808 4370 spectantibus
1824 4307 1858 4353 ac
1878 4292 1962 4354 inter
1982 4292 2096 4355 limites

1347 4403 1419 4449 suae
1430 4385 1555 4450 ditionis
1567 4384 1949 4460 consistentibuS,illorum
1960 4386 2096 4464 pretium

583 4469 696 4532 91111111
717 4463 1292 4567 1111111110111111111111011111111110111·
1318 4442 1321 4523 ¹
1349 4481 1381 4542 in
1396 4479 1609 4543 dimissionem
1627 4486 1720 4557 atque
1740 4479 1965 4541 extinctionem
1981 4479 2095 4557 publici

543 4558 1078 4622 1110111111(111111111111101111111111111
1107 4560 1291 4621 1106111111·
1348 4573 1426 4636 aeris
1447 4572 1540 4636 alieni
1571 4572 1748 4635 huiusmodi
1780 4579 1937 4648 erogetur,
1961 4571 2095 4648 pollicita

544 4652 648 4716 vitatis
677 4651 877 4714 Florentinae
905 4649 964 4711 sub
989 4650 1106 4712 annulo
1134 4651 1291 4728 piscatoris
1350 4667 1475 4728 interim
1496 4663 1667 4728 fundorum
1688 4681 1720 4726 ἃς
1742 4664 1897 4728 honorum
1918 4665 2095 4728 hujusmodi

543 4747 702 4828 (1111111111
717 4745 1291 4824 111111111111131111011111181111511110
1349 4759 1571 4839 possessoribus
1601 4759 1764 4837 quadranti
1794 4775 1887 4821 usura
1909 4758 1953 4821 eis
1973 4775 2028 4838 per
2049 4775 2096 4820 rc·

544 4840 745 4918 1101118131Μο
768 4853 862 4914 nono,
885 4839 1291 4916 101111111111108111111110
1349 4854 1435 4930 glum
1456 4851 1609 4915 aerarium
1634 4851 1791 4914 solvenda.
1814 4851 1900 4926 Quod
1922 4851 2048 4932 quidem
2069 4853 2094 4914 si

543 4934 695 5012 1181311110
716 4933 835 5012 quissib
1348 4963 1364 5006 a
1385 4945 1473 5008 nobis
1494 4945 1523 5006 ei
1544 4945 1740 5019 concedatur,
1757 4944 1874 5007 nedum
1890 4945 1923 5006 in
1945 4945 2097 5024 praeiudi·

1349 5040 1443 5115 cium,
1475 5037 1528 5100 sed
1555 5038 1589 5098 in
1611 5035 1806 5100 manifestam
1835 5037 2017 5100 corumdem
2045 5039 2098 5101 bo-

1348 5147 1460 5195 norum
1481 5131 1605 5208 piorum
1631 5147 1664 5190 ac
1685 5129 1902 5194 fundationum
1929 5131 2096 5194 utilitatem

1348 5232 1560 5288 convertetur.
1574 5221 1668 5284 Nobis
1678 5231 1840 5303 propterea
1853 5224 2014 5286 humiliter
2023 5240 2095 5302 sup·

841 5311 989 5378 cxxxii.
1348 5318 1452 5396 plicari
1463 5316 1548 5393 iecit,
1561 5324 1596 5379 ut
1610 5317 1643 5378 in
1656 5317 1831 5394 praemissis
1842 5323 2016 5396 opportune
2026 5333 2095 5395 pro·

1349 5411 1463 5486 videre,
1487 5417 1517 5471 et
1540 5419 1575 5472 ut
1596 5410 1675 5472 inira
1702 5410 1868 5488 indulgere
1893 5413 1931 5474 dc
1952 5410 2096 5488 benigni·

544 5501 698 5567 uacuatos
721 5499 886 5582 episcopis
908 5502 1142 5580 Hispaniarum
1157 5507 1187 5563 ct
1202 5505 1291 5566 Ante·
1348 5512 1409 5566 tate
1431 5504 1592 5582 apostolica
1613 5503 1827 5581 dignaremur.

583 5597 680 5666 ricco,
698 5603 736 5658 at
758 5595 800 5658 ad
815 5595 1044 5658 dimittendam
1057 5594 1225 5674 publicum
1240 5595 1292 5657 dc·
1388 5599 1406 5675 5
1427 5597 1456 5659 3.
1482 5595 1544 5660 Nos
1564 5597 1661 5675 igitur
1681 5597 1821 5660 eiusdem
1836 5597 1937 5660 Caroli
1952 5596 2033 5676 regis
2047 5617 2097 5662 ca·
2135 5621 2217 5668 aanor
2231 5629 2319 5668 eones-

582 5688 687 5752 bitum
719 5691 887 5751 convenire
913 5691 1036 5768 possint
1059 5691 1095 5752 in
1120 5689 1292 5753 alienatio-
1348 5691 1453 5752 tholici
1474 5691 1565 5767 votis,
1588 5698 1740 5769 quantum
1769 5707 1839 5753 cum
1870 5691 2001 5754 Domino
2030 5709 2098 5771 pos·
2116 5675 2204 5722 Μ·

583 5799 652 5844 neor
684 5781 839 5845 boooraat
867 5785 907 5846 ad
928 5784 1118 5854 nosocomio,
1149 5783 1290 5860 hospitia
1346 5801 1467 5861 sumus,
1492 5800 1645 5861 annuere,
1668 5800 1804 5862 eumque
1824 5800 1841 5845 a
1862 5786 2022 5864 quibusvis
2044 5803 2095 5849 ex·

583 5875 713 5956 altaque
742 5877 811 5939 laco
831 5877 886 5954 pia
917 5877 1146 5956 spectantium,
1172 5875 1219 5939 ito
1243 5882 1290 5938 ta·
1346 5877 1647 5954 communicationis,
1657 5877 1871 5958 suspensionis
1882 5886 1912 5941 et
1927 5879 2095 5960 interdicti,

543 2417 705 2496 pertimur.
1348 2423 1515 2500 atquibus,
1532 2423 1591 2484 nisi
1614 2423 1710 2498 gratia
1731 2423 1799 2484 lesu
1821 2422 1937 2485 Christi
1957 2421 2095 2484 adiuras-
