4754 6966
323 526 512 584 An.0.1aoo

565 531 622 594 teo

544 669 661 731 taribus
675 671 881 748 portatilibus,
898 674 929 734 in
947 673 1012 735 loco
1034 681 1136 734 tamen
1153 668 1287 745 decenti,
1345 675 1487 731 testatem
1499 673 1661 748 apostolica
1677 675 1871 748 auctoritate,
1885 680 1994 736 tenore
2005 689 2091 752 prae·

544 762 733 841 ubicumque
760 782 822 826 oon
851 774 896 828 est
924 766 1123 828 commoditas
1149 761 1288 824 ecelesia-

543 873 626 932 rum,
643 865 674 918 et
691 858 720 919 in
744 877 814 922 casu
836 861 1025 922 necessitatis
1048 866 1181 932 tantum,
1194 858 1286 919 etiam

1066 552 1131 596 lUR.
1155 551 1246 595 PON'l'·
1270 549 1310 593 DE
1332 549 1360 592 P·
1386 551 1414 595 Β.
1438 552 1520 597 exus
1543 554 1562 596 Ι.

1344 764 1493 838 sentium,
1516 766 1682 829 tribuimus
1704 774 1734 828 et
1757 768 1966 846 impertimur.

1383 857 1402 932 ἓ
1425 858 1452 918 7.
1476 859 1578 922 Missas
1599 878 1725 950 quoqne
1746 877 1800 939 per
1822 864 1929 922 horam
1944 869 2016 923 ante
2037 876 2089 921 au-

2121 531 2356 590 noo.1766

2130 872 2283 918 indultum
2316 879 2372 918 rea

2108 927 2206 972 citandi
2232 926 2372 972 missas¹

543 965 598 1028 per
620 951 727 1014 horam
746 961 817 1016 ante
838 954 940 1016 lucem
957 953 1006 1014 rel
1027 954 1119 1014 etiam
1142 961 1209 1031 post
1225 968 1287 1013 me·
1345 967 1445 1012 reram
1469 952 1525 1030 ipsi
1546 963 1648 1031 patros
1665 955 1825 1018 Societatis
1847 956 2001 1018 celebrare
2022 971 2289 1036 1³⁰⁸·uooxo0tper
2302 978 2367 1022 no-

1343 1043 1416 1118 Sissh
1433 1051 1464 1105 Pl
1485 1063 1555 1107 cum
1577 1048 1641 1108 suls
1663 1049 1856 1124 regularibus
1877 1057 1912 1111 ut
1934 1050 1969 1111 ad
1990 1065 2090 1110 saeros
2108 1044 2164 1078 ‘³¹¹¹
2177 1038 2240 1080 ³¹¹¹=⁰
2250 1043 2366 1079 ³⁰¹⁰·

544 1045 655 1107 ridiem
681 1048 713 1108 in
742 1045 857 1110 eisdem
888 1049 1081 1124 regionibus,
1108 1064 1180 1110 eum
1212 1063 1288 1125 opus

544 1140 649 1214 luerit,
671 1142 842 1220 celebrare3
866 1159 990 1206 necnon
1012 1143 1044 1204 in
1073 1143 1199 1216 blaluco,
1223 1142 1288 1220 lnp-

544 1249 635 1310 pone,
649 1243 679 1296 ot
700 1235 766 1296 aliis
788 1235 908 1310 insutis,
927 1243 1093 1310 terrarum,
1116 1233 1288 1314 provincia-

544 1343 627 1403 rum,
650 1337 681 1389 et
702 1329 839 1390 locorum
861 1331 1070 1408 praelatorum
1092 1329 1239 1408 partibus,
1258 1332 1289 1387 et

545 1421 617 1482 locis
632 1439 646 1480 a
662 1422 774 1500 quibos
796 1423 885 1484 valde
906 1425 1017 1486 remoti
1040 1430 1114 1485 sunt
1136 1422 1288 1500 Episcopi,

443 1555 452 1574 .
544 1513 619 1574 oleis
640 1516 752 1576 sanctis
774 1531 828 1594 per
849 1518 935 1591 duos,
966 1517 1110 1591 veltres,
1134 1523 1186 1578 ant
1214 1532 1288 1593 qua-

341 2659 474 2704 'l'ribuitur
492 2660 528 2705 le·

316 2711 528 2769 cmmsfflwffl-

316 2766 529 2812 sandiarotoca-

316 2819 412 2866 stltatis
437 2820 463 2865 in
488 2820 528 2865 lo-

317 2885 345 2919 re
364 2877 451 2935 tamen
471 2884 529 2919 con-

316 2927 444 2974 scientiae.

545 1614 616 1668 tuor
637 1625 735 1670 annos
746 1619 818 1672 ante
839 1611 1032 1686 consecratis,
1049 1611 1146 1672 libere
1163 1611 1207 1671 uti
1223 1625 1290 1688 pos-

544 1703 617 1764 sint.
642 1702 780 1776 Necnon,
806 1712 839 1766 ut
867 1706 1055 1783 quicumque
1081 1722 1119 1765 cx
1149 1704 1290 1782 praelatis

545 1797 732 1875 presbyteris
753 1801 907 1862 societatis
927 1802 1078 1879 praelatae
1101 1808 1225 1861 tanturn
1245 1817 1291 1859 sa-

544 1899 736 1953 crosanctum
754 1893 863 1955 missae
873 1895 1058 1956 sacrificium
1070 1894 1288 1956 deiunctorum

545 2000 601 2061 pro
623 1985 782 2047 animabus
810 1987 1076 2060 olnistihdelium,
1100 1988 1152 2064 qui
1175 2003 1212 2047 ex
1234 1987 1290 2046 hac

546 2078 608 2138 rita
631 2079 662 2139 in
684 2079 810 2141 caritate
832 2081 954 2144 Christo
977 2080 1133 2142 coniuncti
1156 2080 1290 2140 decesse-

546 2178 637 2245 runt,
661 2173 692 2234 iu
714 2173 845 2250 singulis
873 2175 1008 2236 ecclesiis
1036 2173 1193 2236 Societatis
1223 2175 1290 2235 lesu

546 2265 581 2326 ad
605 2281 705 2326 unum
726 2267 851 2330 illorum
873 2271 1068 2348 superiorum
1096 2269 1224 2330 arbitrio
1244 2283 1290 2328 se-

547 2359 608 2420 mel
630 2360 839 2439 deputandum
863 2364 958 2428 altare
980 2364 1216 2436 celebraverint,
1236 2379 1291 2440 per

548 2456 674 2516 modum
695 2457 845 2532 sullragii,
869 2463 903 2519 ut
924 2457 1152 2535 snp1·a,iisdem
1174 2456 1290 2518 arrima-

548 2549 603 2611 bns
625 2551 751 2627 possint.

587 2646 605 2720 ἓ
625 2646 654 2706 ii.
678 2645 835 2708 Postremo
852 2647 957 2709 iisdem
975 2648 1160 2726 presbyteris
1175 2663 1190 2707 a
1208 2663 1291 2726 prae-

548 2739 645 2815 posito
666 2740 801 2816 generali
823 2757 861 2802 ex
883 2744 961 2805 dicta
977 2741 1127 2804 Societate
1142 2741 1290 2818 deputan-

547 2833 604 2908 dis,
628 2842 663 2895 ut
685 2839 716 2895 in
739 2837 882 2914 praelatis
903 2837 1098 2912 regionibns
1123 2833 1292 2913 provinciis

548 2937 579 2989 et
606 2928 695 3004 locis,
724 2930 756 2991 in
787 2931 897 3008 quihus
925 2930 1070 2992 similiter
1092 2930 1197 2992 lideles
1219 2945 1291 2990 cum

549 3022 726 3084 infidelibus
744 3025 867 3098 vivunt,
882 3031 912 3084 et
928 3041 990 3086 non
1004 3026 1114 3086 adsunt
1125 3022 1289 3096 Orilinarii,

548 3117 601 3194 qui
624 3117 803 3178 huiusmodi
821 3117 999 3180 laenitatem
1022 3118 1164 3190 habeant,
1181 3116 1234 3194 qui
1249 3115 1293 3176 di-

548 3217 631 3273 stant
647 3211 727 3272 ultra
746 3213 819 3273 duas
836 3213 944 3286 dietas,
957 3227 1028 3273 cum
1044 3211 1198 3289 neophitis
1213 3210 1292 3270 aliis-

548 3322 608 3384 que
630 3305 664 3366 ad
688 3305 781 3367 sidem
798 3308 940 3381 redactis,
956 3322 994 3368 ex
1016 3304 1191 3368 rationabili
1205 3321 1292 3366 causa

548 3407 580 3460 et
595 3399 731 3476 legitima
746 3415 840 3478 super
852 3408 924 3461 voto
935 3399 1080 3461 eastitatis
1095 3398 1172 3479 (non
1190 3407 1292 3460 tamen

548 3494 693 3574 solemni)
716 3493 948 3573 quomodolibet
973 3495 1067 3556 etiam
1095 3509 1150 3572 per
1176 3493 1293 3555 ordinis

548 3587 625 3649 sacri
646 3588 886 3666 susceptionem,
910 3587 960 3650 vel
982 3588 1178 3667 prolessionis
1200 3602 1291 3663 regu·

550 3681 622 3742 laris
644 3682 676 3744 in
698 3681 885 3758 religionem
900 3698 954 3759 per
968 3679 1073 3743 sedem
1096 3681 1292 3760 apostolicam

549 3776 712 3854 approbata
744 3776 955 3849 emissionem,
981 3773 1058 3836 lacto
1085 3774 1294 3852 dispensandi,

551 3871 643 3945 gratis
666 3878 782 3943 tamen,
805 3876 836 3930 et
857 3871 890 3931 in
912 3871 979 3931 loro
1003 3867 1208 3932 conscientiae
1230 3877 1296 3931 tan-

551 3970 634 4040 tum;
664 3981 696 4024 ao
722 3980 816 4043 super
844 3964 933 4025 bonis
959 3964 1038 4025 male
1066 3963 1232 4040 acquisitis,
1259 3961 1293 4021 ad

551 4073 629 4134 tynae
645 4057 836 4118 restituenda
858 4057 915 4135 ipsi
930 4057 1079 4136 neophyti
1097 4063 1127 4117 et
1142 4057 1193 4117 alii
1210 4046 1295 4134 prae-

551 4149 603 4211 lati
616 4145 743 4212 incertis
751 4151 891 4227 personis
902 4150 1029 4225 obligati
1042 4151 1294 4224 extiterint,cum

551 4243 596 4305 eis
617 4243 652 4304 ad
675 4259 765 4322 opera
788 4243 835 4322 pia
857 4245 1080 4320 componendi,
1104 4243 1165 4317 vel,
1191 4243 1217 4304 si
1240 4243 1294 4321 ipsi

551 4335 740 4412 indigerent,
763 4339 795 4398 in
817 4346 881 4399 toto
903 4337 953 4398 vel
976 4338 1007 4398 in
1029 4345 1115 4415 parte
1135 4337 1298 4398 remitten-

552 4431 598 4507 ὥς
623 4446 743 4491 necnon
765 4447 837 4492 cum
861 4433 942 4494 lndis
956 4431 988 4493 in
1004 4431 1069 4492 loro
1091 4431 1297 4492 conscientiae

555 4530 688 4598 tantum,
705 4531 736 4586 et
751 4541 823 4586 cum
838 4525 1002 4603 neophytis
1020 4525 1052 4586 in
1069 4533 1202 4602 utroque
1217 4525 1294 4599 loro,

552 4633 646 4694 snper
667 4618 803 4693 ieiuniis,
826 4619 920 4696 gratis
943 4627 1059 4692 tamen,
1082 4617 1295 4695 dispensandi3

553 4727 674 4774 necnon
689 4713 726 4773 ab
740 4727 835 4773 onere
849 4713 1007 4790 petitionis
1023 4713 1116 4774 debiti
1139 4713 1298 4773 matrimo-

555 4807 655 4881 nialis,
678 4805 800 4884 quando
821 4822 884 4867 non
906 4815 985 4868 esset
1011 4807 1131 4870 licitum
1155 4806 1230 4868 illud
1253 4823 1298 4867 ra-

554 4901 639 4968 tione
650 4901 713 4961 voti
728 4898 873 4961 castitatis
884 4899 934 4960 rel
949 4901 1005 4961 alia
1022 4901 1195 4962 rationabili
1211 4917 1299 4963 causa

555 5001 672 5073 pretore,
696 4994 727 5056 in
742 4993 809 5054 loro
824 4994 1029 5054 conscientiae
1051 5002 1173 5055 tantum
1186 5001 1217 5054 et
1232 5009 1297 5069 gra·

556 5089 595 5149 tis
616 5087 778 5161 liberandi,
807 5085 1025 5166 licentiamque
1053 5084 1176 5162 legendi
1205 5086 1299 5147 libros

555 5180 729 5242 inlldelium
758 5198 791 5243 ac
813 5181 1056 5257 haereticorum,
1080 5196 1201 5242 necnon
1224 5197 1300 5258 quo-

555 5289 764 5352 rumcumque
785 5273 929 5348 aliorum,
945 5280 1008 5335 tam
1031 5274 1061 5334 in
1077 5274 1179 5336 indice
1201 5289 1299 5334 roma-

556 5385 608 5442 no,
631 5385 725 5446 qnam
746 5368 819 5428 alias
833 5366 1064 5445 quomodolibet
1085 5368 1254 5446 prohibitos
1268 5374 1301 5428 et

556 5465 727 5536 damnatos,
746 5462 781 5523 ad
803 5461 899 5522 linem
922 5469 952 5521 et
973 5461 1120 5522 ellectum
1142 5461 1302 5523 dumtaxat

557 5557 734 5618 huiusmodi
757 5555 862 5631 libros,
891 5555 938 5615 vel
964 5555 1116 5630 haereses,
1145 5556 1193 5616 vel
1219 5572 1303 5617 erro-

558 5669 606 5713 res
629 5651 660 5712 in
683 5651 726 5712 eis
748 5659 921 5725 contentos,
940 5651 1133 5724 conlocandi,
1150 5648 1186 5710 ad
1209 5650 1301 5710 breve

560 5745 705 5822 templus,
718 5745 768 5806 vel
784 5761 945 5823 quousque
956 5743 1134 5806 huiusmodi
1151 5743 1301 5803 librorum

557 5838 818 5902 conlocandorum
830 5840 920 5900 lectio
936 5839 1104 5900 necessaria
1116 5837 1222 5911 luerit,
1235 5852 1302 5913 per-

558 5935 641 5996 sonis
663 5935 764 6011 dignis
786 5933 986 6008 concedendi,
1010 5932 1184 5993 laenitatem
1200 5937 1231 5992 et
1253 5947 1304 6008 po-

1342 1137 1436 1198 etiam
1450 1139 1678 1216 presbyteratus
1688 1142 1812 1203 ordines
1823 1158 1876 1220 per
1886 1156 2006 1203 annum
2018 1148 2090 1203 ante

1345 1230 1515 1306 legitimam
1538 1245 1669 1298 aetatem
1690 1236 1868 1312 promoveri
1885 1235 2013 1313 possint,
2029 1235 2088 1295 dis-

1345 1341 1473 1402 pensare
1495 1327 1629 1404 valeant,
1652 1329 1798 1391 similiter
1819 1329 2026 1390 concedimus,
2051 1330 2089 1390 nt

1345 1418 1472 1498 insuper
1499 1422 1570 1499 quia
1598 1440 1613 1483 a
1643 1423 1806 1486 nonnullis
1833 1422 2009 1484 dubitatum
2034 1439 2089 1484 seu

1345 1514 1528 1576 haesitatum
1550 1514 1621 1591 luit,
1645 1533 1683 1578 an
1706 1533 1815 1578 omnes
1839 1517 2004 1594 indigenae
2025 1516 2090 1577 illa·

1346 1623 1417 1668 rum
1447 1610 1613 1685 regionum
1645 1612 1770 1674 oriundi
1799 1621 1829 1673 et
1861 1610 2029 1684 naturales,
2059 1617 2089 1671 et

1345 1702 1585 1766 christianorum
1607 1705 1827 1782 indigenarum
1842 1705 1936 1766 otiam
1958 1704 2089 1782 baptiza·

1347 1803 1450 1856 torum
1472 1797 1538 1872 lilii,
1555 1799 1648 1860 etiam
1665 1800 1696 1859 in
1712 1815 1820 1861 cornui
1843 1797 1971 1859 inlanlia
1993 1797 2088 1875 bapti·

1346 1888 1417 1964 zati,
1430 1889 1499 1950 iure
1513 1891 1661 1969 neophyti
1676 1890 1821 1969 appellari
1838 1889 1965 1969 possint,
1978 1888 2089 1952 idcirco

1347 1990 1455 2044 tenore
1469 1986 1649 2046 earumdem
1668 1986 1879 2060 praesentium
1894 1984 2089 2046 decernimus

1344 2081 1375 2137 et
1395 2077 1601 2150 declaramuS,
1629 2095 1737 2140 onrnes
1760 2079 1906 2141 oriundos
1926 2094 1981 2140 seu
2002 2084 2089 2138 natu·

1346 2169 1424 2230 rales
1445 2171 1691 2249 supradictarum
1712 2173 1853 2234 omnium
1871 2179 1934 2233 tam
1956 2171 2089 2233 orienta-

1346 2263 1423 2324 lium
1455 2281 1548 2343 quam
1579 2266 1815 2328 occidentalium
1847 2266 1993 2342 partium,
2027 2265 2089 2326 imo

1345 2359 1464 2419 etiamsi
1494 2359 1649 2438 hetliiopi
1678 2359 1846 2435 hxrgulani,
1870 2359 1918 2421 vel
1944 2373 2089 2436 quarum·

1346 2452 1391 2512 ris
1422 2452 1552 2514 aliarum
1589 2454 1868 2514 transmarinarum
1901 2455 2087 2529 regionum,

1345 2547 1465 2606 etiamsi
1494 2547 1734 2609 clnistianorom
1764 2548 1832 2621 otii,
1855 2555 1885 2609 et
1909 2549 1940 2608 in
1962 2546 2090 2608 inlantia

1347 2640 1502 2718 baptizoti,
1525 2639 1575 2700 vel
1597 2641 1691 2700 etiam
1710 2641 1792 2701 inter
1806 2657 1851 2715 se,
1875 2641 1923 2701 vel
1945 2657 2017 2702 cum
2038 2657 2091 2701 eu·

1346 2733 1464 2808 ropaeis
1480 2733 1603 2794 mixtim
1619 2734 1773 2810 progeniti
1788 2734 1861 2807 sint,
1873 2734 1907 2794 ad
1924 2734 2092 2795 concessio·

1347 2831 1395 2891 nis
1416 2829 1567 2890 eiusmodi
1589 2830 1735 2890 ellectum
1756 2845 1821 2890 esse
1842 2838 1872 2891 et
1894 2829 2026 2905 intelligi
2042 2829 2092 2890 de-

1347 2924 1419 2984 bere
1441 2923 1623 3000 neophytos;
1639 2922 1798 3000 dictosque
1813 2923 2005 3000 presbyteros
2020 2935 2092 2982 com

1348 3017 1537 3090 huiusmodi,
1550 3021 1585 3078 ut
1599 3015 1649 3077 rel
1664 3016 1862 3078 matrimonio
1877 3016 2027 3092 coniungi
2042 3015 2091 3076 rel

1348 3109 1380 3171 in
1403 3111 1463 3170 iam
1490 3117 1646 3172 contracto
1675 3125 1837 3170 remanere
1867 3110 2003 3188 possint,
2026 3109 2091 3170 sire

1347 3218 1457 3262 eornm
1486 3203 1564 3263 alter
1593 3210 1727 3276 tantum,
1748 3202 1815 3263 sire
1836 3203 1930 3263 etiam
1959 3207 2092 3280 uterque

1349 3296 1419 3359 inde
1441 3297 1603 3378 oriundus,
1626 3313 1660 3357 ac
1681 3295 1806 3373 proprie
1831 3296 1976 3372 indigena
1997 3295 2038 3356 sit
2059 3295 2091 3357 in

1349 3392 1434 3465 locis,
1456 3399 1488 3452 et
1509 3390 1593 3465 alias,
1616 3399 1652 3451 ut
1672 3405 1774 3467 supra,
1791 3389 1823 3450 in
1846 3390 2092 3468 quibuscumque

1348 3483 1624 3560 consanguinitatis
1656 3483 1705 3544 rel
1737 3484 1894 3544 affinitatis
1926 3483 2091 3560 gradibus,

1349 3587 1507 3656 utsupra,
1531 3592 1594 3638 non
1617 3577 1764 3655 exceptis,
1787 3577 1882 3653 gratis
1909 3584 2012 3638 tamen
2033 3576 2092 3638 dis-

1349 3688 1478 3750 pensare
1499 3686 1586 3750 posse
1608 3671 1805 3733 concedimus
1827 3677 1858 3731 et
1881 3671 2089 3747 indulgemus.

1348 3765 1428 3839 Quin
1456 3765 1561 3839 etiam,
1590 3763 1660 3842 quia
1689 3765 1726 3826 de
1757 3763 1881 3825 mixtim
1909 3764 2092 3841 progenitis,

1349 3875 1426 3937 quos
1452 3857 1568 3919 mixtos
1597 3866 1723 3930 vocant,
1746 3858 1845 3918 maius
1870 3858 2002 3919 dubium
2029 3873 2094 3918 esse

1349 3951 1540 4029 accepimns,
1569 3967 1642 4012 cum
1671 3950 1789 4011 eisdem
1815 3951 1931 4025 mixtis,
1958 3967 2034 4028 qnos
2056 3950 2095 4010 si-

1350 4045 1467 4107 militer
1488 4047 1524 4105 ad
1547 4045 1630 4106 liuns
1658 4043 1803 4105 ellectum
1830 4045 2000 4123 neophytos
2024 4061 2093 4106 oen·

1349 4141 1461 4202 sendos
1475 4153 1541 4198 esse
1555 4137 1762 4212 decernimus,
1777 4138 1807 4198 in
1825 4138 1969 4214 gradibus
1986 4145 2016 4198 et
2031 4155 2095 4198 rna·

1352 4232 1506 4295 trimoniis
1527 4231 1691 4292 contractis
1712 4238 1742 4291 et
1767 4230 1985 4292 contrahendis
2009 4247 2094 4308 prae·

1350 4326 1430 4400 latis,
1447 4325 1540 4402 gratis
1562 4331 1678 4398 tamen,
1704 4323 1870 4386 commodo
1899 4340 1962 4385 non
1987 4325 2028 4387 ita
2053 4323 2095 4384 la·

1351 4419 1408 4482 cile
1430 4420 1459 4480 id
1482 4420 1545 4494 hat,
1565 4418 1752 4495 dispensare,
1769 4419 1885 4479 eisdem
1907 4419 2095 4497 presbyteris

1352 4513 1529 4576 [acuitatem
1561 4514 1692 4590 desuper
1721 4513 1917 4574 concedimus
1949 4521 2094 4590 opportu·

1351 4624 1435 4670 nam.

2108 1098 2172 1134 rant.

1391 4702 1409 4776 ἓ
1437 4701 1466 4762 8.
1497 4702 1719 4776 Decernentes,
1753 4699 1966 4777 praesbyteros
1998 4699 2096 4761 dictae
2135 4711 2331 4759 ctaosutasuo-

1353 4794 1511 4858 Societatis
1532 4810 1625 4873 super
1651 4793 1834 4872 praemissis,
1865 4803 1896 4855 et
1922 4793 1990 4853 aliis
2011 4793 2096 4854 iuxta

1353 4889 1508 4951 facultates
1519 4889 1699 4965 praedictas,
1713 4895 1743 4948 et
1758 4886 1881 4947 illarum
1899 4887 2018 4962 vigore,
2033 4901 2097 4946 ser·

1354 4991 1423 5044 rata
1446 4989 1549 5043 tamen
1571 4981 1696 5043 illarum
1716 4981 1826 5056 lorino,
1842 4981 2043 5059 exequendis,
2065 4985 2097 5040 et

1353 5076 1463 5156 quovis
1497 5075 1554 5134 alio
1583 5083 1748 5152 praetextu
1776 5074 1827 5135 vel
1855 5074 1967 5151 quovis
1994 5072 2097 5134 colore

1353 5187 1407 5249 per
1432 5185 1644 5248 quoscumque
1666 5168 1722 5230 loci
1744 5169 1933 5241 ordinarios,
1947 5183 2003 5228 seu
2024 5166 2098 5227 alios

1353 5264 1526 5342 superiores
1555 5270 1586 5324 et
1607 5261 1722 5323 iudices
1744 5262 1962 5323 ecclesiasticos
1984 5263 2014 5321 et
2034 5274 2099 5320 sae-

1354 5357 1473 5418 culares
1495 5355 1602 5434 quavis
1624 5354 1806 5417 auctoritate
1831 5353 2011 5430 iungentes,
2034 5369 2099 5413 ruo·

1356 5450 1471 5524 lestari,
1493 5450 1684 5527 perturbari,
1709 5448 1758 5510 vel
1780 5449 1946 5528 inquietari
1968 5447 2099 5509 nullate·

1356 5559 1415 5604 nus
1429 5552 1542 5620 possen
1558 5544 1662 5621 sicque
1685 5544 1716 5604 in
1739 5543 1912 5622 praemissis
1934 5558 1989 5620 per
2010 5557 2100 5620 quos-

1356 5655 1491 5718 cumque
1513 5639 1640 5712 iudices,
1663 5637 1781 5699 sublata
1803 5638 1846 5698 eis
1864 5645 2015 5697 eteorum
2037 5635 2114 5697 cni·'

1358 5735 1431 5796 libet
1459 5737 1566 5813 quavis
1592 5735 1682 5795 aliter
1710 5733 1864 5796 iudicandi
1893 5741 1924 5794 et
1951 5733 2100 5808 interpre-

1359 5830 1442 5891 tandi
1467 5828 1608 5891 facultate
1637 5837 1668 5889 et
1692 5830 1892 5900 auctoritate,
1919 5828 2046 5890 iudicari
2071 5834 2102 5888 et

1358 5923 1481 5986 deliniri
1505 5925 1627 5997 debere,
1644 5939 1676 5984 ac
1694 5925 1820 5987 irritum
1842 5933 1874 5985 et
1895 5925 2000 5998 inane,
2016 5923 2042 5984 si
2056 5941 2101 5983 se-

2115 4767 2176 4820 lata,
2197 4770 2222 4812 et
2240 4766 2331 4811 decre-

2115 4825 2170 4868 tum
2188 4821 2303 4866 irritans.
