4808 6988
947 555 1017 602 urus
1038 555 1088 600 re.
1112 557 1167 603 vn.
1748 540 1809 606 609
1859 539 1911 592 An.
1926 541 1957 592 e.
1979 533 2045 593 1821

637 677 670 740 Ο.
757 768 760 776 ,

281 861 454 926 Domnutio
474 864 639 927 societatis
660 871 798 926 secretae
820 869 1027 940 nuncupatae

515 955 798 1020 Curbocurimum.

493 1139 579 1208 etus
601 1139 818 1209 eetsooeus

465 1317 574 1370 seruos
596 1319 752 1370 serrorum
775 1301 838 1381 ttei,

422 1422 887 1506 mmmmmmm

94 1615 246 1663 promarum.
322 1614 390 1690 §t
416 1614 582 1678 Ecclesiam
598 1633 614 1676 a
629 1615 695 1677 lesu
719 1616 840 1680 Christo
864 1617 1028 1698 servatore

281 1713 389 1770 nostro
409 1724 500 1785 supra
523 1709 644 1770 sirmam
667 1717 786 1789 petram
803 1709 973 1784 fundatam,
997 1717 1027 1772 ιι

281 1802 428 1863 adversus
450 1818 541 1881 quam
565 1803 695 1881 ipsemet
724 1802 864 1865 Christus
886 1803 1027 1880 promisit

281 1909 454 1972 numquam
482 1901 585 1973 portas
606 1895 698 1957 interi
727 1895 958 1974 praevalituras,
983 1895 1027 1960 t'ot

279 2001 371 2063 saepe
393 2003 427 2048 ac
457 1996 518 2048 tam
545 1987 735 2051 formidolosi
762 1988 864 2049 hostes
892 1989 1026 2065 aggressi

280 2078 1025 2164 sunt,ut,nisidivinailla,et·quaetransirenon

281 2179 392 2250 potest,
402 2174 563 2250 promissio
579 2175 810 2250 intercessisset,
820 2176 1024 2237 metuentium

281 2265 452 2342 videretur,
476 2283 515 2328 ne
538 2269 598 2346 ipsa
622 2268 748 2329 illorum
769 2277 822 2330 aut
843 2269 887 2344 vi,
906 2276 958 2330 aut
979 2287 1026 2330 ar·

281 2360 376 2434 tibus,
397 2367 450 2420 aut
471 2361 636 2424 calliditate
654 2362 879 2437 circumventa,
902 2364 1025 2439 penitus

197 2467 213 2509 ι
281 2453 437 2515 interiret.
457 2456 541 2530 Quod
556 2469 632 2516 vero
653 2455 862 2531 superioribus
880 2457 1024 2535 tempori·

280 2547 339 2608 bus
360 2547 477 2622 evenit,
501 2548 529 2609 id
552 2549 643 2610 etiam
665 2555 695 2610 et
718 2549 878 2626 praecipue
900 2549 1026 2627 quidem

280 2640 421 2703 luctuosa
441 2641 497 2702 hac
512 2649 614 2704 nostra
629 2651 726 2703 aetate
742 2641 856 2704 lactum
878 2650 935 2719 est,
948 2659 1026 2720 quae

279 2735 488 2796 novissimam
502 2734 575 2796 illud
590 2743 711 2814 tempus
721 2751 789 2796 esse
801 2736 925 2797 ridetur
942 2745 1025 2798 tauto

279 2837 354 2890 ante
375 2828 413 2889 ah
433 2828 586 2906 Apostotis
608 2827 872 2907 praenuntiatum,
897 2845 959 2906 qao
980 2829 1025 2907 (t)

279 2922 409 2983 uenient
430 2921 579 2983 illusores
593 2921 768 2983 secondum
784 2921 942 2982 desiderio
963 2939 1025 2984 suu

279 3012 484 3078 ambutantes
517 3014 552 3076 iu
581 3013 812 3092 impietatibus.
846 3013 908 3077 Nec
939 3008 1025 3078 enim

280 3123 470 3186 quemquam
487 3107 560 3170 latet
575 3116 688 3186 quauta
702 3107 903 3170 scelestorum
927 3108 1026 3170 homi-

280 3217 361 3262 num
382 3200 551 3262 multitudo
572 3200 761 3263 ctilticitlimis
776 3202 859 3263 hisce
881 3204 1027 3281 tempori-

280 3293 338 3354 bus
350 3293 533 3355 conveuerit
544 3293 575 3354 in
587 3309 687 3355 unum
703 3295 848 3356 adversus
857 3296 1025 3358 Dominum

280 3393 313 3450 et
333 3390 479 3450 adversos
501 3386 660 3450 Christum
682 3387 761 3462 eius,
784 3389 837 3466 qui
860 3389 889 3452 id
911 3391 1026 3467 praeci·

280 3497 342 3560 pue
364 3489 485 3556 curant,
510 3487 554 3552 ut,
577 3482 711 3558 deceptis
726 3498 781 3560 per
802 3481 1024 3560 philosophiam

279 3583 313 3636 et
334 3574 459 3636 inanem
481 3573 629 3635 fallaciam
652 3573 697 3655 (ι)
718 3575 859 3637 fidelibus
873 3586 904 3638 ιι
918 3577 954 3638 ab
971 3577 1026 3640 Eo·

279 3667 391 3729 etesiae
412 3665 549 3730 doctrina
578 3668 702 3742 avulsis,
730 3669 826 3747 ipsam
854 3669 1024 3746 ecclesiam,

279 3761 372 3822 irrito
394 3759 464 3822 ticet
485 3760 804 3836 conatu,taheluctent
825 3768 856 3822 ct
871 3771 1023 3825 evertant.

278 3853 365 3930 Quod
388 3861 422 3916 ut
443 3853 561 3915 lucilius
575 3864 827 3933 assequerentur,
840 3871 949 3918 eorum
964 3858 1026 3935 pte·

279 3948 371 4025 rique
382 3947 516 4008 occultos
531 3957 636 4009 coetus
651 3948 914 4027 clandestinasque
930 3959 1026 4013 sectas

280 4043 463 4117 coegerunt,
485 4040 656 4118 exquibus
687 4040 829 4104 laturum
851 4044 1024 4121 sperabant,

280 4142 318 4197 ιιι
338 4133 489 4212 plurimos
514 4133 545 4196 in
566 4149 640 4195 suae
670 4134 892 4197 coniurationis
913 4142 942 4197 et
963 4154 1026 4199 sce·

280 4227 354 4290 teris
374 4226 550 4290 societatem
574 4226 700 4288 tiberius
724 4230 949 4306 pertraherent.

96 4341 213 4404 namnapo
228 4354 262 4389 ss
322 4321 391 4396 52.
409 4315 601 4398 'Iampridem
624 4319 732 4383 Sarrctu
754 4322 829 4384 haec
850 4323 957 4399 Sedes
979 4324 1026 4386 his

77 4395 157 4492 {¹,¹‡¹,¹¹¹¹
176 4406 201 4441 ¹¹¹
221 4407 263 4454 ⁸¹
279 4415 372 4478 sectis
393 4415 531 4490 detectis
546 4429 657 4490 magna
680 4414 837 4494 liberaque
859 4434 932 4480 voce
955 4435 1025 4482 con-

282 4517 329 4572 tra
350 4525 400 4570 eas
421 4508 576 4582 clamavit,
592 4517 623 4568 et
637 4508 775 4582 consilia,
797 4527 875 4588 quae
897 4512 975 4574 ctam
989 4515 1026 4575 ah

279 4603 319 4664 iis
339 4608 441 4664 essent
462 4603 539 4664 inita
559 4610 665 4664 contra
690 4603 887 4680 religionem,
911 4607 973 4668 imo
995 4615 1026 4669 et

279 4707 387 4760 contra
408 4694 533 4759 civilem
560 4695 749 4772 societatem,
772 4698 933 4774 patefecit..
950 4701 1026 4762 lam·

280 4792 402 4870 pridem
432 4791 575 4851 omnium
601 4790 746 4852 excitavit
774 4790 969 4869 diligentiam
992 4804 1026 4857 ut

279 4891 427 4946 caverent
443 4899 483 4944 ne
498 4882 545 4944 his
558 4884 648 4944 sectis
663 4882 691 4943 id
708 4887 811 4946 conari
828 4885 933 4947 liceret
944 4890 1025 4966 quod

280 4977 399 5040 nelarie
430 4977 668 5038 meditabantur.
706 4977 823 5040 Verum
858 4979 1026 5043 dolendum

279 5078 328 5132 est
348 5071 396 5132 his
418 5070 505 5134 Sedis
525 5069 715 5148 spostolicae
736 5073 845 5134 studiis
867 5089 930 5135 non
953 5091 1024 5136 eum

279 5163 400 5226 exitum
416 5163 609 5242 respondisse
624 5180 716 5242 quem
732 5165 794 5241 ipsa
812 5167 978 5244 spectabat,
996 5177 1026 5229 et

278 5257 425 5320 scelestos
437 5259 578 5319 homines
589 5273 760 5336 numquam
773 5275 788 5318 a
800 5269 940 5338 suscepto
954 5277 1027 5323 con-

278 5352 350 5413 sitio
371 5351 534 5426 destitisse,
550 5351 632 5415 unde
648 5360 837 5429 consequuta
854 5352 977 5415 tandem
992 5369 1025 5416 ea

279 5445 361 5506 mala
382 5453 467 5520 sunt,
491 5462 569 5523 quae
591 5444 769 5523 nosmetipsi
793 5448 1024 5524 perspeximus3

280 5541 345 5603 imo
375 5542 529 5618 homiues,
553 5553 686 5618 quorum
716 5539 858 5618 superbia
890 5543 1025 5603 ascendit

280 5649 415 5712 semper,
430 5651 524 5696 novas
540 5634 633 5696 etium
647 5640 779 5696 secretas
794 5633 952 5696 societates
966 5634 1025 5696 ini-

282 5744 316 5790 re
338 5730 403 5791 ausi
425 5736 510 5791 suut.

322 5945 350 6005 tt)
366 5949 395 5992 ln
410 5925 485 6004 epist.
499 5949 525 5990 B.
541 5946 621 5994 Iudae
635 5951 679 6004 Ap.
695 5959 716 5992 v.
734 5950 766 5991 18.

388 6069 439 6117 tur.
457 6071 526 6117 Pont.
541 6070 572 6118 dc
588 6072 660 6132 Prop.
677 6070 739 6119 Fide
752 6073 833 6121 Partis
848 6076 866 6120 1.
882 6072 934 6119 tot.
949 6074 987 6118 lv.

1123 677 1142 752 ἓ
1163 675 1191 737 3.
1216 678 1460 741 Commemoraii
1476 680 1533 742 hoc
1549 679 1613 742 loco
1627 679 1717 742 dehet
1732 677 1827 740 socie·
1859 670 1928 740 uoce
1943 687 1976 734 sn
1989 687 2059 735 tosti·

1085 775 1128 829 ιιι
1150 786 1250 849 nuper
1272 777 1346 846 orta,
1371 778 1401 833 et
1424 772 1516 848 longe
1538 773 1661 851 lateque
1682 773 1715 834 in
1743 771 1826 834 ltalia
1846 742 2059 851 bbssffiffissl

1083 861 1211 942 aliisque
1226 864 1258 925 in
1274 865 1453 942 regionibus
1474 873 1647 944 propagata,
1663 865 1828 944 quaelicet
1846 849 1979 958 gssffilfflfn
2011 858 2059 894 ⁰¹·

1084 955 1118 1017 in
1139 956 1243 1033 plures
1263 967 1359 1020 sectas
1387 959 1484 1022 diviso
1506 961 1556 1034 sit,
1583 976 1616 1022 ac
1637 976 1692 1037 pro
1718 975 1827 1020 earum

1084 1049 1232 1112 varietate
1252 1050 1371 1112 ‹liversa
1393 1069 1426 1114 ac
1447 1051 1587 1114 distincta
1616 1053 1698 1114 inter
1719 1069 1752 1114 se
1773 1067 1827 1113 no·

1085 1141 1168 1202 mina
1196 1143 1361 1222 aliquando
1389 1151 1538 1222 assumat,
1562 1160 1595 1205 re
1617 1151 1734 1219 tamen,
1757 1160 1828 1206 sen·

1085 1237 1255 1299 tertiarum
1279 1243 1309 1300 et
1337 1237 1507 1301 lucidorum
1524 1238 1772 1313 memmonicos,
1795 1246 1826 1300 et

1084 1329 1207 1394 loedere
1228 1331 1359 1410 quodam
1385 1332 1462 1394 inito
1485 1350 1545 1394 nna
1571 1340 1627 1407 est,
1651 1341 1682 1394 et
1714 1330 1829 1396 Carbo-

1084 1425 1255 1486 ruariorum
1284 1426 1469 1504 plerumque
1494 1427 1571 1488 solet
1600 1426 1757 1504 appellari.
1781 1426 1827 1488 Si-

1085 1520 1204 1583 mutant
1226 1519 1270 1580 illi
1292 1520 1417 1598 quidem
1439 1520 1631 1596 singularem
1662 1521 1827 1583 observan-

1084 1614 1160 1674 tiam
1187 1622 1219 1675 et
1247 1612 1415 1674 mirificum
1444 1612 1598 1692 quoddam
1628 1615 1768 1676 studium
1794 1616 1826 1676 in

1085 1706 1272 1770 Catholicam
1303 1707 1488 1783 religionem
1510 1714 1542 1768 et
1562 1709 1595 1770 in
1618 1709 1686 1770 lesu
1712 1709 1826 1772 Christi

1083 1799 1254 1865 Servaturis
1276 1805 1372 1865 nostri
1402 1817 1565 1880 personam
1587 1810 1617 1863 ιι
1642 1802 1826 1878 doctrinam,

1083 1911 1177 1972 quem
1208 1896 1300 1957 etiam
1332 1895 1486 1957 societatis
1514 1910 1587 1956 suae
1615 1900 1768 1957 rectorem
1796 1901 1827 1955 et

1084 2005 1231 2065 magnum
1255 1989 1438 2064 magistrum
1454 1987 1571 2050 nelarie
1592 1985 1753 2066 aliquando
1775 2004 1828 2049 ou·
1858 2044 1861 2066 ,

1082 2081 1156 2144 dent
1185 2082 1348 2160 appellare.
1382 2081 1502 2144 Verum
1522 2097 1680 2142 sermones
1706 2080 1749 2152 hi,
1773 2081 1827 2158 qui

1081 2191 1175 2254 super
1201 2175 1306 2237 oleum
1328 2175 1440 2236 molliti
1462 2175 1621 2248 videntur,
1645 2173 1721 2234 nihil
1743 2173 1824 2236 alind

1082 2275 1169 2342 sunt,
1190 2283 1282 2346 quam
1311 2267 1406 2328 iacula
1435 2266 1471 2327 ad
1495 2268 1593 2328 tutius
1617 2266 1826 2328 vulnerandos

1083 2360 1187 2422 minus
1207 2368 1336 2422 cautosa
1351 2359 1466 2422 callidis
1487 2358 1665 2421 hominihus
1681 2358 1825 2434 adhibita,

1080 2457 1134 2536 qui
1157 2457 1290 2518 veniunt
1312 2455 1556 2517 investimentis
1577 2455 1695 2531 orium,
1712 2452 1827 2515 intrin-

1080 2566 1167 2612 secus
1189 2558 1292 2613 autern
1314 2559 1388 2612 sunl
1410 2548 1473 2627 tupi
1496 2565 1628 2625 rapaces.

1121 2645 1189 2718 §lc
1215 2645 1294 2706 Sane
1315 2643 1547 2704 severissimum
1574 2641 1648 2703 illud
1672 2641 1825 2703 iusiuran-
1871 2653 2057 2718 negasqurqus

1082 2739 1156 2800 dum
1177 2753 1238 2815 quo
1261 2745 1381 2798 veteres
1396 2735 1639 2797 Priscilliauistas
1661 2749 1772 2810 magna
1788 2751 1826 2796 ex
1845 2708 2058 2815 {22¹{¹¹,¹10{¹2¹,¹}L¹ffi

1081 2837 1166 2908 parte
1187 2831 1345 2892 imitantes
1372 2830 1559 2910 pollicentur
1580 2845 1611 2888 se
1638 2827 1725 2890 nullo
1759 2843 1826 2888 um·
1845 2815 2059 2916 gffijggffiffiffm

1081 2940 1174 3002 quam
1197 2933 1346 3002 tempore,
1363 2921 1490 2984 nullove
1509 2937 1580 2982 casu
1596 2920 1645 2982 ret
1661 2920 1826 2998 patefactu-

1081 3035 1131 3078 rus
1153 3017 1329 3078 hominihus
1347 3017 1379 3077 in
1395 3015 1572 3077 societatem
1587 3031 1651 3076 non
1667 3013 1827 3092 adscriptis

1081 3110 1249 3189 quidquam
1271 3111 1352 3188 quod
1375 3125 1443 3171 eam
1464 3109 1643 3172 societatem
1671 3107 1825 3185 respiciat,

1081 3204 1131 3265 vel
1153 3204 1434 3266 communicaturos
1456 3217 1528 3264 cnm
1545 3202 1580 3263 iis
1595 3202 1648 3279 qui
1672 3201 1704 3264 in
1725 3201 1826 3278 gradi-

1081 3299 1138 3360 hus
1159 3297 1359 3359 inieriorihus
1375 3301 1539 3358 versantur
1558 3294 1671 3373 aliquid
1694 3295 1774 3373 quod
1792 3296 1827 3356 ad

1082 3390 1191 3468 gradus
1221 3391 1381 3468 pertinent
1409 3389 1600 3467 superiorem
1637 3387 1828 3450 clandestina

1081 3483 1315 3568 itta-praeterea
1347 3492 1377 3544 et
1405 3482 1567 3559 illegitima
1599 3480 1827 3554 conventicula,

1081 3593 1159 3655 quae
1182 3592 1268 3637 more
1288 3592 1304 3637 a
1325 3575 1466 3653 pluribus
1495 3575 1657 3636 haereticis
1680 3582 1828 3654 usurpato

1081 3671 1139 3749 ipsi
1161 3669 1286 3742 hahent,
1308 3675 1339 3729 ιι
1362 3667 1511 3746 cooptatio
1540 3667 1705 3729 hominum
1727 3667 1829 3728 cuius-

1081 3781 1216 3844 cumque
1237 3764 1397 3840 religionis
1412 3769 1442 3824 et
1463 3768 1562 3824 sectae
1577 3762 1609 3823 in
1624 3777 1711 3822 suarm
1733 3761 1828 3822 socie-

1082 3867 1186 3934 tatem,
1210 3859 1265 3920 ctsi
1294 3868 1412 3920 caetera
1434 3857 1586 3932 deessent,
1610 3855 1682 3916 satis
1703 3869 1827 3932 persua-

1082 3955 1155 4016 dent
1178 3951 1297 4013 nuttam
1314 3950 1490 4012 memoratis
1506 3965 1613 4010 eorum
1630 3947 1718 4009 dictis
1736 3949 1827 4010 tidem

1081 4046 1188 4108 haberi
1210 4052 1363 4122 oportere.
1394 4041 1399 4055 '

1120 4138 1188 4214 §5-
1213 4137 1332 4200 lterum
1361 4135 1546 4198 coniecturis
1574 4144 1606 4198 et
1637 4134 1827 4210 argumentis
1859 4159 2059 4206 mmmm

1081 4249 1158 4310 opus
1179 4248 1242 4293 non
1270 4240 1327 4305 est,
1352 4235 1387 4290 ut
1410 4230 1448 4290 ita
1470 4229 1507 4290 de
1536 4244 1644 4290 eornm
1673 4227 1759 4290 dictis
1781 4227 1827 4290 iu·
1846 4212 2059 4324 ffiffifflffffl*

1081 4325 1214 4398 dicetur,
1227 4321 1487 4402 quemadmodum
1501 4321 1644 4398 superius
1660 4320 1827 4384 iudicatum

1082 4427 1137 4480 est.
1161 4416 1245 4478 Libri
1267 4417 1304 4477 ah
1326 4417 1399 4493 ipsis
1422 4415 1501 4493 typis
1522 4413 1608 4491 editi,
1624 4414 1736 4492 quihus
1752 4414 1828 4476 ratio

1082 4510 1266 4574 describitur
1280 4525 1358 4587 quae
1374 4509 1405 4569 in
1417 4507 1622 4570 conventibus
1632 4507 1828 4586 superiorum

1081 4605 1263 4684 praesertim
1286 4603 1439 4678 graduum
1454 4601 1591 4662 adhiberi
1613 4599 1702 4674 solet,
1719 4617 1828 4662 eorum

1082 4697 1258 4762 catechismi
1280 4706 1311 4757 et
1330 4701 1451 4770 statuta,
1469 4694 1587 4772 aliaque
1608 4694 1784 4756 authentica
1799 4700 1829 4755 et

1081 4793 1116 4854 ad
1139 4793 1231 4854 fidem
1248 4789 1418 4852 laciendum
1434 4787 1614 4865 gravissima
1629 4785 1827 4862 documenta,

1080 4903 1138 4948 nec
1161 4901 1224 4946 nou
1247 4899 1356 4946 eorum
1380 4883 1568 4957 testimonia,
1592 4881 1645 4958 qui
1668 4897 1738 4943 coru
1761 4897 1828 4942 eam

1080 4981 1260 5042 societatem
1281 4977 1491 5039 deseruissent
1515 4977 1563 5038 cui
1582 4986 1670 5037 antea
1686 4976 1829 5038 adhaese-

1081 5083 1164 5149 rant,
1187 5073 1252 5134 eins
1273 5087 1395 5132 errores
1416 5079 1447 5132 et
1468 5071 1590 5134 incudes
1614 5071 1760 5147 legitimis
1783 5072 1829 5134 iu-

1081 5165 1432 5248 dicibuspatetecerunt,
1445 5169 1550 5242 aperto
1566 5164 1732 5236 declarant,
1752 5165 1828 5227 Cor·

1082 5255 1230 5323 bonarios
1245 5259 1274 5320 id
1290 5257 1454 5336 praecipue
1468 5262 1617 5335 spectare,
1636 5266 1668 5318 ut
1685 5272 1828 5334 magnam

1081 5353 1238 5415 licentiam
1267 5352 1380 5430 cuique
1408 5351 1482 5412 dent
1509 5350 1706 5427 religionem,
1736 5367 1827 5428 quam

1081 5447 1171 5521 eolat,
1195 5447 1319 5525 proprio
1342 5446 1467 5522 ingenio
1490 5450 1519 5505 et
1540 5445 1602 5505 suis
1631 5443 1827 5522 opinionibus

1080 5541 1137 5602 sihi
1171 5540 1326 5616 tingendi,
1351 5537 1556 5600 indifferentia
1583 5538 1614 5599 in
1641 5537 1827 5614 religionem

1081 5634 1216 5708 inducta,
1233 5651 1291 5713 qua
1308 5635 1361 5696 vir
1382 5635 1552 5712 quidquam
1573 5632 1740 5708 excogitari
1761 5639 1827 5710 pot·

1081 5738 1127 5791 est
1148 5729 1366 5807 perniciosius3
1392 5736 1425 5789 ut
1441 5728 1509 5790 lesu
1525 5726 1639 5789 Christi
1654 5727 1827 5803 passionem

1050 5948 1056 6002 t
1122 5945 1150 6003 (t)
1166 5945 1260 5991 coloss.
1276 5955 1330 6002 cup.
1345 5945 1367 5999 e,
1382 5955 1405 5988 v.
1419 5945 1440 5989 8.
