4754 6966
310 529 365 584 An.
379 534 409 585 (i.
431 533 500 586 1768
552 537 609 598 152

531 667 562 728 iu
584 686 640 729 sno
655 672 764 734 robore
791 681 1012 756 permansuris,
1036 683 1070 742 ad
1094 685 1278 763 praemisso·

532 778 602 822 rum
625 764 782 844 ellectum,
799 769 854 831 bac
882 772 950 835 viee
971 777 1142 851 dumtaxat,
1165 779 1277 855 specia-

532 853 603 916 liter
623 865 655 918 et
682 875 826 938 expresse
856 865 1057 943 derogamus,
1086 871 1279 950 caeterisque

530 950 693 1012 contrariis
714 955 973 1036 quibuscumque.
1064 989 1072 1000 ¹

571 1042 683 1105 Datum
699 1044 824 1122 Romae,
837 1053 917 1127 apud
934 1051 964 1114 S.
980 1053 1107 1116 llariam
1121 1056 1279 1134 Maiorem,

532 1135 592 1196 sub
619 1138 735 1199 annulo
763 1141 940 1218 Piscatoris,
973 1145 1023 1206 die
1051 1165 1096 1209 rx.
1135 1149 1280 1212 lelnuarii

533 1243 732 1293 noccexrrn.
755 1235 952 1312 pontificatus
975 1241 1073 1302 nostri
1092 1259 1174 1304 anno
1199 1260 1230 1304 x.

790 1395 1029 1409 -nn-—n

853 1521 961 1586 Lxlx.

534 1705 747 1770 Arrabitioaent
768 1729 922 1776 eaerraas
946 1717 1114 1779 caniusdaar
1132 1715 1282 1778 rrroaaclti

491 1883 493 1888 Ι
576 1799 663 1876 Syri,
687 1805 742 1880 paci
764 1805 802 1868 ab
824 1807 947 1886 aliquot
972 1809 1177 1872 Darrtasrcnis
1199 1828 1231 1872 se
1247 1811 1282 1872 in

575 1895 855 1976 archiepiscopum
877 1904 964 1982 eligi,
989 1909 1019 1964 ct
1040 1909 1149 1981 postca
1178 1922 1282 1966 carise-

575 1987 665 2048 crcri
674 1991 823 2069 sceterata
836 1993 957 2057 daebas
971 1994 1135 2074 Episcopis
1147 2013 1280 2076 paroeco-

574 2080 734 2144 raelrbc'tis
749 2085 815 2146 ient
830 2089 1131 2161 excommunicatis,
1150 2090 1281 2152 Arcbic·

574 2174 699 2253 piscopo
725 2179 1017 2256 Ilierosotpmituno
1047 2183 1204 2260 Syrorum
1230 2192 1280 2247 at-

575 2285 633 2344 pao
651 2269 719 2330 eius
735 2272 818 2333 ciero
833 2279 861 2334 et
878 2273 993 2352 popule
1009 2275 1195 2347 deaaaaciat,
1215 2284 1281 2338 tant

574 2371 795 2424 consecratam
811 2381 905 2442 pactas
922 2375 1143 2431 comessantes
1158 2389 1281 2433 cacom-

574 2457 758 2516 rnaaicetos
773 2473 846 2528 csse,
867 2459 905 2522 ab
929 2459 1029 2538 iisque
1051 2479 1160 2524 cavere
1176 2481 1279 2528 estraes

575 2544 683 2609 debere
703 2546 758 2628 (l).

535 2733 1281 2831 memfflfflmwwmmw

575 2834 792 2912 inrumpente
821 2833 1058 2920 trebiepiseopo
1090 2839 1282 2927 lliroaoliny·

576 2926 662 3002 iano,
692 2923 871 3009 dilectisque
902 2928 975 2997 liliis
1005 2931 1090 3000 clero
1112 2940 1145 3002 et
1173 2936 1279 3019 populo

576 3017 710 3086 eiusdem
733 3021 878 3100 nationis,

725 3205 913 3276 atinias
934 3210 994 3278 ΡΡ.
1019 3211 1090 3280 ΧΙΙΙ.

623 3395 813 3466 Venerabilis
835 3399 935 3468 trater
957 3407 989 3469 et
1010 3403 1119 3473 dilecte
1141 3406 1195 3485 lili,

569 3488 698 3557 aeluten
720 3496 752 3559 et
773 3493 974 3576 apostolicam
997 3498 1249 3568 benedictionem.

577 3683 724 3758 llaguum
751 3686 831 3763 apud
859 3703 911 3748 vos
937 3689 1116 3752 scandalum
1145 3692 1283 3754 extitisse

536 3791 661 3837 summo
681 3792 754 3838 cum
775 3779 870 3840 animi
893 3783 990 3842 nostri
1012 3783 1118 3846 dolore
1139 3787 1219 3849 baud
1242 3789 1282 3850 ita

538 3868 658 3946 pridem
670 3872 1048 3947 accepimus,monacbum
1062 3881 1218 3957 quendam
1230 3882 1285 3943 lli·

538 3963 676 4026 cbaelem
697 3965 852 4027 nominee
872 3972 1060 4033 monasterio
1073 3974 1282 4052 Sprraem,

538 4059 620 4134 quod
641 4075 657 4118 a
678 4057 822 4122 Damasco
851 4076 913 4123 nou
941 4063 1032 4142 longe
1061 4069 1155 4144 abest,
1177 4087 1193 4130 a
1220 4070 1283 4144 tui,

539 4167 612 4213 ren.
635 4151 742 4228 lrater,
758 4154 931 4220 obedientia
946 4176 978 4220 se
992 4159 1164 4223 subducere
1179 4164 1284 4224 rolen-

540 4253 616 4320 tem,
646 4247 847 4326 clementique
874 4252 1043 4314 ambitione
1070 4255 1284 4333 obcaecatum,

541 4355 651 4416 paucos
678 4339 795 4419 aliquot
821 4344 1035 4419 [tamassanus
1058 4364 1192 4427 quorum
1216 4366 1284 4426 gra-

543 4433 614 4494 tiam
635 4433 693 4493 sibi
725 4435 906 4512 collegerat,
937 4439 1113 4516 induxisse,
1138 4449 1171 4504 ut
1199 4459 1231 4504 se
1253 4445 1285 4506 in

541 4524 811 4603 archiepiscopum
836 4529 1058 4593 Damascenum
1074 4533 1239 4610 eligerent,
1255 4545 1286 4597 et

541 4617 698 4680 adnabus
721 4624 936 4684 tautummodo
959 4625 1114 4702 Episcopis
1136 4627 1288 4688 blelcbitis

542 4711 673 4772 Arsenio
694 4711 822 4774 Gaianae
844 4721 874 4776 et
895 4716 1057 4780 Francisco
1077 4715 1200 4796 Saiaggi
1216 4737 1230 4778 a
1247 4720 1287 4781 la·

541 4804 644 4866 ctione
665 4804 773 4882 lgnatii
796 4807 898 4883 Gioar,
915 4809 975 4871 iam
992 4812 1287 4874 excommunicatio·

542 4898 590 4960 nis
611 4906 642 4960 ot
662 4902 872 4976 suspensionis
890 4903 1016 4966 vinculo
1032 4904 1166 4981 innexis,
1183 4922 1288 4968 conse-

543 5001 662 5055 cratum
685 4993 786 5057 luisse.
820 4995 925 5073 ltaque
946 5012 1002 5074 pro
1029 5000 1156 5074 paterna
1185 5002 1288 5062 nostra

543 5086 581 5148 de
603 5089 746 5150 universa
762 5089 912 5166 Syrorum
928 5092 1074 5154 catbolicai
1091 5094 1216 5157 natione
1230 5094 1288 5156 sol·

544 5179 704 5243 licitudine
726 5189 756 5243 et
777 5183 861 5256 curi,
886 5185 998 5261 nequid
1022 5202 1059 5246 ex
1081 5186 1116 5248 eal
1137 5186 1289 5250 electione

544 5281 575 5334 et
597 5272 743 5350 sacrilega
769 5277 1000 5339 consecratione
1031 5289 1147 5342 vestras
1172 5280 1289 5342 animas

545 5367 705 5444 contingat
732 5384 840 5444 capiere
868 5369 1061 5447 detrimenti,
1085 5373 1290 5435 necessarium

545 5459 702 5533 duximus,
725 5477 780 5537 per
801 5463 854 5523 bas
875 5472 993 5524 nostras
1017 5465 1121 5526 literas
1149 5481 1201 5526 vos
1223 5465 1292 5527 uni·

547 5569 651 5612 versos
672 5555 854 5629 admouere,
882 5568 1090 5620 memoratum
1111 5557 1291 5618 Mirbaelem

547 5647 733 5708 monachum
746 5648 784 5709 ob
798 5649 947 5710 nefariam
963 5652 1115 5713 eiusmodi
1137 5647 1308 5713 coxtsecra-'

547 5740 663 5802 tionem
687 5742 718 5804 in
740 5745 1096 5807 excommunicationem
1118 5753 1148 5806 ct
1171 5745 1208 5806 ab
1228 5743 1292 5821 epi·

1055 567 1120 610 lun.
1145 568 1235 612 PON'l'.
1259 569 1300 612 DE
1322 568 1402 640 ¹³1²·
1429 570 1510 614 PARS
1531 571 1553 614 l.

1334 687 1460 762 scopalis
1488 687 1606 750 ordinis
1634 692 1782 754 exercitio
1808 691 2029 771 supensionem
2050 699 2081 752 et

1335 779 1595 855 irregularitatem
1613 784 1793 863 incurrisse3
1806 785 1882 847 duos
1893 795 1996 848 autem
2011 784 2083 862 Epi-

1334 889 1451 949 scopos,
1463 893 1539 953 quos
1553 893 1645 954 supra
1659 879 1902 953 nominavimus,
1915 877 2082 940 Arsenium

1336 966 1464 1028 Garama
1479 975 1510 1030 et
1525 971 1721 1034 Franciscum
1738 971 1872 1048 Sajaggi,
1885 971 1944 1034 iam
1959 988 2080 1033 excom-

1337 1060 1521 1136 municatos,
1544 1080 1625 1126 novo
1651 1068 1707 1126 troc
1734 1067 1906 1128 execrando
1934 1065 2081 1139 facinore,

1338 1169 1435 1214 novae
1458 1155 1565 1217 itidem
1576 1158 1905 1220 excoxumunicationis
1927 1159 2082 1233 laqueosa

1338 1247 1483 1310 induisse.
1506 1250 1713 1325 Quamobrem
1736 1252 1788 1312 tibi
1812 1267 1883 1314 ven.
1901 1251 2008 1328 bater,
2032 1269 2082 1314 vo·

1339 1342 1456 1419 bisque,
1479 1343 1584 1404 dilecti
1606 1343 1673 1418 filii,
1689 1344 1797 1406 sedulo
1820 1345 2025 1421 iniungimus,
2049 1353 2083 1408 ut

1339 1435 1529 1514 praedictum
1551 1437 1744 1512 lliclraeleru,
1761 1446 1792 1500 et
1806 1437 1883 1498 duos
1898 1445 2082 1500 memoratos

1339 1529 1502 1606 Episcopos
1523 1531 1590 1592 eius
1610 1538 1837 1592 consecratores
1854 1540 2009 1610 tamqnam
2031 1548 2085 1592 ex·

1338 1623 1591 1698 connnunicatos,
1615 1632 1645 1685 et
1666 1624 1703 1685 ab
1725 1622 1777 1697 iis,
1800 1639 1879 1701 quae
1900 1639 1962 1684 non
1991 1625 2082 1686 modo

1337 1725 1411 1778 sarit
1441 1717 1674 1790 iurisdictionis,
1697 1715 1749 1777 sed
1779 1717 2083 1794 etiam,‹1uaesunt

1337 1808 1467 1884 ordinis,
1490 1809 1681 1884 exercendis,
1694 1825 1857 1886 suspensos
1878 1809 2029 1886 babeatis;
2051 1816 2082 1870 et

1337 1903 1374 1966 ab
1395 1903 1432 1964 iis
1452 1904 1713 1966 sedulocaxoatis.
1738 1904 1777 1965 Et
1798 1904 1983 1966 fraternitati
2001 1912 2081 1978 tuae,

1338 2013 1409 2059 ven.
1433 1994 1538 2069 irater,
1561 1996 1709 2074 vobisque
1724 1998 1879 2071 omnibus,
1896 1997 1999 2059 dilecti
2014 1998 2081 2073 lilii,

1336 2089 1531 2166 apiostolicam
1544 2089 1794 2151 benedictionem
1815 2099 2014 2167 peramanter
2027 2092 2083 2152 im·

1336 2183 1502 2258 partimur.

1377 2275 1488 2337 ilatum
1513 2274 1644 2352 Romae,
1674 2275 1753 2354 apud
1781 2277 1811 2340 S.
1838 2277 1963 2338 Mariam
1994 2279 2083 2340 Maio·

1337 2385 1415 2444 rem,
1438 2368 1496 2430 sub
1517 2369 1634 2431 annulo
1650 2369 1822 2445 Piscatoris,
1840 2371 1890 2432 die
1911 2387 1988 2432 xxx.
2006 2371 2083 2450 apri·

1337 2464 1373 2525 lis
1396 2479 1608 2538 uucccxvin,
1622 2462 1819 2541 pontificatus
1833 2464 1930 2527 nostri
1946 2481 2028 2527 anno
2050 2482 2081 2526 x.

1589 2624 1828 2634 ——-—-—-—

1664 2748 1758 2810 LXX.

1340 2933 1589 3012 Corrgrcgctioai
1624 2932 1905 3012 prircsbgtcroram
1940 2935 2083 2998 socrata-

1379 3027 1467 3088 riam
1499 3029 1644 3090 oratorii
1675 3026 1789 3090 Sancti
1816 3027 1961 3106 Philippi
1990 3027 2085 3090 Nerir'

1378 3121 1526 3183 ciuitatis
1558 3120 1671 3184 Sancti
1700 3120 1867 3186 Michaelis
1895 3120 2085 3186 Mccbeaaae

1378 3213 1526 3276 dioecesis
1549 3214 1835 3277 communicentur
1858 3213 2033 3294 privilegio
2054 3222 2084 3276 et

1378 3308 1505 3388 gratiae
1515 3307 1704 3386 spirituales
1716 3305 1933 3386 praesbyteris
1945 3307 2086 3370 saccale-

1381 3403 1471 3466 ribas
1482 3401 1622 3464 eiasdcar
1638 3401 1902 3480 congregationis
1915 3401 1951 3462 Β.
1962 3401 2086 3466 Mariae

1380 3504 1410 3559 ct
1434 3495 1639 3575 disparilia
1664 3493 1826 3558 l'allicclta
1848 3495 1884 3556 de
1910 3494 1998 3566 Urbe,
2015 3513 2087 3556 con·

1380 3607 1482 3652 cessae
1497 3608 1517 3652 e
1534 3590 1588 3670 sel.
1607 3605 1669 3648 rec.
1687 3587 1791 3650 Pacato
1811 3589 1839 3650 V.
1856 3589 2009 3668 Gregorio
2022 3589 2048 3651 Χ
2056 3589 2084 3650 V.

1385 3683 1509 3747 Urbano
1534 3680 1613 3746 Vlrl.
1638 3680 1775 3760 aliisque
1795 3679 2011 3761 porrtificibas.

1530 3850 1714 3920 ctEllElls
1738 3851 1797 3919 ΡΡ.
1823 3850 1894 3920 lllll.

1459 3978 1496 4044 ad
1519 3980 1689 4059 perpetuen
1713 3975 1756 4042 rei
1786 3976 1967 4044 nemoriani.

1380 4155 1398 4228 ἓ
1422 4152 1448 4214 1.
1472 4151 1633 4216 Militantis
1660 4151 1812 4214 Ecclesiae
1840 4152 2000 4229 regimini,
2025 4169 2088 4214 me·
2142 4159 2329 4222 congregauo-
2362 4169 2363 4198 i

2108 4213 2328 4271 numpraesbrla·
2362 4225 2363 4268 l

2107 4279 2194 4315 rorum
2210 4265 2327 4314 saecula·
2362 4275 2363 4308 l

1341 4247 1408 4308 ritis
1429 4246 1501 4309 licet
1523 4245 1702 4322 imparibus,
1725 4260 1780 4322 per
1802 4244 1990 4307 inellabilem
2010 4245 2089 4305 divi·
2242 4321 2247 4330 1
2298 4320 2303 4328 ⁵

1341 4356 1398 4402 nae
1410 4339 1588 4416 sapientiae,
1602 4344 1694 4414 aupue
1711 4338 1855 4400 bonitatis
1867 4337 2086 4400 abundantiam
2107 4324 2328 4425 {sssssmfflffl‘ssj
2362 4363 2363 4366 ¹

1342 4433 1568 4511 praesidentes,
1596 4429 1853 4508 presbyterorum
1880 4431 2088 4494 saecularium
2107 4429 2326 4529 Bffwgfiffisggffi
2362 4437 2363 4506 j

1341 4525 1597 4601 congregationes
1620 4524 1651 4585 in
1674 4523 1806 4585 Ecclesia
1830 4523 1883 4586 Dei
1904 4525 1953 4602 pie
1971 4532 2088 4586 sancte·
2107 4494 2199 4602 gangra
2219 4535 2252 4582 aa
2274 4545 2326 4632 [111-
2362 4573 2363 4578 ,

1342 4635 1402 4696 que
1419 4618 1587 4691 institutas,
1601 4617 1773 4694 uberesque
1789 4616 1942 4678 bonorum
1958 4632 2088 4694 operum
2107 4601 2187 4690 Τῗζξέῗ
2208 4590 2254 4636 ⁰⁰¹
2274 4599 2325 4645 μ’

1343 4709 1462 4773 tructus
1484 4709 1602 4772 assidue
1623 4710 1780 4788 praeterre
1801 4715 1974 4785 satagentes
1996 4708 2088 4788 privi-

1345 4804 1431 4880 legiis
1454 4809 1484 4865 et
1507 4803 1613 4878 gratiis
1635 4802 1764 4864 libenter
1796 4804 1988 4876 (leceramus,
2010 4801 2089 4864 sicut

1344 4897 1377 4958 ad
1402 4896 1623 4974 omnipotentis
1640 4897 1693 4957 ilci
1709 4897 1851 4972 gloriam,
1868 4905 1899 4958 et.
1913 4895 2089 4957 animarum

1342 4994 1475 5056 salutem
1496 4991 1711 5068 cognoscimus
1732 4991 1764 5052 in
1781 4989 1910 5051 llomino
1931 4988 2086 5065 expedire.

1385 5089 1403 5164 ἓ
1424 5087 1453 5150 2.
1478 5085 1599 5164 Exponi
1620 5084 1773 5162 siqnidem
1789 5084 1877 5146 uobis
1890 5101 1991 5164 nuper
2012 5086 2091 5149 lece·
2126 5095 2197 5156 inter
2212 5091 2322 5148 armela-

1345 5190 1420 5244 runt
1441 5178 1544 5241 dilecti
1568 5179 1623 5240 filii
1639 5178 1810 5256 presbyteri
1826 5178 1997 5240 saeculares
2019 5197 2089 5241 con·
2108 5147 2321 5262 flssgbbiffmreafflis

1345 5272 1535 5353 gregationis
1563 5271 1690 5332 aratorii
1718 5271 1823 5333 Sancti
1851 5271 1983 5350 Plrilippi
2005 5271 2089 5334 Nerii
2110 5258 2322 5362 ἶςῗῐρὴῖἷῗᾟῖᾞ

1346 5367 1448 5447 oppidi
1471 5365 1574 5428 Sancti
1597 5366 1751 5428 lllicbaelis
1766 5366 1955 5430 Mecboacan.
1973 5369 2091 5431 dioece-
2110 5361 2210 5460 {m
2229 5359 2322 5459 &bebi
2362 5421 2363 5424 ,

1346 5463 1386 5522 sis
1408 5461 1440 5522 in
1464 5460 1569 5534 indiis,
1592 5461 1674 5537 quod
1695 5461 1812 5522 dudam
1835 5461 1942 5523 eadem
1964 5478 2094 5538 congre-
2111 5467 2146 5512 sis
2161 5467 2322 5566 gesbpacgp

1348 5555 1429 5632 gatio
1451 5573 1466 5616 a
1489 5551 1540 5614 iel.
1553 5571 1613 5614 rec.
1632 5553 1796 5615 Benedicta
1818 5554 1989 5631 Papalllll.
2007 5527 2320 5638 p1·ao-i¹{bcb'¹}1bat-
2362 5613 2363 5618 ,

1348 5649 1507 5711 decessore
1538 5655 1645 5708 nostro
1673 5648 1846 5725 approbata,
1874 5655 1904 5709 et
1933 5649 2093 5710 nonnullis
2112 5631 2211 5676 mm·
2362 5637 2363 5652 ¹

1349 5741 1466 5818 gratiis,
1489 5741 1617 5802 indultis
1631 5748 1662 5801 et
1677 5741 1846 5818 privilegiis
1868 5743 2008 5804 decorata
2024 5741 2093 5819 luit,

589 5953 618 6009 tl)
633 5954 773 6001 clementis
783 5933 832 6002 'Ple
847 5961 912 6004 xlll.
929 5958 1010 6016 Epist.
1025 5960 1059 6006 ed
1073 5958 1205 6017 Principes
1219 5959 1295 6006 viros
1311 5962 1337 6005 et
1350 5959 1427 6015 elios,
1440 5968 1483 6003 an.
1498 5969 1534 6013 x,
1549 5967 1607 6014 peg.
1624 5958 1669 6000 111.
