4740 6962
83 623 120 673 lu.
131 619 156 668 G.
175 613 238 663 tam

921 619 991 664 Ptt's
1014 619 1062 664 ΡΡ.
1088 620 1129 665 Vl.

260 749 348 802 stram
380 757 507 820 operam
528 760 561 805 ac
586 742 704 804 labores
730 741 763 803 in
791 737 999 803 conservando

261 837 313 896 isto
333 835 471 912 generali
493 836 632 914 collegio
646 853 701 915 pro
712 837 887 898 animarum
901 831 998 894 salute

258 947 272 988 a
293 927 377 989 robis
398 936 564 1008 susceptos.
588 928 695 992 Gaudii
716 929 809 991 liuius
824 926 925 994 nostri
938 941 1001 986 rua-

259 1021 452 1098 gnitudinem
473 1024 591 1086 mirum
613 1024 645 1084 in
669 1024 796 1085 nandum
818 1019 999 1098 gravissimo

1055 737 1111 799 bus
1125 747 1266 800 accurate
1279 738 1478 801 submittetis.
1498 739 1529 801 ln
1542 736 1590 797 bis
1601 735 1798 813 supplemen-

1054 829 1092 890 tis
1114 829 1259 893 faciendis
1280 829 1478 911 praecipuum
1502 837 1640 890 vestrum
1662 827 1798 892 ollicium

1055 924 1188 1001 positum
1209 941 1276 986 esse
1297 931 1414 1003 putate,
1437 931 1468 985 et
1490 923 1567 984 nihil
1586 941 1602 984 a
1624 920 1709 985 vobis
1731 920 1797 982 sieri

1054 1031 1151 1092 posse,
1174 1016 1257 1094 quod
1278 1017 1309 1081 S.
1333 1017 1404 1080 huic
1426 1016 1497 1080 Sedi
1513 1026 1543 1078 et
1557 1015 1799 1092 congregationi

257 1131 309 1176 suo
331 1116 509 1177 testimonio
530 1117 616 1178 auxit
637 1116 700 1195 ipsa
721 1114 935 1194 Propagandae
951 1111 1000 1174 ri·
1024 1108 1027 1175 l
1053 1110 1362 1189 Propagauuaertdei
1377 1110 1564 1190 praepositae
1579 1109 1731 1188 acceptius
1745 1109 1796 1182 sit,

257 1207 301 1270 dei
316 1208 534 1286 congregatio,
549 1227 583 1271 ac
597 1209 758 1288 praecipue
772 1207 901 1269 dilectus
916 1205 998 1266 lllius

257 1307 358 1363 noster
369 1301 476 1380 loseph
490 1303 583 1364 blaria
604 1302 634 1366 S.
645 1302 680 1364 R.
693 1302 728 1365 E.
752 1301 912 1380 presbyter
927 1299 999 1362 car·

257 1393 997 1476 diualiscastellieiusdemPraefectusquisum-

257 1503 304 1549 mo
322 1488 425 1550 studio
436 1497 527 1567 atque
543 1489 638 1550 animi
653 1489 847 1566 ardoreque
862 1487 894 1546 in
910 1485 997 1546 Chri·

254 1581 290 1642 sti
312 1581 371 1642 fide
393 1582 550 1645 aeditimi
572 1582 668 1657 gloria
680 1579 871 1660 propaganda
893 1593 997 1641 accen-

255 1673 347 1750 ditur,
377 1691 432 1736 vos
459 1691 568 1737 omnes
594 1682 625 1736 et
653 1674 828 1751 collegium
856 1680 995 1734 vestrum

255 1767 395 1829 maximis
425 1767 565 1831 laudibus
593 1767 732 1842 ornavit,
759 1767 909 1843 nobisque
940 1781 996 1827 suo

253 1870 282 1922 et
299 1861 392 1922 totius
402 1860 658 1938 congregationis
670 1861 796 1923 nomine
807 1873 995 1937 magnopere

253 1955 488 2017 commendauit.
513 1955 565 2016 llis
585 1965 705 2017 vestrae
727 1953 853 2017 virtutis
874 1967 995 2031 praeco·

254 2049 310 2109 uiis
331 2049 427 2124 gavisi
447 2057 539 2128 atque
561 2048 684 2111 excitati
700 2048 736 2108 ad
749 2064 813 2122 vos,
830 2062 925 2108 veno.
937 2044 994 2106 lra-

254 2147 312 2202 tres
333 2159 366 2202 ac
388 2141 490 2204 dilecti
506 2141 574 2216 lilii,
591 2143 662 2204 dare
680 2143 733 2203 bas
755 2147 875 2203 nostras
889 2138 994 2201 literas

252 2234 418 2310 soluimus,
441 2235 552 2313 quibus
579 2235 770 2312 singularem
792 2234 825 2296 in
850 2250 904 2294 vos
931 2232 995 2294 ani·

252 2342 336 2388 mour
356 2333 389 2389 et
410 2327 599 2406 pontificiam
620 2328 778 2390 caritatem
792 2326 879 2389 vobis
898 2325 994 2401 signi·

251 2423 551 2500 ficar·emus,vosque
574 2421 644 2483 iude
665 2429 697 2482 et
712 2421 886 2500 praemium
908 2435 993 2496 prae·

251 2514 332 2575 teriti
348 2522 380 2576 et
396 2514 633 2577 incitamentum
646 2515 719 2576 nori
734 2514 863 2577 ineundi
881 2513 993 2575 laboris

251 2607 414 2670 haberetis.
437 2608 613 2683 Pergratum
637 2609 733 2684 igitur
754 2607 842 2670 nobis
861 2623 928 2668 esse
942 2607 994 2670 de-

248 2701 400 2764 claramus
423 2701 570 2762 eximiam
600 2717 723 2778 operam
749 2715 854 2780 quam,
884 2701 916 2762 in
939 2717 995 2764 no-

247 2803 327 2857 strae
348 2794 551 2858 solicitudinis
563 2801 681 2872 partem
696 2795 805 2869 vocati,
822 2795 889 2856 lesu
905 2794 993 2858 chri·

248 2895 305 2963 sto,
335 2888 485 2952 Ecclesiae
517 2905 549 2950 ac
579 2889 668 2951 nobis
699 2889 836 2964 navatis;
863 2895 895 2950 et
922 2904 990 2967 pro·

248 2989 351 3059 pterea
373 2983 575 3060 approbamus
591 2982 736 3059 generale
751 2982 925 3060 Collegium
940 2998 991 3044 rc-

245 3083 359 3150 strum,
382 3077 464 3153 quod
486 3091 571 3138 nunc
594 3076 625 3136 iu
647 3076 881 3156 Virampatnam
898 3092 992 3156 prope

247 3167 438 3248 Pondicbery
460 3168 619 3246 posuistis,
648 3169 803 3249 quodque,
825 3179 918 3247 prout
939 3186 990 3248 op·

245 3272 416 3343 portunum
429 3263 534 3340 luerit,
551 3264 583 3324 in
598 3280 793 3343 quacumque
812 3264 869 3326 alial
890 3263 991 3342 regio-

245 3373 285 3418 ne
299 3356 476 3420 collocuturi
491 3358 576 3432 estis,
592 3357 731 3438 illudque
745 3374 761 3418 a
776 3358 864 3420 nobis
878 3357 989 3435 suscipi

245 3451 277 3513 in
298 3451 452 3530 peculiare
474 3459 617 3515 nostrum
638 3458 670 3514 et
691 3451 883 3530 apostolicae
904 3449 990 3514 Sedis

244 3563 277 3608 ac
298 3553 484 3608 memoratae
510 3547 760 3624 congregationis
784 3547 988 3628 patrocinium

243 3647 274 3700 et
298 3639 428 3701 tutelam
449 3642 642 3718 profitemur.

282 3736 352 3810 §2-
377 3736 436 3800 Sed
458 3734 532 3798 dum
554 3736 628 3798 baec
655 3736 741 3798 vobis
763 3753 848 3799 nunc
869 3737 988 3813 damus,

243 3839 274 3891 et
297 3829 354 3890 alia
374 3829 468 3890 etiam
484 3844 539 3890 nos
553 3828 678 3891 daturos
699 3831 898 3906 spondemus,
921 3831 989 3909 qui·

243 3923 301 3984 bus
321 3937 398 3998 opus
420 3919 526 3996 luerit,
549 3928 671 3983 nostrae
692 3923 880 3984 auctoritatis
901 3939 988 4000 prae·

242 4016 318 4077 sidia
340 4022 371 4076 et
392 4015 628 4077 benevolentiae
649 4023 844 4094 argumenta,
858 4033 912 4078 uos
926 4034 987 4080 una

241 4111 454 4182 cohortamur,
477 4115 511 4169 ut
532 4109 707 4171 animarum
728 4110 871 4184 salutem,
893 4125 986 4189 quam

241 4201 411 4280 inquiritis,
434 4202 500 4279 pari
519 4201 622 4264 studio
644 4211 675 4264 et
696 4205 897 4267 contentione
917 4221 986 4285 ope-

240 4294 303 4356 rari
323 4296 468 4373 pergatis.
486 4294 618 4356 Labores
632 4301 664 4358 et
677 4297 848 4373 molestiae,
863 4315 938 4376 quas
953 4299 985 4360 in

241 4388 458 4451 remotissimis
485 4389 577 4451 terris
606 4388 759 4465 toleratis,
786 4391 870 4452 leves
899 4393 986 4455 vobis

240 4479 340 4543 videri
361 4489 520 4560 poterunt,
536 4481 612 4544 dum
633 4483 799 4545 ministerii
819 4486 916 4546 vestri
931 4501 987 4548 uo-

241 4573 391 4638 bilitatem
423 4575 602 4651 intuemini,
633 4591 749 4655 vosque
776 4594 832 4658 pro
862 4579 985 4642 christo

241 4666 394 4743 legatione
415 4668 517 4746 tongi,
538 4677 632 4749 atque
654 4671 771 4734 animas
794 4670 921 4735 Satanae
939 4680 984 4752 ty·

241 4761 369 4824 rannide
390 4777 547 4840 oppressas
567 4763 603 4826 ad
624 4764 846 4843 redemptionis
866 4765 985 4829 tructus

241 4854 432 4934 recipiendos
464 4872 481 4915 a
512 4855 599 4919 vobis
630 4857 735 4919 reduci
772 4857 982 4922 consideratis.

239 4947 338 5022 Quare
353 4947 391 5009 ob
406 4963 516 5026 poenas
528 4955 620 5028 atque
635 4965 810 5026 aerumnas,
823 4969 900 5030 quae
915 4954 984 5016 bac·

242 5049 332 5104 tenus
341 5040 374 5101 in
386 5040 522 5118 collegio
533 5045 887 5124 conservandoperpessi
898 5049 982 5126 estis,

240 5134 377 5198 animum
399 5151 463 5197 non
491 5136 695 5214 despondete3
717 5139 770 5200 sed
793 5141 983 5218 praeclarum
1009 5197 1011 5224 ,

240 5243 314 5307 opus
345 5229 589 5290 constantissima
623 5228 783 5293 voluntate
817 5233 979 5296 sustinete.

240 5321 299 5384 Hoc
320 5321 442 5384 ellicerc
463 5322 580 5398 optime
600 5323 753 5400 poteritis,
768 5325 792 5386 si
808 5325 982 5404 Collegium

240 5414 383 5492 generale
404 5415 531 5478 assiduis
553 5417 755 5480 incrementis
775 5422 913 5499 suppleri
930 5441 982 5485 cu·

240 5507 353 5586 rabitis,
375 5516 408 5571 et
434 5509 460 5570 si
484 5510 628 5572 alumnos
659 5511 817 5589 Sinenses,
846 5515 982 5596 conqui-

240 5616 360 5678 nenses,
384 5603 638 5681 cocincinenses,
667 5605 893 5684 camboienses,
917 5610 982 5674 Sia-

240 5710 358 5759 menses
380 5713 397 5758 e
417 5697 480 5758 suis
508 5697 637 5776 quisque
667 5708 807 5764 vestrum
829 5702 981 5765 missioni·

1053 1219 1144 1281 quam
1166 1204 1191 1265 si
1214 1204 1306 1267 huius
1328 1204 1466 1266 muneris
1488 1203 1584 1268 vestri
1606 1209 1706 1280 partes
1727 1200 1797 1264 dili·

1053 1297 1232 1372 gentissime
1251 1298 1402 1374 satagatis.

1092 1391 1111 1466 ἓ
1131 1393 1160 1452 3.
1184 1390 1263 1453 lllud
1275 1392 1367 1454 eliam
1379 1399 1409 1454 et
1422 1399 1524 1454 vestro
1537 1390 1709 1454 ministerio
1724 1405 1798 1454 cou-

1051 1492 1237 1546 sentaneum
1263 1491 1295 1546 et
1317 1485 1408 1548 nobis
1435 1485 1643 1562 gratissimum
1665 1484 1736 1558 erit,
1758 1483 1795 1558 si,

1053 1583 1174 1655 praeter
1194 1577 1274 1640 lianc
1301 1577 1431 1654 collegii
1454 1578 1607 1654 generalis
1630 1575 1795 1656 supplendi

1050 1669 1256 1745 sedulitatem,
1283 1674 1533 1752 unusquisquee
1561 1671 1686 1735 vicariis
1716 1671 1795 1748 apo-

1050 1762 1164 1825 stolicis
1186 1763 1218 1824 in
1240 1764 1437 1827 missIonibns
1458 1766 1521 1830 suis
1543 1766 1676 1841 babebit,
1699 1779 1795 1843 quan-

1052 1862 1118 1916 tum
1142 1857 1287 1935 temporis
1308 1875 1341 1920 ac
1372 1876 1479 1922 rerum
1506 1860 1640 1922 rationes
1666 1858 1796 1936 permit·

1051 1955 1129 2025 tent,
1158 1951 1322 2030 peculiaria
1353 1953 1488 2030 collegia
1513 1955 1550 2016 ad
1577 1952 1794 2017 formationem

1050 2041 1123 2104 cleri
1144 2045 1307 2107 saecularis
1334 2045 1369 2108 ad
1391 2048 1488 2109 instar
1510 2063 1638 2122 eorum,
1661 2045 1794 2126 quaein

1051 2135 1247 2200 missionibus
1269 2139 1425 2222 Tonquioi
1445 2147 1476 2203 et
1498 2141 1679 2204 cocincinae
1694 2146 1795 2202 erecta

1048 2235 1132 2291 sunt.
1156 2230 1246 2294 Hunc
1265 2233 1350 2294 enim
1372 2233 1405 2295 in
1427 2233 1566 2309 modurn,
1583 2231 1794 2311 multiplicatis

1050 2324 1193 2402 Collegiis
1215 2336 1245 2388 et
1272 2327 1443 2391 distributis
1470 2328 1617 2404 alumnis,
1643 2325 1739 2403 magis
1760 2343 1794 2387 ac

1048 2419 1146 2496 magis
1167 2421 1362 2484 incremento
1383 2439 1416 2484 ac
1441 2422 1598 2486 securitati
1624 2421 1698 2484 cleri
1720 2437 1793 2483 con·

1047 2511 1188 2575 soletur:
1213 2530 1316 2592 neque
1348 2516 1523 2579 timendum
1551 2516 1611 2576 erit
1637 2515 1737 2597 (quod
1759 2514 1792 2576 in

1048 2606 1186 2684 laponict
1216 2607 1363 2671 missione
1393 2611 1507 2672 misere
1535 2607 1664 2688 accidit)
1693 2627 1745 2685 ne,
1766 2611 1792 2671 si

1048 2715 1126 2777 quare
1148 2701 1372 2764 vicissitudines
1393 2703 1528 2781 aliquam
1550 2703 1739 2778 missionem,
1759 2710 1792 2765 ut

1048 2793 1229 2873 frequenter
1256 2797 1392 2860 accidere
1419 2797 1513 2873 solet,
1535 2798 1671 2874 affligant
1700 2804 1792 2876 atque

1048 2889 1235 2966 opprimant,
1259 2891 1363 2953 omnis
1389 2891 1545 2969 apostolici
1571 2891 1735 2954 ministerii
1758 2890 1791 2954 in

1046 2981 1113 3042 istis
1135 2982 1314 3058 regionibus
1333 2985 1589 3047 exercendiratio
1611 3002 1674 3047 una
1696 2985 1790 3046 inter-

1046 3073 1136 3137 cidat.
1160 3075 1238 3138 llaec
1258 3077 1434 3152 babuimus,
1448 3093 1543 3140 renn.
1566 3077 1676 3140 iratres
1696 3083 1727 3139 et
1748 3078 1792 3141 di-

1047 3166 1118 3229 lecti
1141 3168 1208 3245 lilii,
1230 3185 1309 3247 quae
1337 3171 1433 3232 vestri
1455 3171 1514 3234 zeli
1539 3171 1790 3247 commendandi,

1045 3267 1077 3322 et
1096 3261 1237 3325 eiusdem
1258 3263 1408 3326 incitandi
1429 3265 1517 3327 cause
1538 3267 1573 3328 ad
1602 3281 1790 3345 prosequen-

1045 3352 1115 3416 dam
1127 3356 1284 3432 egregiam
1298 3357 1407 3419 vineae
1421 3357 1546 3420 Domini
1560 3358 1705 3422 colendae
1720 3375 1791 3438 ope·

1045 3465 1111 3513 ram
1132 3452 1168 3513 ad
1196 3465 1251 3512 vos
1278 3449 1494 3514 scriberemus.
1529 3453 1628 3520 Deum
1650 3454 1789 3532 omnipo·

1045 3549 1164 3605 tentem
1191 3560 1372 3622 precamur,
1400 3551 1434 3608 ut
1463 3552 1582 3608 vestros
1608 3553 1736 3610 conatus
1757 3565 1791 3610 ac

1044 3633 1162 3697 labores
1183 3635 1219 3696 ad
1239 3651 1327 3698 suam
1353 3634 1492 3698 divinam
1517 3637 1649 3715 gloriam
1674 3655 1789 3716 augen-

1044 3729 1125 3803 dam,
1148 3735 1179 3791 et
1200 3728 1377 3791 animarum
1397 3737 1558 3792 aeternam
1581 3731 1715 3796 salutem
1736 3751 1788 3795 cu·

1043 3823 1170 3884 randam
1192 3821 1324 3884 directos
1337 3823 1391 3884 sual
1405 3823 1529 3885 coelesti
1546 3825 1642 3900 gratia
1663 3826 1788 3888 adiuvet

1043 3923 1073 3977 et
1094 3923 1293 3994 promoveam
1322 3923 1353 3978 et
1378 3916 1575 3993 apostolicam
1600 3918 1788 3982 benedictio·

1044 4025 1116 4071 nem
1148 4009 1247 4085 vobis,
1275 4025 1370 4072 veno.
1402 4010 1511 4072 tratres
1534 4017 1566 4073 et
1593 4010 1697 4075 dilecti
1719 4013 1786 4088 lilii,

1042 4111 1237 4182 peramanter
1257 4103 1469 4182 impertimur.

1081 4199 1192 4260 Datum
1213 4198 1327 4259 Romae
1348 4198 1426 4274 apud
1449 4196 1480 4260 S.
1496 4199 1634 4274 Petrum,
1657 4202 1715 4264 solt
1735 4221 1788 4265 an·

1041 4291 1117 4354 nulo
1128 4291 1300 4366 Piscatoris,
1312 4291 1361 4352 die
1372 4307 1403 4352 x.
1418 4292 1489 4353 maii
1502 4309 1697 4370 unccuxuv,
1710 4311 1786 4374 pon·

1042 4383 1173 4448 tisrcatus
1196 4383 1294 4446 nostrl
1316 4400 1398 4444 anno
1419 4399 1441 4445 r.

1382 4861 1445 4926 Vll.

1040 5049 1216 5126 Confirmat
1238 5049 1399 5111 decretum
1414 5052 1537 5114 editum
1561 5071 1658 5130 super
1680 5053 1783 5133 bapti·

1078 5157 1143 5202 soto
1165 5141 1246 5202 olum
1267 5157 1365 5220 patero
1387 5142 1526 5207 Helisaeo
1547 5147 1663 5212 colluto
1681 5149 1740 5231 (l).

1288 5313 1375 5384 etus
1397 5317 1457 5384 ΡΡ.
1483 5318 1529 5386 tlt.

1177 5437 1640 5511 mmmmmmm

1076 5615 1095 5688 ἓ
1116 5614 1143 5675 1.
1157 5611 1238 5677 Alias
1253 5617 1407 5679 emanavit
1418 5637 1433 5679 a
1446 5619 1694 5698 congregatione
1707 5631 1782 5688 tunc
1827 5619 1857 5663 ¹¹¹
1869 5620 2014 5664 ⁰²⁰⁸²⁸⁶l²

1036 5706 1240 5771 existentium
1268 5708 1298 5772 S.
1315 5709 1349 5772 R.
1367 5711 1403 5773 E.
1431 5712 1642 5777 cardinalium
1664 5716 1695 5778 in
1720 5725 1780 5780 tota

277 5936 305 5990 (l)
319 5935 384 5980 Vide
404 5937 638 5986 Bened.X1V.vol.
655 5943 695 5988 111.
718 5946 854 5990 Postremo
874 5959 970 5997 meuse,
988 5952 1071 5995 Probe
1085 5956 1109 5996 te
1122 5955 1281 6003 naeantutsse,
1298 5957 1317 5998 Α
1332 5967 1385 6009 quo
1396 5960 1529 6010 premium.
1549 5963 1689 6013 &rugulam
1706 5964 1780 6007 nobts

240 6006 422 6050 consolatlone.

340 6127 393 6174 tur.
412 6127 480 6174 Pom.
495 6128 526 6177 de
539 6130 615 6191 Prcp.
630 6131 693 6180 Ftde
706 6133 788 6181 Partis
802 6137 818 6181 t.
835 6135 890 6182 vol.
906 6139 943 6184 lv.

1646 6153 1674 6196 fl

1721 599 1780 662 209
1829 594 1883 648 An.
1898 598 1928 651 c.
1950 596 2019 650 1776

1801 5683 1846 5727 pro
1886 5671 2012 5727 baptismo

1801 5736 1880 5782 puero
1903 5725 2012 5772 bebraeo
