4722 6976
334 567 335 572 ¹
350 543 404 602 Aa.
418 549 449 604 (l.
471 547 539 601 1808

366 1344 534 1390 Prooemium.

589 546 649 608 lili

605 680 864 760 ‘delectationum
883 684 914 740 ct
929 680 1089 758 reputaris
1104 677 1310 760 professio-uis

607 773 781 855 formulam
803 772 917 834 trudit.

817 967 902 1036 ritis
926 969 985 1036 ΡΡ.
1005 968 1068 1037 llll.

689 1132 725 1199 ad
748 1137 918 1216 perpetuam
944 1133 987 1200 rei
1011 1079 1193 1200 memoriam,

608 1338 627 1413 ἓ
650 1338 677 1398 l.
702 1336 778 1399 illud
794 1353 851 1399 nos
865 1339 1012 1400 memoria
1027 1345 1213 1416 repetentes,
1230 1339 1310 1418 quod

570 1431 699 1495 Sanctus
714 1432 842 1493 ioannes
853 1431 1089 1508 chrysostomus
1104 1432 1238 1506 monuit,
1251 1431 1311 1492 beo

569 1541 682 1604 nempe
702 1533 828 1586 sacratas
849 1525 986 1601 virgines
1007 1524 1146 1587 coelestis
1167 1540 1231 1586 esse
1247 1524 1312 1601 phi-

569 1616 723 1695 losophiae
745 1617 889 1692 aemulas,
912 1618 1025 1696 quippe
1041 1633 1119 1696 quae
1140 1618 1190 1680 rel
1212 1616 1312 1694 fragili

569 1729 659 1775 carne
679 1711 806 1774 indutae
826 1709 994 1788 angelicam
1016 1709 1099 1796 illam
1122 1711 1247 1772 vivendi
1266 1726 1311 1770 ra-

568 1806 687 1868 tionem
713 1804 996 1885 repraesentantia
1026 1803 1126 1878 terris,
1149 1819 1242 1882 quam
1264 1804 1311 1864 in·

567 1915 732 1977 corporeae
762 1905 925 1977 potestates
954 1898 1073 1959 ducunt
1094 1898 1125 1959 in
1151 1896 1253 1974 coelis,
1277 1898 1310 1959 li-

568 1993 678 2054 benter
699 1991 731 2052 in
754 1989 884 2052 Domino
903 1989 1099 2052 concedimus
1114 1990 1260 2069 quidquid
1276 1990 1310 2052 ad

542 2135 547 2146 .
567 2085 743 2162 religiosam
764 2099 871 2146 earum
897 2081 1119 2161 perfectionem
1140 2083 1311 2160 augendam

351 2279 481 2336 expositio
498 2291 550 2339 pre·

338 2344 404 2380 cum.

568 2181 709 2242 conferre
730 2179 926 2241 arbitramur.

608 2275 676 2350 52.
700 2273 779 2336 Cum
802 2273 897 2349 igitur
920 2272 1015 2334 dictae
1038 2271 1069 2333 in
1092 2271 1212 2336 Christo
1232 2271 1313 2334 tiliae

569 2368 714 2431 abbatissa
735 2374 765 2429 et
788 2367 934 2430 moniales
952 2367 1072 2431 Ordinis
1094 2364 1197 2430 Sancti
1219 2369 1312 2430 Fran-

568 2462 638 2525 cisci
654 2469 837 2540 sanctaeque
851 2461 957 2525 clarae
972 2460 1168 2524 bublinensis
1182 2460 1313 2524 civitatis

567 2573 629 2620 non
652 2556 743 2617 modo
763 2554 972 2632 blagdalenam
993 2555 1030 2617 ad
1050 2555 1313 2638 Christibomini

568 2649 658 2728 pedes
682 2647 955 2727 contemplantem,
977 2647 1030 2710 sed
1051 2648 1198 2712 hiartham
1220 2649 1311 2711 etiam

567 2745 669 2806 eidem
699 2743 830 2830 Domino
862 2743 1088 2805 ministrantem
1117 2743 1233 2806 referre
1261 2761 1313 2806 eu-

568 2840 699 2918 pientes,
723 2852 837 2899 munus
858 2837 914 2899 sibi
936 2837 1136 2899 adiunxerint
1150 2837 1312 2900 erudiendi

568 2934 675 3011 inopes
703 2930 820 3010 puellas
843 2931 874 2994 in
895 2930 1041 2994 catholica
1069 2931 1140 3004 fide,
1162 2930 1312 3010 bonisque

567 3027 705 3090 moribus
726 3024 899 3100 imbuendi,
921 3026 1066 3086 hortante
1086 3027 1121 3088 ad
1140 3025 1169 3087 id
1185 3040 1311 3087 venera·

568 3120 621 3182 bili
642 3118 737 3182 fratre
758 3120 871 3181 loanne
892 3119 1007 3180 'lhoma
1029 3118 1165 3181 eiusdem
1188 3119 1312 3180 hrchie-

567 3215 700 3294 piscopo,
730 3213 783 3291 qui
804 3213 900 3274 verbo
922 3218 952 3273 et
973 3212 1115 3290 exemplo
1138 3211 1215 3274 nibil
1241 3212 1312 3274 reli-

567 3308 620 3386 qui
642 3323 790 3386 umquam
812 3306 894 3380 fecit,
911 3313 945 3368 ut
967 3305 1112 3368 catholica
1127 3305 1236 3382 religio
1250 3321 1313 3368 ma·

567 3403 630 3464 iora
651 3401 707 3463 sibi
741 3401 931 3464 incrementa
962 3400 1140 3477 susciperet.
1168 3399 1311 3480 Nosque

567 3495 754 3560 seduliorem
776 3510 900 3574 operam
921 3493 1019 3556 dictae
1039 3493 1187 3556 moniales
1209 3495 1240 3556 in
1256 3495 1312 3558 hu·

566 3589 698 3653 iusmodi
721 3604 802 3650 novo
824 3590 972 3666 gravique
988 3588 1088 3650 officio
1102 3588 1246 3666 exemplo
1261 3603 1314 3648 na-

567 3699 640 3744 vare
663 3691 786 3760 possent
807 3697 864 3761 per
883 3681 1068 3760 rescriptum
1097 3681 1145 3742 bo.
1170 3697 1230 3743 me.
1255 3683 1311 3744 lio-

567 3777 675 3839 minioi
706 3775 850 3854 Goppola,
874 3777 948 3838 dum
979 3775 1057 3835 vixit
1087 3776 1313 3855 archiepiscopi

568 3869 718 3948 Myrensis
739 3876 769 3931 et
791 3868 977 3945 congregat.
999 3868 1214 3946 Propagandae
1229 3869 1313 3931 Fidei

567 3962 722 4024 secretarii
743 3961 955 4024 exaudientia
978 3969 1081 4022 nostra
1109 3961 1157 4024 die
1180 3979 1210 4022 x.
1235 3962 1314 4023 iunii

569 4071 722 4118 neocorv.
745 4056 957 4118 recitationem
979 4054 1078 4116 divini
1099 4055 1202 4130 oflicii,
1226 4057 1314 4118 bora-

567 4166 641 4213 rum
661 4150 777 4212 scilicet
799 4149 1028 4222 canonicarum,
1048 4165 1122 4226 quas
1143 4157 1213 4212 ante
1236 4150 1314 4211 illud

568 4252 690 4322 tempus
712 4246 793 4322 ipsae
814 4241 964 4304 moniales
988 4241 1166 4322 persolvere
1186 4259 1314 4306 consue-

568 4345 694 4412 verunt,
718 4338 750 4398 in
772 4337 862 4398 oflicii
885 4336 969 4414 parvi
992 4337 1024 4397 B.
1043 4336 1081 4397 hl.
1108 4335 1244 4413 Virginis
1266 4353 1313 4398 re-

568 4431 744 4495 citationem
758 4429 1031 4492 commutavimus.
1051 4431 1156 4492 Postea
1172 4446 1245 4492 vero
1260 4446 1314 4508 per

568 4525 649 4587 aliud
681 4525 782 4585 simile
813 4524 996 4600 rescriptum
1017 4539 1054 4584 ex
1082 4526 1189 4586 eadem
1210 4533 1313 4586 nostra

569 4618 720 4681 audientia
741 4619 790 4681 die
811 4634 902 4679 xvnr.
927 4619 1096 4681 decembris
1117 4619 1190 4680 anni
1214 4620 1315 4696 proxi-

569 4728 619 4775 me
644 4712 737 4791 elapsi
769 4727 839 4772 cum
870 4712 978 4773 iisdem
1011 4711 1194 4774 monialibus
1221 4727 1315 4790 super

568 4805 755 4883 obligatione
771 4805 953 4868 observandi
970 4803 1085 4866 ieiunia
1107 4814 1138 4866 et
1158 4805 1314 4868 abstinen-

571 4901 625 4962 tias
646 4901 676 4961 in
693 4899 887 4976 regularibus
900 4900 964 4960 suis
978 4900 1100 4960 statutis
1115 4901 1314 4978 praescriptas

569 4994 824 5073 dispensavimus,
848 4995 945 5054 firmis
971 4995 1128 5055 dumtaxat
1149 5009 1313 5056 remanen-

569 5089 650 5149 tibus
682 5087 807 5150 ieiuniis
829 5095 859 5149 et
890 5087 1084 5148 abstinentiis
1105 5087 1142 5148 ab
1164 5087 1312 5150 Eecclesia

569 5183 742 5258 generatim
765 5182 950 5261 praeceptis;
972 5181 1129 5259 simulque
1150 5184 1184 5243 ud
1206 5181 1314 5244 sedan-

569 5277 620 5338 das
641 5275 776 5353 ipsarum
799 5273 983 5336 monialium
1000 5275 1200 5335 conscientias
1217 5274 1309 5337 decla-

568 5370 706 5432 ravimus
721 5368 800 5430 nihil
814 5369 872 5430 sub
886 5369 972 5444 gravi
991 5367 1040 5430 vel
1061 5367 1123 5429 levi
1136 5368 1224 5445 culpa
1240 5369 1313 5431 obli-

570 5463 724 5539 gatorium
740 5463 772 5526 in
794 5479 900 5524 earum
919 5462 1024 5538 regula
1040 5470 1071 5522 et
1087 5462 1313 5524 constitutioni-

570 5557 626 5617 bus
647 5564 752 5619 extare
772 5563 894 5633 praeter
917 5557 973 5616 tria
995 5563 1140 5617 consueta
1156 5562 1308 5634 pauperta-

569 5651 619 5724 tis,
643 5651 785 5712 castitatis
807 5659 837 5712 et
858 5649 1050 5711 obedientiae
1079 5655 1158 5722 vota,
1181 5655 1211 5710 et
1233 5647 1313 5711 aliud

569 5751 713 5822 quartum
736 5743 854 5821 puellas
871 5744 977 5820 inopes
993 5742 1178 5816 instruendi,
1194 5757 1228 5802 ac
1243 5741 1315 5802 alias

569 5844 660 5916 prout
691 5853 728 5898 ex
761 5838 939 5899 memoratis
976 5837 1147 5913 rescriptis,
1179 5851 1314 5914 quorum

571 5939 693 5994 tenores
713 5933 926 6012 praesentibus
941 5948 996 6010 pro
1011 5930 1102 6008 plene
1118 5936 1148 5991 et
1161 5928 1314 5992 sufficien-

1088 561 1150 606 tuh.
1176 561 1266 606 honr.
1291 560 1331 606 DE
1352 560 1380 605 P·
1405 559 1434 605 F·
1458 559 1540 606 PARS
1561 560 1582 604 Ι.

1366 683 1414 740 ter
1442 677 1592 754 expressis
1612 695 1645 739 ac
1666 677 1703 740 de
1729 677 1826 740 verbo
1853 680 1889 741 ad
1911 677 2042 740 verbum
2063 677 2109 738 in-

1365 769 1454 830 sertis
1476 767 1580 834 baberi
1605 770 1761 844 volumus,
1793 770 1889 834 fusius
1917 765 2107 834 continetur.

1366 861 1515 935 Quoniam
1546 870 1651 926 autem
1682 862 1837 925 institutio
1864 863 2040 926 huiusmodi
2069 865 2110 926 ibi

1365 963 1505 1032 suscepta
1525 956 1599 1018 adeo
1627 955 1737 1018 crescit
1758 956 1789 1016 in
1811 955 1885 1028 dies,
1909 955 2111 1020 benedicente

1367 1048 1508 1122 Domine,
1532 1056 1562 1110 et
1585 1049 1685 1124 floret,
1709 1055 1743 1111 ut
1764 1049 1796 1111 iu
1824 1065 1967 1128 praesens
1992 1058 2110 1130 tempus

1366 1143 1560 1222 septuaginta
1580 1144 1703 1206 circiter
1725 1145 1846 1223 puellae
1862 1163 1878 1208 a
1893 1144 1981 1208 dictis
1995 1146 2111 1208 monia·

1367 1236 1446 1298 libus
1461 1236 1539 1298 bene
1554 1237 1614 1298 iam
1628 1245 1774 1317 recteque
1788 1239 1982 1314 erudiantur,
1999 1239 2110 1302 idcirco

1368 1330 1496 1407 ipsemet
1527 1331 1779 1410 hrcbiepiscopus
1809 1331 1970 1411 dictaeque
1996 1333 2112 1395 monia·

1367 1422 1634 1500 ies,quof1rmius
1656 1433 1824 1488 memorata
1849 1426 1995 1508 rescripta
2016 1426 2111 1490 subsi-

1366 1522 1459 1591 stant,
1484 1516 1656 1594 meliusque
1677 1526 1855 1595 serventur,
1873 1530 2043 1600 utrumque
2058 1539 2113 1602 per

1366 1623 1422 1670 nos
1445 1619 1475 1671 et
1497 1609 1574 1671 hanc
1604 1609 1747 1673 Sanctam
1780 1612 1890 1676 Sedem
1920 1615 2110 1690 confirmari,

1367 1702 1576 1782 monialesque
1606 1705 1786 1781 specialibus
1817 1707 1935 1784 gratiis,
1958 1724 2036 1787 quae
2057 1725 2113 1788 pro

1367 1795 1433 1857 aliis
1455 1797 1647 1874 regularibus
1668 1798 1828 1861 ordinibus
1848 1799 1884 1860 ad
1900 1801 2052 1864 iuvenum
2066 1803 2113 1863 in·

1366 1892 1561 1954 stitutionem
1582 1891 1709 1954 addictis
1735 1909 1895 1956 concessae
1921 1902 2007 1970 sunt,
2030 1896 2112 1960 locu-

1367 1987 1485 2065 pletari,
1502 2003 1535 2049 ac
1553 1988 1679 2082 demum
1694 2003 1802 2051 earum
1818 1989 1982 2066 profitendi
1995 1991 2112 2054 formu-

1367 2080 1428 2141 lam
1450 2089 1518 2158 apte
1540 2081 1698 2143 immutari
1713 2096 1801 2158 posse
1815 2083 2008 2161 desiderant3
2025 2086 2112 2149 nobis

1367 2181 1527 2252 propterea
1549 2174 1710 2236 humiliter
1730 2175 1894 2254 supplicari
1909 2177 2062 2254 fecerunt,
2079 2188 2113 2243 ut

1368 2269 1400 2329 in
1422 2269 1594 2348 praemissis
1625 2278 1799 2347 opportune
1829 2270 2003 2348 providere,
2026 2279 2056 2334 et
2078 2282 2112 2337 ut

1367 2358 1446 2422 infra
1477 2360 1640 2439 indulgere
1668 2361 1706 2424 tle
1728 2363 1920 2440 benignitate
1951 2367 2112 2443 apostolica

1366 2455 1577 2532 dignaremur.

1406 2552 1425 2625 §
1446 2549 1474 2611 3.
1498 2549 1559 2612 Nos
1580 2552 1677 2627 igitur
1703 2551 1782 2629 ipsas
1807 2553 1956 2616 moniales
1976 2556 2113 2636 speciali·
2131 2577 2225 2673 stiffi?
2242 2585 2319 2622 onae
2352 2591 2353 2602 κ

1367 2644 1423 2708 bus
1445 2645 1550 2721 gratiis
1572 2651 1603 2706 et
1624 2643 1780 2707 favoribus
1803 2649 1944 2726 prosequi
1960 2649 2110 2728 volentes,

1367 2746 1397 2800 ct
1418 2753 1526 2802 earum
1553 2737 1725 2814 singulares
1747 2755 1891 2818 personas
1916 2759 1931 2802 a
1953 2743 2112 2821 quibusvis

1367 2831 1696 2894 excommunicationis
1727 2843 1757 2896 et
1788 2835 1956 2914 interdicti,
1984 2839 2113 2919 aliisque

1366 2927 1575 2989 ecclesiasticis
1596 2929 1745 3003 censuris,
1768 2931 1933 2994 sententiis
1954 2940 1985 2994 et
2006 2933 2113 3012 poeuis

1367 3021 1477 3098 quovis
1498 3019 1589 3082 modo
1611 3028 1641 3082 et
1661 3037 1855 3102 quacumque
1876 3024 1914 3086 de
1927 3041 2017 3088 causa
2032 3026 2112 3104 latis,

1367 3115 1391 3174 si
1414 3131 1487 3192 quas
1502 3113 1580 3175 forte
1596 3115 1798 3192 incurrerint,
1816 3117 1908 3179 huius
1930 3125 2052 3182 matum
2067 3123 2113 3184 rei

1368 3209 1464 3285 gratia
1478 3208 1672 3270 absolventes
1686 3216 1717 3271 et
1738 3211 1888 3274 absolutas
1906 3212 1973 3274 fore
1987 3229 2113 3278 censen·

1368 3309 1423 3376 tes,
1452 3302 1629 3365 huiusmodi
1659 3302 1932 3382 supplicationibus
1959 3307 2112 3385 inclinati,

1367 3395 1522 3458 referente
1543 3396 1655 3460 dilecto
1677 3398 1740 3460 filio
1762 3399 1908 3476 magistro
1931 3401 2045 3462 loaane
2061 3402 2113 3463 Ba·

1367 3491 1455 3568 ptista
1465 3491 2114 3570 QuarantottidictaeGongregationisPro-

1367 3588 1521 3664 pagandae
1547 3585 1632 3649 Fidei
1659 3589 1825 3651 secretario
1852 3590 1943 3652 ambo
1968 3591 2114 3668 rescripta

1367 3681 1517 3759 praedicta
1545 3681 1755 3758 praesentibus
1777 3699 1833 3762 pro
1854 3683 1978 3745 insertis
2000 3683 2115 3746 haben·

1368 3784 1412 3838 tes
1440 3791 1511 3838 cum
1538 3775 1682 3838 omnibus
1710 3782 1740 3838 et
1761 3776 1891 3853 singulis
1918 3777 2016 3840 ineis
2040 3793 2114 3842 con·

1368 3870 1460 3932 tentis
1486 3875 1517 3929 et
1538 3869 1701 3945 expressis,
1724 3869 1831 3931 eadem
1857 3873 1961 3932 omnia
1982 3873 2114 3934 auctori·

1367 3969 1429 4024 tate
1443 3961 1604 4041 apostolica
1619 3968 1728 4024 tenore
1742 3963 1953 4041 praesentium
1968 3965 2113 4042 approba·

1368 4071 1436 4118 mus
1457 4062 1488 4116 et
1510 4055 1740 4129 confirmamus,
1774 4055 1895 4135 illisque
1928 4057 2114 4121 inviolabilis

1367 4165 1400 4212 ac
1428 4157 1593 4226 perpetuae
1625 4148 1805 4227 apostolicae
1837 4151 1993 4214 firmitatis
2019 4153 2114 4215 robur

1368 4243 1539 4318 adibimus,
1562 4260 1595 4304 ac
1616 4257 1722 4305 omnes
1753 4260 1824 4306 cum
1855 4244 1931 4306 iuris
1953 4252 2021 4307 tum
2043 4246 2113 4308 facti

1368 4337 1514 4412 defectus,
1530 4338 1610 4416 siqui
1625 4337 1757 4414 desuper
1778 4337 1809 4397 in
1825 4337 1869 4400 eis
1884 4339 2114 4417 quomodolibet

1369 4433 1561 4509 irrepserint,
1584 4432 1763 4510 supplemus
1785 4440 1815 4494 et
1836 4449 1989 4496 sanamus.

1407 4527 1425 4600 ἓ
1446 4526 1475 4586 h.
1500 4526 1659 4588 Praeterea
1681 4526 1859 4588 auctoritate
1878 4526 1966 4588 nobis
1981 4545 1996 4590 a
2011 4528 2114 4590 Domi-
2133 4537 2315 4650 dfflgffiffln
2352 4591 2353 4630 1

1369 4636 1410 4681 no
1431 4618 1551 4696 tradita,
1575 4619 1673 4696 deque
1694 4619 1915 4697 omnipotentis
1937 4620 1991 4682 Dei
2012 4628 2114 4684 aucto-

1368 4713 1455 4774 ritate
1477 4711 1583 4773 confisi
1606 4712 1751 4775 omnibus
1766 4719 1796 4774 et
1811 4712 1941 4788 singulis
1957 4715 2115 4777 modernis

1368 4813 1398 4868 et
1420 4821 1475 4884 pro
1498 4815 1637 4883 tempore
1659 4805 1691 4867 in
1711 4813 1896 4884 perpetuum
1911 4807 2115 4871 existentibus

1369 4899 1553 4961 monialibus
1567 4900 1726 4976 praedictis
1742 4899 1961 4975 indulgentias,
1976 4907 2036 4962 tam
2052 4900 2114 4979 ple·

1368 4994 1466 5055 nerias
1488 5009 1580 5070 quam
1606 4992 1760 5072 partiales,
1783 4992 1918 5072 aliasque
1939 4992 2115 5073 spirituales

1368 5089 1479 5166 gratias
1500 5086 1694 5162 regularibus
1713 5085 1849 5161 familiis,
1865 5085 2052 5165 illarumque
2066 5088 2115 5148 iu·

1368 5181 1502 5245 dividuis
1523 5180 1715 5257 exregulari
1736 5197 1793 5243 suo
1821 5180 1963 5243 instituto
1983 5181 2115 5242 iuvenes

1368 5277 1538 5340 doctrinam
1567 5274 1764 5336 christianam
1786 5275 2027 5354 christianosque
2049 5291 2116 5336 mo·

1368 5387 1417 5433 res
1432 5370 1630 5433 edocentibus
1646 5369 1682 5430 ab
1698 5369 1752 5430 hac
1763 5368 1933 5446 Apostolica
1949 5368 2027 5432 Sede
2041 5368 2115 5430 alias

1369 5465 1551 5542 impertitas,
1564 5463 1731 5526 dummodo
1743 5463 1881 5524 iniuncta
1897 5477 1952 5540 pro
1967 5460 2028 5522 illis
2042 5477 2115 5524 con·

1368 5557 1534 5634 sequendis
1546 5557 1605 5618 rite
1617 5555 1822 5634 expleverint,
1834 5553 2016 5616 auctoritate
2027 5560 2058 5616 et
2070 5562 2115 5615 te-

1369 5665 1446 5713 nore
1467 5649 1628 5729 praedictis
1660 5656 1808 5727 perpetuo
1835 5648 2114 5723 communicamus

2138 540 2190 597 Aa.
2203 544 2234 597 C.
2252 546 2311 602 teos

1369 5743 1535 5822 tribuimus
1556 5751 1586 5804 et
1608 5741 1787 5818 elargimur.
1820 5739 1890 5802 Non
1922 5739 2115 5802 obstantibus
2220 5789 2222 5792 .

1368 5844 1472 5900 nostra
1492 5846 1523 5897 et
1543 5834 1739 5898 cancellariae
1760 5833 1941 5913 apostolicae
1955 5832 2062 5910 regula
2077 5834 2115 5894 de

1369 5947 1432 5993 non
1454 5928 1656 5992 concedendis
1682 5927 1885 6005 indulgentiis
1907 5928 1943 5990 ad
1966 5927 2072 5990 instar.
