4734 7004
73 611 109 662 Au.
120 608 142 656 Ο.
161 601 219 652 1769.

895 615 1035 660 CLEMENS
1060 614 1129 660 XIII.

282 733 444 796 missiones
476 735 664 806 mittendis,
697 730 753 794 nbi
785 739 890 796 touton
922 751 985 796 non

282 830 376 887 erunt
396 827 599 890 utissionorii
615 828 651 889 de
667 827 878 907 Propopnnde
894 826 983 900 Fide,

279 936 335 998 pro
357 937 424 983 nno
456 929 587 984 loretum
615 921 682 982 eice
702 937 758 998 pro
787 937 983 1000 unoquoque,

1041 749 1161 814 quaque
1182 734 1329 797 missione
1348 734 1543 798 concedimus
1557 744 1589 798 et
1602 736 1782 812 elargimur.

1041 829 1204 892 Hortantes
1230 829 1423 892 venerabiles
1449 829 1557 892 iratres
1582 829 1783 906 Patriarcbas,

1040 921 1201 998 Primates,
1224 923 1474 1001 Arcbiepiscopos
1496 930 1527 984 et
1548 921 1621 984 alios
1643 923 1785 985 ecclesia-

280 1014 478 1077 eeotondendo
510 1013 783 1093 Glrtsrtpdettbes
814 1015 986 1094 utriusque
1012 1055 1014 1071 ·
1041 1035 1112 1080 rum
1141 1017 1290 1094 praelatos
1321 1027 1351 1079 et
1377 1026 1529 1095 rectores,
1553 1035 1587 1081 ac
1616 1019 1704 1080 verbi
1731 1017 1785 1082 Dei

281 1125 376 1169 semus
405 1111 558 1189 confessis
584 1114 614 1170 ct
639 1125 732 1171 sucro
760 1108 984 1171 Gommrenionr

281 1203 419 1283 resectis,
438 1202 493 1282 poi
507 1200 716 1266 missionibus
731 1202 810 1280 ipsis
826 1203 985 1282 intorpesc-

281 1296 360 1358 rint.

429 1481 615 1550 cunutus
639 1479 699 1549 ΡΡ.
723 1483 794 1550 ΧΙΙΙ.

299 1675 455 1744 universis
470 1674 724 1742 cbrtsatttrlettlus
740 1677 924 1758 praesentes

448 1769 568 1836 litteras
590 1768 773 1853 inspecturis

272 1863 402 1932 salutem
424 1868 457 1930 et
477 1862 677 1947 apostolicam
701 1861 950 1929 benedictionem.

278 2055 467 2118 coelestium
482 2069 651 2116 munerum
665 2055 835 2128 thesauros,
849 2068 984 2132 quorum

238 2149 462 2227 dispensatores
491 2163 555 2211 esse
583 2163 640 2209 nos
667 2148 766 2211 voluit
794 2147 982 2222 ditissimus

238 2242 373 2304 libenter
394 2242 431 2302 ils
454 2241 672 2320 impertimur,
695 2257 771 2319 quos
799 2258 855 2320 pro
875 2257 929 2302 sua
951 2242 982 2302 in

237 2335 335 2396 Deum
364 2342 396 2397 et
424 2334 580 2413 proximos
602 2333 727 2395 caritate
749 2341 779 2395 et
801 2333 984 2396 christianae

237 2426 408 2502 ReligIonis
435 2426 502 2488 zelo
530 2427 704 2488 animarum
733 2425 866 2488 salutem
897 2427 983 2488 omni

236 2520 338 2581 studio
360 2535 525 2598 procurare
548 2518 770 2595 intelligimus,
793 2534 854 2597 quo
877 2519 910 2580 in
933 2535 982 2597 ge-

236 2627 313 2672 nere
334 2627 406 2673 cum
428 2610 589 2674 societatis
604 2612 671 2673 lesu
693 2610 852 2687 religiosos
873 2611 983 2673 babea-

235 2719 319 2778 mus,
342 2719 456 2782 eosque
472 2701 640 2782 inprimis,
657 2720 733 2781 quos
754 2703 889 2765 dilectus
901 2705 983 2768 filius

235 2797 424 2859 Laurentius
454 2796 538 2858 Ricci
564 2795 704 2858 eiusdem
732 2796 891 2860 Societatis
916 2798 982 2861 lesu

236 2891 428 2970 Praepositae
450 2889 604 2968 generalis
626 2891 664 2952 ob
685 2890 763 2952 banc
784 2905 906 2952 causam
925 2891 983 2954 boc

237 2985 301 3063 ipso
324 2991 355 3046 et
386 2984 648 3063 consequentibus
679 2984 767 3046 annis
788 2984 821 3046 in
847 2985 982 3046 diversas

235 3081 411 3164 provincias
434 3079 625 3142 Christianae
639 3078 837 3158 Reipublicae
856 3079 982 3141 mittere

235 3178 410 3242 constituit.
439 3174 501 3237 Nos
521 3191 594 3236 sane
615 3174 799 3236 eorumdem
823 3173 983 3250 religIoso·

235 3285 307 3334 rum
334 3271 482 3350 pietatem
506 3276 537 3330 et
565 3282 706 3347 operam,
736 3283 922 3346 eorumque,
945 3271 981 3333 ad

235 3383 313 3445 quros
329 3365 374 3427 illi
390 3363 533 3425 mittendi
556 3374 660 3439 erunt,
683 3361 868 3437 reilgionem
883 3380 916 3423 ac
932 3361 982 3423 de·

235 3462 398 3522 sotionem
433 3458 644 3537 spiritualibus
681 3458 789 3534 gratiis
817 3459 981 3521 contovere

233 3563 328 3634 atque
342 3569 456 3630 augere
471 3553 642 3632 cupientes,
662 3552 799 3615 eiusdem
821 3554 982 3616 Laurentii

234 3647 404 3725 Praepositi
431 3646 585 3723 generalis
609 3646 750 3724 precibus
780 3646 868 3709 nobis
888 3661 983 3726 super

233 3741 293 3802 boc
315 3740 478 3802 humiliter
498 3739 649 3818 porrectis
669 3738 821 3816 inclinati,
838 3741 982 3820 piamque

233 3835 318 3898 illius
340 3833 607 3907 deliberationem,
620 3839 772 3911 quantum
787 3849 859 3896 cum
881 3834 982 3895 Domi-

232 3945 276 3991 no
298 3944 473 4009 possumus,
489 3942 673 4006 promovere
694 3926 849 4001 uolentes
865 3929 902 3988 de
916 3943 983 3989 om·

232 4021 406 4100 bipatentis
427 4021 480 4082 Dei
504 4019 714 4081 mIsericordia
729 4036 762 4082 ac
783 4020 841 4081 BB.
852 4019 934 4082 Petri
950 4027 980 4082 ct

233 4117 320 4178 Pauli
341 4114 562 4199 Apostolorum
577 4115 643 4176 eius
663 4115 845 4176 auctoritate
861 4116 980 4192 contisi,

233 4210 381 4274 omnibus
408 4217 439 4272 et
466 4209 598 4286 singulis
626 4209 722 4272 dictae
748 4206 907 4272 Societatis
933 4226 981 4272 re-

233 4304 354 4382 ligiosis
384 4303 545 4366 mittendis
573 4301 647 4381 (ubi
670 4312 773 4365 tamen
801 4309 981 4367 nonerunt

234 4397 424 4460 missionarii
446 4396 703 4474 congregationis
725 4396 763 4459 de
783 4395 981 4475 Propaganda

234 4491 322 4571 Fide)
344 4498 375 4554 et
395 4490 462 4552 aliis
483 4491 648 4568 utriusque
664 4489 981 4553 seuustristiildeli·

234 4589 304 4664 bus,
327 4588 362 4650 ad
385 4601 461 4664 quos
483 4584 540 4664 ipsi
556 4583 700 4646 mittendi
716 4585 909 4658 accesserint,
925 4601 980 4646 no·

235 4691 332 4746 stram
364 4687 395 4742 et
426 4676 623 4757 apostolicam
651 4677 901 4740 benedictionem
927 4693 981 4756 per

235 4781 413 4856 praesentes
441 4772 659 4852 impertImur3
689 4789 747 4835 nec
775 4787 838 4835 non
863 4771 980 4834 eisdem

236 4888 310 4934 vere
339 4867 572 4950 poenitentibus
599 4874 629 4929 et
657 4867 815 4944 confessis,
838 4884 871 4929 ac
898 4885 981 4930 sacra

236 4963 464 5029 communione
486 4961 620 5038 reiectis,
632 4964 685 5041 qui
700 4977 755 5040 pro
767 4960 798 5024 S.
808 4962 842 5023 11.
852 4965 887 5028 Ε.
901 4966 981 5026 exal·

238 5059 367 5130 tattone,
390 5057 568 5136 principum
586 5057 828 5120 christianorum
850 5059 979 5136 unione,

237 5152 411 5215 infidelium
437 5152 657 5226 conversione,
683 5167 715 5213 ac
743 5152 908 5213 haeresum
928 5167 981 5213 ex-

238 5245 420 5324 tirpatione,
445 5251 537 5324 prout
565 5243 734 5322 unicuique
761 5251 909 5322 suggeret
931 5245 983 5309 de·

238 5341 332 5413 rotio,
348 5339 413 5416 pias
427 5338 462 5400 ad
478 5339 577 5400 Deum
595 5353 704 5416 ‚preces
722 5338 899 5412 eltuderint,
918 5341 981 5420 ple-

238 5432 354 5493 nariam
369 5432 513 5493 omnium
528 5436 725 5509 peccatorum
740 5446 869 5493 suorum
882 5432 981 5494 indul·

238 5525 375 5600 gentiam
397 5532 428 5585 et
449 5523 665 5584 remissionem
687 5523 927 5587 misericorditer
949 5526 980 5588 in

238 5618 367 5679 Domino
381 5617 563 5679 auctoritate
580 5615 754 5695 apostolica,
771 5623 880 5678 tenore
895 5633 983 5696 prac-

237 5711 384 5785 sentium,
408 5725 464 5788 pro
485 5726 547 5772 una
568 5709 637 5771 vice
648 5711 808 5773 dumtaxat
830 5727 885 5790 pro
907 5728 984 5773 una·

276 5953 305 6008 (l)
319 5953 357 5996 ltx
377 5951 446 5996 Bull.
462 5953 534 5997 Pont.
549 5952 582 5997 de
601 5954 627 5996 P.
643 5955 669 5998 ll.
685 5952 772 5999 collat.
788 5963 849 6000 cum
868 5956 982 6012 Regesto

238 6019 372 6067 bullarum
390 6018 588 6067 Abbrerietoris
608 6019 740 6067 decuria.
762 6020 825 6066 Vide
844 6033 925 6078 supra
938 6025 982 6068 Be·

339 6141 392 6189 lrrr.
411 6143 480 6190 Pont.
496 6141 526 6190 de
543 6143 616 6203 Prop.
631 6142 693 6190 Fide
707 6143 789 6190 Partis
805 6146 823 6190 1.
839 6143 891 6189 vol.
908 6144 945 6194 lv.

1011 1116 1014 1181 l
1041 1112 1277 1188 Praedicatores,
1291 1120 1326 1175 ut
1347 1114 1379 1175 in
1401 1111 1464 1175 suis
1485 1113 1616 1192 quisque
1637 1113 1784 1188 ecclesiIs,

1011 1196 1014 1283 Ῐ
1040 1227 1112 1273 cum
1134 1211 1266 1290 populus
1281 1212 1475 1290 frequentior
1489 1211 1595 1286 luerit,
1612 1217 1786 1288 praesentes

1011 1317 1014 1386 p
1041 1303 1144 1366 literas
1166 1321 1199 1366 ac
1220 1305 1323 1366 omnia
1344 1306 1377 1366 in
1399 1303 1443 1365 eis
1458 1311 1604 1366 contenta
1625 1301 1785 1382 publicent

1012 1394 1014 1436 ¹
1041 1414 1074 1459 ac
1094 1397 1241 1476 publicari
1265 1397 1387 1474 iaciant,
1405 1405 1436 1460 et
1457 1413 1584 1461 omnem
1606 1398 1722 1460 eisdem
1738 1416 1787 1462 re·

1011 1567 1013 1575 Ι
1041 1490 1157 1567 ligiosis
1186 1491 1341 1567 lavarem,
1369 1492 1521 1556 auxilium
1551 1494 1582 1554 in
1612 1494 1786 1573 praemissis

1011 1580 1014 1670 f
1041 1589 1207 1659 praestent.
1233 1584 1386 1649 Volumus
1404 1594 1520 1662 autem,
1537 1587 1620 1666 quod
1640 1603 1785 1665 praesen·

1011 1681 1013 1711 1
1043 1675 1121 1737 tium
1149 1680 1351 1758 transumptis
1374 1680 1468 1742 etiam
1491 1681 1658 1758 impressis,
1688 1697 1784 1743 manu

1011 1798 1013 1837 r
1040 1769 1169 1833 alicuius
1191 1774 1302 1845 notarii
1324 1774 1451 1852 publici,
1467 1792 1521 1836 seu
1537 1776 1633 1838 dictae
1654 1773 1785 1838 Societa-

1042 1864 1080 1924 tis
1094 1865 1461 1946 secretarii,subscriptis,
1475 1876 1506 1930 et
1520 1869 1622 1945 sigillo
1637 1885 1785 1947 personae

1042 1958 1071 2019 in
1097 1957 1298 2021 ecclesiastica
1324 1959 1476 2036 dignitate
1503 1962 1706 2039 constitutae,
1729 1979 1784 2024 seu

1039 2053 1205 2129 praepositi
1228 2054 1380 2130 generalis
1401 2055 1539 2117 eiusdem
1553 2053 1711 2117 Societatis
1733 2055 1785 2117 ob·

1040 2143 1182 2221 signatis,
1207 2146 1314 2208 eadem
1342 2161 1467 2225 prorsas
1492 2147 1565 2208 ledes
1590 2147 1784 2222 adhibeatur,

1040 2253 1118 2314 quae
1139 2238 1337 2301 adhiberetur
1358 2240 1429 2318 ipsis
1451 2240 1673 2318 praesentibus,
1696 2241 1719 2300 si
1742 2241 1755 2302 i
1774 2275 1785 2284 -

1039 2339 1110 2393 rent
1132 2331 1285 2393 exbibitae
1314 2333 1363 2394 vel
1392 2341 1541 2396 ostensae.
1569 2334 1784 2396 Praesentibus

1038 2423 1073 2486 ad
1095 2425 1294 2502 septennium
1317 2431 1441 2487 tanturn
1463 2425 1614 2490 valituris.

1079 2517 1190 2580 Datum
1215 2518 1345 2594 Romae,
1372 2519 1450 2599 apud
1480 2520 1510 2583 S.
1535 2521 1662 2584 Mariam
1693 2522 1783 2584 blain-

1040 2627 1119 2688 rem,
1149 2611 1206 2673 sub
1228 2614 1345 2676 annulo
1371 2614 1542 2690 PiscatorIs,
1568 2613 1619 2676 die
1643 2631 1687 2676 rx.
1716 2615 1783 2676 iulii

1039 2720 1218 2780 nnccuxu,
1244 2707 1439 2786 pontificatus
1461 2709 1558 2771 nostri
1586 2725 1670 2771 anno
1692 2725 1734 2769 rr.

1337 3093 1473 3156 XXXIII.

1039 3275 1172 3342 Retrocot
1190 3279 1380 3356 [coecitatem
1397 3280 1537 3357 privetis
1552 3281 1694 3358 personis
1712 3300 1783 3343 eoo·

1078 3387 1195 3433 cessum
1224 3372 1432 3450 terr-portiendi
1453 3373 1569 3451 populo
1594 3372 1783 3438 benedictio-

1079 3480 1149 3525 nem
1166 3466 1374 3542 apostolicum
1389 3471 1420 3526 ct
1436 3465 1527 3528 itione
1538 3468 1644 3547 protis
1656 3470 1782 3531 concedi

1077 3559 1201 3623 steterit
1224 3557 1368 3621 orrenibns
1391 3559 1606 3624 Antistitibns
1635 3577 1703 3623 com
1731 3579 1782 3640 po-

1077 3652 1293 3724 stntontibns,
1324 3653 1372 3715 ito
1403 3669 1476 3714 oeno
1498 3660 1537 3716 nt
1564 3655 1713 3733 Episcopi
1736 3656 1782 3719 bis

1078 3747 1326 3815 introeuntem,
1351 3745 1492 3823 praelati
1517 3765 1589 3808 oero
1610 3749 1783 3828 interiores

1078 3839 1170 3901 semet
1192 3854 1260 3902 eom
1289 3840 1454 3916 impertiri
1474 3842 1609 3917 possint,
1634 3842 1783 3904 determi-

1079 3938 1159 3996 noto
1175 3931 1311 4011 quodem
1334 3932 1486 4013 formatici.
1504 3933 1679 4012 deputares
1694 3953 1780 4008 ocro,

1078 4043 1214 4106 pnoemm
1246 4023 1422 4090 Ordinibus
1452 4026 1596 4105 [ocultus
1623 4028 1783 4093 diodoto

1078 4122 1133 4194 sit,
1159 4117 1244 4182 iubet
1267 4120 1304 4184 ed
1325 4137 1390 4182 reon
1412 4123 1464 4182 nti
1487 4122 1537 4183 dic
1558 4139 1617 4200 pec-o
1639 4127 1783 4186 utuntur

1079 4214 1262 4276 Antistites.
1294 4213 1446 4278 Deciorot
1473 4215 1601 4277 tandem
1622 4231 1678 4292 per
1700 4215 1783 4277 leorae

1078 4305 1327 4372 benedictionem
1354 4326 1418 4372 non
1451 4310 1578 4372 concedi
1609 4309 1783 4376 obsoletio-

1078 4420 1147 4465 nem
1170 4420 1189 4464 o
1211 4403 1356 4465 censoris
1378 4402 1433 4485 (1).

1191 4573 1374 4644 ottulfus
1406 4575 1626 4647 [etscoetts

1223 4769 1332 4822 servus
1353 4770 1507 4823 serrorum
1534 4756 1597 4838 Dei,

1157 4874 1193 4942 ad
1215 4879 1388 4958 perpetuam
1411 4875 1455 4943 rei
1481 4876 1661 4944 memoriam.

1076 5062 1298 5127 Inexbaustum
1313 5065 1585 5144 indulgentiarum
1601 5068 1782 5132 tbesaurum
1829 5070 1975 5119 irroratum,

1037 5155 1133 5218 alesu
1157 5158 1279 5220 cbristo
1294 5158 1427 5221 Domino
1443 5168 1551 5222 nostro
1568 5161 1720 5224 Ecclesiae
1736 5178 1783 5224 re·

1037 5249 1145 5312 lictum
1161 5251 1328 5312 christiano
1343 5251 1456 5330 populo
1469 5253 1605 5316 maxime
1616 5254 1782 5318 salutarem

1038 5348 1069 5403 et
1089 5358 1289 5421 summopere
1311 5345 1344 5406 in
1370 5345 1470 5423 pretio
1496 5346 1677 5411 babendum
1705 5364 1782 5425 esso,
1870 5393 1872 5398 ι

1037 5434 1203 5497 catholicae
1231 5436 1383 5500 Ecclesiae
1410 5437 1574 5500 auctoritas
1595 5447 1626 5502 et
1646 5456 1806 5502 summo-2

1039 5545 1109 5590 rum
1122 5527 1307 5590 Pontificum
1319 5530 1590 5607 praedecessorum
1602 5541 1782 5595 nostrornm

1039 5627 1124 5692 uesta
1150 5620 1296 5683 facillime
1320 5621 1461 5684 suadent.
1495 5625 1637 5702 Cumque
1661 5642 1717 5705 per
1739 5625 1784 5687 di·

1040 5713 1131 5774 vinae
1154 5713 1270 5789 gratiae
1297 5714 1537 5792 abundantiam,
1561 5716 1655 5779 nullm
1677 5717 1784 5781 sullra-

1037 5955 1094 6001 ned.
1110 5957 1171 6000 xlv.
1187 5957 1269 6001 const.
1280 5957 1416 6009 tenementis
1422 5960 1660 6010 praedecessor-nm
1675 5959 1702 6004 et
1716 5958 1785 6005 intra

1037 6025 1119 6070 const.
1134 6026 1300 6070 secernam.
1317 6026 1464 6079 Pontifices.

1656 6152 1679 6196 11

1726 593 1763 661 81
1817 593 1871 648 An.
1885 596 1916 650 0.
1937 595 2005 650 lnce
