4856 7010
985 597 1082 646 tnonx
1100 599 1316 647 'noaalcaattll

433 714 547 778 iudices
576 723 807 782 conservatores
829 718 862 780 in
892 716 1030 796 partibus
1052 716 1121 778 ind·

434 808 562 872 delium.
586 810 634 872 71.

373 899 471 966 xxx.
494 902 650 980 Approbat
680 912 711 968 et
732 905 895 968 conlirmat
926 902 1119 967 concordiam

434 997 516 1058 inter
537 997 809 1076 archiepiscopum
829 998 919 1061 ilitus
939 997 1044 1060 Graeci
1060 996 1121 1057 ilu-

431 1090 599 1152 thenorum
623 1099 654 1152 et
676 1090 850 1168 Collegium
871 1088 1030 1153 Societatis
1051 1089 1120 1152 lesu

433 1182 464 1244 in
488 1183 611 1246 civitate
633 1184 739 1247 Poloki
760 1199 854 1262 super
874 1185 1043 1246 donatione
1061 1182 1120 1244 iam

432 1277 505 1339 alias
525 1277 721 1356 praelaudato
742 1275 880 1353 collegio
901 1275 988 1338 iacta.
1013 1275 1060 1338 77.

278 1389 283 1396 ·
373 1369 483 1434 XXXI.
507 1369 706 1448 hrnulphum
736 1371 832 1432 Bossu
861 1370 975 1445 congr.
1004 1368 1121 1431 1110010-

432 1478 510 1526 000
531 1462 597 1527 Vic.
614 1467 719 1542 apost.
736 1463 873 1527 instituit
887 1463 920 1525 in
935 1463 994 1526 civ.
1011 1461 1120 1540 hleppi

431 1573 487 1636 pro
507 1557 759 1635 patriarchalibus
779 1556 973 1619 Antiocheno
998 1561 1029 1617 et
1051 1554 1120 1616 llie·

432 1649 613 1728 ropolitano,
633 1651 665 1714 in
686 1651 797 1729 quihus
819 1649 1040 1728 patriarchatus
1060 1648 1121 1710 lla-

431 1745 607 1808 ronitarum
628 1752 659 1807 et
677 1743 799 1808 Ciliciae
814 1741 1119 1822 comprehendeban-

433 1846 495 1901 tur.
519 1839 568 1903 89.

372 1932 497 1998 11111111.
521 1930 752 2010 indulgentiam
781 1926 952 2011 plenariam
979 1928 1119 1992 concedit

430 2025 576 2088 omnibus
596 2035 628 2088 et
646 2025 778 2101 singulis
792 2023 945 2101 religiosis
960 2023 1119 2086 Societatis

432 2121 499 2184 lesu
520 2120 555 2182 ad
579 2118 741 2184 missiones
756 2117 928 2192 mittendis,
945 2117 998 2179 ubi
1013 2123 1117 2180 lamen

431 2227 496 2275 000
526 2220 619 2274 00001
651 2211 834 2274 missionarii
863 2212 900 2274 dc
921 2209 1118 2289 Propaganda

431 2305 516 2382 Eide,
532 2321 588 2384 pro
609 2321 671 2368 una
687 2311 809 2368 tantum
823 2305 891 2368 vice
906 2321 962 2384 pro
977 2319 1118 2383 000000-

430 2416 503 2479 000,
518 2399 712 2462 extendenda
726 2398 985 2463 christifidelibus
1001 2399 1118 2460 utrius-

431 2509 493 2572 000
521 2507 613 2555 serus
642 2490 787 2554 contessis
815 2499 846 2554 et
865 2508 949 2554 sacra
970 2492 1118 2554 Commu-

430 2585 525 2649 01000
546 2585 678 2661 00100110,
694 2587 747 2666 001
769 2586 966 2650 missionibus
985 2585 1056 2665 ipsis
1071 2585 1117 2648 10-

431 2678 609 2742 1001000101.
632 2679 706 2743 lbid.

370 2772 509 2838 xllxlli.
532 2773 666 2837 11000001
680 2773 857 2837 1000110100
873 2773 1001 2854 00100110
1015 2788 1118 2852 perso-

429 2867 478 2930 nis
498 2883 672 2930 concessam
702 2860 902 2947 imp'ertiendi
931 2866 1045 2946 populo
1067 2866 1120 2928 be-

332 2971 336 2978 ·
379 2971 382 2976 ·
429 2961 639 3026 nedictionem
660 2961 855 3039 apostolicam
876 2968 908 3023 et
924 2960 1008 3023 illam
1024 2960 1117 3038 gratis

429 3057 554 3120 concedi
566 3056 671 3118 statuit
682 3056 828 3119 omnibus
838 3054 1036 3118 Antistitibus
1050 3070 1118 3116 eam

429 3149 669 3227 postulantibus,
693 3151 734 3210 110
754 3163 830 3211 vero
851 3157 887 3211 ut
908 3149 1049 3228 Episcopi
1074 3149 1119 3212 bis

429 3243 510 3306 intra
538 3258 669 3319 annum,
691 3243 818 3322 praelati
849 3245 925 3305 v'ero
955 3242 1118 3305 inferiores

428 3335 525 3398 semel
546 3351 613 3398 eam
636 3336 789 3412 impertiri
814 3336 943 3414 possint,
973 3336 1118 3397 determi-

430 3436 500 3491 nata
521 3428 652 3508 quadam
674 3429 818 3491 10010010.
841 3428 1011 3506 Regulares
1031 3443 1116 3504 vero,

429 3539 565 3602 quorum
586 3524 751 3588 Ordinibus
772 3523 899 3590 iacultas
917 3527 969 3590 illa
983 3528 1050 3592 data
1065 3531 1116 3607 sit,

430 3618 516 3682 iubet
537 3619 572 3680 00
593 3633 656 3682 000
679 3619 725 3682 011
747 3620 796 3683 die
816 3635 877 3698 quo
899 3627 1034 3684 utuntur
1054 3624 1116 3686 10-

430 3713 552 3776 11011100.
569 3711 705 3776 beolarat
722 3715 845 3776 tandem
860 3728 916 3792 per
932 3715 1011 3778 hanc
1024 3715 1117 3780 bene·

428 3807 597 3872 dictionem
619 3823 683 3871 non
707 3806 834 3870 concedi
854 3806 1117 3873 absolutionema

428 3901 577 3965 censuris.
601 3898 652 3962 81.

368 3993 508 4061 XXXIV.
532 3993 658 4058 Custodi
688 3991 719 4055 S.
744 3992 916 4070 Sepulchri,
938 3994 1117 4060 facultatem

426 4088 560 4165 largitur
580 4085 713 4150 durante
734 4101 868 4149 munere
888 4096 1115 4153 sacramentum

429 4180 683 4245 confirmationis
704 4181 886 4244 0001000001
907 4183 939 4244 10
955 4183 1117 4247 10010100-

428 4290 482 4339 rae
503 4273 632 4337 Sanctae
661 4273 714 4337 ubi
736 4289 801 4335 000
823 4275 885 4337 0101
914 4275 1054 4355 Episcopi
1075 4277 1118 4339 la·

428 4367 498 4442 tini,
512 4374 544 4430 et
560 4367 723 4430 chrismate
738 4367 831 4432 etiam
842 4367 942 4431 veteri
956 4369 981 4430 si
998 4386 1116 4434 novum

427 4460 534 4523 haberi
554 4465 699 4538 nequeat.
722 4460 772 4523 81.

369 4553 494 4620 XXXV.
517 4553 556 4615 lis
575 4555 749 4631 praemissis
764 4571 842 4634 0000
856 4556 969 4619 Bened.
987 4557 1066 4622 xlv.
1083 4559 1116 4622 10

427 4647 574 4712 decretali
606 4647 841 4713 Democratem
872 4651 909 4714 de
930 4654 1116 4717 monialibus

397 4735 403 4740 “
427 4741 713 4804 Graeco-Melchitis
728 4743 917 4820 decreverat,
934 4747 1116 4824 praesertim

426 4833 596 4911 denegata
611 4834 642 4898 S.
661 4834 761 4897 Basilii
777 4835 815 4897 ab
830 4835 938 4900 iisdem
952 4840 1115 4918 servanda,

427 4943 535 4990 earum
556 4927 794 4992 constitutiones
814 4930 850 4992 ad
873 4945 1013 4993 normam
1036 4933 1116 4996 eius·

427 5021 499 5085 dem
520 5020 656 5098 Regulae
670 5020 832 5084 coniectas
852 5028 884 5083 et
904 5025 1041 5087 examini
1064 5025 1117 5090 Se-

427 5113 473 5176 dis
493 5111 740 5193 1000100000εο
760 5114 879 5180 eisdem
900 5115 1051 5179 subiectas
1065 5134 1116 5196 ap-

427 5206 545 5284 probat.
569 5207 644 5272 ibid.

367 5299 507 5366 xxxvl.
530 5303 697 5366 Decretum
720 5302 750 5366 S.
774 5303 1031 5381 congregationis
1046 5303 1116 5385 Epi·

426 5409 590 5473 scoporum
611 5401 642 5456 et
668 5393 883 5472 llegularium,
906 5397 985 5459 circa
1007 5398 1119 5461 transi.

427 5496 497 5552 tum
518 5494 549 5550 et
569 5487 807 5568 adscriptionem
836 5489 967 5553 iratrum
994 5491 1117 5555 Ordinis

427 5581 459 5645 S.
482 5582 636 5645 Francisci
657 5583 915 5648 biscalceatomm
938 5585 1117 5664 provinciae

428 5675 459 5738 S.
483 5675 624 5752 Gregorii
654 5675 902 5755 Philippinarum
927 5677 961 5740 in
989 5679 1116 5756 provin·

426 5768 486 5831 cias
500 5768 623 5845 alteras,
635 5770 799 5833 confirmat
813 5775 843 5833 et
858 5771 1014 5834 observari
1030 5787 1116 5834 man·

427 5863 487 5924 dat.
504 5861 554 5925 87.

368 5954 521 6020 Xllllllll.
546 5956 802 6020 commemoratis
823 5957 861 6020 iis
874 5973 953 6038 0000
968 5957 1029 6022 iam
1044 5973 1115 6022 000-

1845 577 1904 642 7119

1233 716 1341 780 0111010
1375 716 1498 780 1000001
1528 715 1566 780 de
1600 715 1758 780 erectione
1792 713 1923 793 Collegii

1236 811 1266 874 S.
1290 807 1444 873 Francisci
1465 811 1503 872 de
1524 809 1655 872 Pacheca
1682 809 1805 874 Ordinis
1826 808 1923 872 bliao·

1236 918 1308 966 rum
1329 902 1566 968 Observantium
1589 903 1620 967 S.
1638 902 1790 966 Francisci
1805 902 1839 964 in
1854 916 1925 979 pro-

1234 997 1335 1060 vincia
1348 995 1456 1060 blerici
1466 996 1639 1071 existentis,
1652 996 1731 1058 etde
1744 994 1805 1056 1100
1820 993 1922 1056 eidem

1235 1090 1372 1168 Oollegio
1399 1091 1565 1169 proposito,
1593 1091 1755 1152 decretum
1781 1086 1813 1150 S.
1843 1088 1922 1150 Gon·

1234 1185 1423 1262 gregationis
1438 1185 1612 1258 confirmat,
1628 1196 1689 1263 000
1703 1181 1817 1260 aliquid
1833 1181 1923 1242 inno·

1235 1278 1370 1340 vandum
1391 1277 1552 1341 inhibetur
1578 1277 1658 1341 circa
1685 1273 1923 1338 constitutiones

1236 1377 1267 1433 et
1286 1376 1401 1434 statuta
1421 1371 1562 1434 eiusdem
1584 1369 1726 1446 Collegii.
1749 1366 1799 1430 88.

1175 1463 1341 1528 Xlllllllll.
1364 1464 1619 1528 Commemoratis
1634 1463 1750 1524 iterum
1761 1459 1920 1523 veteribus

1234 1575 1268 1620 ac
1289 1557 1465 1620 recentibus
1487 1557 1617 1621 Senatus
1640 1555 1753 1621 Veneti
1780 1553 1921 1629 decretis,

1235 1666 1307 1712 cum
1325 1651 1383 1713 hoc
1403 1651 1618 1730 conqueritur,
1635 1650 1822 1727 Episcopum
1843 1647 1922 1709 schi-

1233 1747 1409 1822 smaticum,
1425 1755 1530 1809 contra
1549 1747 1616 1808 data
1636 1744 1695 1807 sibi
1715 1758 1872 1821 responsa,
1888 1740 1922 1802 10

1228 1839 1360 1902 ‘ccclesia
1392 1839 1498 1918 graeca
1528 1839 1559 1903 S.
1583 1837 1708 1915 Georgii
1738 1834 1923 1899 iurisdictio-

1235 1949 1309 1997 nem
1330 1935 1520 1996 exercuisse:
1538 1931 1641 1996 eidem
1656 1929 1784 1995 Senatui
1798 1944 1921 2008 reprae-

1233 2033 1334 2090 sentat
1354 2025 1531 2096 scandalum
1552 2025 1632 2104 quod
1661 2022 1734 2086 inde
1755 2021 1867 2097 oritur,
1889 2027 1922 2083 et

1233 2121 1400 2184 discrimen
1422 2119 1455 2181 10
1476 2118 1559 2197 quod
1579 2117 1685 2180 Graeci
1706 2115 1920 2191 anduennium

1232 2216 1269 2278 ab
1289 2229 1389 2293 eoque
1405 2212 1502 2288 erigit
1515 2210 1747 2274 schismaticum
1762 2208 1799 2270 ab
1814 2210 1920 2271 eadem

1232 2308 1360 2373 ecclesia
1381 2307 1511 2369 omuino
1536 2313 1708 2380 removeat,
1730 2318 1772 2366 00
1792 2301 1923 2365 auctori-

1233 2408 1328 2466 tatem
1349 2399 1544 2480 apostolicam
1566 2399 1598 2461 10
1613 2396 1648 2461 ed
1665 2413 1699 2459 re
1713 2395 1859 2460 adhibere
1872 2412 1922 2459 co·

1232 2493 1404 2574 0010090.

1172 2590 1312 2656 lilliilll.
1336 2589 1509 2653 Confirmat
1530 2588 1696 2650 Decretum
1717 2601 1820 2649 sacrae
1839 2585 1921 2649 Gon·

1233 2682 1421 2763 gregationis
1433 2681 1658 2760 Episcoporum
1673 2687 1704 2742 01
1719 2679 1923 2756 llegularium

1231 2795 1326 2857 super
1346 2778 1524 2840 omnimoda
1547 2775 1740 2839 observantia
1762 2775 1921 2840 constitu·

1232 2876 1355 2937 tionum
1376 2871 1498 2937 Ordinis
1515 2869 1775 2934 Bethlemitarum
1790 2867 1922 2931 auctori·

1233 2975 1294 3030 tate
1314 2964 1477 3043 apostolica
1498 2963 1530 3027 in
1554 2963 1648 3027 indiis
1676 2962 1922 3026 Occidentalibus

1234 3060 1380 3134 instituti,
1403 3072 1474 3120 cum
1495 3057 1649 3135 aliquibus
1666 3056 1922 3120 declarationibus

1234 3163 1265 3217 01
1285 3151 1515 3232 provisionibus
1536 3150 1729 3229 opportunis.
1752 3149 1802 3212 92.

1150 3249 1237 3313 ·xl..
1260 3247 1418 3322 Quomodo
1448 3243 1680 3324 procedendum
1707 3244 1747 3307 sit
1775 3243 1921 3308 000011-

1232 3339 1327 3402 nariis
1358 3341 1390 3402 in
1411 3339 1626 3401 confirmando
1657 3338 1708 3400 vel
1740 3337 1921 3416 denegando

1232 3433 1376 3510 religioso
1396 3432 1483 3495 cultu
1505 3431 1669 3510 1100011)υο
1683 3429 1922 3510 1011011000000

1233 3527 1270 3589 ab
1300 3525 1468 3590 universali
1499 3526 1703 3588 consensione
1734 3526 1922 3604 populorum

1232 3621 1426 3701 praestitum,
1454 3619 1645 3698 Syracusano
1674 3619 1822 3699 Episcopo
1844 3619 1921 3683 desi·

1232 3721 1319 3792 goat,
1336 3730 1394 3776 nec
1408 3729 1472 3776 nen
1488 3729 1575 3776 casus
1591 3713 1621 3775 10
1637 3712 1751 3792 quibus
1766 3713 1922 3776 Romanae

1233 3806 1320 3872 Sedis
1341 3807 1490 3870 iudicium
1513 3814 1559 3870 est
1580 3805 1817 3886 requirendum.
1842 3805 1892 3869 99.

1173 3902 1248 3965 libi.
1273 3902 1388 3966 Statuit
1409 3901 1467 3963 sub
1489 3915 1586 3979 poena
1600 3899 1812 3978 suspensionis
1826 3898 1863 3960 ab
1878 3899 1921 3961 oi-

1233 3994 1302 4056 licio
1317 4000 1348 4056 et
1363 3992 1525 4071 dignitate,
1539 3992 1708 4069 regulares,
1723 3992 1837 4071 quibus
1851 4010 1922 4057 con·

1232 4103 1313 4150 cessa
1345 4095 1392 4150 est
1412 4086 1539 4150 lacultas
1569 4086 1771 4165 impertiendi
1797 4086 1923 4151 benedi·

1232 4182 1367 4244 ctionem
1394 4179 1535 4260 apostol.,
1557 4181 1660 4242 00011
1686 4196 1774 4259 posse
1796 4185 1922 4242 tantum

1232 4273 1354 4338 licentia
1384 4274 1632 4349 Ordinariorum,
1663 4275 1696 4336 10
1725 4273 1849 4351 scriptis
1870 4273 1923 4337 ob

1233 4374 1328 4429 tenta.
1351 4366 1401 4429 91.

1173 4462 1264 4526 XLll.
1287 4463 1445 4537 Quantum
1466 4461 1598 4540 periculi
1620 4461 1923 4526 immineatcatholi·

1230 4572 1282 4618 cao
1304 4555 1457 4632 Religioni
1479 4570 1518 4617 ex
1539 4554 1747 4618 matrimoniis
1770 4556 1853 4618 inter
1875 4573 1923 4619 ca·

1231 4647 1360 4711 10011000
1395 4655 1426 4710 01
1460 4648 1629 4711 haereticos
1664 4649 1923 4726 argentoratensi

1232 4741 1383 4820 Episcopo
1413 4742 1560 4817 ostendit,
1593 4741 1665 4804 licet
1694 4742 1727 4803 10
1749 4740 1861 4803 hisatii
1882 4740 1923 4802 ob

1231 4835 1411 4897 catholicam
1428 4835 1521 4896 totius
1537 4833 1633 4912 prolis
1646 4833 1864 4897 educationem
1876 4835 1923 4896 in·

1232 4928 1345 4990 dictam
1375 4933 1538 5006 putaretur
1567 4943 1602 4990 ea
1630 4928 1829 4990 matrimonia
1851 4928 1924 4991 fldei

1231 5020 1397 5083 catholicae
1418 5020 1614 5083 incremento
1627 5027 1658 5082 01
1678 5019 1812 5083 haeresis
1827 5021 1924 5083 extir-

1231 5114 1349 5192 pationi
1380 5113 1551 5190 inservire3
1584 5129 1721 5192 eumque
1749 5120 1859 5177 monet
1888 5121 1923 5178 ut

1232 5206 1305 5268 10110
1327 5205 1446 5269 viribus
1467 5205 1626 5269 adnitatur
1647 5221 1687 5268 ne
1709 5207 1741 5267 in
1756 5205 1870 5269 hisatii
1889 5223 1923 5270 00

1231 5300 1465 5362 contrahantur.
1488 5299 1538 5362 96.

1172 5393 1275 5458 XLlll.
1300 5393 1374 5455 Daci
1396 5399 1427 5454 et
1440 5393 1638 5470 Reipublicae
1654 5391 1858 5456 venetiarum
1874 5407 1922 5455 re-

1231 5493 1418 5567 praesentat,
1441 5495 1557 5565 000010
1578 5488 1636 5567 ipsi
1651 5487 1802 5550 dedecore
1818 5487 1921 5550 Eccle-

1231 5583 1310 5645 siam
1323 5581 1403 5644 alirci
1417 5583 1534 5657 sinant,
1547 5583 1641 5662 quod,
1655 5579 1796 5659 pluribus
1811 5583 1922 5645 additis

1230 5674 1545 5754 expostulationibus,
1568 5675 1708 5737 nondum
1740 5674 1947 5753 expulerint

1230 5770 1268 5831 ab
1288 5769 1413 5832 ecclesia
1437 5767 1467 5832 S.
1485 5768 1609 5846 Georgii
1632 5767 1819 5847 Episcopum
1841 5769 1921 5831 schi-

1230 5863 1407 5940 smaticum,
1429 5878 1555 5943 eosque,
1577 5862 1829 5926 commemoratis
1843 5864 1922 5926 0011-

1231 5955 1300 6035 0010
1320 5955 1560 6035 receutibusque
1581 5955 1711 6021 Senatus
1736 5955 1848 6020 Veneti
1868 5957 1922 6018 de-
