4750 6980
94 579 142 630 Art.
156 571 186 623 0.
209 561 266 616 leot

954 574 1026 620 urus
1047 574 1098 620 ru.
1122 577 1179 622 vrr.
1762 563 1820 626 tbi
1870 561 1925 616 An.
1938 564 1969 618 0·
1990 563 2060 618 1803

328 693 385 757 Sed
407 692 480 770 quid
503 691 671 755 dicendum
686 693 745 754 erit
760 693 797 754 de
818 691 946 755 illorum
967 710 1037 756 sen·

291 787 395 861 tentia,
416 786 470 864 qul
492 791 603 864 putant
630 785 796 848 haereticos
820 785 971 847 Ecclesiae
993 786 1036 848 le·

291 881 375 957 gibus
397 895 593 958 nequaquam
607 879 726 953 subiici,
742 885 834 957 atque
856 879 928 942 inde
948 895 1036 956 posse

291 973 354 1035 illos
375 988 459 1034 novo
473 973 611 1049 coniugii
632 971 755 1036 foedere
768 972 918 1050 copulari,
933 972 958 1033 si
974 971 1035 1050 pri·

291 1081 373 1128 urum
394 1065 535 1142 publicae
556 1065 745 1127 auctoritatis
767 1063 880 1126 iudicio
896 1064 1034 1126 solutum

291 1159 391 1231 luerit,
404 1165 601 1234 praepostere
611 1156 772 1220 inferuntt
785 1157 940 1220 Adversus
953 1156 1035 1218 illam

290 1251 419 1314 clamant
440 1251 624 1328 scripturae,
646 1249 784 1324 concilia,
809 1249 931 1312 traditio
948 1249 1034 1310 deni·

291 1359 347 1424 que
369 1343 527 1404 universa.
551 1343 699 1406 Omnium
720 1343 851 1404 istarum
874 1343 913 1404 sit
937 1358 1035 1403 sacro·

290 1444 389 1499 sancta
400 1437 582 1499 tridentina
598 1435 752 1514 synodus,
764 1451 844 1513 quae
859 1436 939 1498 Sess.
951 1434 1032 1499 llllf.

290 1531 358 1606 dap.
382 1530 411 1605 2,
435 1545 500 1591 non
522 1529 689 1606 baptizatos
709 1545 724 1588 a
748 1529 906 1608 baptizatis
926 1530 1036 1592 distin-

290 1623 478 1699 gressuros
494 1629 615 1684 tanturn
630 1622 782 1684 Ecclesiae
794 1623 917 1698 iudicio,
930 1624 1035 1700 proin·

290 1719 386 1794 deque
408 1716 527 1792 iegibus
556 1731 619 1777 non
647 1716 759 1776 subiici
785 1713 939 1789 adfirmat,
962 1731 1033 1776 cum

290 1808 420 1870 Ecclesia
432 1809 464 1869 irr
476 1808 638 1870 neminem
654 1808 800 1870 iudicium
815 1816 968 1882 exerceat,
980 1807 1034 1886 qui

289 1917 349 1964 uon
371 1902 511 1978 priusin
540 1902 636 1978 ipsam
658 1917 713 1980 per
739 1901 880 1979 baptismi
910 1901 1034 1962 ianuam

288 1993 378 2056 fuerit
389 1995 558 2070 ingressus.
573 1993 605 2056 Si
621 1993 775 2070 baptizati,
791 2007 867 2070 ergo
883 1993 1034 2055 Ecclesiae

290 2087 341 2148 frlii
357 2085 559 2167 (quamquam
574 2085 706 2147 rebelles
721 2095 753 2147 et
768 2085 968 2164 transfugae),
980 2088 1034 2165 qui

289 2180 424 2240 eiusdem
440 2179 584 2240 ecclesiae
598 2177 718 2255 legibus
728 2179 946 2242 subiiciuntur.
957 2179 1034 2254 Qua-

288 2288 320 2332 re
341 2288 427 2333 suarrr
450 2273 482 2332 in
497 2270 567 2332 illos
586 2278 768 2349 potestatem
783 2287 928 2334 exercere
942 2288 1034 2334 num-

289 2381 378 2444 quam
401 2364 609 2442 praetermisit
638 2364 782 2438 Ecclesia,
806 2371 954 2442 potestate
977 2367 1033 2427 sibi

290 2457 439 2520 divinitus
463 2458 581 2531 tradita,
609 2457 873 2534 quemadmodum
900 2458 1034 2520 infinitis

288 2551 512 2628 propemodum
533 2550 731 2612 historiarum
755 2552 968 2612 monumentis
991 2559 1035 2612 te·

288 2654 399 2706 statum
421 2650 479 2718 est,
500 2659 534 2704 ac
555 2643 669 2704 idemet
692 2643 864 2706 Concilium
881 2645 1033 2706 Tridenti-

291 2739 388 2800 tiuum
411 2752 475 2798 non
498 2737 590 2798 modo
610 2736 796 2797 novissimos
817 2737 854 2798 de
875 2739 1034 2799 matrimo-

290 2832 338 2891 nio
370 2831 499 2908 eiusque
530 2827 775 2890 indissolubitate
808 2829 1033 2890 haereticorum

290 2939 419 2996 errores,
435 2923 487 2985 sed
504 2923 584 3001 ipsos
598 2937 722 3000 quoque
736 2937 882 2983 errorum
896 2930 1034 2986 auctores

289 3018 351 3079 diro
365 3019 563 3078 anathemate
577 3014 709 3091 perculit
722 3014 778 3092 (l).
800 3013 916 3077 Verum
933 3031 1034 3093 neque

290 3110 334 3172 hic
356 3109 443 3170 locus
463 3116 509 3169 est
530 3107 704 3169 vindicandi
726 3107 878 3168 Ecclesiae
900 3108 959 3183 ius,
972 3125 1034 3187 quo

289 3202 454 3263 haereticos
475 3202 538 3262 suis
561 3200 680 3276 legibus
708 3202 955 3276 comprehendit:
981 3218 1033 3264 ne-

289 3311 344 3372 que
365 3295 452 3354 enirn
474 3295 512 3354 de
533 3293 733 3354 ecclesiastica
756 3292 835 3368 lege,
857 3293 910 3353 scd
932 3295 970 3355 de
990 3294 1033 3355 di·

288 3389 355 3448 tiua
378 3387 512 3462 agimus,
529 3401 622 3464 qnam
638 3387 719 3446 Deus
743 3387 806 3461 ipse
829 3385 901 3448 tulit
917 3390 955 3449 de
970 3404 1034 3449 ma·

289 3478 424 3540 trinronii
457 3477 660 3540 indissolubili
693 3479 830 3554 vinculo,
863 3481 912 3540 cul
941 3495 1035 3543 nemo

287 3572 433 3649 refragari
446 3577 556 3649 potest,
569 3571 608 3631 sit
619 3569 674 3631 ille
683 3570 853 3634 haereticus
864 3575 929 3635 sive
940 3575 1033 3636 etiam

286 3681 432 3743 paganus.

324 3759 429 3820 Tertia
441 3760 569 3820 demum
584 3757 711 3818 illorum
723 3757 827 3833 opinio
842 3760 1032 3836 docentium,

285 3850 481 3914 matrimonia
510 3851 736 3913 haereticorum
764 3865 866 3912 coram
889 3853 1034 3914 ministro

283 3944 449 4007 acatholico
471 3945 548 4006 inita
559 3944 733 4019 generatim
749 3943 834 4006 nulla
848 3960 926 4018 esse,
942 3950 1034 4024 atque

283 4040 357 4098 adeo
380 4035 493 4096 validas
515 4036 581 4096 fore
601 4037 752 4097 secundas
773 4051 882 4097 eorum
898 4037 1032 4113 nuptias,

282 4131 307 4190 si
323 4128 415 4190 modo
429 4144 533 4189 coram
545 4127 694 4188 catholico
705 4127 836 4206 parocho
850 4129 1032 4191 contraban-

284 4231 347 4298 tur,
364 4237 466 4300 neque
481 4219 621 4299 undique
636 4235 708 4281 vera
724 4227 781 4295 est,
795 4236 853 4282 nec
866 4221 939 4282 satis
955 4229 1031 4297 tuta,

286 4333 388 4394 neque
413 4315 523 4378 idcirco
551 4315 584 4375 in
611 4315 697 4390 praxi
729 4314 978 4393 quibuscumque
999 4317 1032 4377 in

284 4410 402 4471 casibus
431 4408 704 4470 indiscriminatim
730 4408 897 4483 sequenda.
934 4408 1033 4470 Probe

284 4501 368 4562 enirn
391 4504 478 4563 norit
505 4500 684 4562 fraternitas
708 4509 757 4560 tua
784 4500 878 4562 huius
907 4503 1032 4576 generis

285 4595 482 4655 matrimonia
504 4603 567 4653 rata
589 4601 619 4653 et
641 4593 730 4652 srrma
751 4593 918 4654 consistere
940 4595 976 4655 iis
998 4595 1030 4656 in

285 4687 368 4760 locis,
391 4688 422 4748 in
446 4686 559 4764 quibus
580 4684 711 4747 Concilii
732 4684 909 4746 Tridentini
929 4688 1033 4749 decre·

286 4787 352 4842 tum
383 4777 428 4858 (2)
462 4777 511 4838 vel
540 4792 713 4854 numquam
742 4776 932 4852 publicatum
962 4779 1031 4855 fuit,

286 4870 334 4931 uel
356 4885 529 4948 numquam
551 4869 761 4942 observatum,
779 4878 936 4946 tamquam
952 4872 1031 4933 eius·

285 4962 355 5024 dem
377 4962 508 5026 concilii
530 4962 707 5035 Decretum,
725 4961 776 5022 vel
797 4961 823 5021 sl
844 4964 1031 5043 quandoque

285 5056 483 5116 observatum
504 5053 574 5129 luit,
598 5053 692 5129 longo
713 5053 784 5114 dein
815 5057 962 5130 temporis
985 5059 1031 5117 in-

286 5151 413 5211 teruallo
427 5151 460 5209 in
471 5148 709 5211 desuetudinem
723 5147 805 5208 abiit.
823 5145 901 5206 Hinc
916 5145 1029 5208 iactum

285 5249 340 5317 est,
364 5249 398 5304 ut
419 5243 572 5320 praedicta
595 5240 711 5318 opinio,
735 5255 812 5316 quae
834 5239 1031 5300 matrimonia

285 5336 365 5396 inter
386 5335 555 5396 haereticos
580 5343 736 5394 contracta
761 5347 863 5394 coram
887 5332 1030 5394 ministro

285 5428 450 5490 acatholico
480 5427 653 5502 generatim
687 5425 772 5486 nulla
799 5431 829 5485 et
854 5425 942 5486 irrita
964 5441 1031 5488 esse

285 5525 468 5598 propugnat,
491 5518 677 5578 adversarios
698 5532 820 5594 semper·
842 5517 985 5579 habuerit
999 5526 1031 5579 et

284 5625 416 5673 nurnero
438 5612 542 5687 plures
573 5618 605 5671 et
626 5611 807 5671 auctoritate
835 5611 1031 5688 praestantis-

323 5855 353 5910 (1)
369 5856 435 5899 sess.
450 5853 546 5910 xxiv,
560 5852 592 5899 de
605 5855 659 5900 nar.
676 5854 793 5900 matrim.
809 5865 830 5898 c.
847 5856 866 5897 l.

323 5923 354 5978 (2)
370 5924 438 5966 sese.
452 5923 538 5968 xxiv.
553 5921 585 5967 de
599 5922 713 5968 Reform.
730 5921 846 5968 matrim.
862 5933 882 5967 e.
900 5925 919 5965 l.

1094 692 1199 767 simos,
1223 693 1298 756 adeo
1314 695 1415 756 utrix
1431 696 1565 774 aliquem
1589 697 1755 759 retinuerit
1770 687 1853 776 pro?

1092 785 1258 849 babilitatis
1286 787 1436 864 gradum,
1466 789 1601 851 maxime
1630 796 1694 866 post
1726 791 1839 852 editam

1092 892 1107 936 a
1129 877 1295 941 Benedicto
1317 879 1398 943 XlV.
1423 896 1505 942 anno
1527 897 1693 956 uueexcx,
1706 897 1762 960 pru
1776 889 1839 944 ma!

1093 969 1249 1032 trimoniis
1276 971 1458 1036 llollandiae
1484 973 1719 1036 celeberrimam
1743 975 1839 1038 decla-

1092 1065 1243 1125 rationem
1264 1065 1319 1144 (3).

1133 1157 1213 1218 Care
1235 1159 1343 1234 igitur,
1374 1159 1558 1220 venerabilis
1584 1159 1695 1234 frater,
1724 1168 1840 1239 tuoque

1093 1249 1235 1326 exemplo
1265 1251 1388 1328 tuisque
1411 1251 1535 1312 monitis
1557 1255 1649 1314 edoce
1677 1253 1840 1331 Episcopos

1090 1341 1300 1418 suffraganeos
1323 1350 1404 1417 tuos,
1427 1359 1479 1418 ne,
1496 1345 1527 1406 in
1550 1343 1712 1420 praedictis
1733 1347 1839 1407 matri-

1092 1434 1278 1496 monialibus
1290 1435 1387 1496 causis
1403 1438 1612 1514 expendendis
1626 1455 1659 1500 ac
1671 1438 1838 1501 diiudican-

1090 1526 1155 1602 dis,
1190 1528 1292 1604 pratls
1324 1529 1407 1590 hisce
1438 1529 1587 1591 doctrinis
1620 1529 1840 1610 fallacibusque

1091 1620 1263 1682 rationibus
1278 1622 1480 1698 decipiantur,
1496 1625 1548 1684 sed
1565 1623 1693 1707 concidi
1710 1625 1839 1686 luiden-

1091 1712 1148 1774 tini
1170 1729 1302 1774 canones
1323 1723 1354 1776 et
1375 1716 1496 1776 decreta
1521 1717 1705 1778 adamussim
1737 1718 1840 1780 obser·

1089 1814 1166 1866 rent
1181 1815 1212 1868 et
1225 1815 1406 1885 sequautur.
1431 1809 1465 1870 ln
1480 1809 1538 1870 hoc
1553 1809 1638 1870 enim
1654 1809 1839 1873 iudiciorum

1091 1913 1208 1975 genere
1228 1900 1434 1974 instituendo,
1450 1902 1476 1962 si
1491 1905 1676 1982 quandoque
1691 1905 1839 1981 coniuges

1090 1991 1127 2052 ab
1147 1993 1313 2054 acatholico
1340 1993 1522 2056 consistorio
1546 1997 1739 2060 matrimonii
1766 1999 1838 2060 viu-

1090 2083 1160 2146 culo
1181 2085 1286 2160 soluti,
1310 2085 1390 2148 haud
1412 2089 1603 2150 confidentes
1627 2098 1687 2152 tarn
1710 2091 1773 2153 levi
1794 2100 1838 2154 at·
1917 2078 1920 2082 ’

1090 2193 1150 2254 que
1168 2177 1311 2238 infirmae
1327 2180 1501 2241 auctoritati
1516 2183 1551 2243 ad
1568 2182 1719 2245 Ecclesiae
1734 2185 1838 2247 forum

1090 2269 1286 2345 confugiunt,
1298 2287 1455 2349 suumque
1465 2275 1701 2337 matrimonium
1714 2277 1838 2340 irritum

1090 2364 1235 2425 declarari
1249 2371 1372 2442 petunt,
1382 2365 1496 2428 iterum
1508 2367 1640 2432 dicimus
1651 2375 1744 2448 atque
1756 2387 1839 2432 man·

1090 2455 1209 2531 damus,
1224 2456 1357 2518 iudicem
1377 2460 1466 2537 sequi
1487 2461 1599 2523 debere
1620 2461 1749 2524 formam
1765 2480 1839 2526 con-

1092 2549 1216 2610 ficiendi
1238 2565 1418 2626 processum
1440 2567 1473 2612 ea
1496 2554 1651 2628 methodo,
1676 2572 1767 2634 quam
1789 2575 1838 2619 su·

1090 2655 1144 2716 pra
1165 2641 1427 2720 praescripsimus,
1449 2645 1685 2708 matrimonium
1708 2663 1782 2710 tero
1798 2650 1838 2711 ir-

1091 2734 1188 2795 ritum
1201 2733 1332 2794 minime
1345 2737 1520 2797 renuntiari
1532 2752 1618 2814 posse
1634 2739 1838 2816 declaramus,

1090 2826 1151 2886 nisi
1173 2843 1211 2887 ex
1233 2827 1269 2888 iis
1291 2828 1400 2902 causis,
1422 2844 1498 2906 quas
1517 2831 1661 2906 superius
1683 2837 1840 2897 recensui-

1090 2935 1172 2993 mus,
1184 2935 1321 2997 quasque
1332 2928 1439 2998 utpote
1450 2936 1522 2983 cum
1534 2922 1685 2985 Ecclesiae
1699 2923 1838 2989 doctrina

1090 3016 1121 3072 et
1143 3013 1283 3073 unanimi
1306 3020 1430 3091 patrum
1445 3023 1477 3075 et
1491 3017 1653 3078 doctorum
1675 3019 1839 3083 catholico

1089 3120 1162 3165 rum
1183 3107 1337 3167 sententia
1359 3115 1582 3169 consentaneas
1597 3109 1690 3172 Sedes
1712 3113 1839 3190 Aposto-

1089 3196 1146 3259 lica
1167 3198 1357 3275 approbavit.

1129 3293 1148 3366 ς
1170 3289 1199 3350 7.
1223 3290 1267 3352 hd
1289 3289 1413 3368 plenam
1436 3293 1608 3378 propositae
1630 3295 1681 3358 abs
1702 3305 1733 3361 te
1748 3316 1838 3378 quae·
1875 3316 1967 3362 utrum
1983 3315 2073 3364 nurus-

1089 3383 1198 3446 stionis
1225 3384 1488 3462 explanationem,
1515 3392 1610 3449 restat
1637 3404 1722 3453 nunc
1742 3392 1838 3456 decla·
1858 3368 2072 3478 ffifffflffi

1090 3476 1234 3550 randum,
1247 3493 1284 3538 an
1302 3477 1321 3538 ii
1337 3479 1485 3554 coniuges
1500 3479 1664 3544 catholicae
1675 3483 1838 3562 religionis
1857 3477 2072 3590 {iffiffitgffffij

1090 3571 1237 3644 cultores,
1255 3571 1308 3648 qui
1323 3571 1387 3633 sola
1407 3572 1566 3636 acatholici
1588 3575 1770 3640 consistorii
1785 3597 1837 3642 au·
1858 3581 1935 3628 mmi-

1090 3663 1243 3736 ctoritate,
1266 3679 1394 3725 excusso
1416 3665 1529 3742 prioris
1557 3671 1748 3733 matrimonii
1769 3674 1837 3734 rin·

1089 3755 1171 3829 culo,
1193 3757 1229 3816 ad
1251 3756 1401 3817 secundas
1422 3759 1544 3835 nuptias
1568 3775 1671 3822 coram
1694 3765 1838 3828 ministro

1090 3849 1256 3920 acatholico
1287 3852 1541 3928 properaverint,
1573 3855 1684 3918 deinde
1714 3860 1837 3923 admissi

1088 3941 1213 4002 sceleris
1235 3942 1430 4018 poenitentes
1455 3947 1580 4008 reniam
1604 3947 1765 4013 humiliter
1787 3970 1839 4032 pe-

1090 4038 1168 4108 tant,
1192 4033 1311 4111 possint
1331 4036 1367 4096 ad
1388 4047 1654 4102 sacramentorum
1676 4044 1837 4123 participa·

1090 4125 1205 4188 tionem
1221 4126 1352 4188 admitti.
1370 4125 1429 4190 Sed
1445 4129 1530 4191 nulla
1552 4131 1608 4194 hac
1629 4133 1661 4194 in
1683 4151 1717 4197 re
1738 4146 1838 4215 potest

1088 4233 1154 4279 esse
1175 4218 1337 4294 dubitatio,
1352 4220 1506 4298 siquidem
1523 4239 1613 4286 veros
1628 4229 1838 4302 poenitentiae

1088 4311 1209 4373 fructus
1223 4311 1346 4387 faciant,
1362 4329 1496 4390 quorum
1511 4318 1650 4391 primunr
1667 4320 1755 4382 illum
1771 4339 1838 4386 esse

1088 4411 1220 4480 oportet,
1234 4413 1269 4465 ut
1283 4421 1298 4464 a
1313 4405 1450 4467 secundo
1461 4409 1594 4484 coniuge
1605 4420 1801 4491 separentur,
1811 4417 1837 4478 si

1089 4498 1173 4575 prior·
1188 4497 1273 4559 vivat
1294 4499 1402 4560 adbuc.
1427 4497 1484 4560 Sin
1506 4515 1581 4561 vero
1608 4500 1783 4578 decesserit,
1807 4515 1838 4569 et

1088 4596 1221 4667 uterque
1233 4589 1347 4651 coniux
1357 4591 1398 4652 sit
1407 4591 1587 4667 catholicus,
1600 4595 1767 4674 Episcopus
1777 4607 1837 4662 sta-

1088 4688 1155 4744 tuet
1176 4683 1249 4759 quid
1271 4682 1350 4746 fatto
1371 4699 1448 4761 opus
1470 4683 1576 4759 fuerit,
1593 4694 1628 4747 ut
1647 4687 1706 4750 rite
1720 4699 1838 4753 sancte·

1088 4790 1149 4852 que
1170 4775 1407 4838 matrimonium
1433 4778 1573 4838 contrahi
1601 4781 1705 4856 possit.
1731 4781 1791 4844 Sed
1810 4785 1835 4846 si

1087 4866 1272 4930 acatholicus
1294 4868 1372 4930 alter
1392 4884 1430 4928 ex
1453 4869 1638 4946 coniugibus
1661 4871 1767 4949 fuerit,
1783 4876 1836 4953 qui

1088 4973 1159 5021 curn
1181 4961 1331 5022 catholico
1360 4961 1437 5022 velit
1458 4964 1587 5040 nuptias
1615 4963 1708 5038 inire,
1731 4967 1781 5028 rel
1803 4969 1835 5031 in

1087 5068 1123 5112 eo
1144 5069 1228 5126 casu,
1251 5069 1313 5131 quo
1335 5053 1500 5116 vinculum
1530 5057 1639 5132 prioris
1660 5059 1707 5120 sui
1730 5061 1837 5121 matri-

1087 5147 1185 5206 monii
1207 5161 1262 5222 per·
1284 5147 1439 5223 duplicem
1460 5148 1648 5210 sententiam
1666 5151 1835 5214 iudicisec-

1086 5237 1246 5298 clesiastici
1268 5237 1328 5299 rite
1348 5255 1381 5299 ac
1402 5239 1542 5314 legitime
1564 5241 1749 5303 dissolutum
1770 5241 1837 5306 iue-

1086 5331 1139 5404 rit,
1163 5329 1212 5390 vel
1226 5331 1259 5394 in
1277 5331 1374 5392 altero
1385 5331 1467 5410 quod
1490 5349 1544 5410 per
1559 5341 1694 5396 mortem
1708 5337 1836 5398 alterius

1086 5424 1228 5500 coniugis
1250 5425 1388 5501 primum
1405 5426 1640 5488 matrimonium
1661 5436 1769 5506 suapte
1784 5445 1836 5491 na·

1088 5527 1155 5580 tura
1177 5518 1353 5595 disruptum
1381 5534 1416 5579 ac
1442 5519 1603 5581 discissum
1629 5519 1734 5597 fuerit,
1761 5530 1837 5586 tunc

1086 5618 1173 5671 caute
1196 5617 1227 5671 et
1249 5611 1383 5671 maxima
1405 5611 1538 5674 adhibita
1560 5614 1719 5690 diligentia
1736 5631 1770 5677 se
1784 5630 1835 5692 ge-

1057 5868 1064 5973 Ι
1129 5855 1158 5911 tt)
1174 5855 1238 5902 vide
1252 5855 1303 5901 rol.
1317 5856 1360 5900 111.
1374 5859 1558 5905 Matrimonia,
1575 5868 1650 5911 quac.
