4750 6980
90 558 120 608 In.
130 550 152 601 G.
170 541 226 594 1794

907 561 978 606 ntus
1001 561 1050 606 PI'.
1074 562 1117 606 vt.

249 672 376 750 Propter
397 673 450 734 sni
472 675 717 753 peneralilalem
741 678 925 750 temeraria,
948 695 985 738 oc

281 766 331 844 pio
343 779 400 842 per
412 763 586 830 Ecclesiam
601 770 805 847 propacmtato
820 770 902 832 mori
914 787 985 832 oom-

284 861 398 930 traria,
429 863 522 940 poesi
551 862 660 926 oollae
688 867 799 926 onteml
828 862 984 944 imapimes

281 953 502 1016 sanctissimae
518 956 692 1018 Trinitatis
705 955 919 1018 communiter
930 973 983 1035 ap·

283 1047 439 1125 probatae,
463 1065 501 1110 oc
523 1053 596 1111 toto
617 1049 858 1126 permittendae.

416 1195 461 1256 Eu
483 1195 570 1258 brevi
593 1195 832 1260 sollicitudinis
855 1203 984 1260 nostrae

458 1288 616 1352 Benedicti
639 1288 719 1352 XIV.
744 1291 816 1351 anni
841 1289 926 1352 tris.

564 1611 658 1676 LXX.

281 1800 355 1861 Item
375 1799 514 1860 doctrina
536 1805 567 1860 et
588 1799 788 1878 praescriptio
809 1803 982 1877 generatim

245 1893 406 1970 reprobans
421 1907 547 1954 omnem
562 1891 727 1970 specialem
742 1893 874 1969 cultum,
887 1911 982 1974 quem

244 1986 329 2048 alicui
348 1986 509 2064 speciatim
531 1985 659 2062 imagini
681 1983 781 2048 solent
802 1987 907 2050 fideles
926 1989 983 2052 im-

244 2081 385 2159 pendere,
401 2087 432 2141 et
453 2080 488 2142 ad
505 2079 600 2158 ipsam
617 2079 717 2158 potius
732 2095 824 2158 quam
839 2079 873 2142 ad
890 2081 981 2144 aliam

243 2171 417 2250 conlugere,

249 2361 434 2432 Temeraria,
458 2361 650 2438 pernicioso,
666 2361 718 2438 pio
733 2376 789 2438 per
805 2361 980 2424 Ecclesiam

279 2457 480 2536 frequentato
500 2456 594 2526 mori,
617 2459 687 2516 tom
702 2461 731 2516 ct
747 2455 800 2516 illi
814 2455 980 2532 providen-

280 2550 341 2612 tiae
363 2548 471 2610 ordini
493 2548 743 2626 inimicamque
766 2549 806 2610 ita
827 2549 907 2612 Deus
922 2565 979 2613 nec

280 2644 308 2705 in
322 2642 468 2704 omnibus
484 2639 642 2704 memoriIs
655 2651 832 2704 sanctorum
847 2643 901 2704 ista
914 2643 980 2704 lieri

279 2736 385 2810 voluit,
397 2735 450 2814 qui
465 2733 575 2797 dividit
590 2735 710 2814 proprIa
726 2734 897 2813 unicuique
912 2751 982 2814 pro-

280 2840 312 2892 ut
332 2828 412 2891 vult.

394 2948 440 3010 Eu
463 2947 494 3011 S.
519 2947 597 3024 Aug.
622 2964 669 3020 ep.
694 2947 732 3009 78
759 2948 857 3024 clero,
880 2951 980 3011 senio·

435 3041 531 3116 ribus,
548 3051 578 3103 et
600 3042 764 3104 universae
778 3040 859 3120 plebi
876 3042 981 3104 Eccle-

434 3134 497 3196 siae
519 3133 692 3212 IIIpponeu.

551 3388 658 3454 LXXI.

273 3580 350 3641 Item
371 3593 449 3657 quae
465 3586 548 3640 vetat
564 3594 605 3640 ne
619 3576 779 3654 imagines,
797 3581 978 3656 praesertim

238 3674 267 3735 B.
285 3670 434 3748 Virginis,
450 3670 521 3733 ullis
536 3670 633 3733 titulis
648 3670 878 3748 distinguantur
892 3689 978 3752 prae·

238 3775 281 3828 ter
297 3779 390 3844 quam
404 3763 721 3839 denominationibus,
737 3781 815 3843 quae
828 3765 890 3828 sint
905 3783 978 3828 ana-

237 3859 319 3935 logae
346 3858 514 3936 mysteriis,
536 3855 574 3918 de
601 3856 713 3936 quibus
743 3858 773 3919 in
801 3875 883 3920 sacra
903 3860 979 3922 scri·

237 3959 320 4030 ptura
342 3967 483 4030 expressa
506 3951 541 4012 tut
563 3951 696 4026 menti03

272 4046 361 4122 Quasi
390 4061 447 4108 nec
474 4044 603 4108 adscribi
635 4055 758 4124 possent
789 4046 977 4124 imaginibus

238 4141 299 4219 piae
312 4139 388 4201 aliae
402 4137 680 4212 denominationes,
693 4154 768 4215 quas
783 4137 832 4200 vel
848 4139 879 4199 in
892 4139 977 4218 ipsis·

238 4241 297 4296 met
320 4231 451 4311 publicis
479 4231 621 4310 precibus
651 4231 783 4294 Ecclesia
811 4232 918 4311 probat
946 4241 977 4295 et

237 4327 440 4401 commendat,

240 4514 428 4586 Temeraria,
445 4512 576 4590 piorum
598 4513 732 4575 auriam
748 4513 910 4593 offensioo,
928 4533 977 4576 oe-

274 4608 434 4672 nerotimti
457 4604 484 4670 b.
500 4607 691 4684 praesertim
710 4607 834 4686 Virpini
853 4606 977 4672 debitae

275 4717 446 4766 iniurioso.

542 4888 661 4952 LXXII.

272 5076 446 5154 itemquae
468 5075 557 5138 velut
581 5075 711 5139 abusum
737 5079 883 5158 extirpari
907 5081 975 5144 vult

238 5185 364 5245 morem,
377 5185 439 5249 quo
450 5169 569 5232 relatae
579 5179 776 5233 asservantur
788 5179 888 5236 certae
901 5175 974 5236 iina-

238 5279 332 5340 grues,

242 5451 427 5520 Temeraria,
447 5452 650 5529 frequentato
667 5453 701 5514 in
718 5453 860 5517 Ecclesia
881 5463 911 5518 et
934 5456 975 5519 ad

272 5543 412 5622 fideliam
426 5543 577 5622 pietatem
588 5545 755 5626 fovendam
768 5547 901 5610 indocto
912 5562 975 5610 mo·

274 5641 302 5701 ri
323 5639 503 5701 contrario.

552 5822 658 5832 -ῃ-

1325 699 1363 744 uu
1386 699 1503 746 reseis.

1082 866 1189 930 LibolI.
1207 871 1381 932 memorial.
1399 885 1457 947 pro
1472 872 1544 949 pest.
1564 869 1693 950 reform.
1712 870 1731 944 5
1752 871 1783 928 3.

1346 1056 1478 1120 LXXIII.

1078 1242 1096 1316 ἓ
1117 1241 1166 1304 50.
1190 1241 1360 1321 Propositio
1381 1244 1548 1311 enuntians
1569 1241 2014 1314 novorumIe·I1nsa0aan,

1037 1343 1157 1398 storum
1179 1337 1408 1400 iustitutionem
1430 1354 1469 1400 eu
1490 1336 1634 1414 neglectu
1651 1337 1683 1398 in
1699 1343 1786 1397 uete-

1038 1427 1123 1491 ribus
1144 1429 1353 1506 cbservandis,
1376 1437 1406 1493 et
1428 1447 1466 1492 eu
1495 1429 1576 1492 lalsis
1604 1429 1784 1492 notionibus

1038 1527 1167 1584 naturae
1195 1530 1225 1585 et
1254 1524 1325 1586 linis
1346 1525 1525 1588 earumdem
1547 1522 1784 1586 solemnitatum

1038 1614 1190 1690 orIginem
1212 1617 1346 1692 duxisse,

1039 1801 1146 1873 Ealsc,
1177 1805 1360 1876 toooerorio,
1391 1804 1590 1874 scandaloso,
1624 1804 1784 1866 Ecclesiae

1077 1894 1251 1966 iniuriosa,
1276 1898 1385 1976 fouens
1408 1897 1648 1960 baereticorum
1669 1897 1703 1958 in
1718 1896 1783 1958 dies

1076 1990 1172 2068 [astos
1200 2005 1256 2066 per
1279 1988 1453 2053 Ecclesiam
1482 1988 1656 2054 celebratos
1680 1991 1784 2051 conoi-

1077 2099 1146 2142 coes.

1078 2335 1156 2398 rota.
1181 2339 1199 2413 s
1221 2342 1253 2400 a.

1342 2458 1477 2524 cxxiv.

1076 2645 1260 2709 Deliberatio
1290 2646 1399 2725 synodi
1430 2648 1467 2710 de
1500 2646 1720 2712 transterendIs
1750 2648 1782 2709 in

1035 2738 1117 2800 diem
1139 2740 1335 2803 Dominioum
1362 2740 1447 2803 lestis
1478 2755 1534 2818 per
1554 2755 1673 2802 annum
1696 2740 1784 2802 insti-

1036 2833 1127 2893 tutis:
1151 2833 1243 2910 idque
1261 2849 1317 2911 pro
1332 2833 1412 2908 iure,
1429 2835 1510 2912 quod
1527 2847 1709 2912 persuasum
1724 2831 1783 2893 sibi

1036 2941 1101 2986 esse
1122 2925 1164 2986 ait
1186 2926 1332 3004 Episcopo
1350 2934 1527 3004 competere
1541 2940 1634 3002 super
1649 2925 1782 3004 discipli-

1035 3033 1107 3080 uam
1129 3019 1362 3084 ecclesiasticam
1386 3022 1417 3083 in
1440 3020 1548 3084 ordine
1570 3022 1606 3082 ad
1629 3035 1677 3082 res
1696 3035 1781 3082 mere

1034 3113 1225 3190 spiritualem
1249 3113 1378 3194 ideoque
1399 3122 1430 3177 et
1452 3122 1651 3193 praeceptum
1671 3114 1781 3176 mtssae

935 3219 937 3222 ·
1035 3205 1203 3268 audiendae
1223 3205 1389 3284 abrogandi
1411 3206 1530 3278 diebus,
1554 3205 1586 3267 in
1609 3205 1722 3283 quibus
1743 3221 1782 3266 eu

1034 3298 1163 3374 pristina
1186 3297 1337 3360 Ecclesiae
1358 3298 1427 3376 lege
1450 3299 1535 3375 viget
1556 3299 1730 3361 etiamnum
1751 3299 1781 3362 id

1035 3397 1250 3470 praeceptum:
1274 3399 1344 3454 tum
1357 3391 1450 3454 etiam
1466 3392 1498 3454 in
1512 3382 1561 3466 eo,
1577 3390 1659 3470 quod
1674 3407 1780 3472 super-

1034 3484 1116 3546 addit
1137 3486 1174 3547 de
1197 3483 1417 3546 transferendis
1433 3486 1464 3546 in
1479 3486 1648 3547 adventum
1664 3485 1783 3564 episco-

1033 3576 1093 3655 pali
1113 3577 1295 3639 auctoritate
1318 3575 1442 3639 iequiis
1462 3590 1518 3654 per
1533 3592 1653 3639 annum
1668 3593 1707 3639 eu
1723 3578 1779 3640 Ec-

1033 3670 1143 3732 clesiae
1166 3677 1327 3748 praecepto
1348 3669 1527 3746 servandis,

1073 3764 1228 3839 Quatenus
1249 3764 1379 3826 adstruit
1402 3763 1549 3842 EpIscopo
1572 3763 1614 3826 las
1630 3780 1696 3827 esse
1712 3767 1780 3828 iure

1034 3859 1158 3937 proprio
1174 3857 1340 3919 transferre
1355 3856 1419 3918 dies
1434 3857 1472 3919 ab
1489 3857 1621 3920 Ecclesia
1633 3860 1780 3938 praesori-

1033 3961 1100 4031 ptos
1122 3966 1177 4029 pro
1198 3949 1282 4012 iesus
1302 3951 1469 4013 ieiuniisve
1492 3950 1700 4015 celebrandis:
1726 3961 1780 4016 aut

1033 4046 1185 4108 indictum
1207 4043 1316 4106 missae
1330 4043 1499 4106 audiendae
1515 4053 1712 4124 praeceptum
1729 4045 1780 4108 ab·

1033 4153 1152 4215 rogare,

1033 4327 1214 4407 Propositio
1235 4324 1332 4408 salso,
1358 4325 1442 4387 iaris
1464 4325 1676 4388 conciliarem
1690 4343 1781 4407 pmc-

1072 4421 1195 4484 raliam
1223 4428 1253 4483 et
1280 4434 1478 4483 summorum
1501 4419 1695 4498 Pontificem
1717 4419 1780 4484 lac·

1071 4515 1151 4588 sivo,
1174 4514 1374 4586 scandaloso,
1398 4511 1566 4575 schismati
1588 4513 1710 4594 sareas.

1272 4817 1312 4864 un
1328 4815 1535 4864 tununensis.

1073 4992 1183 5058 Libell.
1201 4989 1379 5052 anemoriel.
1395 5004 1453 5066 pro
1468 4989 1535 5050 ior.
1554 4990 1684 5069 reform.
1702 4991 1721 5066 s
1743 4995 1775 5053 5.

1344 5177 1464 5244 LXXV.

1072 5372 1091 5446 ὃ
1111 5371 1160 5432 tt.
1178 5369 1334 5452 Doctrina,
1347 5385 1425 5447 quae
1436 5368 1577 5447 perbibet
1592 5369 1686 5430 beatis
1698 5376 1775 5434 tem·
1797 5383 1929 5484 mAeIIIIsOE
1943 5385 2008 5430 iura-

1030 5465 1155 5544 poribus
1176 5463 1328 5524 nascentis
1350 5461 1502 5524 Ecclesiae
1523 5462 1698 5524 iuramenta
1713 5463 1777 5524 visa

1031 5571 1097 5617 esse
1118 5571 1134 5615 a
1155 5551 1350 5615 documentis
1374 5553 1473 5614 divini
1496 5551 1711 5630 praeceptor-Is,
1733 5559 1776 5613 at·

1031 5665 1091 5729 que
1112 5648 1149 5709 ab
1169 5662 1261 5709 aurea
1283 5645 1458 5723 evangelica
1486 5643 1683 5724 simplicitate
1702 5646 1777 5709 adeo

1031 5743 1141 5816 allena,
1161 5749 1196 5804 ut
1211 5743 1381 5819 ipsummet
1403 5741 1517 5803 iurare
1542 5740 1612 5802 siae
1632 5748 1777 5804 octremo

1031 5841 1061 5896 et
1084 5833 1288 5898 irretractabili
1304 5834 1492 5896 necessitate
1507 5837 1679 5911 reputatos
1693 5833 1776 5912 stris·

1030 5932 1077 5988 set
1099 5933 1193 5989 octos
1215 5927 1430 6007 irrelipiosos,
1454 5925 1579 5987 bomine
1595 5924 1776 5988 cbristiooo

1708 543 1766 608 407
1818 543 1870 592 an.
1885 541 1915 593 c.
1938 541 2006 594 trec
