4808 6988
82 556 141 613 An.
156 556 186 612 0.
206 553 275 610 102³

968 565 1039 614 PIUS
1060 567 1111 612 ΡΡ.
1134 563 1191 614 Vll.

307 684 473 754 Carissimo
490 687 518 754 in
535 682 655 755 Cbristo
667 681 732 754 lilio
746 689 851 753 nostro
867 682 1053 751 ferdinando

441 780 649 864 Hispaniarum
672 783 735 866 regi
758 777 919 855 oatbolioo,

556 969 642 1039 etus
665 971 727 1038 ΡΡ.
750 970 808 1038 titt.

403 1157 567 1228 carissime
590 1160 618 1227 in
640 1157 761 1227 Christo
782 1157 826 1226 lili
849 1162 964 1234 noster,

342 1250 471 1320 salutem
493 1256 526 1319 et
547 1253 746 1336 apostolicam
768 1250 1018 1318 benedictionem.

76 1441 292 1547 nummi&
350 1442 369 1517 ἓ
393 1440 419 1501 l.
443 1440 583 1502 Maiestas
610 1446 675 1515 tua,
697 1455 752 1518 per
774 1439 923 1503 dilectum
955 1436 1054 1498 lilium

76 1545 234 1648 mazar
257 1544 291 1592 ad
310 1534 448 1611 equitem
471 1533 635 1612 losephum
657 1532 819 1596 Narcisum
847 1531 967 1610 liperici
988 1535 1055 1592 tuo·

310 1641 381 1688 rum
402 1627 600 1702 negotiorum
616 1632 861 1704 procuratorem,
877 1622 981 1686 literas
1002 1637 1056 1684 no·

309 1725 386 1780 siras
408 1718 558 1781 insimili
583 1717 682 1781 torma
706 1717 808 1780 breuis
829 1718 879 1780 die
906 1715 1056 1791 vigesima

310 1819 415 1872 octaua
436 1811 505 1874 iulii
519 1827 601 1874 anno
615 1810 782 1874 millesimo
797 1808 1056 1886 octingentesimo

311 1903 430 1966 decimo
451 1904 562 1984 quinto
584 1902 679 1978 datas,
701 1911 733 1964 et
754 1902 1006 1982 prorogationem
1020 1898 1056 1960 sd

311 1997 510 2076 septennium
532 1997 704 2059 Castrensis
728 1993 945 2058 ecclesiasticae
965 1993 1057 2054 inris-

311 2089 454 2152 dictionis
468 2104 484 2149 a
499 2088 646 2152 Romanis
667 2087 868 2150 Pontificibus
883 2086 1057 2164 praedeces·

312 2181 433 2244 soribus
458 2183 571 2244 nostris
596 2188 627 2244 et
648 2200 663 2243 a
685 2181 773 2244 nobis
804 2181 836 2242 in
864 2180 924 2242 tuis
952 2179 1057 2256 regnis

313 2281 405 2352 atque
418 2275 565 2337 dominiis
579 2276 746 2353 permissae
760 2274 971 2352 respicientes
987 2289 1058 2334 ocn-

313 2368 350 2430 tis
371 2369 485 2430 nostris
505 2367 614 2431 subiici
635 2368 765 2442 curauit,
787 2367 905 2428 tenoris
926 2383 1058 2446 sequen-

313 2461 364 2534 tis,
388 2460 553 2524 videlicet:
572 2509 573 2518 ,

386 2647 561 2712 Carissimo
583 2648 619 2710 ia
643 2646 772 2712 Cbristo
792 2647 859 2728 filio
879 2651 990 2709 aestro

315 2739 520 2804 Fordinoado
540 2739 776 2820 Hispaniarum
803 2741 872 2822 repi
893 2739 1059 2814 calholica,

560 2927 640 2992 Pt'ms
661 2927 726 2992 PP.
752 2929 814 2992 Vll.

397 3116 571 3182 Carissimo
592 3117 627 3179 in
645 3115 774 3180 Cbristo
794 3116 842 3196 fili
861 3117 981 3185 noster,

336 3210 527 3275 salutemet
554 3209 761 3288 apostolicam
783 3209 1040 3274 benedictionem.

88 3413 189 3511 “affl
202 3407 301 3510 ¹11⁸?erss
358 3399 378 3478 ἓ
397 3398 427 3460 2.
452 3398 654 3477 compertum
673 3403 719 3460 est
734 3397 834 3472 nobis,
851 3397 995 3462 Carolnm
1010 3395 1060 3458 lll.

88 3527 153 3564 Tum.

318 3491 417 3554 lelicis
437 3491 658 3554 recordationis
678 3505 786 3568 regern
807 3489 993 3553 catholicum
1014 3487 1064 3567 pio

319 3585 501 3662 flagrantem
513 3582 663 3646 desiderio
674 3583 802 3662 parandi
819 3581 969 3645 militibus
984 3581 1064 3643 aliis-

320 3694 382 3757 que
401 3677 437 3741 ad
452 3677 554 3753 regios
569 3677 723 3740 exercitus
738 3675 966 3755 pertinentibus
981 3689 1064 3753 prae·

320 3769 406 3846 sidia,
428 3771 665 3849 quibusquam
687 3769 860 3832 lixassedes
881 3768 1065 3847 plerumque

321 3879 385 3926 nou
406 3862 551 3937 habeant,
566 3862 629 3924 lrui
644 3861 849 3925 nibilominus
870 3860 992 3924 ualeant
1005 3862 1065 3939 spi-

321 3955 483 4018 ritualibus
505 3955 691 4018 utilitatibus
711 3961 742 4017 et
762 3954 965 4029 adiumentis,
989 3971 1067 4034 qnae

322 4049 435 4111 caeteri
456 4047 678 4112 Christifideles
702 4049 740 4112 ab
766 4047 975 4111 ecclesiasticis
1004 4048 1067 4109 suis

322 4141 533 4221 superioribus
544 4151 575 4204 et
586 4140 727 4220 praelatis
738 4149 986 4221 consequuntur,
998 4143 1068 4205 Cle-

323 4241 463 4297 mentem
477 4233 558 4298 lllll.
575 4241 697 4297 sanotae
711 4236 880 4297 mansoriae
894 4237 1069 4314 praedeces·

322 4342 426 4390 sorem
446 4333 589 4390 nostrum
609 4327 780 4407 supplicem
801 4327 920 4404 adiisse,
933 4337 968 4392 ut
982 4345 1067 4408 proe-

323 4423 418 4486 dictos
439 4420 554 4484 milites
574 4423 712 4500 aliosque
731 4421 767 4484 ad
793 4423 894 4499 regios
915 4422 1068 4484 exercitus

324 4515 519 4595 pertinentes
539 4514 577 4576 ab
598 4514 831 4578 ordinariorum
855 4515 1068 4577 iurisdictione

325 4609 488 4684 eximeret,
500 4607 726 4686 subiiceretqne
748 4605 952 4672 iurisdictioni
974 4623 1069 4670 vene·

325 4700 428 4762 rabilis
442 4701 544 4763 iratris
559 4716 614 4779 pro
630 4708 770 4778 tempore
791 4701 951 4764 existentis
971 4701 1069 4764 india·

325 4811 397 4858 rum
418 4796 621 4872 Patriarcbae,
638 4813 670 4858 ac
692 4795 852 4873 regiorum
872 4797 1068 4858 exercituum

325 4889 432 4952 ricarli
453 4888 618 4967 generalis,
635 4890 689 4968 qni
704 4889 863 4952 facultates
878 4889 935 4952 sibi
958 4891 1070 4968 imper·

326 4979 396 5042 titas
410 4995 466 5059 per
480 4980 699 5043 ecclesiasticos
714 4981 796 5042 uiros
810 4998 825 5041 a
840 4981 1005 5058 semetipso
1020 4982 1070 5044 de·

327 5074 471 5152 legendos
493 5089 639 5136 exercere
658 5081 759 5152 posset
779 5089 873 5153 snper
889 5073 1069 5153 praedictos,

327 5168 515 5247 ubicumque
530 5167 669 5230 locorum
683 5167 704 5228 ii
718 5176 926 5230 morarentur.
950 5168 1071 5229 Annuit

327 5261 377 5338 pio
398 5261 622 5337 religiosissimi
645 5261 792 5340 principis
816 5262 967 5324 desiderio
987 5277 1071 5340 prae-

327 5354 408 5416 latus
429 5353 575 5417 Clemens
595 5355 808 5431 praedecessor
830 5362 947 5430 noster,
960 5354 1071 5417 literis-

328 5446 444 5526 quein
474 5446 573 5508 forma
602 5447 704 5509 breuis
736 5449 786 5510 die
806 5463 838 5508 x.
862 5447 967 5510 martii
997 5447 1072 5509 anni

328 5554 493 5603 nocetam.
511 5541 588 5603 datis
603 5541 634 5601 in
649 5540 861 5602 venerabilem
876 5540 1004 5602 fratrem
1019 5541 1072 5602 Pa-

329 5633 495 5696 triarcbam
516 5632 672 5696 indiarum
703 5633 858 5712 expeditas
877 5631 1010 5696 contulit
1032 5632 1073 5694 la·

329 5725 470 5804 cultates,
491 5742 567 5804 quas
589 5727 700 5788 deinde
714 5725 780 5787 aliis
802 5724 953 5788 similibus
975 5725 1073 5787 literis

329 5819 379 5882 die
400 5835 464 5882 niv.
487 5819 591 5882 martii
613 5818 684 5881 anni
706 5833 880 5884 noccoxtr.
896 5819 985 5896 datis,
1001 5836 1072 5883 cou-

330 5907 477 5990 firmarit,
503 5912 616 5996 quibus
647 5911 799 5974 etiamad
823 5912 971 5976 tollendas
995 5927 1074 5976 non-

1108 685 1208 750 nullas
1228 691 1444 755 contentiones
1458 691 1546 755 inter
1562 690 1753 758 cardinalem
1769 693 1804 754 dc
1819 692 1851 756 io

1111 781 1213 845 Cordo
1231 793 1448 863 nuncupatum
1461 785 1619 850 indiarum
1634 793 1708 849 tunc
1723 785 1852 848 Patriar-

1109 874 1197 936 cham
1218 875 1592 941 etOrdinarioslooorum
1613 885 1735 942 exortas
1755 879 1852 941 decla·

1110 967 1200 1044 ravit,
1215 984 1372 1031 concessas
1383 969 1541 1034 facultates
1556 972 1672 1050 porrigi
1687 973 1719 1034 in
1731 988 1851 1046 omnes,

1110 1061 1163 1140 qui
1184 1069 1237 1124 aut
1258 1063 1338 1142 pacis
1365 1071 1418 1126 aut
1438 1065 1514 1128 belli
1537 1072 1674 1144 ternpore
1696 1065 1754 1127 sub
1774 1069 1853 1128 eins-

1111 1156 1181 1217 dem
1214 1156 1314 1218 Caroli
1343 1158 1422 1233 regis
1450 1157 1573 1220 uexillis
1604 1168 1684 1220 terra
1713 1161 1854 1238 marique

1112 1247 1298 1323 militarent,
1324 1249 1532 1330 viverentque
1558 1253 1712 1330 stipendio
1732 1258 1764 1313 et
1784 1268 1855 1314 aere

1112 1341 1250 1416 militari,
1265 1341 1401 1422 aliosque
1416 1351 1585 1421 praeterea,
1598 1345 1652 1422 qni
1666 1344 1705 1406 ob
1720 1344 1855 1423 aliquam

1112 1434 1428 1511 legitimam'oausam
1450 1437 1518 1498 illos
1543 1443 1765 1516 sequerentur:
1788 1453 1857 1498 eae·

1112 1530 1183 1590 dem
1204 1526 1363 1592 facultates
1384 1539 1565 1607 prorogatae
1586 1532 1730 1609 deinceps
1751 1531 1789 1592 de
1809 1546 1857 1591 se-

1111 1625 1241 1704 ptennio
1268 1623 1299 1687 in
1328 1625 1528 1701 septennium
1561 1624 1705 1699 luerunt,
1735 1631 1797 1686 tam
1819 1623 1857 1685 ab

1111 1717 1177 1796 ipso
1198 1717 1360 1780 Clemente
1384 1718 1616 1796 praedecessore
1638 1724 1745 1779 nostro
1760 1715 1857 1780 literis

1113 1811 1145 1871 in
1166 1809 1265 1871 lorma
1296 1809 1399 1872 brevis
1426 1811 1476 1872 die
1501 1826 1603 1872 xxvia.
1632 1811 1754 1888 augusti
1782 1809 1857 1871 anni

1113 1917 1313 1965 nncoanvru.
1345 1902 1438 1978 datis,
1464 1919 1552 1982 quam
1577 1921 1592 1964 a
1614 1904 1667 1967 Pio
1692 1903 1789 1966 delicis
1810 1918 1857 1966 re-

1113 1997 1297 2060 cordationis
1319 1995 1396 2074 Papa
1417 1996 1469 2060 ut.
1492 1999 1725 2076 praedecessore
1750 1998 1857 2060 itidem

1114 2098 1220 2151 nostro
1241 2089 1393 2153 similibus
1421 2089 1518 2152 literis
1540 2091 1589 2152 die
1610 2107 1698 2153 xxvr.
1725 2090 1857 2153 octobris

1114 2197 1310 2244 uncouxxur.
1335 2188 1366 2244 et
1387 2197 1454 2243 xxi.
1479 2183 1606 2244 ianuarii
1630 2199 1855 2247 noccoxxxtn.

1115 2285 1145 2339 et
1167 2294 1201 2337 ιι.
1226 2276 1357 2337 octobris
1385 2291 1561 2352 naconem,
1583 2293 1617 2338 ac
1638 2292 1654 2336 a
1678 2276 1765 2339 nobis
1787 2277 1859 2356 ipsis

1114 2368 1268 2432 similibus
1287 2368 1403 2446 pariter
1424 2367 1524 2431 literis
1539 2370 1587 2430 die
1605 2383 1671 2431 xrr.
1689 2369 1860 2433 decembris

1115 2478 1272 2526 nncccrrr.
1291 2461 1453 2541 expeditis.
1477 2461 1530 2524 llis
1545 2468 1576 2523 et
1592 2463 1860 2539 praedecessorum

1115 2567 1147 2619 et
1169 2555 1282 2618 nostris
1303 2553 1475 2634 apostolicis
1496 2555 1593 2618 literis
1617 2555 1691 2619 ordo
1712 2556 1860 2619 constitu·

1116 2658 1166 2715 tus
1187 2649 1246 2713 init
1261 2649 1430 2715 Castrensis
1444 2647 1665 2712 ecclesiasticae
1678 2649 1862 2714 iurisdictio

1117 2743 1177 2820 nis,
1199 2758 1293 2820 quam
1314 2757 1413 2820 quum
1434 2742 1578 2804 Clemens
1598 2742 1811 2820 praedecessor
1826 2741 1861 2805 li·

1117 2835 1256 2910 mitibus,
1279 2850 1356 2914 qnos
1383 2835 1649 2910 memoravimus,
1671 2833 1863 2898 circumseri·

1117 2928 1317 3007 psisset,Pius
1332 2935 1436 2990 tamen
1453 2928 1566 3008 pariter
1578 2929 1791 3006 praedecessor
1801 2929 1863 2990 tois

1118 3020 1864 3101 tuiqueparentissupplieationibusbenignean·

1119 3131 1220 3180 nuens
1247 3114 1407 3193 ampliauit
1427 3115 1520 3176 etiem
1549 3123 1692 3193 respectu
1720 3132 1864 3194 persona-

1119 3225 1204 3284 rum,
1226 3223 1299 3286 erga
1330 3226 1405 3288 quas
1427 3224 1572 3272 exercere
1597 3223 1665 3271 eam
1694 3218 1862 3288 oporteret,
1912 3225 1917 3232 ·

1119 3319 1260 3367 concessa
1275 3318 1401 3381 quoque
1414 3300 1584 3364 venerabili
1600 3301 1688 3364 tratri
1707 3301 1864 3366 indiarum

1120 3395 1312 3459 Patriarcbae
1332 3393 1477 3459 laenitate
1499 3392 1613 3472 absque
1635 3394 1699 3457 ullo
1719 3395 1865 3474 scrupulo

1121 3498 1249 3569 tutaque
1258 3488 1433 3553 conscentia
1447 3487 1620 3550 declarandi
1631 3504 1782 3566 quaenam
1798 3503 1866 3567 per·

1120 3597 1211 3646 sonae
1233 3581 1366 3658 gaudere
1387 3581 1540 3659 praedicta
1569 3581 1721 3644 Castrensi
1745 3581 1866 3644 iurisdi-

1120 3678 1224 3742 ctione
1239 3675 1400 3753 deberent,
1412 3673 1500 3737 cuins
1515 3674 1642 3753 quidem
1658 3673 1866 3753 praedecesso·

1120 3773 1163 3835 ris
1176 3770 1274 3834 nostri
1290 3768 1469 3846 exemplum
1481 3767 1514 3829 in
1530 3769 1673 3847 superius
1688 3769 1866 3832 memoratis

1122 3865 1235 3928 nostris
1257 3862 1355 3925 literis
1377 3878 1433 3924 nos
1454 3876 1578 3939 quoqne
1599 3861 1723 3940 sequuti
1745 3878 1864 3926 sumus.

1122 3959 1219 4022 Huius
1233 3954 1440 4034 ampliationis
1461 3955 1630 4031 occasione,
1647 3957 1707 4019 dno
1722 3957 1754 4020 in
1766 3955 1867 4019 lucem

1122 4052 1306 4131 prodierunt
1327 4048 1554 4124 designationes
1574 4049 1750 4112 huiusmodi
1766 4065 1869 4128 perso·

1123 4160 1247 4218 narum,
1270 4142 1364 4204 altera
1385 4157 1401 4202 a
1423 4141 1579 4206 Cardinali
1600 4142 1734 4220 Delgado
1754 4145 1804 4208 die
1818 4160 1867 4207 111.

1124 4237 1270 4301 februarii
1301 4251 1513 4312 unoonxxrx,
1540 4236 1634 4298 altera
1662 4237 1700 4299 ab
1730 4235 1814 4300 illins
1836 4238 1868 4300 in

1124 4329 1870 4410 dictopatriarcbatusuccessoreCardinaleSent-

1124 4433 1229 4489 manat
1250 4425 1300 4487 die
1321 4439 1352 4486 x.
1376 4424 1443 4487 iulii
1465 4441 1618 4488 uooocur.
1641 4423 1742 4499 editis,
1757 4425 1870 4503 quibus

1126 4533 1224 4598 quum
1235 4517 1428 4598 propositum
1443 4525 1523 4580 esset
1536 4532 1680 4596 personas
1695 4531 1869 4592 recensere,

1125 4629 1200 4693 quas
1215 4610 1383 4676 Castrensis
1394 4610 1593 4673 ecclesiastica
1604 4609 1776 4673 iurisdictio
1787 4625 1872 4672 com·

1126 4706 1218 4786 plecti
1246 4705 1390 4780 deberet,
1420 4703 1617 4782 praestitutos
1648 4710 1751 4765 tamen
1781 4711 1870 4767 antea

1127 4801 1203 4862 lines
1218 4796 1428 4876 praetergredi
1443 4796 1573 4858 ultimus
1590 4797 1772 4874 praesertim
1788 4797 1871 4860 uisus

1127 4901 1183 4968 est,
1206 4893 1247 4954 ita
1276 4899 1311 4952 ut
1339 4889 1556 4968 Hispaniarum
1587 4890 1815 4968 Arcbiepiscopi
1840 4899 1871 4952 et

1128 4985 1268 5064 Episcopi
1291 4999 1354 5046 non
1370 4982 1481 5046 leviter
1502 4981 1747 5058 offenderentur,
1762 4989 1793 5044 et
1808 4975 1880 5060 ipse‘

1127 5093 1200 5140 ren.
1223 5077 1318 5139 irater
1340 5076 1594 5156 archiepiscopus
1611 5076 1778 5139 'dolosanus
1800 5074 1873 5139 Car-

1127 5170 1238 5235 dinalis
1266 5173 1303 5233 de
1322 5169 1468 5232 Bourbon
1495 5177 1703 5247 nuncupatus,
1726 5169 1776 5230 vir
1799 5184 1873 5230 sane

1128 5263 1387 5345 praeclarissimus
1402 5272 1432 5325 et
1455 5262 1716 5340 religiosissimos,
1739 5277 1875 5341 conque·

1128 5366 1194 5420 stus
1205 5357 1245 5419 ob
1256 5357 1334 5419 banc
1356 5371 1477 5418 causam
1492 5355 1570 5432 apud
1586 5353 1711 5430 regium
1722 5354 1874 5416 turonum

1128 5459 1220 5513 tuum
1241 5448 1335 5512 luerit
1349 5447 1386 5510 de
1407 5446 1578 5510 venerabili
1600 5447 1694 5509 lratre
1715 5446 1874 5509 indiarum

1129 5543 1313 5616 Patriarcba,
1329 5541 1411 5620 quod
1432 5541 1465 5603 in
1484 5539 1672 5602 declarandis
1692 5539 1874 5618 supradictis

1129 5635 1268 5715 personis
1289 5633 1448 5697 facultates
1469 5633 1506 5695 ab
1527 5633 1583 5695 hae
1603 5632 1776 5709 apostatica
1796 5631 1874 5696 Sede

1130 5738 1234 5791 nostra
1254 5743 1412 5792 concessas
1440 5726 1546 5789 multis
1568 5727 1665 5788 modis
1693 5725 1874 5802 excesserit,

1129 5821 1251 5899 ingenti
1269 5819 1503 5885 ordinariorum
1524 5819 1682 5896 potestatis
1703 5818 1872 5896 dispendio.

1129 5913 1208 5990 Quas
1230 5913 1371 5994 querelas
1392 5912 1450 5974 etsi
1464 5909 1637 6000 praedictus
1651 5909 1807 5974 indiarum
1822 5909 1875 5976 Pa·

1773 547 1831 618 627
1880 553 1935 610 An.
1949 557 1980 610 C.
2001 551 2070 610 leae
