4856 7010
955 573 1052 648 rubuit
1074 589 1287 648 uubnrcdraum

343 711 453 785 XXIX.
476 719 618 798 Indulget
641 730 675 786 ut
697 720 817 784 alumni
841 720 963 797 collegii
985 720 1089 784 Scoto-

401 831 474 878 rum
496 814 729 878 llallisoletanae
757 814 795 875 de
816 830 969 878 consensu
992 823 1089 878 recto·

401 911 443 972 ris
464 909 498 970 ad
522 924 629 972 omnes
651 925 750 970 sacros
767 907 897 971 Ordines
911 909 1088 985 promereri

398 1003 530 1064 valeant.
557 1002 623 1064 195.

340 1096 437 1160 XXX.
462 1095 614 1158 cardinali
639 1096 805 1174 protectori
822 1095 986 1158 Hiberniae
1003 1096 1089 1158 iusta

399 1189 528 1252 modum
557 1190 720 1252 confirmat
750 1189 912 1266 privilegia
933 1197 965 1250 et
986 1189 1090 1252 indul-

387 1274 520 1359 gentias
542 1283 579 1344 ab
600 1282 723 1344 Urbano
739 1281 816 1344 l'lll.
835 1290 865 1344 et
884 1284 954 1346 lun.
972 1284 1010 1345 Χ.
1029 1283 1090 1345 col·

399 1375 482 1452 legio
503 1375 712 1437 Hibernorum
736 1375 826 1438 Urbis
848 1391 996 1440 concessa.
1019 1375 1086 1439 l96.

340 1467 450 1531 XXXl.
475 1467 625 1530 Societate
651 1468 717 1529 lesu
739 1481 909 1546 suppressa,
927 1471 1033 1534 adimit
1049 1471 1089 1533 la·

399 1561 530 1624 cultates
551 1569 582 1622 et
597 1561 759 1640 privilegia
775 1578 915 1624 concessa
931 1563 1089 1627 missionu-

401 1654 454 1716 riis
483 1655 620 1717 eiusdem
652 1652 811 1718 Societatis
832 1655 865 1717 iu
889 1657 1037 1719 lunkiuo
1058 1666 1089 1720 et

402 1747 577 1824 Cocincina,
593 1766 626 1812 ac
641 1748 770 1812 Vicariis
786 1751 889 1828 dpost.
907 1752 1087 1829 committit,

1817 571 1874 647 783

1205 727 1239 782 ut
1260 718 1421 782 communi
1453 734 1578 783 assensu
1611 735 1689 799 quae
1721 721 1893 784 necessario

1205 813 1457 876 immissionibus
1484 813 1632 876 mutanda
1659 822 1734 877 sunt
1755 823 1892 890 mutent,

1204 907 1340 985 aliosque
1360 907 1569 969 missionurios
1585 907 1645 969 illis
1660 909 1823 970 sufficiant.
1843 909 1895 970 lis·

1204 1001 1275 1062 dem
1303 1017 1379 1062 vero
1407 999 1535 1064 Vicariis
1562 1001 1701 1064 districte
1728 1002 1892 1080 praecipit,

1205 1103 1239 1156 ut
1260 1094 1391 1172 quisque
1413 1095 1595 1156 relationem
1610 1102 1707 1158 status
1722 1094 1894 1158 vicariatus

1204 1188 1251 1248 sui
1274 1187 1441 1265 quotannis
1462 1188 1593 1250 Romam
1613 1190 1729 1251 mittat.
1756 1188 1823 1251 198.

1145 1280 1268 1343 XXXll.
1294 1279 1511 1357 indulgentiae
1531 1298 1693 1344 concessae
1709 1300 1724 1342 a
1739 1283 1893 1344 sanctissi-

1204 1391 1255 1435 mo
1277 1376 1400 1437 domiuo
1423 1382 1529 1436 nostro
1550 1374 1713 1438 Clemente
1728 1375 1810 1438 XlV.
1828 1393 1896 1438 mo-

1205 1467 1310 1529 nacbis
1325 1474 1356 1528 et
1371 1467 1557 1529 monialibus
1571 1477 1751 1546 congregat.
1766 1469 1819 1533 SS.
1831 1469 1894 1532 Sal-

1203 1563 1320 1625 vatoris
1342 1563 1373 1623 in
1393 1559 1491 1634 Suria,
1508 1576 1631 1623 necnon
1645 1564 1791 1625 omuibus
1807 1564 1894 1626 Gbri-

1204 1655 1388 1718 stilidelibus
1401 1653 1545 1717 ecclesias
1558 1655 1750 1732 supradictae
1765 1672 1894 1732 congre·

1205 1750 1336 1828 gationis
1357 1748 1565 1811 visitantibus.
1592 1747 1658 1812 red.

977 1937 1084 2054 erus
1108 1985 1176 2053 ue.
1201 1985 1262 2052 ur.

342 2224 554 2288 Gousrruurro
575 2222 598 2284 l.
622 2213 732 2284 Abbati
753 2221 942 2284 Einsidlensi
965 2221 996 2283 iu
1020 2220 1089 2283 llel-

400 2316 1091 2393 vetitconsentienteEpiscopoconstantien·

401 2431 434 2477 se
455 2413 631 2477 facultatem
653 2411 785 2488 largitur
799 2408 979 2472 conferendi
994 2425 1090 2470 sacra·

401 2516 547 2572 mentum
569 2504 823 2569 confirmationis
843 2503 1000 2565 catholicis
1021 2501 1090 2565 Hel·

402 2601 500 2663 retiae
516 2598 654 2673 occultis,
666 2598 720 2676 qui
734 2597 801 2657 siue
817 2593 954 2675 ocriculo
969 2611 1002 2656 se
1017 2611 1089 2658 con·

402 2693 484 2756 ferre
505 2701 667 2772 nequeunt
688 2691 724 2752 ad
740 2691 926 2768 Episcopum
943 2691 1090 2753 Constan-

402 2787 545 2863 tieusem,
561 2793 592 2849 et
613 2785 812 2850 consecrandi
834 2782 974 2846 ecclesias
991 2783 1023 2844 iu
1038 2781 1090 2842 de-

403 2881 497 2944 finitis
519 2880 702 2960 quibusdam
730 2878 909 2955 regionibus
938 2893 1089 2939 consensu

401 2976 540 3038 eiusdem
562 2973 703 3051 Episcopi
725 2981 852 3034 erectas.
876 2987 948 3051 pop.
972 2971 1041 3035 203.

341 3072 376 3134 ll.
394 3068 583 3132 Facultatum
599 3067 739 3130 concedit
753 3066 889 3144 eligendi
906 3066 938 3127 in
953 3065 1090 3142 superio·

400 3179 468 3227 rem
490 3162 740 3240 congregationis
761 3159 891 3225 Oratorii
907 3159 938 3222 S.
958 3156 1089 3236 Philippi

400 3258 487 3322 Nerii
508 3257 640 3321 civitatis
655 3254 892 3321 Guatimaleusis
907 3254 1002 3316 etiam
1016 3269 1088 3316 eum

400 3356 454 3434 qui
476 3353 630 3416 delectum
653 3349 803 3412 natalium
824 3349 968 3426 patiatur.
992 3348 1061 3411 204.

341 3450 391 3513 lll.
415 3447 588 3512 Confirmat
609 3445 770 3523 priuilegia
793 3442 1039 3521 congregationis
1053 3443 1090 3507 o

401 3543 509 3606 raterii
531 3543 561 3605 S.
579 3539 711 3618 Philippi
732 3537 819 3602 Nerii
838 3538 971 3599 civitatis
986 3536 1089 3600 Gnati-

400 3638 559 3701 malensis.
583 3636 658 3698 lbid.

342 3731 392 3795 lll.
416 3731 606 3795 Facultatem
636 3727 775 3790 concedit
803 3725 972 3803 sepeliendi
1003 3727 1089 3788 cada-

400 3841 474 3888 uera
496 3821 754 3888 christifidelium
777 3823 809 3882 in
830 3818 954 3882 ecclesia
978 3819 1008 3883 S.
1030 3819 1089 3881 lla·

401 3919 464 3981 riae
486 3917 523 3979 de
543 3915 575 3979 lu
601 3913 734 3985 Codeta,
756 3913 852 3990 vulgo
880 3919 1087 3989 nuncupatae,

400 4013 545 4074 Limanae
565 4009 720 4072 dioecesis.
743 4007 812 4069 205.

340 4106 377 4169 ll.
402 4105 558 4183 Episcopis
580 4103 612 4164 in
640 4099 852 4166 Transilvania
875 4107 906 4161 et
932 4099 1088 4175 Hungaria

399 4197 499 4278 graeci
521 4198 601 4261 ritus
632 4193 811 4258 facultatem
833 4193 964 4270 largitur
985 4193 1087 4254 immi-

399 4291 517 4355 nuendi
539 4291 602 4353 dies
623 4288 716 4350 lestos
738 4287 770 4349 in
792 4287 924 4366 propriis
946 4285 1088 4348 dioecesi-

399 4385 468 4461 bus,
485 4381 646 4445 nonnullis
662 4388 766 4443 tamen
783 4379 927 4457 exceptis,
944 4386 975 4440 et
990 4385 1088 4439 trans-

400 4478 520 4542 terendi
542 4476 667 4538 ieiunia.
691 4474 760 4538 206.

341 4575 391 4638 lll.
415 4573 538 4636 Exaltat
560 4571 670 4634 merita
692 4569 887 4630 Directorum
908 4575 939 4631 et
954 4567 1088 4633 Vicario·

401 4683 474 4731 rum
495 4664 742 4744 Apostolicorum
770 4663 805 4723 ad
832 4660 998 4738 collegium
1020 4661 1088 4723 Mis-

333 4821 338 4832 ,
400 4764 524 4825 sionum
540 4763 575 4822 ad
591 4764 713 4820 exteros
729 4755 967 4834 pertinentium,
983 4771 1089 4834 appro-

400 4857 451 4919 bat
471 4853 661 4917 erectionem
684 4848 812 4925 Gollegii
827 4847 978 4925 generalis
994 4863 1089 4926 prope

401 4949 623 5013 Pudicberium
645 4945 764 5018 iactam,
781 4943 862 5020 quod
883 4941 1010 5020 suscipit
1031 4942 1089 5004 sub

401 5059 472 5106 suae
488 5051 519 5106 et
531 5043 561 5106 S.
576 5037 833 5116 congregationis
845 5036 956 5098 tutela:
975 5049 1088 5113 eosque

401 5139 544 5200 bortatur
555 5134 632 5198 illud
644 5138 803 5196 curentut
814 5128 946 5206 Collegia
957 5129 1088 5190 babean-

402 5241 453 5292 tur
465 5227 629 5308 peculiaria
642 5225 675 5288 in
689 5225 763 5302 ipsis
777 5221 976 5284 missionibus
990 5222 1026 5283 ad
1042 5221 1088 5282 iu·

399 5323 594 5386 stituendum
617 5317 731 5395 ubique
753 5315 870 5378 clerum
891 5314 1086 5392 indigenum,

399 5433 439 5480 ne
461 5430 598 5494 unquam
620 5412 698 5476 sacri
720 5409 821 5473 desint
843 5409 990 5470 ministri.
1016 5407 1086 5471 208.

340 5513 403 5576 llll.
429 5511 600 5576 Confirmat
621 5505 781 5569 decretum
798 5503 917 5566 editum
932 5517 1025 5581 super
1041 5503 1090 5564 ba-

400 5606 513 5686 ptismo
528 5602 606 5665 clam
622 5615 719 5678 puero
730 5597 867 5660 Hebraeo
882 5595 1001 5659 collato.
1019 5595 1087 5659 209.

342 5701 420 5767 Vlll.
444 5698 490 5762 Ad
511 5711 616 5778 preces
637 5693 719 5770 regis
744 5689 888 5753 Poloniae
909 5689 1089 5766 committit,

402 5795 487 5855 iuxta
499 5793 639 5865 modum,
652 5784 819 5852 Ordinariis
831 5783 1090 5846 imminutionem

402 5888 525 5951 dierum
547 5884 696 5947 testor-um
711 5886 741 5942 et
755 5876 1032 5941 commutationem
1048 5873 1091 5935 ie·

401 5981 571 6044 iuniorum.
594 5977 664 6041 illo.

416 6199 419 6204 Ι
449 6127 501 6176 lor.
518 6126 592 6174 Poot.
609 6124 640 6173 de
653 6125 730 6188 Prop.
745 6123 808 6171 Fide
821 6120 903 6169 Partis
918 6121 936 6166 l.
951 6116 1005 6168 vol.
1020 6118 1059 6164 lv.

1145 2222 1196 2286 lX.
1221 2223 1393 2286 Confirmat
1421 2221 1612 2283 erectionem
1638 2219 1893 2296 congregationis

1205 2313 1893 2394 presbyterorumsaeculariumOratoriiSau-

1204 2411 1244 2472 cti
1265 2407 1396 2488 Philippi
1418 2407 1505 2470 Nerii
1527 2407 1618 2469 villae
1639 2409 1677 2471 de
1691 2407 1818 2471 Orizava
1832 2408 1893 2469 lle·

1204 2503 1328 2564 xicunae
1349 2501 1504 2564 dioecesis.
1528 2501 1599 2562 212.

1145 2597 1183 2659 Χ.
1208 2595 1397 2674 Presbyteris
1424 2594 1681 2670 Congregationis
1703 2594 1733 2658 S.
1758 2594 1891 2674 Philippi

1205 2687 1292 2751 Nerii
1323 2687 1414 2749 villae
1444 2686 1590 2751 Orizarae
1619 2687 1792 2750 Maricanae
1812 2688 1894 2750 dioe-

1205 2783 1281 2844 cesis
1311 2782 1530 2853 communicat,
1558 2783 1643 2844 iurta
1669 2783 1809 2859 modum,
1833 2782 1893 2860 pri·

1205 2877 1317 2953 vilegia
1338 2895 1353 2938 a
1375 2876 1467 2939 Paulo
1490 2875 1540 2951 ll.,
1563 2876 1712 2954 Gregorio
1734 2875 1814 2951 xv,
1837 2875 1894 2938 Ur-

1205 2972 1285 3034 bano
1297 2969 1373 3035 lllll.
1387 2985 1528 3032 concessa
1540 2963 1893 3046 eidem'congregattont

1205 3066 1305 3130 Urbis.
1328 3064 1398 3126 tta.

1145 3164 1196 3226 Xl.
1222 3158 1480 3225 Commemoratis
1509 3155 1668 3220 beneficiis
1697 3174 1713 3217 a
1743 3157 1804 3219 ult.
1834 3155 1890 3217 ΡΡ.

1204 3255 1335 3331 collegio
1365 3251 1546 3315 Sinensium
1576 3249 1707 3326 collatis,
1740 3257 1893 3312 monaste-

1204 3349 1287 3411 rium
1310 3346 1340 3410 S.
1362 3344 1444 3407 Petri
1465 3361 1481 3404 a
1498 3341 1679 3406 Goloouello
1694 3343 1723 3404 ei
1737 3344 1818 3419 unit,
1835 3343 1893 3406 im·

1195 3443 1300 3521 posita
1315 3438 1502 3515 obligatione
1517 3445 1650 3517 quatuor
1665 3437 1738 3499 alios
1749 3436 1892 3500 alumnos

1204 3537 1343 3598 sinenses
1374 3531 1568 3606 instituendi,
1591 3538 1652 3592 tres
1683 3531 1893 3592 missionarios

1204 3631 1237 3691 in
1260 3629 1341 3693 Sinis
1363 3626 1476 3698 alendi,
1498 3642 1532 3687 ac
1553 3624 1746 3701 dependendi
1769 3639 1784 3682 a
1807 3624 1837 3687 S.
1855 3624 1888 3687 G.

1204 3724 1242 3786 de
1262 3720 1456 3798 Propaganda
1479 3716 1562 3780 Fide.
1586 3717 1654 3780 216.

1145 3816 1208 3880 Xll.
1235 3815 1404 3879 Confirmat
1426 3810 1615 3873 erectionem
1635 3809 1892 3886 congregationis

1204 3907 1335 3974 Oratorii
1352 3904 1454 3967 Sancti
1470 3903 1604 3982 Pbilippi
1617 3902 1703 3966 Nerii
1718 3904 1750 3963 iu
1766 3903 1892 3965 civitate

1204 4000 1360 4064 blericana
1381 3997 1413 4059 in
1435 3997 1529 4059 lndiis
1550 3995 1636 4057 lacta.
1660 3995 1729 4058 219.

1144 4098 1222 4162 Xlll.
1247 4093 1384 4172 Reginae
1414 4091 1589 4166 Hungariae
1617 4089 1736 4167 petenti
1764 4089 1892 4151 erectio·

1203 4205 1275 4253 nem
1297 4187 1436 4266 plurium
1459 4185 1691 4262 episcopatuum
1719 4181 1890 4262 respondit,

1202 4283 1281 4347 nulli
1303 4281 1392 4342 obiici
1413 4276 1587 4341 difficultati
1613 4276 1741 4354 petitam
1763 4267 1906 4338 erectio-'

1202 4393 1276 4439 nem
1291 4376 1522 4452 episcopatuum
1537 4369 1724 4446 latinorum,
1739 4367 1891 4431 nonnulla

1202 4485 1278 4532 vero
1299 4469 1510 4546 repraesentat
1531 4478 1569 4523 er
1585 4462 1620 4524 iis
1635 4478 1714 4541 quae
1729 4477 1891 4540 opponun-

1203 4573 1256 4628 tur
1290 4559 1440 4624 erectioni
1475 4557 1706 4635 episcopatuum
1739 4571 1785 4631 gr.
1816 4555 1894 4616 ritus

1204 4658 1259 4736 ipsi
1281 4671 1336 4734 per
1356 4650 1512 4715 Nuntium
1534 4649 1747 4727 Apostolicum
1768 4647 1893 4708 enucle-

1203 4748 1292 4822 anda,
1313 4759 1407 4823 super
1428 4743 1544 4821 quibus
1566 4742 1632 4802 eius
1658 4738 1892 4818 responsionem

1203 4847 1352 4920 expectat.
1377 4837 1446 4900 221.

1144 4936 1224 5000 Xlll.
1241 4933 1429 4997 Facultatum
1445 4927 1585 4992 concedit
1599 4926 1745 4989 iratribus
1756 4927 1790 4987 B.
1804 4925 1844 4987 ll.
1857 4923 1895 4985 de

1202 5029 1307 5092 Monte
1335 5023 1477 5088 Carmelo
1505 5019 1707 5084 missionariis
1728 5019 1763 5080 in
1784 5017 1895 5081 insulis

1203 5119 1384 5184 americanis
1413 5114 1619 5194 dispensandi,
1643 5115 1729 5175 iuxta
1751 5111 1891 5182 modum,

1204 5217 1237 5279 in
1258 5212 1403 5292 gradibus
1431 5208 1587 5272 affinitatis
1616 5214 1646 5269 et
1674 5205 1895 5282 consanguini-

1204 5311 1285 5373 tatis.
1309 5307 1378 5370 222.

1145 5405 1211 5470 XV.
1237 5404 1282 5466 dd
1302 5415 1408 5479 preces
1429 5397 1606 5475 Hungariae
1620 5394 1747 5470 reginae
1761 5391 1895 5454 vicaria-

1205 5507 1273 5560 tum
1303 5502 1397 5574 apost.
1433 5507 1533 5568 graec.
1565 5488 1705 5552 Croatiae
1737 5485 1830 5562 erigit
1862 5484 1895 5546 in

1204 5592 1415 5670 episcopatum
1437 5584 1667 5650 Grisionensem
1692 5578 1793 5656 graeci
1818 5577 1897 5640 ritem

1204 5692 1234 5748 et
1256 5683 1378 5746 subiicit
1402 5678 1520 5757 legibus
1550 5677 1662 5756 quibus
1684 5671 1895 5736 subiiciuntur

1204 5777 1309 5841 Graeci
1333 5775 1413 5839 uniti
1436 5773 1488 5852 qui
1510 5785 1583 5834 cum
1604 5765 1721 5829 Latinis
1744 5764 1835 5827 mixti
1850 5761 1897 5824 vi·

1204 5879 1302 5948 runt,
1335 5866 1570 5945 Arcbiepiscopo
1604 5857 1814 5937 strigoniensi
1845 5873 1898 5918 au-

1203 5964 1381 6028 ctoritatem
1402 5956 1630 6035 Metropolitani
1655 5953 1765 6017 tribuit
1788 5953 1820 6013 in
1843 5966 1897 6009 no·

1767 6099 1794 6146 et
