4722 6976
320 524 419 580 tud.
441 527 510 582 1815
546 517 620 620 '332
1065 535 1131 585 rua.
1155 537 1246 584 auur.
1268 533 1309 582 ns
1331 535 1360 582 r.
1384 536 1414 584 r.
1439 538 1521 586 nans
1543 541 1565 586 r.

539 663 644 725 dimur
664 667 696 724 et
715 660 856 738 solertes,
871 667 919 734 ut,
934 675 1006 723 cum
1027 656 1066 721 de
1087 655 1286 720 ecclesiarum
1342 656 1423 731 dam,
1438 657 1550 720 irarum
1569 659 1649 722 serie
1663 658 1856 725 absolventes
1871 669 1902 724 et
1916 661 2092 726 absolutum
2353 655 2354 726 l

538 755 676 830 ipsarum
697 752 903 830 regiminibus
923 751 1026 827 agitur
1041 745 1284 822 committendis,
1342 748 1408 810 iore
1428 758 1601 829 censentes,
1624 753 1764 816 eamdem
1780 755 1982 834 episcopalem
1998 754 2092 817 eccle-
2353 761 2354 768 ’

538 847 613 910 tales
633 847 678 910 eis
700 847 732 909 in
754 841 889 924 pastores
911 843 1078 922 praeficere
1094 841 1284 913 studeamus,
1342 843 1418 904 siam
1440 843 1567 907 icosien.
1592 847 1630 909 de
1650 862 1780 924 persona
1803 856 1855 911 tua
1877 849 1965 911 nobis
1982 856 2013 911 et
2027 863 2091 910 me·

538 940 592 1019 qui
613 940 764 1020 populum
784 954 857 1002 suae
888 952 980 1001 curae
1006 935 1161 998 creditum
1186 932 1286 994 sciant
1342 935 1469 998 moratis
1497 937 1711 1001 cardinalibus
1739 940 1779 1002 ob
1807 949 1935 1004 tuorum
1964 942 2091 1018 exigen-

539 1049 603 1097 non
620 1034 723 1098 solum
737 1033 877 1096 doctrina
892 1031 991 1105 verbi,
1006 1029 1059 1092 sed
1074 1027 1167 1090 etiam
1182 1040 1286 1088 exem·
1341 1027 1418 1090 tiam
1431 1030 1620 1093 meritorum
1635 1041 1768 1112 accepta,
1782 1033 1820 1096 de
1835 1033 2019 1097 eorumdem
2032 1035 2092 1098 lra-

537 1128 588 1207 plu
609 1128 683 1190 boni
712 1125 813 1206 operis
840 1124 1018 1196 informare,
1047 1119 1287 1196 commissasque
1342 1126 1428 1184 trum
1449 1123 1589 1198 consilio,
1606 1126 1790 1188 auctoritate
1803 1127 1967 1206 apostolica
1983 1135 2092 1190 tenure

537 1222 596 1284 sibi
612 1221 755 1286 ecclesias
776 1220 809 1281 in
830 1223 913 1280 statu
932 1215 1058 1295 paciilco
1072 1220 1103 1276 et
1117 1209 1286 1289 tranquillo
1341 1214 1553 1289 praesentium
1575 1217 1786 1294 providemus,
1805 1229 1897 1298 teque
1912 1219 1957 1281 illi
1972 1219 2005 1281 in
2021 1220 2091 1296 Epi·

514 1314 638 1384 ,velint
659 1323 690 1376 et
712 1312 835 1376 valeant
855 1314 980 1373 auctore
1001 1305 1133 1370 Domino
1156 1301 1286 1364 salubri·
1341 1321 1469 1385 scopum
1491 1313 1521 1368 et
1548 1314 1702 1386 pastorem
1734 1312 1939 1388 praeficimus,
1971 1328 2089 1388 curam,

538 1415 586 1470 ter
606 1423 716 1485 regere
736 1413 768 1468 et
788 1403 919 1467 feliciter
938 1401 1122 1479 gubernare.
1342 1397 1483 1474 regimen
1503 1408 1535 1461 et
1556 1402 1859 1466 administrationem
1880 1403 1976 1482 ipsius
1996 1405 2091 1468 eccle-

1341 1489 1403 1553 siae
1423 1490 1550 1554 icosien.
1569 1493 1625 1555 tibi
1646 1495 1679 1558 in
1700 1495 1912 1573 spiritualibus
1926 1506 1958 1559 et
1974 1505 2090 1576 tempo-

1342 1581 1456 1644 ralibus
1484 1584 1622 1661 plenarie
1647 1589 1882 1664 committendo,
1907 1589 1939 1652 in
1961 1590 2015 1652 ilio
2036 1590 2089 1668 qui

2018 480 2019 485 Ν
2121 523 2211 582 aas.
2230 529 2291 584 aare

577 1505 597 1581 ἓ
620 1503 646 1565 l.
670 1501 794 1565 Dudum
815 1498 969 1577 siquidem
999 1491 1198 1556 ecclesiarum
1220 1504 1285 1550 om-

538 1599 629 1662 nium
650 1604 726 1660 tunc
741 1593 918 1656 vacantium
934 1588 1125 1669 provisiones
1139 1593 1171 1650 et
1185 1587 1217 1648 in
1234 1601 1285 1665 pe

348 1514 425 1562 Eloctl
446 1523 519 1560 enco-

308 1570 389 1616 mium
413 1569 440 1613 et
465 1565 520 1613 ola-

306 1623 365 1670 ctio.

536 1700 655 1757 storum
678 1699 895 1753 vacaturarum
922 1682 1110 1747 ordinationi
1129 1687 1162 1743 et
1183 1678 1286 1757 provi-

535 1787 617 1850 sioni
638 1790 761 1849 nostrae
774 1779 1011 1850 reservavimus,
1027 1776 1232 1838 decernentes
1247 1791 1285 1836 ex

536 1889 613 1943 tunc
633 1878 760 1941 irritum
787 1892 820 1936 ac
842 1873 936 1936 inane
956 1873 981 1934 si
1009 1887 1096 1933 secus
1123 1868 1285 1948 superbis

536 1991 552 2036 a
579 1987 778 2053 quocumque
805 1967 914 2048 quavis
943 1966 1124 2029 auctoritate
1151 1964 1285 2026 scienter

535 2067 587 2131 vel
616 2067 796 2145 ignoranter
824 2060 992 2138 contigerit
1022 2057 1177 2120 attentari.
1201 2057 1286 2118 Post·

536 2161 665 2224 modum
687 2174 762 2219 vero
782 2171 853 2220 cum
875 2154 1002 2217 ecclesia
1022 2149 1200 2230 episcopalis
1223 2149 1285 2211 lco-

535 2255 613 2317 sien.
630 2252 754 2333 quaein
776 2249 914 2330 partibus
935 2246 1111 2310 infidelium
1132 2242 1282 2318 consistit,

535 2353 567 2410 et
587 2347 638 2411 cui
659 2348 708 2409 bo.
726 2361 785 2407 me.
805 2341 989 2407 Emmanuel
1004 2342 1138 2402 Terzero
1153 2337 1283 2402 ultimus

535 2441 631 2517 illius,
647 2441 722 2503 dum
743 2439 876 2514 viveret,
893 2435 1060 2514 Episcopus
1081 2431 1282 2511 praesidebat,

535 2549 591 2612 per
611 2534 732 2596 obitum
759 2531 853 2610 ipsius
875 2526 1100 2603 Emmanuelis,
1122 2523 1177 2604 qui
1198 2529 1284 2587 extra

535 2627 706 2690 itomanam
727 2625 853 2690 (iuriam
868 2623 949 2685 diem
965 2621 1073 2685 clausit
1086 2633 1282 2698 supremum,

535 2722 643 2785 solatio
670 2719 797 2798 pastoris
826 2717 973 2780 destituta
994 2712 1197 2776 remanserit:
1221 2709 1283 2772 Nos

535 2817 570 2880 ad
586 2815 726 2878 eiusdem
740 2811 897 2886 ecclesiae,
909 2811 946 2874 de
961 2809 1049 2872 cuius
1063 2807 1222 2869 vacatione
1236 2821 1284 2866 re·

534 2910 614 2972 latus
628 2906 700 2972 iidei
714 2906 800 2983 digni
813 2905 958 2968 iecerunt
973 2918 1029 2965 nos
1043 2902 1202 2975 certiores,
1214 2917 1283 2978 pro-

536 3003 688 3065 visionem
703 2999 837 3062 celerem
848 3005 941 3076 atque
952 2995 1085 3072 laticem,
1097 2995 1130 3058 in
1142 3011 1201 3074 qua
1214 2993 1283 3056 nul-

535 3095 584 3159 ius
605 3104 726 3174 praeter
754 3108 810 3154 nos
831 3107 864 3154 se
885 3093 939 3153 irac
967 3090 1033 3152 vice
1055 3090 1155 3168 potuit
1184 3088 1283 3150 intro-

536 3189 661 3254 mittere
680 3202 735 3250 seu
756 3191 858 3265 potest
876 3183 1087 3246 reservatione
1107 3191 1138 3244 et
1159 3182 1282 3244 decreto

534 3281 754 3347 obsistentibus
773 3277 967 3356 supradictis,
982 3294 1017 3340 ac
1038 3291 1079 3339 ne
1099 3274 1151 3338 illa
1172 3275 1283 3351 longae

534 3373 701 3439 vacationis
722 3377 896 3450 exponatur
915 3369 1131 3442 incommodis,
1154 3373 1282 3445 paterno

535 3485 569 3532 ac
589 3467 721 3530 sollicito
741 3465 842 3527 studio
866 3461 1082 3538 intendentes,
1112 3468 1180 3541 post
1207 3460 1281 3524 deli·

534 3561 740 3634 berationem,
771 3555 922 3637 quamde
952 3556 1157 3635 praeficiendo
1181 3554 1281 3617 eidem

535 3647 1282 3730 mfflwwmmfflmmmm

534 3763 607 3813 cum
620 3743 849 3809 venerabilibus
865 3741 1010 3805 iratribus
1025 3741 1138 3804 nostris
1153 3742 1184 3805 S.
1194 3741 1229 3803 a.
1242 3741 1279 3803 E.

535 3840 750 3906 Cardinalibus
782 3836 919 3915 negociis
950 3836 1164 3916 Propagandae
1195 3834 1280 3898 Fidei

534 3933 714 4014 praepositis
742 3930 906 3994 habuimus
931 3927 1126 4006 diligentem,
1153 3928 1281 3990 demum

534 4029 571 4092 ad
592 4036 623 4091 te
644 4026 698 4106 qui
719 4041 757 4087 ex
773 4024 912 4100 legitimo
927 4021 1127 4084 matrimonio
1142 4037 1280 4101 procrea-

534 4131 585 4186 tus
604 4135 648 4196 es,
671 4125 704 4182 et
724 4117 757 4180 in
787 4118 878 4181 Sacro
907 4115 1021 4179 Ordine
1050 4115 1281 4194 presbyteratus

533 4214 618 4277 inter
637 4209 886 4288 congregationis
915 4207 1100 4271 missionum
1122 4207 1281 4286 presbyte-

534 4324 584 4371 ros
605 4305 802 4375 constitutus,
818 4319 851 4366 ac
869 4302 901 4364 in
916 4309 1015 4364 aetate
1027 4303 1172 4364 canonica
1187 4300 1282 4362 etiam

534 4399 651 4474 existis,
667 4404 699 4460 et
713 4395 906 4460 laudabiliter
916 4394 1002 4473 plura
1018 4411 1051 4457 ac
1065 4393 1197 4456 ditllcilia
1213 4411 1281 4456 mu·

534 4494 585 4560 oia
607 4501 762 4569 tamquam
784 4489 945 4564 delegatus
974 4487 1156 4550 auctoritate
1176 4495 1281 4550 nostra

532 4585 697 4666 apostolica
717 4585 750 4646 in
772 4584 876 4645 Monte
896 4580 1013 4644 Libano
1028 4581 1088 4643 iruc
1102 4597 1201 4660 usque
1215 4597 1281 4658 ges·

532 4681 610 4756 sisti,
632 4686 663 4744 et
682 4679 732 4742 cui
752 4676 810 4739 alia
831 4691 895 4738 non
922 4675 1043 4738 minora
1069 4674 1170 4736 adbuc
1190 4691 1283 4754 expe-

533 4773 644 4838 dienda
658 4775 839 4849 supersunt,
854 4769 1003 4847 cuiusque
1018 4768 1096 4848 apud
1112 4784 1169 4830 nos
1182 4768 1221 4833 de
1235 4769 1281 4830 vi·

533 4876 582 4931 tae
603 4865 766 4939 munditia,
789 4877 977 4940 morumque
1005 4863 1178 4940 honestate,
1200 4865 1281 4928 cirri·

532 4961 649 5023 stianae
679 4955 836 5033 religionis
858 4972 891 5017 ac
912 4954 1078 5017 catholicae
1108 4955 1180 5018 irdei
1201 4958 1279 5033 zelo,

533 5069 566 5115 ae
580 5049 791 5132 spiritualium
806 5047 1000 5126 providentia
1014 5055 1045 5110 et
1061 5050 1280 5127 temporalium

533 5143 820 5223 circumspectione,
835 5141 897 5205 fide
912 5143 1003 5218 digna
1020 5142 1197 5204 testimonia
1212 5160 1281 5221 per-

533 5238 693 5312 hibentur,
708 5235 813 5298 ocuies
828 5235 941 5298 mentis
956 5244 1079 5298 nostrae
1094 5236 1277 5299 direximus:

532 5331 645 5409 quibus
675 5329 820 5391 omnibus
851 5327 951 5390 debita
984 5330 1101 5391 ratione
1134 5330 1278 5407 pensatis,

533 5431 564 5487 ta
584 5440 600 5484 a
621 5422 781 5503 quibusvis
795 5422 1137 5496 excommunicationis,
1152 5438 1280 5500 suspen·

531 5516 627 5578 sionis
649 5524 680 5578 et
706 5515 880 5589 interdicti,
914 5513 1043 5592 aliisque
1070 5513 1280 5578 ecclesiasticis

1341 1675 1392 1736 dat
1414 1678 1526 1752 gratias
1547 1687 1579 1740 et
1600 1678 1733 1757 largitur
1754 1682 1832 1745 dona
1852 1682 1972 1757 contisi,
1995 1683 2089 1761 quod,

1341 1765 1497 1844 dirigente
1518 1770 1651 1833 Domino
1676 1780 1761 1836 aetus
1784 1781 1865 1848 tuos,
1888 1773 2020 1852 praelata
2042 1791 2090 1836 ec·

1340 1857 1431 1920 clesia
1443 1861 1570 1924 icosien.
1582 1879 1639 1942 por
1655 1872 1725 1928 tuae
1740 1866 2028 1947 circumspectionis
2043 1869 2090 1930 in·

1341 1952 1493 2017 dustriam
1520 1964 1550 2017 et
1577 1957 1717 2022 studium
1745 1960 1864 2024 utiliter
1890 1969 1922 2024 et
1944 1978 2090 2041 prospere

1341 2043 1505 2122 dirigetur,
1521 2057 1669 2130 grataque
1684 2053 1715 2114 in
1740 2052 1812 2132 ipsis
1832 2054 2044 2133 spiritualibus
2058 2064 2090 2120 et

1342 2139 1562 2216 temporalibus
1583 2143 1776 2208 incrementa
1796 2149 1953 2228 suscipiet.
1979 2149 2091 2226 iugum

1341 2230 1437 2307 igitur
1446 2233 1566 2296 Domini
1579 2238 1639 2298 tuis
1649 2237 1829 2318 impositum
1840 2244 1979 2306 humeris
1989 2260 2090 2325 prom·

1341 2330 1390 2401 pta
1411 2325 1578 2390 devotione
1598 2331 1696 2392 animi
1719 2333 1908 2412 amplectens
1929 2354 2037 2400 curam
2058 2346 2089 2401 et

1339 2417 1641 2484 administrationem
1663 2424 1810 2502 praelatas
1826 2429 1867 2490 ita
1881 2431 2003 2494 studeas
2017 2431 2090 2494 iide-

1340 2507 1412 2571 iiter
1427 2513 1659 2594 prudenterque
1673 2533 1829 2597 exercere,
1841 2529 1876 2584 ut
1886 2523 2012 2586 ecclesia
2028 2525 2090 2588 lco-

1339 2601 1417 2666 sien.
1449 2607 1579 2681 gaudeat
1607 2625 1641 2671 se
1668 2611 1797 2690 provido
1828 2615 2028 2692 gubernatori
2056 2634 2089 2680 ac

1340 2693 1497 2761 fructuoso
1523 2702 1766 2768 administratori
1793 2723 1858 2770 esse
1878 2710 2087 2786 commissam,

1341 2797 1450 2868 tuque,
1473 2800 1595 2872 praeter
1615 2801 1760 2860 aeternae
1774 2799 1989 2866 retributionis
2002 2818 2088 2881 prae·

1340 2883 1451 2959 mium,
1474 2893 1612 2950 nostram
1634 2906 1758 2970 quoque
1779 2902 1811 2955 et
1832 2894 1919 2958 Sedis
1936 2897 2089 2975 Apostoli-

1339 2992 1391 3038 cae
1414 2978 1541 3041 uberius
1562 2981 1675 3045 exinde
1695 2987 1843 3064 consequi
1867 2991 2015 3054 merearis
2036 2993 2088 3055 be

1339 3073 1551 3136 nedictionem
1572 3085 1602 3138 et
1624 3079 1766 3154 gratiam.
1790 3081 1949 3146 Praeterea
1970 3085 2035 3162 tibi,
2053 3094 2089 3150 ut

1339 3165 1375 3229 ad
1397 3167 1557 3230 ecclesiam
1571 3171 1748 3249 praelatam,
1765 3175 1911 3252 quamdiu
1926 3179 1965 3241 ab
1978 3179 2089 3244 inlide-

1339 3261 1418 3325 libus
1447 3263 1648 3341 detinebitur,
1680 3267 1824 3330 accedere
1851 3276 1882 3330 et
1912 3270 1990 3350 apud
2019 3289 2088 3336 eam

1338 3356 1543 3435 personaliter
1564 3357 1700 3422 residere
1722 3360 1853 3424 minime
1874 3364 2019 3441 tenearis,
2042 3369 2087 3432 di-

1338 3459 1384 3515 cta
1398 3453 1592 3530 auctoritate,
1604 3454 1643 3517 de
1653 3457 1776 3535 speciali
1791 3460 1873 3522 dono
1888 3463 2004 3537 gratiae
2014 3481 2087 3528 eon-

1338 3546 1476 3610 cedimus
1501 3558 1532 3611 ot
1561 3550 1771 3628 indulgemus.
1802 3553 1969 3620 Caeterum
1992 3561 2027 3623 ad
2051 3577 2087 3624 ea

1338 3657 1417 3719 quae
1438 3641 1470 3705 in
1494 3649 1564 3706 tuae
1585 3646 1694 3708 cedere
1713 3658 1843 3725 possunt
1859 3653 2087 3717 commoditatis

1337 3748 1545 3820 augmentum
1554 3743 1765 3806 favorabiliter
1776 3747 1970 3825 recipientes,
1984 3751 2039 3812 tibi
2051 3760 2087 3813 ut

1338 3853 1353 3896 a
1374 3853 1572 3916 quocumque
1597 3853 1691 3915 quem
1715 3844 1748 3899 tu
1770 3839 1916 3902 malueris
1936 3843 2086 3906 catholico

1338 3929 1485 3992 lintistite
1507 3929 1636 3992 Sanctae
1657 3939 1780 3993 nostrae
1802 3933 1889 3995 Sedis
1909 3937 2040 4010 gratiam
2055 3947 2086 4001 et

1337 4023 1592 4086 communionem
1614 4023 1747 4087 habente
1768 4027 1875 4102 accito,
1891 4029 1969 4091 etin
1986 4030 2043 4094 boc
2057 4034 2087 4094 ei

1337 4115 2086 4204 assistentibusduobusaiiisEpiscopis,vel,qua·

1339 4217 1432 4272 tenus
1454 4209 1486 4270 hi
1507 4211 1669 4273 commode
1689 4213 1819 4288 reperiri
1842 4229 1905 4276 non
1924 4223 2085 4294 poterunt,

1337 4301 1458 4366 duobus
1487 4319 1600 4366 eorum
1628 4305 1695 4368 loco
1716 4306 1904 4385 presbyteris
1923 4309 2087 4373 saeculari·

1338 4397 1406 4473 bus,
1434 4413 1490 4460 seu
1519 4399 1656 4460 cuiusvis
1686 4400 1814 4475 ordinis,
1837 4402 2087 4478 congregationis

1338 4498 1368 4552 et
1390 4487 1526 4552 instituti
1547 4490 1754 4566 regularibus,
1775 4493 1911 4555 similem
1933 4493 2088 4572 praeiatae

1338 4582 1429 4646 buius
1451 4581 1536 4644 Sedis
1558 4584 1687 4659 gratiam
1709 4591 1740 4646 et
1760 4587 2016 4649 communionem
2034 4589 2088 4650 ba-

1338 4677 1495 4750 bentibus,
1513 4691 1630 4738 munus
1644 4678 1884 4739 consecrationis
1899 4681 2035 4758 recipere
2051 4682 2086 4742 li-

1338 4770 1411 4832 bere
1431 4785 1466 4832 ac
1496 4767 1580 4830 licite
1609 4770 1706 4847 possis
1726 4777 1758 4832 et
1779 4770 1891 4846 valeas,
1923 4789 1957 4835 ac
1984 4774 2086 4836 eidem

1338 4861 1488 4935 lintistiti,
1511 4869 1546 4923 ut
1567 4862 1735 4939 receptisa
1758 4869 1788 4925 te
1814 4865 1899 4942 prius
1919 4866 2087 4930 catholicae

1339 4955 1408 5018 iidei
1435 4954 1626 5031 professione
1648 4955 1733 5018 iuxta
1761 4956 1906 5018 articulos
1926 4957 2047 5034 pridem
2070 4977 2087 5021 a

1337 5048 1407 5110 sede
1429 5053 1533 5109 nostra
1554 5047 1738 5126 propositos,
1753 5063 1787 5110 ac
1807 5055 1915 5110 nostro
1930 5057 1961 5112 et
1976 5050 2086 5112 itoma-

1338 5157 1396 5204 nae
1416 5140 1567 5203 Ecclesiae
1590 5142 1718 5203 nomine
1734 5141 1890 5206 fidelitatis
1904 5143 2024 5206 debitae
2038 5161 2087 5208 so·

1337 5234 1392 5296 lito
1417 5233 1605 5310 iuramento,
1632 5234 1857 5314 praescriptum
1885 5251 2002 5300 munus
2030 5239 2086 5301 tibi

1336 5329 1518 5391 auctoritato
1540 5335 1645 5389 nostra
1667 5328 1850 5405 impendere
1879 5328 1966 5392 licite
1987 5329 2086 5392 valeat

1336 5421 1444 5484 eadem
1474 5420 1657 5484 auctoritate
1683 5420 1807 5498 plenam
1827 5429 1861 5483 et
1882 5421 2012 5484 liberam
2033 5421 2086 5486 ba·

1337 5528 1408 5575 rum
1429 5513 1509 5575 serie
1530 5514 1698 5575 tribuimus
1719 5512 1907 5576 iacultatem.

531 5607 705 5683 sententiis,
722 5607 861 5670 censuris
882 5615 913 5670 et
933 5607 1072 5685 poenica
1093 5607 1161 5670 iure
1178 5606 1230 5669 vol
1244 5605 1281 5668 ab
1376 5605 1444 5681 52.
1469 5604 1537 5668 Non
1568 5604 1761 5668 obstantibus
1791 5606 1966 5684 apostolicis
1994 5609 2083 5670 acin
2136 5623 2295 5688 nqrogarcon·
2354 5677 2356 5680 ,

533 5701 660 5762 bomine
681 5699 788 5778 quavis
807 5699 964 5762 occasione
985 5700 1036 5760 vel
1056 5715 1144 5762 carisa
1160 5700 1239 5775 latis,
1254 5699 1280 5760 si
1338 5698 1566 5763 universalibus
1587 5698 1889 5778 provincialibusque
1910 5708 1938 5764 et
1955 5702 2085 5779 synoda·
2103 5679 2234 5779 {griffi
2246 5687 2296 5778 iffi

532 5794 645 5872 quibus
665 5791 894 5872 quomodolibet
915 5792 1082 5856 innodatus
1103 5793 1221 5867 existis,
1244 5793 1278 5856 ad
1336 5792 1417 5854 libus
1444 5791 1589 5854 Conciliis
1617 5792 1706 5854 editis
1732 5794 1928 5869 generalibus
1947 5792 1999 5856 vei
2017 5809 2084 5872 spe·
2103 5785 2228 5844 praecipu.

532 5886 679 5958 ellectum
694 5885 905 5968 praesentium
919 5887 1078 5950 dumtaxat
1089 5901 1280 5965 consequen·
1336 5884 1464 5948 cialibus
1485 5885 1758 5948 constitutionibus
1779 5893 1810 5948 et
1824 5886 2082 5966 ordinationibus,
