4808 6988
369 541 467 602 Amo.
489 548 556 601 1021

373 2638 573 2695 berogatlocon·

359 2693 505 2744 tractorum.

607 547 666 611 592

587 685 612 747 si
634 701 708 764 quas
728 684 808 745 iorte
825 681 1028 757 incurrerint,
1044 681 1139 743 buius
1152 685 1274 740 tantum
1290 677 1335 739 rei

588 777 685 855 gratia
700 777 894 839 absolventes
912 786 942 839 et
957 775 1112 838 absolutos
1126 774 1193 835 lore
1207 785 1334 833 censen·

588 879 645 945 tes,
667 869 943 948 supplicationibus
974 868 1150 930 huiusmodi
1183 863 1333 937 inclinati,

588 964 626 1026 de
648 961 872 1024 venerabilium
896 962 1030 1024 fratrum
1056 967 1234 1022 nostrorum
1258 957 1332 1020 San-

588 1063 654 1118 ctae
675 1055 830 1118 Romanae
852 1055 1004 1118 Ecclesiae
1026 1052 1237 1117 cardinalium
1253 1050 1335 1113 Con·

589 1145 1333 1226 gregationiPropagandaeEideipraepositorum

588 1240 728 1316 consilio,
738 1241 842 1303 audito
857 1241 943 1319 prius
959 1239 1130 1303 venerabili
1145 1238 1240 1299 tratre
1255 1235 1335 1299 'lho-

589 1349 639 1395 ma
661 1333 781 1396 Scallau
812 1333 959 1412 Episcopo
990 1332 1180 1410 Dragonensi
1212 1327 1334 1392 Vicario

588 1426 762 1505 Apostolico
794 1427 905 1488 Terrae
936 1426 1051 1502 Novae,
1074 1426 1126 1504 qui
1149 1422 1332 1488 eorumdem

589 1518 728 1581 locorum
750 1536 856 1581 curam
877 1521 1030 1599 suscipere
1052 1535 1192 1581 assensus
1214 1525 1272 1592 est,
1289 1517 1336 1578 in-

588 1612 689 1673 sulam
711 1613 890 1689 AnticostiS,
907 1620 937 1674 et
956 1612 1162 1689 supradictam
1183 1611 1333 1672 Labrado-

589 1705 631 1767 ris
652 1711 771 1782 partem
793 1722 808 1765 a
829 1705 1018 1780 Quebecensi
1042 1705 1171 1766 dioecesi
1202 1704 1333 1766 auctori·

590 1805 652 1861 tate
666 1798 826 1876 apostolica
838 1802 949 1860 tenore
963 1797 1174 1876 praesentium
1190 1798 1333 1858 dismem-

590 1891 726 1967 bramus,
743 1900 773 1954 et
795 1899 831 1953 ut
853 1891 934 1969 ipsae
955 1892 988 1953 in
1010 1895 1168 1969 postorum
1184 1899 1334 1968 perpetuo

590 1985 698 2046 unitae
719 2001 752 2046 ac
772 1985 927 2046 subiectae
954 1991 1100 2046 maneant
1127 1983 1333 2044 iurisdietioni

591 2077 696 2140 vicarii
717 2077 875 2156 apostolici
897 2078 1010 2140 Terrae
1034 2077 1148 2152 Novae,
1172 2077 1225 2155 qui
1246 2069 1336 2154 spir'i-

591 2170 683 2233 tualia
715 2171 861 2249 praesidia
892 2172 1046 2234 catholicis
1074 2171 1115 2233 ibi
1142 2171 1334 2232 morantibus

592 2271 745 2342 praestare
756 2272 787 2326 et
801 2264 944 2326 barbares
959 2265 1189 2344 haereticosque
1200 2266 1235 2326 ad
1248 2263 1336 2326 Cirri-

589 2357 628 2418 sti
650 2358 732 2420 ovile
753 2359 923 2436 perducere
944 2375 999 2438 pro
1022 2359 1141 2448 viribus
1162 2367 1261 2434 curet,
1284 2373 1336 2419 au-

590 2451 733 2512 ctoritate
755 2458 785 2512 et
808 2459 916 2514 tenore
938 2452 1099 2530 praedictis
1127 2451 1273 2513 volumus
1294 2457 1336 2512 at-

591 2558 652 2620 que
674 2545 866 2606 mandamus.

631 2635 650 2710 ἓ
670 2634 699 2696 d.
723 2633 792 2698 Non
815 2637 1005 2700 obstantibus
1019 2637 1293 2701 constitutionibus
1307 2645 1338 2699 et

591 2731 836 2792 ordinationibus
858 2731 1041 2810 apostolicis,
1071 2747 1214 2794 necnon
1240 2731 1338 2793 dictae

591 2824 795 2899 Quebecensis
828 2825 979 2888 Ecclesiae
1011 2826 1106 2888 etiam
1136 2826 1335 2896 iuramento,

591 2919 828 2982 confirmatione
859 2919 1031 2997 apostolica,
1064 2920 1114 2984 vel
1145 2919 1253 2998 quavis
1285 2919 1336 2980 iir-

592 3012 700 3074 mitate
730 3011 787 3072 alia
817 3011 969 3075 roboratis
997 3013 1119 3075 statutis
1149 3019 1179 3074 et
1209 3027 1337 3074 consue·

592 3103 768 3180 tudinibus;
793 3105 963 3182 privilegiis
992 3122 1127 3185 quoque,
1155 3105 1283 3167 indultis
1305 3114 1335 3168 et

591 3196 689 3260 literis
714 3197 886 3276 apostolicis
910 3199 1120 3275 superioribus
1142 3207 1174 3261 et
1196 3199 1335 3276 personis

591 3289 648 3351 sub
664 3290 912 3368 quibuscumque
931 3291 1089 3355 tenoribus
1110 3299 1141 3354 et
1161 3291 1280 3368 formis,
1303 3307 1336 3354 ac

590 3397 663 3444 cum
678 3382 838 3461 quibusvis
853 3384 945 3446 etiam
966 3385 1231 3461 derogatoriarum
1249 3386 1336 3448 dero·

592 3476 727 3552 gatoriis,
738 3476 866 3556 aliisque
877 3479 1107 3554 efficacioribus,
1121 3481 1336 3545 efficacissimis

591 3585 623 3631 ac
638 3569 768 3632 insolitis
784 3570 939 3647 clausulis,
956 3573 1211 3654 irritantibusque
1226 3584 1256 3638 et
1270 3576 1337 3639 aliis

590 3663 720 3725 decretis
741 3663 774 3725 in
794 3678 910 3741 genere
925 3665 974 3726 vel
996 3669 1027 3729 in
1050 3669 1161 3746 specie,
1173 3685 1206 3731 ac
1220 3670 1286 3732 aliis
1303 3671 1334 3733 in

590 3757 780 3818 contrarium
795 3757 1026 3835 quomodolibet
1043 3762 1206 3838 concessis,
1229 3779 1335 3841 appro-

590 3847 666 3910 batis
681 3853 713 3910 et
726 3848 890 3913 innovatis,
903 3852 1019 3926 Quibus
1030 3855 1174 3916 omnibus
1186 3861 1216 3916 et
1230 3856 1336 3934 singn-

590 3940 626 4002 lis
637 3942 763 4005 illorum
774 3951 897 4006 tonores
911 3947 1121 4023 praesentibus
1134 3965 1189 4026 pro
1201 3949 1291 4028 plene
1306 3958 1337 4012 ct

591 4035 994 4116 sufficientererpressis,ac
1005 4041 1042 4102 de
1054 4042 1193 4104 verboad
1204 4045 1334 4107 verbum

590 4131 717 4193 insertis
743 4133 890 4196 habentes
914 4133 975 4195 illis
996 4135 1069 4196 alias
1095 4136 1126 4196 in
1148 4153 1204 4199 suo
1226 4138 1336 4201 robore

591 4227 818 4303 permansuriS,
851 4227 887 4288 ad
909 4229 1146 4304 praemissorum
1173 4229 1335 4308 ellectum,

590 4315 646 4378 hac
668 4317 734 4380 vice
759 4319 917 4382 dumtaxat
942 4320 1115 4400 specialiter
1140 4330 1171 4386 et
1192 4338 1336 4401 expresse

590 4407 786 4488 derogamus,
814 4414 1003 4492 caeterisque
1025 4417 1187 4478 contrariis
1209 4419 1336 4495 quibus-

591 4521 737 4584 cumque.

631 4600 743 4662 Datum
764 4600 889 4676 Romae,
922 4602 1002 4680 apud
1031 4599 1062 4664 S.
1094 4604 1220 4666 blaciam
1247 4605 1337 4669 llaio·

591 4710 659 4756 rem
680 4694 737 4756 sub
757 4694 873 4754 annulo
895 4695 1064 4772 piscatoris,
1087 4699 1135 4759 die
1156 4715 1176 4760 1.
1189 4698 1337 4763 februarii

592 4801 784 4862 noceamve,
807 4788 1004 4865 pontiticatus
1026 4791 1124 4851 nostri
1145 4808 1227 4855 auno
1248 4809 1315 4856 xxi.

837 5041 1089 5052 -μ--ι--ρμι-

918 5258 1010 5322 XCV.

595 5448 749 5524 Ecpostto
771 5447 920 5525 Sprettst's
943 5447 1091 5512 dioecesis
1113 5451 1149 5511 t'o
1172 5451 1258 5514 Mori
1282 5453 1338 5514 Ac-

632 5557 685 5618 poo
712 5541 904 5619 perturbato
936 5548 1040 5615 stolo,
1074 5544 1213 5623 regimen
1245 5543 1337 5608 iltius

633 5633 1338 5716 ecclesioecontmt'ttitArabicpt'scopoStopr-

633 5729 724 5790 acori
747 5733 910 5808 tamquam
932 5745 983 5807 op.
1004 5731 1180 5802 oisitutori,
1208 5732 1238 5793 st‘
1263 5733 1338 5810 Epi·

633 5836 757 5899 scoptto,
782 5821 912 5885 Romam
944 5831 1088 5896 cocetttc,
1109 5831 1180 5901 port
1202 5841 1337 5886 mortecto

633 5912 756 5979 obedire
777 5915 935 5978 resteterit.

1112 563 1177 606 run.
1194 534 1293 604 'eoum
1317 559 1357 604 ne
1378 558 1406 603 r.
1432 559 1460 603 r.
1485 561 1567 605 enus
1588 561 1610 604 r.

1391 672 1559 742 Venerabili
1582 674 1669 743 tratri
1693 673 1931 758 drobiepioeopo
1952 673 2135 757 smyrnensi,

1636 817 1724 888 etus
1745 819 1804 888 ΡΡ.
1831 819 1889 887 llll.

1602 952 1792 1022 Venerabilis
1814 955 1922 1036 trater,

1419 1046 1602 1115 salutemet
1627 1048 1825 1131 apostolicare
1853 1050 2102 1118 benedictionem.

1428 1238 1446 1312 ἓ
1471 1237 1497 1298 l.
1522 1237 1606 1299 Niltil
1628 1254 1700 1300 sane
1716 1239 1876 1303 molestius
1891 1213 2136 1320 auerrt‘poterat

1388 1327 1487 1403 nobis,
1504 1345 1598 1408 quam
1613 1331 1693 1408 quod
1710 1349 1725 1392 a
1741 1349 1836 1396 venn.
1855 1332 2001 1396 iratribus
2022 1335 2136 1396 nostris

1389 1420 1419 1484 S.
1437 1421 1473 1483 R.
1491 1422 1524 1484 E.
1538 1423 1752 1487 cardinalibus
1768 1426 1901 1502 negotiis
1917 1427 2136 1503 Congregatio-

1389 1515 1437 1575 nis
1458 1517 1495 1576 de
1516 1515 1711 1592 Propagandi
1732 1519 1807 1580 Fide
1832 1519 2013 1598 praepositis
2034 1535 2136 1596 nuper

1387 1609 1559 1686 accepimus
1573 1608 1611 1669 de
1627 1611 1761 1674 Ecclesid
1783 1611 1909 1690 Syrensi
1927 1613 1964 1674 in
1986 1614 2061 1675 illari
2078 1614 2135 1675 Ae·

1389 1717 1458 1777 geo,
1480 1719 1559 1780 quae
1579 1702 1612 1765 in
1629 1713 1712 1767 tanta
1727 1722 1836 1768 rerum
1851 1708 1995 1770 omnium
2013 1715 2134 1786 pertur-

1390 1795 1513 1856 batione
1534 1805 1688 1875 versatur,
1712 1805 1757 1874 ut,
1775 1800 1832 1861 nisi
1856 1801 1961 1863 nostri
1985 1810 2017 1863 et
2043 1803 2135 1864 buius

1389 1888 1578 1966 Apostolicae
1607 1890 1692 1954 Sedis
1714 1895 1895 1956 auctoritate
1923 1901 2134 1972 opportunum

1389 1987 1419 2042 et
1442 1997 1537 2057 grave
1563 1984 1685 2063 aliquod
1715 1985 1855 2050 adhibeat
1885 1989 2071 2064 remedium,
2098 1989 2135 2052 ti-

1390 2075 1540 2136 mendum
1563 2076 1769 2140 vehementer
1783 2081 1835 2155 sit,
1853 2097 1892 2143 ne
1909 2082 1940 2142 in
1958 2091 2134 2144 extremum

1389 2168 1561 2230 schismatis
1591 2171 1757 2235 discrimen
1788 2173 1965 2236 adducatur.
1998 2175 2043 2236 Er
2074 2176 2137 2254 ipsi

1391 2277 1527 2340 namque
1549 2262 1678 2341 Sprensi
1699 2265 1802 2328 insula
1823 2276 1916 2346 atque
1937 2285 1974 2330 er
1997 2267 2136 2348 pluribus

1391 2355 1525 2417 (trientis
1552 2357 1728 2421 civitatibus
1760 2359 1936 2424 afferuntur
1967 2363 2137 2439 praedictae

1392 2447 1633 2525 Gangregattoni
1653 2452 1791 2529 quotidie
1807 2454 1924 2530 literae,
1941 2455 2054 2532 quibus
2066 2455 2136 2517 beni

1392 2555 1500 2602 omnes
1521 2543 1614 2604 buius
1635 2543 1667 2606 S.
1685 2543 1769 2607 Sedis
1791 2547 2006 2609 auctoritatem
2028 2548 2134 2624 implo-

1392 2640 1472 2710 rant,
1500 2641 1592 2714 atque
1617 2638 1787 2715 auxilium,
1810 2648 1927 2718 quanto
1955 2641 2048 2704 citius
2069 2642 2136 2704 steri

1392 2727 1498 2806 possit,
1520 2739 1701 2816 exposcunt.
1732 2730 1825 2812 Nobis
1846 2751 1879 2795 ac
1901 2736 2135 2812 congregationi

1392 2823 1561 2900 praedictae
1570 2839 1750 2901 persuasum
1759 2835 1817 2901 est,
1828 2827 1980 2889 malorum
1993 2830 2136 2892 omnium

1391 2932 1512 2977 causam
1526 2916 1628 2995 ipsum
1643 2934 1709 2981 esse
1723 2919 1869 2982 dioecesis
1885 2921 2070 3002 Episcopum
2085 2938 2136 2984 ve·

1391 3009 1563 3072 uerabilem
1577 3010 1704 3074 tratrem
1720 3012 1864 3076 loannem
1881 3017 2048 3093 baptistam
2060 3017 2137 3078 ilus-

1390 3102 1450 3164 sin.
1475 3102 1576 3181 Elapsi
1602 3111 1676 3166 sunt
1702 3104 1763 3166 iam
1786 3106 1901 3183 viginti
1931 3110 1993 3171 duo
2014 3110 2136 3172 circiter

1391 3195 1465 3256 anni
1480 3211 1495 3255 a
1511 3211 1573 3273 quo
1595 3196 1676 3258 illius
1693 3198 1837 3261 eeclesiae
1854 3199 2070 3282 Episcopatum
2093 3219 2136 3264 as·

1391 3293 1539 3366 sequutus
1565 3296 1621 3365 est,
1645 3306 1678 3352 ac
1702 3290 1874 3368 vigesimus
1899 3296 2054 3358 secundus
2077 3299 2136 3358 iam

1392 3380 1456 3442 lere
1479 3382 1548 3444 lluit
1576 3399 1688 3458 annus,
1710 3401 1725 3446 a
1747 3402 1809 3463 quo
1826 3379 2001 3465 'indignam
2030 3392 2137 3454 ordine

1390 3494 1447 3540 suo
1469 3479 1550 3540 vitae
1566 3481 1718 3542 rationem
1732 3482 1883 3560 sequitur.
1905 3483 1973 3546 Non
1992 3485 2037 3546 illi
2053 3502 2134 3550 com·

1391 3574 1545 3635 movendo
1572 3572 1643 3634 satis
1663 3573 1751 3636 luere
1779 3591 1868 3654 saepe
1895 3579 2025 3657 scriptae
2054 3597 2138 3642 com·

1391 3666 1572 3728 monitionis
1594 3669 1688 3743 gratia
1716 3672 1888 3748 praedictae
1914 3672 2136 3750 congregatio-

1393 3760 1440 3820 nis
1456 3758 1616 3838 epistolae:
1641 3777 1705 3824 non
1720 3778 1754 3823 ea
1770 3765 1899 3840 monita,
1916 3783 1994 3844 quae
2008 3767 2136 3829 Rotnam

1392 3859 1518 3916 vocatus
1540 3869 1621 3914 anno
1643 3871 1804 3919 nneecxv.
1828 3860 1944 3938 accepit
1973 3867 2039 3921 tum
2063 3876 2138 3923 voce

1394 3951 1461 4007 turn
1482 3947 1613 4025 scriptis,
1642 3951 1793 4026 regendae
1823 3952 2066 4024 Ecclesiaesuae
2086 3971 2137 4034 op·

1393 4046 1536 4117 portura,
1555 4057 1588 4102 ac
1609 4042 1735 4104 vitando
1749 4045 1890 4106 scandale
1913 4046 2073 4124 turbisque
2088 4063 2136 4110 re·

1392 4133 1586 4210 stinguendis
1602 4137 1782 4199 necessaria.
1800 4138 1856 4200 Ubi
1872 4138 1904 4202 in
1921 4141 2056 4206 insulam
2071 4149 2137 4210 red·

1392 4229 1438 4305 iit,
1462 4229 1598 4306 graviori
1619 4230 1679 4294 luit
1701 4232 1746 4294 illi
1768 4233 1912 4297 ecclesiae
1935 4238 2134 4302 detrimento.

1393 4321 1484 4384 Brevi
1500 4322 1585 4384 enim
1600 4339 1636 4388 eo
1652 4341 1701 4386 res
1716 4327 1842 4390 adducta
1859 4335 1916 4405 est,
1930 4337 1975 4406 ut,
1991 4333 2136 4412 Episcopo

1393 4415 1543 4480 arbitratu
1563 4433 1619 4479 suo
1640 4420 1744 4481 omnia
1775 4431 1915 4500 gerente,
1937 4432 1968 4487 et
1994 4429 2070 4489 sacri
2092 4445 2137 4491 ca·

1394 4525 1493 4571 nones
1513 4512 1705 4594 contemptui
1727 4513 1848 4592 publice
1868 4518 1976 4594 babiti,
1998 4528 2029 4581 et
2050 4521 2136 4583 disci-

1394 4603 1477 4682 plina
1500 4604 1649 4666 Ecclesiae
1671 4607 1749 4668 ssriaa
1771 4621 1878 4670 eversa
1898 4611 2023 4687 penitus
2038 4615 2135 4677 videa·

1395 4707 1457 4761 tura
1480 4698 1617 4760 Excitata
1639 4699 1819 4774 gravissima
1841 4711 1886 4766 est
1907 4705 2027 4784 clerum
2055 4709 2135 4770 inter

1395 4805 1426 4860 et
1441 4797 1591 4876 populum
1606 4796 1772 4873 discordia;
1789 4797 1925 4860 minores
1940 4800 2052 4864 Clerici
2066 4819 2135 4882 ope·

1395 4893 1480 4954 ribus
1510 4890 1623 4952 vilibus
1648 4905 1681 4952 ac
1706 4891 1788 4952 sacra
1814 4893 1975 4955 vocatione
2001 4895 2137 4973 indignis

1395 4985 1523 5060 addicti3
1554 4982 1772 5046 ecclesiasticae
1796 5000 1911 5063 poenae
1934 4987 1965 5050 in
1995 4987 2136 5050 innoxios

1394 5096 1450 5158 pro
1472 5079 1572 5140 lubitu
1595 5077 1734 5156 Episcopi
1756 5079 1933 5156 saepissime
1953 5081 2042 5159 latae3
2065 5082 2137 5145 baec

1395 5173 1458 5250 ipsa
1489 5169 1659 5249 Apostolica
1684 5167 1777 5232 Sedes
1803 5171 1942 5232 eiusdem
1969 5172 2085 5238 indocti
2106 5191 2138 5238 ao

1394 5264 1559 5343 pervicacis
1571 5262 1709 5340 Episcopi
1725 5262 1860 5326 dicteriis
1871 5264 2004 5327 ludibrio
2019 5267 2134 5330 edecta.

1433 5357 1502 5432 §2-
1527 5355 1731 5433 Sperabamus
1758 5355 1884 5433 quidem
1915 5359 2075 5436 futurum,
2104 5369 2138 5425 ut

1393 5465 1475 5512 anno
1491 5465 1668 5511 nnccerrx.
1691 5450 1863 5512 venerabili
1881 5450 1977 5515 tratre
1992 5453 2140 5532 Episcopo

1395 5543 1520 5608 Cbiensi
1546 5544 1708 5607 Francisco
1736 5543 1868 5606 Xaverio
1896 5545 2066 5624 Draeopoli,
2090 5549 2139 5611 cui

1392 5637 1569 5700 insularum
1591 5637 1685 5697 maris
1707 5637 1801 5716 Aegei
1823 5638 1985 5715 apostolica
2006 5641 2139 5702 visitatio

1393 5730 1553 5792 commissa
1573 5730 1684 5805 luerat,
1701 5729 1810 5809 Syram
1832 5732 1967 5794 adeunte
1987 5749 2036 5796 res
2056 5748 2140 5796 com·

1393 5823 1467 5901 poni
1489 5822 1593 5902 possit,
1606 5840 1639 5884 ac
1655 5823 1822 5902 Episcopus
1836 5825 1870 5886 ad
1889 5824 2001 5886 bonam
2015 5825 2137 5903 irugem

1393 5915 1541 5979 revecari.
1559 5917 1685 5978 Frustra
1702 5924 1804 5979 tamen
1816 5932 1853 5981 eo
1866 5933 1898 5979 se
1912 5921 2045 5985 contulit
2060 5923 2138 6003 Apo·

2166 541 2214 596 An.
2226 546 2252 598 G.
2269 549 2320 604 teat
