4856 7010
554 519 611 595 764

591 668 625 728 44
646 667 755 729 eodem
770 663 901 743 collegio
916 664 1105 729 educationis
1120 673 1151 728 et
1164 664 1280 728 studio·

592 777 664 823 rum
685 777 773 823 causa
795 777 850 839 pro
873 768 1014 837 tempore
1042 758 1279 821 commorabun-

1141 547 1239 594 tubex
1261 537 1475 593 Aboulcdtttttt

1395 664 1506 743 plicem
1527 667 1680 730 secundae
1701 667 1803 731 classis
1822 686 1894 733 oum
1909 679 2014 735 octava
2030 683 2086 752 pro

1395 758 1519 822 civitate
1540 761 1678 823 Limana.
1702 761 1771 824 433.

591 860 654 931 tur,
678 854 748 917 licet
776 861 962 916 consuetum
991 852 1176 914 missionum
1198 853 1278 914 iura·
1334 850 1494 917 CXXVlll.
1520 855 1754 919 confirmantur
1774 858 1902 921 articula
1924 876 1981 938 pro
2003 870 2086 926 recta

591 954 733 1010 mentum
756 963 819 1010 non
842 947 997 1010 emittant.
1020 946 1089 1008 titt.

532 1040 873 1128 EXXlV31ndulgetur
894 1039 1095 1102 missionariis
1111 1039 1233 1118 collegii
1249 1057 1278 1100 a·

590 1135 727 1213 postolici
750 1136 787 1198 de
801 1134 978 1212 Guadalupe
992 1131 1278 1196 Guadalaxariensis

589 1229 747 1305 dioecesis,
770 1228 857 1290 utin
889 1243 999 1289 eorum
1030 1226 1156 1289 ecclesia
1187 1227 1277 1288 missa

1393 945 1564 1010 directione
1585 947 1713 1024 collegii
1742 949 2009 1016 diissionariorum
2031 956 2085 1020 Or-

1394 1041 1474 1101 dinis
1496 1041 1654 1104 Minorum
1676 1041 1779 1106 Sancti
1801 1045 1954 1109 Francisci
1972 1046 2010 1109 de
2026 1049 2085 1110 Ab

1394 1133 1477 1196 bazia
1507 1136 1539 1198 in
1565 1135 1642 1198 Villa
1671 1138 1708 1199 do
1738 1137 1900 1200 Baithanas
1931 1139 2082 1204 Palcntin.

1393 1226 1545 1290 Dioecesis
1566 1229 1672 1290 erecti.
1695 1229 1762 1292 434.

589 1323 694 1384 votiva
715 1321 752 1384 de
775 1322 865 1383 Beata
880 1321 971 1383 llaria
986 1319 1115 1396 Virgine
1129 1319 1278 1382 celebrari
1334 1319 1469 1383 CXXIX.
1494 1321 1616 1384 Erectio
1631 1322 1735 1401 oppidi
1751 1323 1960 1389 Varsaviensis
1975 1327 2007 1390 in
2022 1328 2084 1406 epi-

589 1417 683 1496 possit
704 1415 879 1494 quotannis.
904 1413 974 1475 430.

530 1510 649 1574 CXXV.
673 1509 793 1574 vicario
821 1508 995 1588 Apostolico
1027 1507 1168 1570 'lunkini
1195 1506 1278 1571 Occi-

1392 1421 1561 1492 scopatum,
1585 1414 1714 1494 eiusque
1735 1417 1915 1497 collegiatae
1935 1421 1967 1483 in
1982 1423 2085 1484 cathe-

1393 1507 1521 1570 dralem.
1545 1508 1613 1570 437.

589 1605 719 1668 dentalis
740 1604 871 1682 eiusque
893 1602 1082 1677 coadiutori,
1106 1608 1135 1664 et
1158 1600 1277 1664 Vicario
1333 1600 1457 1664 CXXX.
1482 1601 1604 1665 Erectio
1625 1604 1770 1668 ccclesiae
1797 1608 1975 1670 monasterii
1997 1608 2083 1673 Ordi-

588 1698 764 1775 Apostolico
782 1697 965 1759 Cocinciuae
981 1711 1014 1756 ac
1028 1697 1094 1757 eius
1108 1695 1277 1757 coadiutori

587 1791 738 1863 concedit,
765 1797 798 1852 ut
819 1789 948 1868 quilibet
967 1803 1079 1850 eorum
1101 1787 1132 1850 in
1152 1788 1277 1866 proprio

587 1885 737 1948 vicariatu
758 1889 913 1960 superstes
933 1883 972 1943 sit
993 1881 1089 1944 altero
1108 1881 1277 1944 decedente

586 1979 752 2041 ueletiam
780 1982 929 2050 cessante,
951 1975 1009 2037 sibi
1035 1975 1127 2052 eligat
1150 1974 1276 2038 41443444-

586 2081 687 2136 44444
714 2087 785 2133 444
816 2069 920 2132 444444
950 2069 1145 2130 successione
1175 2085 1275 2132 unum

586 2183 624 2229 ex
646 2163 831 2244 presbyteris
853 2162 968 2241 proprii
991 2161 1166 2236 vicariatus,
1189 2178 1276 2224 eum-

585 2275 647 2338 que
669 2265 825 2322 consecret
853 2255 1037 2334 Episcopum
1062 2255 1167 2332 (titulo
1189 2255 1276 2317 decc-

585 2351 688 2415 dentis
718 2347 884 2428 assignato)
914 2348 1129 2410 assistentibus
1157 2348 1275 2412 duobus

585 2445 771 2524 presbyteris
793 2441 845 2504 vel
872 2443 966 2503 ctiam
993 2440 1061 2502 sine
1083 2441 1155 2519 ipsis
1175 2441 1200 2503 si
1223 2442 1276 2504 de·

584 2539 659 2612 sint,
683 2555 716 2600 re
747 2543 852 2598 tamen
884 2536 1118 2614 quamprimum
1148 2535 1178 2598 8.
1204 2535 1274 2599 Sedi

584 2631 807 2696 denuncianda.
832 2629 909 2692 lbid.

1394 1695 1441 1756 nis
1463 1695 1567 1759 Sancti
1589 1696 1692 1758 Basilii
1713 1697 1814 1776 ltlagni
1828 1701 1886 1763 sub
1901 1702 1992 1764 titulo
2007 1703 2081 1764 Bea-

1393 1796 1441 1852 tae
1471 1789 1582 1852 blaciae
1613 1789 1751 1868 Virginis
1771 1799 1803 1854 et
1829 1793 1932 1857 Sancti
1962 1795 2082 1857 loannis

1391 1883 1600 1960 evangelistae
1616 1885 1891 1948 Graeco-Eutheni
1908 1888 1988 1949 uniti
2003 1888 2083 1950 ritus

1392 1976 1425 2037 in
1447 1974 1615 2039 ditionibus
1643 1977 1790 2040 Xiovensi
1811 1985 1842 2039 et
1870 1980 2010 2042 Bretensi
2033 1997 2081 2043 re-

1390 2070 1528 2146 spective
1553 2070 1743 2133 dioecesibus
1765 2071 1981 2135 existentibus.
2010 2073 2080 2136 444.

1332 2161 1466 2226 CXXXI.
1484 2163 1624 2225 Facultas
1635 2163 1869 2242 Archiepiscopo
1881 2165 2011 2228 Limano
2022 2167 2083 2228 ele

1390 2254 1481 2318 vandi
1503 2257 1598 2317 ritum
1619 2255 1712 2318 4444444
1735 2255 1929 2320 exaltationis
1950 2258 2081 2322 Sanctae

1391 2349 1497 2412 Crucis
1517 2351 1553 2411 ad
1574 2350 1659 2427 dupl.
1675 2351 1893 2414 secundae'vel
1907 2353 1999 2414 etiam
2016 2355 2081 2432 pri-

1390 2459 1457 2505 mae
1478 2443 1580 2506 classis
1600 2444 1669 2506 sine
1690 2453 1807 2506 octava.
1831 2445 1899 2506 434.

1330 2537 1479 2601 CXXXll.
1502 2538 1641 2601 Facultas
1663 2537 1719 2617 Ep.
1746 2538 1828 2616 liisp.
1856 2548 1886 2601 et
1906 2540 2076 2618 Amerinus,

1390 2640 1425 2693 ut
1445 2630 1481 2691 ad
1503 2631 1725 2694 dimittendum
1751 2631 1910 2707 publicum
1935 2633 2076 2695 debitum

525 2723 874 2790 cxxv1.racuttatem
902 2721 1037 2798 eligendi
1063 2721 1273 2785 coadiutorem

582 2841 654 2888 cum
676 2822 779 2884 lutura
810 2819 1003 2883 successione
1032 2818 1097 2883 llic.
1122 2821 1179 2899 Ap.
1204 2819 1273 2883 Sut-

583 2916 711 2980 chuensi
732 2913 882 2976 concedit.
907 2911 974 2974 tea.

523 3007 673 3074 GXXllll.
697 3006 805 3069 Elerat
831 3006 928 3067 ritum
957 3003 1049 3067 ollicii
1078 3005 1273 3068 exaltationis

582 3102 711 3166 Sanctae
733 3099 840 3163 Crucis
861 3115 876 3159 a
898 3097 1012 3176 duplici
1036 3098 1144 3161 maiori
1165 3098 1202 3160 ad
1217 3101 1273 3164 du·

1388 2725 1557 2786 convenire
1574 2725 1689 2803 possint
1704 2725 1736 2786 in
1750 2724 1970 2788 alienationem
1982 2726 2078 2788 bono·

1389 2833 1460 2880 rum
1482 2819 1517 2880 ad
1533 2819 1719 2895 nosocomia,
1735 2819 1865 2897 hospitia
1879 2818 1999 2898 aliaque
2016 2819 2079 2882 loca

1388 2912 1436 2990 pia
1451 2913 1669 2990 spectantium,
1684 2911 1724 2972 ita
1741 2919 1845 2973 tamen
1861 2920 1895 2975 ut
1910 2914 1947 2974 ab
1960 2915 2078 2976 aerario

1387 3005 1474 3082 regio
1487 3003 1605 3066 eisdem
1620 3005 1693 3068 locis
1709 3005 1766 3083 piis
1781 3005 1943 3068 solvantur
1958 3006 2077 3070 tructus

1388 3098 1485 3160 trium
1499 3097 1532 3160 in
1547 3098 1668 3175 singula
1683 3108 1814 3162 4444444
1829 3107 1860 3161 44
1875 3116 1983 3162 annos.
2005 3100 2074 3163 432.

1151 3333 1257 3403 PIUS
1281 3335 1349 3404 ΡΡ.
1373 3333 1453 3404 VII.

522 3572 734 3639 Consrrrurro
760 3573 783 3636 l.
807 3569 965 3648 Derogatis
993 3569 1038 3632 lit.
1064 3569 1161 3632 Elem.
1186 3566 1264 3634 Xlll.
1382 3568 1477 3633 indiis
1492 3571 1679 3634 missionum
1694 3587 1827 3635 munere
1839 3571 1953 3636 iunctis
1967 3574 2076 3637 statuit

579 3667 736 3729 Dominus
753 3682 791 3729 oc
806 3664 1005 3740 Redemptor,
1025 3660 1210 3725 Societatem
1224 3663 1268 3725 le·
1382 3665 1542 3741 dignitatis
1564 3666 1686 3741 gradus.
1711 3665 1779 3728 438.

578 3779 615 3823 44
629 3762 662 3821 in
677 3775 776 3836 reguo
791 3759 947 3833 Russiaco,
961 3764 1122 3820 annuente
1137 3755 1229 3818 Paulo
1241 3756 1263 3818 l.
1321 3755 1370 3821 Vl.
1386 3757 1576 3820 Patriarchae
1588 3759 1692 3821 Graec.
1706 3759 1919 3823 Melcbitarum
1932 3761 2074 3823 commit-

1381 3850 1418 3913 tit
1439 3851 1600 3928 inquirere
1615 3852 1648 3913 iu
1664 3868 1809 3930 personas
1828 3859 1857 3914 et
1871 3852 1985 3930 scripta
1999 3853 2074 3916 Ger·

1380 3941 1465 4003 mani
1486 3940 1594 4003 Adami
1616 3942 1706 4004 Arch.
1732 3943 1912 4021 Alcppeusis
1933 3945 2073 4006 eiusdem

1380 4035 1457 4095 ritus
1477 4035 1607 4112 eiusque
1630 4035 1802 4098 lautorum:
1827 4037 1930 4098 literas
1952 4045 2071 4114 aposto-

1379 4127 1451 4190 licas
1475 4128 1577 4206 Super
1594 4129 1766 4192 sodalitate
1780 4138 1811 4192 et
1829 4129 2001 4192 Auctorem
2019 4131 2071 4193 rt·-

1379 4221 1429 4283 dct‘
1451 4222 1487 4283 ab
1508 4221 1581 4300 ipsis
1602 4223 1837 4284 subscribendas
1856 4232 1887 4284 et
1901 4232 2008 4285 contra
2024 4241 2072 4286 re-

1379 4322 1511 4377 nuentes
1534 4315 1619 4376 iuxta
1640 4331 1773 4376 canones
1794 4330 1896 4392 agere.
1918 4314 1987 4379 430.

578 3856 775 3932 imperatore,
799 3850 946 3912 restituit.
970 3865 1043 3929 paq.
1068 3849 1136 3912 454.

517 3949 554 4012 44.
577 3949 714 4011 instante
736 3943 975 4022 congregatione
998 3943 1028 4006 S.
1052 3942 1184 4021 Philippi
1208 3941 1265 4004 No-

577 4043 616 4104 rii
637 4041 738 4118 graeci
753 4039 833 4100 ritus
847 4038 993 4100 dioecesis
1007 4036 1118 4099 Montis
1134 4035 1265 4113 Regalis,

579 4135 755 4197 facultatem
777 4129 916 4194 concedit
937 4129 1101 4208 supplendi
1120 4131 1188 4192 eius
1210 4147 1268 4192 nu-

576 4243 701 4290 merum
727 4241 765 4287 ex
792 4225 892 4287 latinis
922 4222 1120 4302 presbyteris,
1150 4223 1202 4302 qui
1224 4224 1265 4284 ri-

577 4330 645 4384 tum
675 4335 820 4398 graecum
842 4319 874 4378 in
901 4317 1048 4379 omnibus
1076 4331 1109 4378 ea
1138 4317 1170 4378 in
1193 4333 1264 4378 con-

578 4415 758 4494 gregatione
785 4411 983 4473 manentibus
1010 4410 1142 4472 debeant
1163 4411 1263 4491 sequi,
1319 4407 1383 4472 Vll.
1416 4408 1607 4471 Salvatorem
1639 4407 1792 4469 Choriana
1822 4409 1924 4471 Presb.
1952 4411 2065 4486 Congr.

576 4505 712 4589 quandiu
734 4505 838 4584 inopia
855 4503 981 4583 quidem
997 4503 1056 4565 erit
1071 4503 1265 4582 presbytero·
1379 4501 1445 4566 llis.
1469 4499 1532 4563 Vic.
1557 4501 1613 4580 Ap.
1631 4499 1737 4578 Algeri
1758 4501 1931 4564 constituit.
1955 4502 2024 4565 464.

576 4617 647 4664 444
669 4600 770 4677 graeci
792 4598 881 4658 ritus.
905 4595 975 4658 433.
1318 4595 1393 4658 Vlll.
1419 4595 1576 4674 Stephano
1599 4594 1629 4658 S.
1642 4593 1677 4655 R.
1698 4594 1735 4686 E,
1752 4594 1839 4658 Gard.
1857 4596 1967 4674 Borgia
1984 4614 2070 4661 man-

515 4697 564 4758 444.
588 4693 777 4757 instantibus
797 4689 944 4752 iratribus
965 4689 1088 4754 Ordinis
1107 4689 1264 4752 Alinorum
1377 4692 1444 4754 data
1465 4689 1600 4767 aliasque
1621 4689 1799 4767 scripturas,
1816 4690 1925 4770 quovis
1940 4692 2070 4754 nomine

575 4789 606 4853 8.
630 4785 782 4850 Francisci
805 4783 979 4864 provinciae
1001 4783 1031 4846 8.
1055 4782 1140 4846 Fidei
1155 4783 1193 4844 dc
1207 4784 1263 4844 Bo·
1335 4789 1582 4860 nuncupatas,
1606 4781 1637 4846 S.
1661 4782 1761 4859 (long.
1779 4783 1816 4846 de
1832 4782 1863 4844 P.
1880 4785 1914 4846 F.
1932 4785 1995 4846 rita
2014 4803 2070 4848 sua
2145 4795 2146 4798 ’

574 4888 644 4959 gota
665 4881 697 4942 in
719 4879 871 4952 America,
891 4877 1055 4940 confirmat
1076 4874 1262 4939 electionem
1377 4877 1521 4953 durante,
1543 4875 1737 4939 subscribere
1756 4880 1906 4942 concedit.
1930 4879 2006 4941 ibid.

573 4979 751 5037 sanctornm
772 4971 894 5035 loannis
919 4969 1072 5047 Baptistae
1093 4978 1125 5031 et
1146 4969 1262 5048 lasephi
1317 4971 1369 5036 lX.
1394 4973 1534 5035 instante
1554 4969 1712 5034 sodalitate
1733 4973 1856 5034 sanctis.
1878 4972 2069 5035 Sacrameuti

574 5068 614 5137 in
629 5074 772 5146 patronos
793 5063 891 5126 dictae
912 5061 1098 5140 provinciae.
1123 5061 1192 5123 437.
1376 5065 1510 5127 civitatis
1529 5063 1686 5138 Limanae,
1703 5066 1867 5127 confirmat
1882 5065 2069 5145 rescriptum

514 5161 563 5226 tv.
586 5158 723 5222 instante
737 5165 869 5236 utroque
884 5154 968 5218 clero
983 5153 1084 5233 oppidi
1100 5153 1138 5216 de
1153 5155 1262 5216 Sancta
1376 5157 1626 5234 congregationis
1648 5157 1779 5219 rituum.
1803 5158 1873 5220 doe.

574 5255 616 5318 tib
627 5251 823 5316 Granatensis
838 5248 995 5324 dioecesis,
1007 5249 1140 5324 mandat,
1153 5257 1187 5310 ut
1198 5264 1261 5310 ser·
1317 5252 1354 5315 X.
1380 5249 1617 5329 Archiepiscopo
1633 5248 1817 5326 bloguntino
1832 5252 1960 5329 exponit
1975 5267 2067 5328 agen·

573 5346 641 5410 rari
661 5347 754 5424 possit
782 5345 971 5407 consuetudo
1000 5342 1150 5405 recitandi
1171 5349 1260 5421 quot·
1376 5346 1406 5409 di
1428 5345 1581 5408 rationem
1598 5347 1765 5408 tenendam
1780 5360 1851 5408 cum
1867 5347 1915 5422 iis,
1932 5346 1997 5423 qui,
2014 5345 2066 5407 ob-

572 5441 661 5503 44444
688 5439 822 5502 officium
849 5433 879 5498 S.
905 5435 1119 5515 christophori
1145 5445 1260 5515 marty·

572 5534 626 5609 ris,
650 5541 680 5595 et
701 5533 782 5594 aliud
799 5532 830 5595 S.
846 5531 1015 5607 Augustini
1032 5529 1172 5608 Episcopi
1187 5547 1261 5593 cum

571 5631 688 5702 octava,
718 5626 857 5703 itemque
886 5624 1085 5688 dedicationis
1115 5625 1261 5689 ecclesiae

570 5719 758 5796 collegiatae.
778 5720 853 5783 ibid.

512 5811 548 5876 V.
571 5811 709 5875 instante
740 5828 813 5890 rege
843 5813 1003 5892 catholice,
1026 5831 1081 5894 pro
1112 5815 1259 5880 iratribus

571 5905 693 5972 Ordinis
724 5905 936 5970 Eremitarum
967 5907 997 5971 S.
1029 5908 1196 5984 Augustini
1227 5910 1259 5974 in

1376 5448 1462 5502 tenta
1494 5457 1509 5500 4
1537 5438 1690 5501 iudicibus
1722 5438 1883 5500 haereticis
1914 5440 2068 5501 sententia

1375 5532 1412 5594 dc
1434 5532 1578 5596 nullitate
1608 5530 1660 5593 rel
1688 5531 1844 5594 solutione
1875 5532 2068 5594 matrimonii

1375 5626 1435 5687 iam
1466 5626 1630 5702 contracti,
1663 5631 1774 5703 petunt
1795 5625 1826 5688 vi
1856 5624 1962 5700 legum
1992 5625 2068 5687 civi-

1375 5717 1455 5782 4444
1484 5735 1603 5783 novum
1626 5720 1706 5782 inire
1735 5721 1980 5796 matrimonium,
2003 5719 2065 5795 rel,

1375 5815 1432 5879 hoc
1461 5815 1522 5877 iam
1554 5814 1644 5891 inito,
1674 5817 1710 5878 ad
1737 5823 1926 5877 sacramenta
1957 5813 2069 5878 admit-

1375 5910 1411 5988 ti,
1432 5917 1491 5972 etc.
1515 5909 1585 5972 433.
1938 5921 1940 5928 “
