4740 6962
279 512 333 566 An.
347 516 377 568 d.
400 515 469 568 1778
517 513 577 576 234

498 649 574 712 libet
596 649 757 723 concessis,
786 647 969 726 approbatis,
996 643 1184 710 confirmatis
1211 651 1241 706 et

498 743 665 806 innovatis.
701 742 816 818 Quibus
851 741 995 804 omnihus
1026 749 1057 802 et
1087 735 1241 814 singulis,

499 835 617 899 etiamsi
640 838 678 898 de
699 835 759 898 illis
787 851 959 914 eurumque
988 833 1058 896 tutis
1082 831 1242 895 tenoribus

497 927 648 1008 specialis,
673 929 822 1008 specifica,
847 943 989 1007 expressa
1016 933 1048 988 et
1070 921 1242 998 individua,

499 1037 562 1083 nun
590 1029 693 1083 autem
723 1037 776 1100 per
807 1021 956 1084 clausulas
978 1017 1139 1098 generales
1160 1017 1244 1080 idem

500 1115 714 1194 imponantes,
743 1115 861 1178 mentio
883 1131 937 1177 sen
965 1113 1092 1194 quaevis
1114 1111 1170 1173 alia
1192 1125 1244 1172 eu·

499 1209 615 1287 pressio
636 1208 785 1285 habenda,
801 1225 856 1273 seu
878 1209 1004 1287 quaevis
1022 1205 1079 1268 alia
1093 1203 1244 1283 exquisita

500 1299 598 1364 iorma
619 1301 654 1364 ad
677 1303 733 1366 hoc
754 1304 903 1365 servanda
918 1303 1008 1377 loret,
1024 1313 1135 1362 eorum
1158 1303 1245 1358 teno-

501 1412 560 1470 res,
576 1397 670 1458 etiam
690 1397 716 1458 si
737 1398 775 1460 de
790 1397 885 1459 verbo
899 1396 934 1458 ad
950 1396 1083 1458 verbum
1098 1391 1180 1455 nihil
1194 1407 1245 1469 po·

502 1488 584 1552 nitus
611 1490 723 1552 omisso
752 1497 783 1551 et
803 1490 901 1552 lorma
923 1490 955 1551 iu
977 1489 1037 1550 illis
1064 1486 1172 1548 tradita
1193 1484 1245 1546 ab

500 1591 621 1644 servata
643 1583 750 1645 inserti
765 1582 879 1657 iurent,
896 1573 1109 1662 praesentibus
1124 1595 1179 1658 pro
1193 1595 1246 1640 ex·

502 1676 614 1754 pressis
644 1675 802 1752 habemas,
825 1676 886 1737 illis
906 1674 978 1738 alias
1001 1675 1034 1736 in
1056 1691 1113 1736 suo
1134 1673 1245 1734 robore

501 1769 724 1848 permansuris,
736 1768 770 1830 ad
783 1769 926 1832 ellectum
939 1768 1180 1847 praemissorum
1191 1764 1247 1828 hac

503 1863 570 1924 vice
591 1863 748 1924 dumtaxat
767 1861 939 1942 specialiter
954 1867 985 1923 et
1000 1875 1144 1940 expresse
1159 1865 1247 1921 motu

501 1957 566 2035 pari
590 1955 700 2020 harum
721 1971 845 2035 quoque
864 1955 944 2016 serie
958 1955 1151 2032 derogamus,
1166 1960 1248 2015 cete-

501 2052 605 2128 risque
625 2051 786 2114 contrariis
807 2049 1065 2130 quibuscumque.

543 2145 654 2206 ilatum
685 2144 811 2219 Romae,
839 2143 978 2221 apios.
1006 2142 1130 2204 Mariani
1157 2141 1248 2204 blain-

503 2255 582 2313 rem,
604 2237 661 2299 sub
682 2239 798 2300 annulo
820 2238 978 2300 Piscatoris
996 2237 1046 2299 die
1062 2252 1161 2298 xuvn.
1180 2235 1248 2298 iulii

502 2347 739 2406 uococxuvnn,
762 2331 958 2410 pontificatus
981 2329 1079 2395 nostri
1100 2344 1182 2408 anqo
1204 2345 1246 2390 ιν.

759 2491 998 2502 -ᾴ--ι-ι

835 2708 916 2772 XXl.

507 2901 711 2982 Confirmatis
738 2900 1014 2979 praedecessorum
1043 2895 1251 2960 constitutio-

544 2990 641 3057 nibus
665 2993 701 3056 do
725 2993 927 3071 eleemosynis
964 2991 1078 3054 Terrae
1101 2989 1248 3062 Sanctae,

547 3088 734 3151 drdr'rtarr'ia
756 3085 846 3150 labet
860 3090 1003 3165 quatuor
1019 3084 1111 3146 intra
1126 3097 1250 3144 aetnam

545 3180 807 3244 commendandas
837 3176 983 3259 fidelibus
1015 3175 1054 3240 ab
1078 3175 1179 3254 iisque
1200 3191 1251 3236 aaa

545 3272 860 3355 colligendumque
892 3271 1010 3334 indicit
1032 3278 1083 3342 nt,
1114 3269 1148 3331 ia
1171 3268 1251 3331 rcla·

545 3368 632 3430 tione
652 3371 761 3432 statas
783 3364 1002 3437 ecclesiaram,
1017 3380 1049 3424 aa
1070 3362 1148 3426 ltdic
1161 3377 1252 3440 prac-

546 3468 633 3541 cepta
646 3459 842 3541 satisfecisse
857 3460 1022 3539 referant·
1041 3455 1186 3536 probibet
1203 3454 1254 3520 bo-

546 3572 589 3618 na
610 3554 651 3618 ad
677 3553 710 3616 T.
728 3553 759 3616 S.
776 3551 977 3632 pertinentia
994 3551 1133 3614 retinere
1147 3549 1195 3610 ael
1210 3549 1252 3613 ad

545 3649 626 3714 alios
648 3664 727 3710 arao
749 3645 949 3718 distraham
977 3642 1201 3724 indulgentias
1223 3650 1253 3705 et

545 3743 614 3808 alia
634 3739 782 3821 fidelibus
804 3739 947 3802 concedit
968 3744 1027 3800 etc.
1239 3749 1241 3752 ·

718 3923 806 3993 etus
828 3921 1047 3992 ertsaovtts

694 4105 804 4159 aervua
826 4104 981 4156 servorun
1004 4085 1068 4166 Dei,

629 4214 665 4283 aa
689 4218 861 4300 perpetuant
890 4212 933 4278 rei
956 4211 1135 4278 nenorian.

306 4424 474 4472 prooemium.
551 4410 570 4484 5
592 4407 619 4470 1.
643 4407 728 4470 lnter
748 4415 849 4470 cetera
871 4403 1050 4468 divinorum
1071 4402 1258 4466 iudiciorum

509 4503 610 4566 abdita
623 4517 743 4575 arcana,
755 4515 834 4579 quae
849 4497 994 4562 humanis
1006 4497 1164 4559 mentibus
1174 4513 1258 4557 scru-

514 4596 570 4659 tari
592 4595 721 4658 minime
743 4594 851 4656 datum
872 4601 929 4669 est,
951 4592 1027 4655 illud
1049 4591 1176 4672 quidem
1189 4589 1257 4651 sine

512 4689 655 4769 lacrymis
675 4702 921 4752 commemorare
942 4701 1005 4748 non
1028 4701 1189 4764 possumus
1211 4701 1258 4747 re-

513 4783 637 4862 gionem
653 4781 738 4845 illam
753 4781 829 4844 olim
843 4781 921 4844 lacte
939 4788 970 4843 et
984 4779 1079 4842 melle
1093 4779 1258 4856 liuentem,

510 4877 721 4956 singularibus
742 4875 896 4954 portentis
912 4882 1004 4954 atque
1019 4873 1193 4952 insignibus
1208 4875 1261 4936 he-

513 4972 630 5036 neficiis
651 4970 862 5034 Hebraeorum
877 4969 990 5048 populo
1005 4967 1132 5044 largiter
1147 4967 1259 5047 imper·

515 5066 580 5130 titis
606 5065 680 5127 adeo
708 5063 905 5138 celebratam,
934 5061 1105 5124 leliciorem
1134 5077 1209 5124 vero
1230 5069 1261 5123 et

515 5159 690 5236 digniorem
711 5157 782 5236 quia
804 5157 836 5218 in
858 5173 892 5219 ea
914 5157 1047 5220 verbum
1062 5172 1132 5218 caro
1147 5154 1261 5218 lactum

515 5251 669 5316 ineliabile
691 5253 845 5314 humanae
863 5251 1083 5330 redemptionis
1098 5266 1175 5329 opus
1190 5264 1262 5312 cun-

514 5345 695 5421 sommant,
716 5344 816 5409 adhuc
836 5347 894 5409 sub
914 5346 1091 5409 infidelium
1111 5349 1262 5422 potestate

516 5439 665 5504 obtineri:
683 5456 785 5520 neque
801 5440 1069 5518 praedecessorum
1082 5448 1262 5501 nostrorum

517 5545 548 5599 et
568 5545 611 5600 tot
625 5538 864 5602 christianorum
879 5539 1054 5618 principum
1067 5536 1200 5598 valuisse
1214 5550 1263 5596 co-

518 5644 620 5712 natus,
643 5644 678 5698 ut
698 5635 734 5698 ab
756 5635 883 5699 illorum
901 5635 1061 5698 dominatu
1076 5633 1262 5713 eriperetur.

519 5729 650 5806 ilerum,
670 5731 931 5808 quemadmodum
951 5732 1220 5807 praedecessorum
1241 5726 1263 5787 i-

518 5841 656 5905 psorum,
681 5833 841 5904 postquam
867 5839 935 5884 eam
957 5823 1118 5900 regionem
1139 5835 1265 5896 recape-

519 5916 607 5981 randi
620 5934 674 5998 spe
687 5918 827 5982 lrustrati
842 5918 941 5992 luere,
953 5915 1113 5994 praecipua
1125 5914 1183 5976 luit
1195 5927 1265 5978 cura

1024 526 1086 571 litu.
1111 525 1203 570 PONT·
1228 523 1267 568 nit
1289 523 1319 567 1³·
1343 521 1372 568 1¹¹·
1397 521 1479 566 PARS
1501 521 1521 564 l.

2097 491 2163 544 An.
2181 489 2215 541 O.
2241 487 2312 538 1778

1299 649 1330 704 et
1349 640 1536 715 sollicitudo,
1559 645 1593 702 ιιι
1614 638 1723 702 saltem
1745 635 1916 698 dominicae
1935 635 2056 711 passio·

1300 735 1348 798 nis
1370 741 1575 796 monumenta
1605 733 1708 795 debito
1736 730 1822 794 cultu
1844 745 1907 790 non
1930 728 2060 790 inauda-

1299 838 1423 905 rentur·,
1439 837 1531 907 atque
1546 828 1602 905 ipsi
1618 843 1673 906 per
1687 824 1865 904 apostolicas
1880 823 2059 900 enivasque

1299 924 1404 988 literas
1434 923 1523 985 modo
1551 921 1678 984 illorum
1705 919 1877 983 custodiam
1898 915 2058 992 religiosis

1300 1017 1376 1079 viris
1397 1017 1595 1090 mandarunt,
1618 1014 1708 1078 modo
1736 1019 1881 1076 reatuum
1903 1009 2060 1086 expiatio-

1301 1127 1355 1174 nes
1371 1111 1422 1172 illa
1436 1110 1644 1172 invisentibus
1659 1107 1780 1185 elargiti
1797 1107 1895 1180 luere,
1912 1112 1943 1166 et
1959 1103 2058 1166 modo

1302 1204 1561 1269 Chr-istihdelibus
1580 1220 1637 1284 per
1660 1210 1760 1266 totum
1782 1201 1890 1264 orbem
1905 1195 2058 1276 dispersis

1301 1299 1573 1376 commendarunt,
1590 1306 1624 1363 ut
1643 1297 1785 1361 subsidiis
1799 1306 1830 1360 et
1844 1291 2057 1371 eleemosynis

1302 1407 1392 1472 opem
1421 1409 1476 1472 pro
1506 1393 1689 1456 eorumdem
1719 1407 1878 1454 sacrorum
1909 1391 2056 1452 locorum

1301 1487 1536 1550 conservatione
1550 1493 1704 1564 praestare
1720 1501 1782 1547 non
1798 1483 1991 1546 desinerent:
2009 1482 2056 1544 ita

1303 1589 1333 1643 et
1355 1599 1410 1644 nos
1439 1598 1502 1644 non
1532 1581 1644 1661 impari
1672 1581 1774 1643 studio
1805 1586 1898 1658 atque
1929 1575 2055 1639 ardenti

1303 1674 1399 1737 animi
1419 1675 1570 1739 desiderio
1586 1675 1758 1753 cupientes,
1776 1679 1810 1734 ut
1826 1674 1857 1734 in
1872 1670 1945 1748 ipsis
1959 1669 2054 1731 sacris

1303 1769 1388 1845 lucie,
1411 1787 1458 1845 en,
1482 1765 1544 1848 quo
1564 1768 1663 1843 decet,
1686 1767 1797 1830 decore
1810 1766 1934 1828 divinus
1950 1764 2056 1827 cultus

1302 1873 1494 1938 exerceatur,
1517 1871 1548 1926 et
1565 1864 1782 1942 religiosorum
1798 1863 1936 1941 ipsorum
1952 1866 2056 1927 austo-

1304 1957 1370 2020 diae
1383 1956 1575 2020 addictorum
1591 1957 1834 2031 necessitatibus,
1850 1955 1977 2033 aliisque
1992 1953 2055 2032 piis

1303 2049 1488 2112 christianae
1507 2051 1642 2113 caritatis
1656 2051 1801 2128 operibus
1816 2049 1875 2112 rite
1890 2047 2057 2126 prospicia-

1306 2152 1368 2220 tur,
1381 2160 1415 2206 ea
1430 2160 1508 2222 quae
1523 2161 1538 2204 a
1553 2144 1837 2222 praedecessoribus
1853 2141 1965 2205 nostris
1979 2159 2055 2203 con-

1305 2255 1386 2300 cessu
1414 2245 1445 2300 et
1475 2239 1631 2316 impertita
1661 2245 1751 2314 sunt,
1781 2237 1932 2300 innovare
1960 2245 2055 2313 atque

1305 2333 1452 2411 ampliare
1472 2349 1645 2397 censemus.

1346 2431 1413 2506 52.
1437 2429 1543 2508 Nuper
1571 2429 1698 2507 quidem
1724 2427 1851 2491 dilectus
1873 2425 1955 2488 silius
1978 2423 2054 2487 Vin·
2103 2422 2248 2480 expositio
2262 2427 2309 2468 sn-

2078 2479 2129 2524 tus
2154 2477 2263 2532 piorum
2277 2477 2307 2521 lo

1306 2525 1426 2589 centius
1441 2523 1531 2587 Belda
1546 2523 1708 2602 presbyter
1717 2521 1840 2585 Ordinis
1855 2521 1988 2584 fratrum
2000 2518 2055 2581 bli-
2077 2541 2192 2631 2233qu
2209 2535 2306 2630 3253&

1281 2643 1282 2646 ¹
1307 2608 1422 2683 norum
1443 2619 1474 2683 S.
1498 2617 1651 2681 Francisci
1666 2619 1704 2681 de
1718 2615 1917 2686 observantia
1933 2631 2054 2678 nuncu·
2078 2649 2120 2686 na
2136 2649 2172 2684 ex
2191 2637 2303 2738 raspatio.

1307 2721 1449 2793 palorum
1478 2729 1621 2792 expresse
1651 2711 1816 2791 prulessus‚
1839 2719 1870 2774 et
1896 2709 1974 2788 apud
1997 2726 2054 2772 nos
2079 2693 2169 2740 ΝΜ
2183 2691 2304 2738 nuatum.

1308 2814 1408 2870 terrae
1428 2813 1550 2869 sanctae
1570 2805 1797 2868 commissarius
1819 2802 1983 2882 generalis,
2000 2819 2055 2865 no-

1308 2901 1351 2964 his
1373 2901 1480 2965 retulit
1501 2900 1712 2974 ecclesiarum,
1727 2908 1942 2962 conventuum
1958 2905 1988 2958 et
2003 2897 2055 2959 do

1309 2991 1444 3072 morum,
1461 2995 1583 3074 quaein
1598 2992 1822 3071 insignioribus
1837 2991 1992 3070 sacrisque
2004 2991 2056 3053 Pa-

1308 3091 1436 3152 lestinae
1456 3090 1528 3151 locis
1550 3105 1587 3151 ei
1608 3087 1664 3165 piis
1686 3086 1826 3151 fidelium
1842 3085 2057 3162 largitionibus

1308 3193 1426 3266 erectae
1447 3185 1630 3247 iamdudum
1651 3181 1826 3246 allemanie
1841 3180 2054 3256 Pontificibus,

1308 3278 1590 3359 praedecessoribus
1602 3275 1727 3351 nostris,
1739 3275 1887 3338 fratribus
1902 3275 1987 3337 illius
2002 3275 2056 3338 dr·

1308 3371 1390 3436 dinis
1404 3372 1598 3435 concreditae
1612 3370 1712 3445 luere,
1729 3368 1874 3431 miseram
1889 3365 2057 3430 admodum

1308 3483 1374 3530 esse
1393 3466 1615 3540 conditionem,
1644 3471 1737 3544 atque
1758 3465 1790 3526 in
1811 3463 1875 3526 dies
1908 3463 2057 3541 temporis

1310 3559 1422 3624 iniuria
1444 3561 1636 3637 decrescere3
1659 3557 1816 3638 quoniam,
1831 3575 1903 3622 cum
1918 3558 2057 3621 eiusdem

1309 3655 1431 3721 Ordinis
1452 3655 1639 3732 proiessores
1652 3653 1713 3714 illis
1728 3653 1837 3716 addicti
1853 3653 1989 3715 ecclesiis
2005 3671 2057 3716 ne·

1310 3751 1386 3814 dnm
1407 3749 1549 3812 divinum
1569 3747 1649 3811 inihi
1669 3755 1796 3810 servent
1815 3745 1946 3823 cultum,
1963 3747 2059 3810 eccle-

1310 3845 1373 3907 siae
1400 3851 1592 3906 sacramenta
1621 3841 1851 3916 administrent,
1874 3847 1905 3902 et
1933 3841 2058 3903 catholi-

1311 3955 1377 4001 cam
1398 3937 1584 4014 religionem
1604 3952 1660 4014 pro
1681 3935 1800 3997 viribus
1822 3950 1991 4013 propagare
2008 3952 2060 3996 cu·

1312 4040 1401 4109 rent3
1434 4045 1557 4105 verum,
1582 4030 1653 4108 quia
1674 4028 1855 4107 peregrinos
1874 4029 1907 4090 in
1930 4027 2060 4107 hospitia

1313 4125 1482 4203 excipiunt,
1514 4130 1712 4201 aegrotorum
1743 4139 1835 4186 curae
1856 4123 2058 4200 incumbunt,

1313 4219 1502 4283 orthodoxae
1523 4217 1682 4294 religionis
1704 4216 1890 4280 rudimentis
1911 4225 2003 4296 atque
2026 4218 2059 4280 li-

1314 4315 1387 4378 teris
1412 4330 1523 4392 pueros
1551 4311 1733 4374 christianus
1756 4311 1877 4374 assidue
1901 4311 2059 4390 imbuunt,

1313 4425 1369 4488 pro
1391 4407 1504 4470 tuenda
1525 4421 1650 4485 quoque
1670 4403 1830 4481 virginum
1850 4404 1996 4483 pudicitia
2011 4422 2061 4468 eas

1313 4501 1557 4580 congruentibus
1577 4497 1719 4562 subsidiis
1741 4497 1862 4574 iuvant,
1885 4506 1920 4560 ut
1942 4498 1975 4560 in
1997 4515 2060 4561 ma-

1315 4598 1500 4662 trimonium
1520 4593 1722 4668 collocentur,
1746 4593 1908 4655 catholicos
1929 4611 1944 4654 a
1966 4593 2062 4655 servi·

1315 4701 1382 4756 tute
1405 4689 1486 4752 haud
1512 4704 1581 4750 raro
1606 4687 1782 4762 redimunt,
1813 4703 1961 4764 pauperes
1986 4704 2061 4766 quo·

1315 4803 1387 4866 que,
1403 4784 1497 4848 etiam
1514 4782 1666 4856 infideles,
1682 4779 1856 4859 penuriosis
1871 4779 2062 4858 temporibus

1316 4882 1403 4944 alunt
1435 4885 1528 4956 atque
1558 4875 1716 4948 reficiunt,
1749 4871 1869 4951 aliaque
1891 4872 2063 4934 misericor-

1315 4975 1382 5038 diae
1404 4988 1495 5050 0pera
1510 4984 1656 5034 exercere
1676 4975 1707 5030 et
1730 4965 2061 5046 frequentaresolent:

1318 5067 1362 5130 illi
1385 5066 1474 5128 modo
1491 5065 1525 5126 ad
1543 5068 1587 5124 tot
1602 5058 1727 5122 ferenda
1741 5075 1848 5134 onera,
1865 5057 1924 5120 nisi
1938 5057 2066 5136 amplio-

1317 5179 1367 5225 res
1389 5158 1585 5236 elargitlones
1606 5161 1636 5216 et
1658 5153 1885 5230 eleemosynae,
1911 5167 1990 5229 quae
2011 5168 2065 5230 pro

1318 5256 1378 5319 illis
1399 5253 1569 5318 destinatae
1589 5256 1674 5322 sunt,
1697 5248 1811 5324 absque
1834 5244 1895 5308 ulla
1917 5244 2066 5307 imminu·

1319 5351 1404 5414 tione
1424 5347 1468 5410 eis
1489 5344 1669 5417 obveniant,
1702 5356 1828 5420 prorsus
1857 5341 1990 5418 impares
2011 5356 2068 5402 no-

1318 5451 1460 5506 scuntur.

1360 5537 1429 5614 53.
1454 5535 1492 5599 Et
1513 5531 1654 5613 quamvis
1682 5531 1733 5594 lel.
1764 5544 1826 5592 rec.
1850 5527 1993 5591 Urbanus
2015 5526 2067 5590 Pa·
2123 5520 2285 5630 Ptrssglfflg‘,

1321 5649 1357 5712 pa
1379 5631 1456 5695 lllll.
1480 5627 1693 5707 praedecessor
1714 5633 1819 5687 noster
1833 5623 1905 5685 alias
1921 5618 2001 5683 Sinti
2016 5619 2067 5696 7.,
2087 5593 2135 5684 iii}
2166 5625 2284 5694 nonianu-

1320 5725 1408 5789 Pauli
1435 5723 1528 5784 etiam
1549 5719 1586 5781 V.
1611 5727 1641 5780 et
1663 5717 1804 5795 Gregorii
1825 5715 1893 5780 XV.
1917 5715 2070 5778 Rornano-
2088 5690 2199 5791 22¹¹,quss
2211 5681 2283 5781 licii?

1322 5834 1393 5881 rum
1415 5814 1600 5879 Pontificum
1626 5813 1898 5890 praedecessorum
1926 5824 2067 5884 suorum,
2089 5807 2145 5845 '¹¹¹⁰
2163 5793 2270 5839 ¹⁰⁰⁰⁰¹¹¹¹⁴

1323 5910 1415 5975 morlo
1440 5915 1631 5983 nostrorum,
1654 5906 1757 5969 literas
1779 5903 1846 5965 illas
1867 5903 2069 5978 recensendo,
