4776 6974
923 575 995 620 Plus
1017 575 1065 620 PP.
1091 576 1132 622 Vl.

255 688 393 752 stolicam
409 689 592 766 doctrinam,
617 699 742 770 propter
756 692 945 778 adulterium
960 693 1000 754 al-

256 782 350 844 terius
365 783 536 858 coniugum
551 785 741 848 matrimonii
757 786 917 848 vinculum
936 803 999 849 nou

254 890 339 953 posse
360 875 497 938 dissolvi.
520 877 651 940 Certum
672 880 800 956 proinde
816 886 873 954 est,
898 879 999 942 Eccle-

253 969 326 1030 siam
349 970 487 1032 docuisse
508 987 541 1032 ac
562 973 670 1034 docere
690 973 775 1036 iuxta
793 973 1000 1049 Evangelium

254 1070 282 1124 et
303 1064 500 1142 apostolicam
521 1063 711 1140 doctrinam,
735 1075 861 1144 propter
882 1067 999 1129 adulte-

253 1158 334 1220 rium
356 1157 482 1220 dissolvi
497 1173 561 1219 non
576 1173 662 1236 posse
685 1160 876 1222 matrimonii
892 1161 1000 1223 vincu-

252 1251 334 1316 lum:
353 1253 430 1314 item
447 1257 568 1314 certum
584 1252 615 1313 in
627 1268 664 1312 eo
679 1252 816 1316 docendo
832 1255 999 1316 Ecclesiam

253 1361 313 1408 non
330 1359 443 1408 errare.
467 1346 538 1420 Quis
557 1361 647 1423 porro
662 1346 827 1408 catholicae
842 1349 999 1410 doctrinae

252 1449 340 1518 caput
368 1456 431 1501 nou
455 1440 486 1502 in
508 1455 544 1500 eo
573 1448 732 1516 agnoscat,
764 1441 843 1519 quod
866 1439 1000 1504 Ecclesia

251 1535 354 1597 docuit
376 1540 408 1595 et
428 1535 517 1595 docet
538 1534 624 1595 iuxta
647 1534 855 1611 Evangelium
876 1547 907 1598 et
929 1551 996 1613 apo·

250 1626 387 1689 stolicam
404 1626 587 1702 doctrinam,
599 1633 640 1688 ¹et
657 1627 688 1689 in
704 1644 765 1706 quo
781 1627 917 1690 docendo
935 1645 999 1690 cer·

252 1732 317 1782 turn
339 1721 392 1796 sit,
416 1721 478 1781 imo
493 1735 637 1798 expresse
652 1721 829 1797 delinitum,
851 1738 917 1782 eam
934 1738 997 1784 non

251 1819 375 1878 erraret
407 1815 501 1878 Cuius
530 1814 726 1890 evangelicae
754 1814 998 1893 apostolicaeque

250 1910 408 1972 doctrinae
429 1924 500 1970 cum
523 1908 626 1986 plnres
650 1923 688 1970 ex
711 1909 772 1970 tota
794 1909 996 1987 antiquitate,

249 2003 275 2064 si
296 2017 421 2064 necesse
442 2001 533 2077 loret,
556 2001 688 2079 prolerri
705 2011 829 2079 possent
849 2001 997 2078 probatis·

248 2097 318 2158 simi
341 2103 447 2169 testes,
470 2109 570 2156 unum
591 2095 641 2156 hic
659 2097 732 2156 satis
747 2095 841 2157 luerit
863 2093 997 2172 locuple·

252 2190 404 2252 tissimum
426 2193 584 2249 auctorem
606 2188 750 2250 adhibere
771 2187 994 2263 augustinum,

249 2283 302 2362 qui
324 2280 376 2342 lib.
401 2281 420 2344 2
442 2280 478 2342 de
500 2278 695 2342 adulterinis
718 2280 891 2360 couiupiie,
916 2296 941 2341 c.
957 2279 995 2353 5,

250 2375 407 2454 perpensis
436 2373 574 2453 Apostoli
600 2373 702 2434 verbis
731 2375 767 2434 ad
790 2373 879 2434 Rom.
908 2389 934 2434 c.
958 2373 992 2434 7:

251 2469 356 2548 iqitur
371 2467 495 2528 uiuente
510 2467 580 2527 uiro
594 2463 764 2528 vocabitur
779 2467 942 2535 adultera,
965 2468 995 2528 si

248 2562 349 2644 fuerit
366 2577 438 2622 cum
453 2560 518 2621 olio
532 2561 614 2630 uiro,
628 2567 699 2634 etc,
715 2560 895 2636 subiungit:
914 2561 995 2622 llaec

248 2653 342 2718 uerbo
364 2653 507 2732 Apostoli
535 2654 628 2716 toties
651 2655 805 2731 repetita,
831 2654 994 2714 10111111-

247 2749 387 2818 culcata,
404 2764 480 2808 aera
495 2754 585 2818 curat,
609 2747 680 2810 cion
695 2753 783 2819 su-nt,
807 2765 888 2810 sana
902 2755 992 2816 sunt,

247 2842 344 2921 planu
365 2845 455 2904 eunt.
480 2841 613 2904 Nullius
634 2840 702 2902 uiri
722 2842 910 2919 posteriores
925 2856 993 2901 nau-

248 2937 307 3000 iicr
328 2951 415 2998 umor
436 2951 499 2995 esse
520 2935 655 3012 incipit,
689 2935 754 2998 atsi
781 2936 902 3014 prioris
930 2952 994 2998 esse

248 3029 394 3092 desierit:
416 3043 481 3088 ecoe
501 3032 610 3090 autem
626 3029 747 3091 desinet
761 3047 847 3092 uuor
860 3029 991 3106 prioris,

246 3124 275 3184 si
295 3124 459 3186 moriatur
480 3123 532 3183 cir
553 3122 639 3195 eius,
662 3139 726 3185 uon
747 3124 775 3186 ci
797 3126 990 3202 fornicetur.

248 3218 284 3279 Et
303 3231 400 3279 serm.
417 3215 477 3278 392
497 3217 532 3277 ad
555 3219 734 3294 coniugatus
755 3218 842 3298 (edit.
860 3217 989 3298 ldaur.):

247 3327 308 3372 uon
335 3307 423 3372 cobis
453 3310 528 3372 licet
556 3308 671 3372 habere
702 3328 819 3374 amores
851 3329 992 3390 quarum

245 3405 365 3482 priores
386 3404 503 3467 mariti
530 3405 666 3478 sinuum
688 3419 743 3465 uec
764 3405 859 3476 nobb,
883 3407 992 3488 [oemi-

246 3515 318 3569 nae,
343 3495 458 3560 trabere
486 3499 572 3559 uiros
594 3499 685 3570 licet,
712 3516 847 3577 quorum
868 3500 991 3578 priores

245 3608 360 3655 uaores
382 3593 510 3653 vicunt.
534 3591 731 3656 adulterina
745 3600 825 3655 aaut
841 3595 904 3657 istc
920 3611 991 3656 con·

246 3687 334 3768 iuqio
356 3702 421 3747 non
444 3687 516 3748 iure
537 3687 614 3767 sori,
638 3686 691 3747 ced
714 3688 785 3748 iure
803 3688 890 3749 coeli.
915 3687 993 3750 Nul-

245 3781 302 3842 lius
317 3780 449 3858 proinde
464 3780 615 3840 momenti
631 3789 677 3840 est
696 3783 828 3842 secunda
850 3782 990 3858 superius

244 3876 370 3936 adducta
392 3872 480 3947 ratio,
503 3874 585 3949 quod
606 3873 764 3935 acatholici
785 3888 857 3935 cum
879 3875 911 3936 in
927 3891 991 3936 ma·

244 3967 388 4029 trimonia
417 3967 610 4040 coalescunt,
641 3975 868 4028 sacramentum
895 3968 989 4030 susci·

243 4076 325 4138 pere,
347 4061 413 4120 sive
428 4060 588 4137 perficere,
604 4075 661 4121 nec
675 4059 791 4138 possint
806 4075 862 4121 nec
877 4059 987 4122 velint.

243 4151 330 4228 Nam,
354 4161 571 4231 praeterquam
593 4152 674 4230 quod
697 4151 742 4213 nil
764 4158 848 4213 vetat
868 4154 988 4230 quomi-

243 4262 299 4308 nus
320 4245 495 4321 acatholici,
519 4251 625 4322 utpote
647 4245 806 4324 baptizati,
830 4245 902 4308 dum
927 4263 988 4308 ma·

243 4339 426 4400 trimonium
446 4339 504 4400 sub
518 4339 610 4400 certis
626 4337 854 4402 conditionibus
867 4347 987 4402 contra·

243 4433 331 4506 hunt,
349 4431 424 4495 illud
440 4431 511 4494 licet
527 4432 643 4506 illicite,
660 4440 764 4494 tamen
780 4432 879 4494 valide
894 4435 997 4495 etiam⁴

242 4534 275 4588 ut
293 4535 523 4588 sacramentum
544 4526 726 4587 contrahere
747 4525 906 4608 dicanturl,
929 4527 987 4590 hoc

242 4628 345 4682 tamen
368 4619 602 4698 praetermisso,
625 4619 662 4681 de
684 4634 746 4696 qno
768 4619 817 4681 hic
839 4635 901 4681 non
923 4622 986 4697 agi·

240 4720 308 4787 tur,
337 4711 540 4792 quantumvis
565 4711 723 4773 acatholici
749 4713 985 4776 matrimonium

240 4807 421 4870 contrahere
448 4805 547 4868 velint
577 4821 640 4866 non
671 4814 705 4867 ut
732 4815 984 4883 sacramentum,

238 4907 297 4961 1111
316 4916 457 4977 semper,
487 4899 587 4961 valide
608 4899 645 4960 ab
665 4899 737 4978 ipsis
758 4899 898 4960 contrahi
921 4916 983 4963 non

240 5009 339 5070 posse,
363 4992 439 5072 quin
463 4993 645 5054 adiunctum
667 4992 775 5054 habeat
796 5000 984 5071 perpetuum

240 5103 367 5158 nexum,
390 5085 465 5147 adeo
492 5093 527 5147 11
548 5101 606 5147 nec
632 5094 756 5164 propter
782 5085 982 5163 adulterium,

240 5197 294 5242 nec
315 5180 371 5241 alia
393 5179 455 5242 ulli
470 5179 508 5241 de
526 5179 625 5254 causi,
641 5194 696 5258 per
710 5180 865 5241 saeculare
879 5179 981 5242 lorum

239 5272 360 5335 dissolvi
382 5281 485 5351 queat.

275 5368 294 5442 ἓ
315 5368 343 5429 li.
364 5365 428 5428 Nec
442 5366 566 5427 maioris
582 5365 732 5427 momenti
755 5365 845 5428 tertia
867 5373 911 5427 est
933 5367 983 5429 ad·

239 5462 324 5524 ducta
347 5461 443 5534 ratio,
469 5475 550 5537 quae
571 5459 684 5521 nititur
704 5459 817 5520 famosa
838 5458 983 5521 1111101-

239 5556 369 5618 ditione:
394 5556 490 5618 1111111
512 5555 733 5618 innormatum
754 5556 979 5632 permanseris,

238 5649 292 5712 sub
310 5667 370 5728 qua
397 5650 544 5712 dicuutur
563 5649 721 5712 acatholici
748 5648 892 5712 nonnulli
919 5664 983 5710 ma-

239 5744 421 5806 trimonium
442 5743 642 5818 contrahere,
665 5757 819 5820 quamque
841 5742 895 5820 qui
917 5759 980 5804 non

276 5964 304 6020 (11
319 5965 386 6010 Sunt
401 5965 480 6011 verba
494 5965 586 6010 Bened.
602 5969 663 6010 xlv.
680 5965 706 6010 in
721 5966 767 6010 loc.
783 5965 825 6010 cit.
842 5977 866 6012 n.
882 5970 901 6012 7.

340 6087 392 6132 lar.
410 6088 479 6133 Pont.
495 6087 526 6134 de
542 6089 615 6147 l'rop.
633 6087 693 6134 Fide
708 6089 788 6135 Partis
803 6093 821 6136 1.
837 6089 890 6136 Vol.
909 6092 945 6137 lv.

1057 693 1183 769 addunt,
1207 709 1274 757 eam
1297 703 1404 758 mente
1427 697 1561 759 retinere
1584 698 1798 776 perhibentur.

1058 787 1182 849 Etenim
1211 804 1278 849 rem
1301 796 1397 851 totam
1419 791 1573 870 praeclare
1594 791 1725 869 explicat
1747 795 1804 856 Be·

1057 879 1198 942 nedictus
1213 880 1292 944 Xlll.
1314 882 1350 944 de
1364 881 1440 958 Spu.
1460 884 1578 954 dioec,
1592 884 1613 944 l.
1630 887 1684 953 13,
1699 903 1724 946 c.
1740 889 1799 949 22.

1057 971 1096 1032 Et
1110 972 1234 1050 quidem
1251 973 1275 1035 si
1292 977 1501 1039 contrahendo
1517 979 1715 1041 matrimonio
1731 997 1803 1042 con-

1056 1064 1191 1127 ditiones
1213 1073 1326 1129 contra
1347 1069 1566 1131 substantiam
1589 1072 1732 1152 coniupii
1754 1073 1838 1138 in-·.

1054 1163 1211 1220 serutatur
1232 1176 1269 1220 eu
1290 1160 1433 1223 decretali
1455 1162 1595 1240 Gregorii
1615 1165 1657 1228 111
1682 1167 1714 1226 11
1735 1183 1802 1244 capt

1057 1251 1090 1314 Si
1105 1251 1311 1324 conditiones,
1328 1255 1364 1316 de
1379 1233 1621 1320 conditionibui
1632 1260 1800 1336 appositis,

1056 1354 1173 1407 constat
1187 1349 1458 1411 matrimonialem
1474 1356 1677 1414 contractum
1693 1369 1802 1416 carere

1056 1437 1178 1518 effectu.
1207 1440 1296 1503 Unde
1313 1443 1454 1520 sequitur
1475 1443 1598 1506 nullum
1624 1453 1655 1507 et
1676 1446 1802 1508 irritum

1055 1535 1245 1596 censendum
1268 1551 1332 1596 esse
1349 1535 1586 1599 matrimonium
1604 1555 1712 1600 eorum
1735 1543 1799 1620 qui,

1055 1631 1176 1704 praeter
1191 1642 1342 1702 errorem,
1359 1644 1420 1706 quo
1436 1629 1548 1692 imbuti
1562 1641 1647 1706 sunt,
1665 1647 1800 1696 conven-

1055 1720 1173 1792 tionem
1193 1720 1288 1782 etiam
1309 1721 1458 1784 adiiciunt
1479 1725 1516 1785 de
1534 1726 1724 1790 matrimonii
1740 1727 1802 1791 dis·

1054 1813 1207 1876 solutione
1241 1816 1339 1892 quoad
1371 1815 1534 1879 vinculum
1570 1817 1800 1885 interveniente

1054 1907 1215 1970 adulterio.
1232 1908 1329 1982 Quod,
1345 1908 1370 1969 si
1383 1924 1524 1986 expressa
1540 1911 1590 1972 illa
1605 1916 1741 1976 conditio
1752 1915 1798 1996 (l)

1053 1998 1091 2060 de
1113 2001 1312 2063 matrimonio
1334 1999 1372 2062 ob
1392 2002 1579 2065 adulterium
1605 2006 1800 2072 dissolvendo

1053 2094 1186 2172 apposita
1210 2094 1340 2155 minime
1362 2094 1474 2170 luerit,
1503 2101 1703 2174 quantumvis
1727 2120 1799 2166 con·

1053 2188 1211 2248 trabentes
1234 2189 1265 2248 in
1287 2203 1323 2248 eo
1345 2187 1462 2251 luerint
1484 2205 1605 2267 errore,
1635 2202 1673 2274 ut
1694 2198 1800 2259 matri·

1052 2279 1149 2340 monii
1183 2280 1344 2343 vinculum
1376 2296 1430 2360 per
1456 2283 1643 2348 adulterium
1674 2289 1799 2353 dissolvi

1052 2374 1157 2450 possit,
1175 2374 1381 2436 nihilominus
1396 2374 1479 2438 locus
1494 2384 1540 2440 est
1555 2383 1798 2458 praesumptioni

1053 2474 1103 2542 11,
1134 2469 1207 2530 dum
1236 2470 1489 2545 matrimonium,
1523 2482 1615 2549 prout
1639 2491 1654 2534 a
1678 2477 1798 2540 Christo

1051 2559 1230 2622 institutum
1252 2560 1322 2635 luit,
1343 2561 1423 2623 inire
1446 2563 1625 2640 voluerunt,
1642 2567 1716 2631 illud
1733 2586 1798 2632 om·

1051 2653 1127 2714 uino
1163 2664 1348 2732 perpetuum
1378 2673 1411 2717 ac
1443 2657 1672 2722 interveniente
1703 2664 1796 2726 etiam

1050 2747 1201 2808 adulterio
1223 2746 1389 2809 insolubile
1414 2752 1597 2814 contrahere
1618 2754 1795 2834 voluerint,

1049 2839 1249 2916 praevalente
1270 2841 1421 2902 nimirum
1439 2844 1590 2919 generali,
1613 2850 1798 2923 1111111111-

1050 2949 1131 3010 mus,
1155 2934 1315 2996 voluntate
1335 2936 1372 2996 de
1387 2936 1586 2999 matrimonio
1608 2939 1692 3002 iusta
1708 2943 1797 3006 Chri·

1048 3027 1088 3088 sti
1104 3027 1333 3088 institutionem
1356 3028 1503 3104 ineundo,
1526 3031 1624 3110 eique
1639 3036 1796 3113 privatum

1050 3120 1139 3181 illum
1168 3135 1307 3182 errorem
1335 3123 1560 3201 quodammodo
1588 3125 1792 3192 absorbente:

1048 3231 1109 3294 quo
1131 3215 1187 3290 111,
1218 3225 1252 3277 11
1273 3215 1509 3278 matrimonium
1538 3217 1578 3280 ita
1602 3231 1795 3286 contractum

1048 3307 1186 3370 validum
1215 3309 1406 3387 firmumque
1433 3319 1565 3372 maneat.
1597 3313 1793 3396 1111811),

1048 3402 1220 3464 doctrinam
1242 3403 1320 3464 hanc
1350 3410 1453 3466 secuta
1475 3411 1520 3466 est
1551 3422 1673 3486 semper
1702 3416 1794 3490 atque

1047 3502 1224 3556 constanter
1247 3496 1452 3573 congregatio
1480 3497 1511 3561 S.
1530 3497 1625 3563 Officii
1629 3547 1702 3564 ......
1732 3505 1794 3568 Hoc

1047 3587 1130 3650 idem
1151 3590 1354 3652 confirmatur
1375 3606 1413 3652 111
1431 3592 1562 3669 quadam
1577 3595 1733 3659 decisione
1746 3615 1795 3662 so-

1047 3681 1155 3757 lemni,
1169 3698 1260 3761 quam
1273 3683 1378 3745 eadem
1392 3685 1598 3762 Gangregatio
1609 3688 1697 3751 nobis
1707 3706 1794 3769 prae·

1046 3776 1184 3837 sentibus
1199 3777 1294 3838 edidit
1312 3777 1362 3838 die
1378 3793 1400 3838 1.
1414 3792 1485 3855 aug.
1495 3795 1693 3844 1111111111.
1705 3793 1793 3847 etc.-

1047 3869 1085 3930 Et
1105 3884 1178 3930 sane
1199 3885 1270 3930 cum
1292 3870 1450 3932 acatholici
1472 3875 1585 3935 merito
1607 3886 1793 3941 censeantur

1046 3979 1108 4025 non
1130 3961 1220 4024 aliter
1235 3961 1316 4024 velle
1330 3965 1524 4040 contrahere,
1547 3982 1638 4043 quam
1654 3985 1693 4031 11
1707 3985 1792 4047 prae·

1044 4057 1158 4136 scripto
1179 4057 1302 4118 divinae
1318 4055 1408 4134 legis,
1431 4058 1491 4119 nisi
1507 4059 1579 4122 haee
1593 4060 1692 4138 prima
1707 4079 1793 4141 prae-

1043 4153 1195 4230 cipuaque
1209 4149 1343 4212 intentio
1359 4153 1510 4214 contrarii
1531 4158 1672 4233 expressi
1687 4158 1791 4220 condi·

1045 4246 1129 4306 tione
1150 4245 1283 4322 apposita
1304 4247 1492 4322 perimatur,
1523 4263 1587 4310 non
1609 4249 1707 4312 obstat
1730 4253 1792 4330 pri-

1043 4348 1132 4399 vatus
1147 4353 1245 4412 error,
1268 4353 1362 4415 quem
1378 4347 1484 4401 mente
1499 4348 1625 4416 gerunt,
1645 4343 1722 4420 quin
1738 4360 1790 4406 ve-

1043 4432 1102 4493 lint
1123 4447 1325 4506 consensum,
1351 4447 1445 4510 quem
1472 4443 1541 4496 actu
1563 4445 1729 4513 praestant,
1753 4438 1788 4499 ad

1043 4525 1109 4586 eius
1131 4525 1253 4586 divinae
1275 4524 1353 4602 legis
1373 4527 1598 4603 praescriptum
1619 4544 1789 4591 accommo-

1042 4619 1125 4692 dare,
1148 4617 1238 4696 quale
1260 4635 1366 4680 revera
1388 4629 1452 4696 est;
1476 4619 1557 4696 quod
1580 4621 1651 4682 satis
1672 4631 1730 4697 est,
1753 4631 1788 4685 ut

1041 4726 1208 4772 consensus
1226 4711 1279 4773 ille
1300 4720 1388 4789 aptus
1402 4715 1442 4775 sit
1464 4729 1518 4791 per
1532 4730 1564 4774 se
1578 4730 1611 4774 se
1628 4714 1663 4774 ad
1679 4730 1785 4795 perpe·

1043 4810 1132 4866 tuum
1154 4804 1433 4882 constringendum
1463 4806 1653 4868 matrimonii
1679 4808 1786 4870 vincu-

1042 4897 1126 4973 lum,
1148 4905 1240 4976 prout
1262 4898 1323 4977 ipsi
1344 4898 1450 4961 divini
1472 4897 1555 4976 lege,
1586 4916 1677 4978 quam
1698 4904 1787 4980 sequi

1041 4991 1169 5065 volunt,
1196 4993 1322 5054 omnino
1344 4992 1562 5070 praescribitur
1583 5010 1616 5056 aa
1636 4996 1783 5057 sancitur.

1079 5085 1098 5160 5
1120 5085 1147 5146 7.
1171 5087 1304 5148 llemum
1321 5086 1358 5147 ad
1372 5087 1585 5164 quaestionem
1601 5087 1785 5164 delabimur,

1039 5196 1098 5258 qua
1120 5189 1258 5240 extrema
1278 5195 1348 5256 pars
1369 5179 1516 5257 epistolae
1537 5178 1700 5242 clauditur.
1733 5180 1786 5243 Ni-

1039 5273 1155 5334 mirum
1185 5277 1329 5350 pustulas,
1352 5272 1579 5334 venenerabilis
1607 5272 1712 5349 irater,
1734 5292 1785 5338 su·

1040 5379 1146 5444 premo
1168 5373 1273 5427 nostro
1295 5365 1407 5428 iudicio
1430 5365 1483 5426 tibi
1499 5365 1657 5440 declarari,
1675 5375 1784 5431 utrum

1038 5456 1113 5519 dum
1123 5457 1320 5520 matrimonia
1332 5459 1469 5521 diversae
1482 5457 1640 5534 religionis
1650 5461 1689 5521 cb
1699 5460 1786 5526 adul-

1038 5555 1152 5617 terium
1172 5567 1225 5616 aut
1239 5554 1311 5616 alias
1324 5555 1439 5618 similes
1455 5555 1600 5630 rationes,
1624 5572 1701 5633 aquae
1717 5557 1784 5618 iure

1037 5649 1239 5711 ecclesiastico
1262 5648 1521 5725 impedimentum
1543 5649 1694 5710 dirimens
1718 5665 1782 5710 non

1036 5744 1254 5816 constituunt,
1287 5742 1385 5820 quoad
1413 5742 1574 5804 vinculum
1603 5757 1658 5819 per
1679 5743 1783 5805 lorum

1004 5969 1009 6024 Ι
1075 5968 1104 6024 (2)
1120 5969 1191 6014 Idem
1206 5967 1359 6014 Benedictus
1373 5969 1418 6014 lib.
1434 5969 1477 6014 cit.

1724 559 1782 624 337
1835 559 2023 612 1111110
