4722 6976
930 571 1000 620 PIUS
1020 571 1071 618 ΡΡ.
1095 573 1149 620 vll.

338 691 455 760 dilecto
476 692 539 761 lilio
567 692 693 777 losepto
715 691 935 777 llrystolowioz

524 786 630 856 Eleolo
653 787 749 868 loen,

513 972 599 1041 etos
623 974 681 1042 ΡΡ.
704 974 760 1042 vll.

545 1162 661 1230 11113313
684 1163 737 1244 1111,

306 1255 433 1324 salutern
453 1261 486 1323 et
504 1257 700 1341 apostolicum
721 1256 970 1325 benedictionem.

277 1485 282 1491 -
305 1447 324 1522 5
347 1447 373 1508 l.
399 1449 477 1512 Cum
498 1464 553 1511 nos
573 1456 604 1511 te
624 1449 715 1512 bodie
735 1449 896 1529 episcopali
916 1448 1010 1512 eccle·

265 1540 326 1602 3133
339 1543 446 1617 doen,
459 1558 537 1621 quae
553 1542 736 1620 inpartibus
751 1542 924 1606 infidelium
938 1559 1011 1606 oon·

265 1635 355 1708 sistit,
379 1635 411 1697 in
433 1635 618 1713 Episcopum
638 1644 670 1698 et
691 1643 843 1714 pastorem
858 1635 1010 1715 praefece-

264 1727 364 1790 rimus
385 1744 457 1790 cum
488 1727 618 1790 diversis
646 1729 751 1806 gratiis
773 1737 803 1792 et
824 1729 1008 1807 privilegiis,

264 1828 357 1899 prout
378 1823 411 1882 in
433 1823 546 1884 uostris
566 1822 599 1884 in
614 1822 709 1885 simili
723 1821 822 1885 lormi
837 1823 943 1886 Brevis
958 1839 1011 1884 ex·

263 1915 376 1992 peditis
397 1915 505 1987 literis,
527 1931 660 1994 quarum
682 1924 825 1979 tenorem
841 1916 1011 1995 praesenti·

264 2008 321 2070 bus
342 2023 398 2086 pro
428 2007 520 2086 plene
539 2016 572 2069 et
592 2008 783 2073 sufficienter
813 2025 957 2089 expresso
978 2027 1010 2072 ac

264 2102 302 2162 de
323 2101 417 2162 verbo
438 2102 473 2163 ad
496 2102 629 2163 verbum
651 2102 767 2166 inserto
795 2103 901 2165 haberi
923 2103 1012 2166 volu-

264 2210 348 2269 mus,
378 2193 475 2256 133133
507 2195 701 2283 continetur:
736 2211 909 2275 quumque,
931 2197 1011 2259 sicut

264 2287 448 2365 accepimus,
461 2302 534 2348 ven.
553 2286 649 2350 irater
663 2289 791 2351 loannes
806 2289 1010 2353 Simonovicz

263 2381 519 2460 drcliieplscopus
543 2380 761 2459 Leopolitanus
789 2384 907 2445 armeni
933 2384 1011 2446 ritus

265 2475 304 2536 ob
325 2475 464 2537 locorum
485 2483 517 2536 et
542 2484 720 2554 temporum
751 2476 893 2539 adiuncta
923 2479 1011 2556 spirl-

264 2568 342 2631 tuali
368 2567 579 2630 iurisdictione
601 2569 633 2630 in
662 2569 826 2632 catholicos
846 2571 1009 2644 Armenes,

263 2663 318 2740 qui
349 2661 431 2724 intra
456 2662 534 2724 sines
557 2663 675 2739 degunt
706 2661 841 2726 llussiaci
874 2665 1009 2741 imperii,

263 2770 421 2828 exercere,
445 2769 615 2834 eorumque
635 2772 742 2817 curam
757 2771 865 2833 gerere
880 2758 1011 2820 nullate-

265 2863 326 2908 nus
357 2847 467 2916 raleat.
490 2849 654 2926 cupiatque
684 2857 843 2928 propterea
864 2868 897 2913 ac
918 2856 1012 2914 velie-

264 2947 390 3002 menter
411 2940 568 3017 elllagltet,
590 2942 690 3020 aliqud
711 2958 766 3020 per
785 2959 841 3006 nos
855 2943 1011 3023 provideri

264 3033 399 3111 ratione,
421 3039 456 3095 ut
478 3051 519 3097 ne
539 3048 608 3112 pars
629 3035 681 3097 illa
699 3037 802 3113 gregis
816 3039 963 3100 dominici
980 3039 1010 3101 ln

266 3127 350 3188 13313
371 3126 536 3203 regionum
556 3129 696 3191 vastitate
710 3129 843 3208 dispersa
858 3133 950 3194 modo
964 3147 1027 3192 er-⁴

265 3221 403 3282 rontium
419 3224 525 3282 ovium
543 3222 736 3300 relinquatur
750 3225 862 3302 absque
877 3233 1010 3303 pastore3

266 3328 323 3375 nos
345 3315 456 3376 idcirco
475 3322 643 3393 spectatam
665 3315 867 3397 pluribusque
890 3335 924 3380 ac
946 3317 1012 3396 313-

265 3407 402 3469 vissimis
425 3408 609 3470 testimoniis
629 3410 779 3472 virtutem
802 3417 888 3474 tuam
906 3413 1014 3491 proba-

267 3511 331 3564 tam
348 3503 508 3578 habentes,
524 3511 615 3581 teque
630 3522 645 3565 3
660 3505 819 3583 quibusvis
835 3523 1013 3568 excommu-

265 3596 440 3672 nicationis,
462 3598 672 3676 suspensionis
692 3605 723 3660 et
744 3587 912 3675 interdicti,
933 3599 1013 3662 aliis·

266 3706 329 3768 que
342 3690 551 3752 ecclesiasticis
566 3691 715 3766 censuris,
727 3693 890 3754 sententiis
900 3702 932 3755 et
942 3709 1012 3773 poe-

267 3784 319 3845 nis
343 3785 452 3863 quovis
477 3786 568 3847 modo
592 3794 623 3847 et
646 3801 842 3864 quacumque
863 3787 900 3849 de
925 3805 1013 3851 causa

267 3876 349 3953 latis,
364 3877 389 3938 si
410 3893 485 3956 quas
504 3877 585 3939 lorte
600 3878 767 3953 incurristi,
783 3879 876 3940 liuius
892 3887 1012 3962 tantum

267 3970 315 4030 rei
342 3971 439 4047 gratia
468 3969 661 4034 absolventes
689 3978 720 4034 et
743 3972 920 4036 absolutum
948 3974 1015 4036 lore

266 4073 442 4140 censentes,
474 4064 512 4126 de
541 4081 637 4127 venn.
673 4065 803 4128 lratrum
834 4074 1013 4131 nostrorum

268 4157 303 4220 S.
319 4157 354 4220 ll.
373 4159 407 4220 E.
426 4157 636 4221 cardinalium
652 4159 784 4235 negotiis
799 4160 1015 4238 Propagaudae

266 4251 353 4315 Fidei
383 4252 628 4331 praepositorum
658 4253 802 4328 consilio,
833 4256 1015 4340 amtoritate

267 4344 443 4426 apostolice,
466 4353 574 4408 tenore
594 4348 816 4426 praesentium,
833 4347 1013 4410 131311133-

267 4440 353 4503 rium
373 4438 583 4517 Apostolicum
605 4439 798 4519 deputamus,
817 4442 1015 4504 nominamus

268 4543 300 4596 et
320 4533 550 4609 constituimus,
565 4534 682 4613 tibique
705 4541 738 4598 ut
760 4535 874 4599 Vicaril
889 4537 1014 4614 Aposto-

268 4627 320 4688 lici
341 4627 470 4689 nomine
490 4628 523 4690 in
543 4630 695 4690 Armeuos
717 4645 825 4691 omnes
840 4630 1013 4708 catholicos,

270 4720 323 4800 qui
344 4721 504 4782 llussiacae
525 4720 659 4798 ditionis,
680 4739 739 4801 qua
760 4723 821 4785 late
835 4731 930 4801 patet,
947 4724 1015 4786 dni·

269 4815 327 4876 bus
341 4814 555 4890 continentur,
566 4815 760 4892 spiritualem
770 4816 1014 4880 iurisdictionem

271 4923 426 4984 exercere,
449 4915 540 4988 atque
560 4925 594 4970 ea
616 4909 732 4982 omnia,
749 4927 826 4989 quae
840 4911 933 4975 buius
949 4928 1018 4975 mu-

1064 697 1147 760 ueris
1167 703 1253 775 sunt,
1275 697 1361 760 obire
1382 715 1415 761 ao
1436 698 1561 778 explere
1581 698 1679 761 libere
1695 697 1806 773 valeus,

1064 791 1220 854 facultates
1242 793 1424 854 necessarias
1445 801 1476 855 et
1497 800 1683 871 opportunas
1698 792 1808 854 tribui-

1064 900 1134 946 mus
1155 891 1186 948 et
1207 885 1415 964 impertimur,
1443 887 1527 948 iuxta
1559 894 1662 948 tamen
1692 885 1809 947 iustru-

1063 978 1199 1039 ctlonem
1219 995 1252 1040 ac
1272 979 1355 1056 salvi
1382 979 1414 1040 in
1436 980 1582 1042 omnibus
1612 995 1735 1058 semper
1756 995 1808 1041 au-

1063 1069 1204 1132 ctoritate
1225 1073 1407 1133 eorumdem
1426 1071 1648 1135 cardinalium.

1104 1164 1173 1239 52.
1195 1162 1370 1226 llandadtes
1391 1165 1424 1225 in
1444 1164 1561 1227 virtute
1590 1172 1711 1228 sanctae
1740 1165 1809 1227 obe·

1063 1257 1196 1319 dientlae
1217 1257 1372 1320 universis
1393 1273 1425 1321 ac
1438 1258 1583 1334 singulis,
1599 1260 1634 1321 ad
1650 1275 1726 1336 quos
1741 1273 1808 1336 spe·

1064 1358 1125 1414 ctat
1146 1369 1179 1413 ac
1199 1351 1345 1430 spectabit
1366 1367 1420 1429 pro
1440 1359 1590 1431 tempore,
1606 1360 1642 1415 ut
1655 1361 1686 1414 te
1700 1354 1735 1416 ad
1752 1354 1809 1415 bu-

1064 1446 1196 1508 iusmodi
1218 1444 1353 1508 officium
1374 1445 1485 1508 llicarli
1503 1446 1668 1526 Apostolici
1681 1448 1810 1525 eiusque

1063 1538 1196 1602 liberunt
1218 1538 1404 1602 exercitium
1424 1539 1509 1601 iuxta
1530 1539 1709 1602 earumdem
1725 1549 1813 1602 teno-

1064 1646 1131 1694 rem
1162 1631 1372 1712 praesentium
1402 1632 1552 1712 recipiant
1573 1641 1604 1696 et
1624 1634 1809 1710 admittant,

1066 1725 1182 1804 tibique
1204 1727 1237 1788 iu
1258 1725 1415 1800 omnibus,
1431 1743 1509 1804 quae
1522 1726 1559 1790 331
1578 1725 1660 1788 131331
1675 1729 1812 1804 pertine-

1065 1819 1144 1881 bunt
1164 1819 1312 1894 odicium,
1334 1820 1475 1882 assistant
1496 1828 1526 1882 et
1547 1819 1681 1895 faveant,
1699 1828 1812 1884 tumet

1065 1913 1206 1975 mandata
1230 1921 1279 1974 tua
1302 1929 1335 1974 ac
1355 1913 1487 1975 salubria
1510 1915 1626 1976 monita
1648 1913 1812 1977 humiliter

1066 2006 1225 2084 accipiant,
1249 2005 1473 2084 efficaciterque
1503 2005 1671 2085 adimplere
1702 2023 1812 2086 procu-

1064 2107 1153 2175 rent,
1185 2100 1322 2178 alioquln
1353 2100 1540 2164 sententiam
1568 2101 1634 2163 sive
1662 2118 1810 2180 poenam,

1065 2210 1158 2274 quam
1181 2193 1240 2255 rite
1261 2192 1371 2254 tuleris
1392 2191 1442 2254 vel
1460 2195 1603 2256 statueris
1619 2195 1650 2256 in
1666 2195 1810 2270 rebelles,

1064 2287 1244 2350 habebimus
1266 2293 1363 2348 ratam
1384 2294 1415 2348 et
1436 2285 1593 2362 iaciemus,
1609 2294 1733 2350 auctore
1755 2290 1811 2350 lto·

1065 2383 1163 2455 mino,
1186 2380 1222 2440 ad
1242 2378 1481 2442 satislactlonem
1503 2396 1601 2458 usque
1626 2381 1812 2458 condignam

1065 2473 1286 2537 inviolabiliter
1307 2471 1471 2534 observari.

1105 2573 1124 2646 g
1145 2570 1173 2630 3.
1198 2566 1268 2629 Non
1292 2566 1484 2629 obstantibus
1508 2566 1694 2646 apostolicis
1725 2569 1812 2630 3313

1066 2662 1294 2724 universalibus
1315 2660 1617 2739 provincialibusque
1637 2661 1815 2739 31333333·

1066 2757 1147 2820 libus
1167 2755 1304 2818 conciliis
1325 2754 1415 2816 editis
1438 2755 1632 2830 generalibus
1655 2755 1704 2817 vel
1720 2755 1813 2832 parti·

1066 2843 1219 2914 cularlbus
1231 2848 1500 2910 constitutionibus
1512 2855 1543 2908 et
1554 2849 1812 2923 ordinationibus,

1067 2959 1189 3006 necnon
1211 2940 1371 3021 quibusvis
1392 2941 1813 3016 etiamlnramento,oonl1r-

1066 3037 1203 3100 matione
1218 3033 1390 3113 apostolica,
1407 3033 1457 3094 vel
1471 3034 1580 3111 quavis
1595 3034 1741 3096 firmitate
1757 3032 1813 3094 alia

1067 3131 1216 3194 roboratis
1236 3127 1359 3190 statutis
1381 3135 1411 3189 et
1433 3128 1727 3204 consuetudinibus3
1753 3130 1813 3208 pri-

1067 3224 1189 3301 vilegiis
1210 3237 1344 3302 quoque,
1362 3220 1489 3283 indultis
1507 3228 1537 3283 et
1560 3221 1655 3284 literis
1671 3222 1817 3300 apostoli.

1067 3318 1110 3380 cis
1124 3315 1336 3396 superioribus
1351 3322 1382 3376 et
1394 3315 1533 3393 personis
1547 3315 1605 3378 sub
1615 3315 1814 3395 quibuscum·

1068 3427 1128 3491 que
1151 3409 1309 3472 tenoribus
1331 3415 1361 3470 et
1383 3408 1502 3484 lormis,
1518 3426 1551 3470 33
1569 3425 1639 3470 curu
1654 3409 1815 3488 quibusvis

1068 3504 1162 3566 etiam
1178 3501 1443 3579 derogatoriarum
1459 3502 1671 3579 derogatorlis,
1687 3502 1815 3583 aliisque

1068 3596 1299 3671 efficacioribus,
1312 3595 1538 3671 efficacissimis,
1551 3612 1583 3658 33
1594 3596 1724 3659 insolitis
1735 3597 1815 3659 clau·

1045 3709 1052 3716 ·
1067 3691 1153 3768 solis,
1170 3688 1426 3768 irritantibusque
1441 3697 1471 3751 et
1486 3687 1557 3752 31133
1571 3689 1702 3753 decretis
1716 3691 1748 3753 in
1764 3707 1815 3768 ge·
1915 3695 1921 3711 '

1069 3800 1145 3848 uere
1165 3783 1215 3846 vel
1237 3783 1271 3844 in
1292 3782 1404 3861 specie,
1427 3799 1460 3844 ac
1480 3782 1547 3845 aliis
1569 3783 1601 3844 in
1622 3785 1815 3848 contrarium

1068 3875 1299 3959 quomodolibet
1330 3878 1495 3954 concessis,
1525 3877 1696 3956 approbatis
1717 3887 1748 3941 et
1768 3877 1815 3942 iu·

1070 3971 1200 4036 novatis.
1223 3969 1339 4045 Quibus
1360 3970 1504 4034 omuibus
1526 3978 1556 4033 et
1585 3971 1731 4048 singulis,
1750 3972 1817 4034 illo·

1068 4083 1141 4130 rum
1161 4073 1286 4128 tenores
1303 4065 1515 4143 praesentibus
1530 4080 1585 4143 pro
1599 4065 1692 4144 plene
1707 4075 1737 4129 et
1751 4067 1814 4129 sul·

1070 4161 1210 4224 ticieuter
1225 4159 1386 4237 expressis,
1402 4175 1436 4220 33
1450 4160 1487 4222 de
1509 4159 1604 4221 verbo
1625 4160 1660 4222 ad
1683 4161 1817 4223 verbum

1069 4255 1193 4318 insertis
1215 4257 1373 4324 babentes,
1397 4252 1458 4314 illis
1478 4252 1550 4315 alias
1574 4253 1606 4315 in
1628 4269 1684 4316 suo
1706 4255 1817 4317 robore

1068 4347 1290 4430 permansuris,
1302 4347 1338 4409 ad
1353 4348 1593 4426 praemissorum
1604 4347 1750 4411 ellectum
1761 4349 1817 4411 hac

1070 4444 1137 4505 vice
1164 4443 1323 4505 dumtaxat
1350 4441 1521 4520 specialiter
1548 4449 1580 4502 et
1602 4457 1745 4520 expresse
1765 4445 1815 4506 de·

1070 4552 1225 4614 rogamus,
1237 4533 1426 4613 caeterisque
1440 4535 1601 4597 contrariis
1615 4536 1814 4614 quibuscum·

1070 4645 1140 4708 que.

1110 4723 1221 4785 ilatum
1237 4722 1363 4797 Romae,
1377 4721 1454 4800 apud
1471 4722 1502 4785 S.
1516 4721 1642 4784 Mariam
1658 4721 1815 4797 llaiorem,

1070 4818 1127 4879 sub
1157 4816 1275 4878 annulo
1303 4817 1476 4892 Piscatoris,
1505 4817 1554 4878 die
1576 4831 1689 4878 xxviii.
1713 4815 1817 4878 martii

1071 4927 1239 4988 uucccm,
1261 4911 1458 4991 pontificatus
1480 4910 1578 4973 nostri
1598 4926 1681 4972 anno
1702 4925 1733 4971 x.

873 5187 1217 5246 MONITUM

337 5365 463 5459 Inique
486 5365 667 5438 divexotus
691 5372 910 5461 oppressione
933 5373 1096 5439 Pontifex
1120 5378 1155 5438 31
1178 5396 1198 5439 a
1219 5372 1297 5440 sede
1313 5369 1476 5455 deiectus,
1492 5371 1528 5438 in
1544 5367 1752 5462 longinquos
1767 5393 1818 5439 re-

274 5478 391 5565 giones
415 5477 598 5544 durissime
622 5479 778 5546 custodie
801 5478 980 5564 coercitus,
1001 5480 1133 5546 nullam
1156 5481 1271 5568 potuit
1293 5480 1408 5568 pelam
1432 5503 1587 5546 exercere
1610 5480 1817 5547 iurisdictio·
1870 5477 1874 5484 ⁴

273 5608 364 5670 nem3
397 5591 605 5675 quapropter
635 5607 696 5675 per
726 5586 1006 5675 quinquennium,
1032 5588 1075 5653 ab
1100 5610 1188 5654 anno
1219 5611 1362 5653 urncccxx.
1389 5586 1432 5653 acl
1463 5610 1517 5652 33.
1546 5609 1720 5672 3333333333,
1745 5586 1817 5654 3133

275 5699 354 5759 acta
377 5693 623 5760 desiderantur.
1627 5687 1629 5692 ¹

1731 556 1790 621 111
1839 545 1938 616 auc.
1959 559 2027 615 isos
