4856 7010
404 529 458 588 An.
473 532 503 586 c.
524 530 592 586 1830
645 536 704 598 730

622 688 689 735 cam
710 669 803 734 fldem
824 670 856 733 in
873 671 985 734 illustri
1007 673 1216 733 Armenoruux
1239 667 1363 730 natione

622 761 1363 842 fovendamaugendamqueforefeliciterredun-

620 857 742 922 datura:
766 859 818 920 sed
840 858 954 920 maiora
974 859 1072 922 adhuc
1093 875 1125 920 ac
1144 865 1226 919 certe
1241 863 1363 933 praeter

620 953 864 1031 expectationem
890 951 1008 1030 assequi
1040 952 1166 1028 insuper
1193 955 1362 1028 potueruut

619 1044 656 1106 ab
676 1060 797 1107 summa
823 1044 1016 1124 imperatoris
1045 1043 1237 1120 benignitate
1268 1041 1360 1103 iidem

619 1138 859 1201 christianorum
888 1139 1061 1217 principum
1092 1124 1196 1214 leg'ati,
1226 1151 1361 1215 quorum

619 1247 693 1298 sane
719 1233 852 1294 maxima
872 1232 904 1294 in
934 1230 1118 1310 religionem
1140 1231 1248 1293 merita
1274 1227 1361 1290 volu·

620 1339 689 1386 mus
710 1324 837 1387 honoris
864 1341 950 1388 causa
971 1333 1078 1386 nostro
1105 1325 1161 1386 hoc
1184 1318 1361 1385 testimonio

619 1417 842 1481 commendata.
864 1417 949 1493 Quod
970 1418 1056 1479 enim
1079 1425 1236 1494 tantopere
1258 1417 1293 1478 ad
1315 1432 1360 1481 33·

622 1508 749 1572 thelicae
776 1509 953 1588 disciplinae
982 1508 1238 1583 incolumitatem,
1268 1514 1298 1570 et
1325 1508 1360 1570 ad

618 1603 766 1680 aptiorem
780 1619 937 1666 sacrorum
952 1603 1211 1682 procurationem,
1226 1617 1282 1666 nec
1297 1616 1359 1664 non

619 1697 655 1759 ad
674 1694 841 1758 feliciorem
856 1697 950 1758 totius
965 1695 1156 1759 ecclesiastici
1172 1695 1288 1758 ordinis
1303 1702 1361 1756 sta-

620 1795 686 1851 333
707 1787 847 1851 conferre
868 1790 966 1869 palam
988 1797 1049 1864 est,
1072 1788 1260 1866 peculiarem
1281 1787 1360 1850 scili·

619 1887 667 1943 cet
688 1881 877 1960 episcopatus
903 1881 1172 1954 constitutionem,
1199 1899 1259 1961 quo
1283 1881 1361 1942 anti-

617 1980 678 2037 stes
700 1975 732 2036 in
755 1975 855 2052 gregis
876 1975 994 2038 bonnm
1022 1972 1152 2037 adscitus
1179 1973 1359 2052 impensiori

618 2083 674 2148 pro
695 2069 833 2130 muneris
863 2069 962 2130 oflicio
990 2068 1134 2130 instantia
1154 2085 1188 2130 33
1214 2067 1360 2130 331133333-

618 2161 691 2223 dine
719 2161 820 2224 eidem
846 2162 999 2240 regendo,
1029 2161 1224 2223 informando
1253 2162 1360 2223 iuvan-

617 2256 717 2334 doque
737 2253 894 2334 speciatim
914 2255 1080 2333 adlaboret,
1096 2254 1124 2316 id
1146 2256 1239 2316 etiam
1261 2256 1359 2319 couci-

617 2345 727 2409 liatum
738 2348 902 2411 edicimus:
920 2357 953 2410 ut
969 2350 1120 2411 nimirum
1134 2349 1358 2427 hrchiepiscopi

617 2449 648 2504 et
670 2439 812 2503 Primatis
836 2440 1046 2505 Armenorum
1073 2442 1293 2507 catholicorum
1315 2459 1359 2506 se·

617 2536 669 2598 des
698 2533 964 2612 Constantinopoli
993 2535 1027 2596 ad
1057 2551 1212 2600 canonum
1237 2535 1358 2612 regulas

617 2626 676 2688 rite
697 2627 911 2689 constituatur.
936 2627 1165 2704 Magnificentes
1184 2629 1281 2706 igitur
1302 2629 1359 2690 ml-

616 2717 783 2782 serationes
805 2721 936 2782 auctoris
954 2722 1273 2800 consummatorisque
1288 2722 1358 2783 fidei

616 2811 808 2876 laetificantis
847 2813 982 2879 animam
1017 2823 1153 2878 nostram
1188 2817 1357 2877 secundum

616 2902 853 2967 multitudinem
873 2905 1030 2982 dolorum,
1055 2907 1166 2985 quibus
1187 2907 1226 2968 ob
1246 2905 1357 2968 sollici-

616 2997 760 3060 tudinem
770 2998 914 3061 omnium
929 2999 1127 3061 ecclesiarum
1138 2999 1170 3061 in
1185 3007 1266 3060 tanta
1283 3007 1360 3060 tem·

617 3105 728 3167 porum
743 3090 922 3154 difficultate
937 3093 1130 3167 conficimur,
1143 3101 1262 3155 nostras
1277 3091 1358 3153 illico

616 3198 704 3244 curas
718 3183 979 3263 cogitationesque
993 3186 1203 3248 convertimus
1217 3187 1252 3248 ad
1268 3186 1357 3248 uber-

617 3277 710 3338 rimos
732 3278 842 3340 harum
863 3277 1100 3355 dispositionum
1120 3277 1239 3341 fructus
1257 3279 1358 3341 calho-

617 3369 683 3431 licis
704 3369 848 3432 hrmenis
870 3371 1124 3450 adproperaudos,
1145 3387 1222 3450 quos
1242 3372 1281 3435 ob
1294 3379 1358 3436 stu·

616 3461 702 3524 dium
723 3463 910 3526 orthodoxae
930 3465 1012 3540 fidel,
1029 3466 1067 3527 ob
1086 3465 1181 3527 animi
1203 3466 1357 3542 magnitu-

616 3555 733 3632 dinem,
756 3565 786 3620 et
807 3557 847 3619 ob
867 3564 1059 3622 constantem
1080 3559 1113 3620 in
1139 3561 1356 3637 imperatorem

615 3648 841 3712 observantiam
871 3652 1075 3728 conspicimus
1100 3651 1224 3715 divinae
1253 3654 1357 3732 provi·

615 3742 736 3805 dentiae
756 3743 940 3807 liberalitate
961 3761 978 3807 3
998 3746 1131 3808 maxima
1159 3745 1357 3809 tribulatione

615 3844 775 3898 recreatos.
800 3837 854 3900 3133
869 3838 973 3918 itaque
988 3839 1152 3902 universae
1168 3841 1287 3903 ratione
1302 3857 1357 3919 per

614 3944 687 3991 ven.
716 3929 825 3992 fratres
855 3941 976 3994 nostros
1005 3931 1035 3996 S.
1060 3933 1094 3995 lt.
1121 3933 1156 3995 Ε.
1182 3933 1356 3998 Cardlnales

614 4023 830 4102 Propagandae
856 4022 939 4086 ridet
974 4027 1161 4104 praepositos
1189 4025 1356 4103 diligenter

614 4131 777 4196 perpensa,
799 4116 872 4178 haec
892 4132 970 4195 quae
989 4127 1165 4196 sequuntur
1179 4121 1216 4182 de
1237 4126 1355 4198 aposto-

615 4209 690 4272 licae
717 4209 873 4289 potestatis
899 4209 1092 4286 plenitudine
1121 4228 1154 4274 33
1177 4213 1355 4276 dematura

613 4301 834 4364 deliberatione
855 4303 966 4365 nostris
992 4302 1188 4367 decernimus
1210 4315 1240 4370 et
1267 4323 1356 4370 man·

613 4395 721 4458 damus
747 4404 839 4475 atque
865 4397 1027 4460 sancimus.
1058 4396 1172 4462 Placuit
1200 4401 1353 4480 siquidem

614 4489 960 4568 constatinopolitanam
982 4489 1105 4566 urbem,
1127 4508 1205 4570 quae
1227 4501 1270 4556 tot
1289 4505 1355 4558 tan-

614 4584 715 4665 tisque
736 4583 915 4646 nominibus
936 4583 987 4645 vel
1007 4599 1023 4644 a
1041 4585 1148 4662 priscis
1167 4589 1354 4664 temporibus

612 4677 742 4742 illustris
763 4677 931 4759 praefulsit,
952 4677 1215 4757 archiepiscopalis
1238 4695 1272 4742 ac
1294 4683 1353 4759 pri·

615 4775 742 4837 matialls
756 4772 834 4834 sedis
855 4772 975 4834 honore
991 4771 1147 4848 insigniri,
1163 4782 1198 4835 ut
1212 4775 1353 4837 catholici

614 4867 740 4928 Armeni
766 4865 801 4925 ils
832 4862 953 4940 legibus
980 4864 1125 4941 exsoluti,
1156 4865 1268 4952 quibus
1296 4869 1354 4930 sub

613 4957 796 5021 schismatici
807 4955 997 5019 Patriarchae
1012 4966 1193 5034 potestatem
1203 4969 1290 5022 eraut
1302 4959 1355 5022 ibi·

614 5053 684 5114 dem
703 5050 872 5126 subiuncti,
896 5050 1009 5128 proprii
1027 5051 1104 5114 ritus
1125 5068 1159 5113 ea
1181 5055 1242 5132 ipsa
1263 5055 1297 5115 in
1313 5054 1354 5116 ci-

613 5145 708 5207 vitate
729 5146 899 5206 antistitem
921 5145 1064 5220 habeant,
1086 5145 1139 5224 qui
1164 5147 1256 5224 pleno
1279 5146 1353 5223 legi-

615 5239 706 5300 timae
726 5237 943 5301 iurisdictionis
958 5247 989 5299 et
1003 5239 1191 5301 auctoritatis
1205 5241 1275 5302 iure
1289 5257 1353 5302 eos·

614 5335 683 5396 dem
706 5333 894 5408 moderetur,
921 5340 1019 5412 pascat
1040 5341 1196 5412 regatque.
1221 5335 1294 5398 lude
1314 5335 1354 5396 si-

613 5429 738 5506 quidem
752 5426 817 5502 frat,
833 5436 944 5506 utque
958 5427 1230 5505 praeexcellentior
1249 5428 1354 5506 splen·

613 5523 680 5581 deal
702 5520 864 5583 catholicae
884 5523 1095 5583 hrmenorum
1117 5522 1259 5585 ecclesiae
1281 5540 1353 5586 con-

613 5612 699 5688 ditio,
722 5615 819 5676 maior
840 5613 872 5675 in
894 5629 963 5678 eam
985 5614 1170 5694 populorum
1192 5618 1352 5678 veneratio

613 5706 790 5783 invalescat,
813 5708 982 5769 firmiorem
1002 5722 1160 5770 sacrorum
1181 5709 1353 5785 praesidum

613 5805 794 5876 potestatem
817 5803 848 5862 ln
876 5801 1078 5864 ecclesiastica
1106 5801 1263 5879 disciplina
1290 5819 1352 5864 ser·

615 5895 712 5958 venda
732 5901 907 5970 exerceant,
923 5892 1100 5974 faciliusque
1122 5897 1154 5956 in
1176 5896 1270 5974 ipsius
1284 5912 1352 5976 pro-

1147 551 1211 595 lun.
1236 550 1326 594 rottr.
1350 548 1390 592 bn
1411 548 1439 594 P.
1464 547 1492 594 F·
1517 550 1597 594 PARS
1620 551 1640 594 l.

1421 665 1585 732 fossionem
1607 685 1639 732 33
1662 670 1782 733 tradant
1804 671 1986 734 christianae
2002 670 2078 750 legis
2100 670 2164 734 cul-

1421 762 1513 822 tores.

2194 537 2247 590 An.
2260 539 2286 590 G.
2303 543 2350 596 teth

1460 853 1479 930 §
1498 855 1527 916 2.
1551 854 1650 930 Quare
1665 873 1719 936 pro
1736 857 1875 938 impenso
1890 866 2012 921 nostrae
2030 858 2163 921 affectio-
2198 864 2276 926 ,uapor
2287 877 2361 918 conie-

1421 951 1467 1011 nis
1488 951 1600 1027 studio,
1623 968 1685 1031 quo
1705 953 1868 1015 catholicos
1899 954 2051 1015 hrmenos
2081 968 2163 1014 cum-

1419 1043 1597 1122 plectimur,
1621 1053 1765 1122 certaque
1786 1061 1840 1124 spe
1860 1044 1932 1106 freti
1954 1036 2161 1108 nalora'inde

1418 1136 1626 1215 spiritualium
1650 1138 1804 1201 bonorum
1833 1138 2034 1200 incrementa.
2052 1155 2107 1216 pro
2129 1155 2163 1200 33

1419 1229 1569 1292 [lominici
1582 1231 1683 1306 gregis
1694 1239 1778 1307 parte
1790 1247 1855 1293 esse
1865 1239 2095 1309 promanatura,
2109 1247 2161 1293 ex·

1419 1329 1503 1382 orato
1521 1323 1556 1384 ad
1574 1323 1650 1384 tanti
1667 1324 1815 1385 momenti
1833 1325 1996 1402 negocium
2013 1323 2163 1385 definien-

1419 1415 1493 1476 dum
1508 1414 1606 1476 divini
1621 1414 1749 1477 luminis
1764 1416 1925 1495 praesidio,
1942 1418 1977 1479 ad
1994 1415 2114 1478 laudem
2132 1423 2163 1478 et

1418 1508 1569 1570 honorem
1591 1508 1813 1586 omnipotentis
1828 1511 1882 1572 Dei
1903 1517 1934 1572 et
1955 1509 2163 1572 sanctissimae

1418 1599 1581 1662 Genltricis
1603 1601 1656 1662 [lei
1679 1601 1799 1677 Mariae,
1822 1603 1983 1665 beaterum
2005 1602 2163 1682 Apostolo-

1419 1708 1490 1754 rum
1512 1692 1592 1756 Petri
1613 1701 1644 1756 et
1665 1693 1762 1771 Pauli,
1778 1710 1835 1757 nec
1856 1711 1919 1757 non
1942 1695 1975 1758 in
1997 1694 2163 1758 catholicae

1419 1783 1489 1845 fidei
1511 1785 1739 1861 exaltationem,
1757 1788 1827 1848 sede
1843 1785 2162 1866 marchiepiscupalem

1417 1882 1447 1938 et
1459 1877 1664 1956 primatialem
1681 1878 1713 1940 in
1730 1880 1805 1942 urbe
1821 1879 2161 1958 Constantinopolitano

1417 1985 1473 2048 pro
1488 1971 1631 2034 1333333
1646 1972 1801 2035 catholicis
1820 1972 1931 2034 ibidem
1949 1981 1980 2035 33
1996 1972 2027 2034 33
2042 1971 2162 2051 reliquo

1417 2062 1615 2126 Othomanico
1646 2065 1776 2144 imperio
1807 2065 2011 2142 degentibus,
2043 2065 2097 2143 qui
2127 2065 2161 2126 in

1418 2171 1559 2234 praesens
1580 2158 1712 2220 subsunt
1733 2157 1882 2236 spirituali
1905 2159 2051 2236 regimini
2067 2175 2100 2221 33
2116 2158 2162 2220 in-

1417 2248 1585 2312 risdictioni
1608 2250 1711 2312 vicarii
1734 2252 1832 2313 nostri
1853 2251 2009 2330 apostolici
2033 2253 2161 2328 patriar-

1417 2342 1510 2405 chalis
1532 2343 1879 2424 constantinopolitani,
1897 2353 2046 2422 perpetuo
2069 2345 2161 2422 erigi·

1417 2454 1486 2500 mus
1501 2443 1531 2498 et
1546 2438 1749 2514 instituimus,
1773 2438 1995 2516 ecclesiamque
2018 2453 2072 2517 pro
2089 2438 2160 2516 ipsis

1417 2530 1561 2593 hrmenis
1581 2531 1721 2594 catholici
1735 2533 1814 2592 ritus
1830 2530 2097 2610 Constantinopoli
2112 2547 2159 2591 ae-

1416 2625 1609 2699 dificandam,
1621 2623 1669 2685 vel
1681 2639 1760 2703 quae
1776 2640 1845 2703 prae
1858 2623 1987 2688 caeteris
1997 2623 2159 2703 praecipuo

1416 2718 1473 2780 hoc
1495 2717 1612 2780 honore
1625 2717 1722 2794 magis
1737 2717 1850 2780 ibidem
1865 2717 1956 2795 digna
1971 2717 2159 2780 existimabi-

1417 2820 1480 2887 tur,
1494 2811 1525 2872 in
1540 2810 1829 2890 archiepiscopalem
1844 2820 1875 2872 et
1888 2810 2158 2889 metropolitanam

1415 2922 1449 2966 ac
1471 2904 1676 2981 primatialem
1696 2905 1854 2967 ecclesiam
1876 2904 2160 2982 Constantinopoli·

1416 3005 1517 3060 tanam
1540 3001 1786 3076 nuncupandam,
1802 3007 1833 3060 et
1851 2997 2080 3078 hrchiepiscopi
2096 2998 2160 3060 Pri·

1415 3093 1565 3170 malisque
1587 3091 1918 3170 Constantinopolitani
1944 3093 2157 3155 hrmenorum

1414 3184 1529 3260 sedem,
1546 3185 1750 3263 ecclesiaeque
1767 3186 1943 3263 provinciae
1962 3185 2061 3248 eidem
2076 3186 2159 3248 addi-

1414 3277 1526 3340 cendae
1545 3285 1647 3358 caput,
1669 3279 1723 3357 qui
1747 3278 1873 3357 quidem
1903 3279 2158 3359 hrchiepiscopus

1415 3379 1445 3432 et
1460 3371 1576 3434 Primas
1591 3371 1673 3451 pallii
1689 3375 1726 3434 de
1741 3387 1869 3450 corpore
1883 3372 1963 3434 beati
1978 3372 2060 3436 Petri
2074 3389 2159 3436 snm-

1414 3464 1458 3542 pti
1480 3481 1567 3527 more
1582 3464 1674 3527 solito
1688 3465 1879 3542 conferendi,
1895 3473 1925 3528 et
1940 3467 2038 3529 crucis
2054 3481 2157 3543 usum,

1414 3567 1504 3637 prout
1535 3559 1647 3622 caeteri
1680 3559 1907 3635 lletropolllani
1937 3575 1970 3622 ac
1995 3559 2156 3636 Primates,

1414 3651 1533 3726 habeat,
1561 3652 1752 3730 caeterisque
1779 3651 1962 3729 privilegiis,
1985 3652 2156 3715 honoribus

1412 3754 1443 3807 33
1464 3745 1683 3823 praerogativis
1712 3745 1945 3824 archiepiscopis
1966 3756 1997 3807 et
2040 3746 2158 3809 rimati-

1415 3839 1469 3901 bus
1483 3838 1591 3902 debitis
1607 3845 1638 3901 33
1652 3839 1803 3902 concessis
1818 3855 1852 3900 ac
1866 3763 2158 3920 iuribusffiaeemi·

1414 3931 1540 4008 neutiis,
1557 3933 1684 3995 indultis
1699 3931 1832 3994 realibus
1848 3939 1879 3994 33
1900 3933 2112 4012 personalibus
2128 3942 2158 3996 et

1417 4025 1532 4102 mixtis,
1555 4027 1668 4105 quibus
1688 4026 1764 4089 aliae
1779 4028 2035 4106 metropolitanae
2050 4045 2083 4090 ac
2097 4027 2158 4106 pri·

1415 4119 1550 4181 matiales
1566 4119 1711 4182 ecclesiae
1726 4135 1866 4200 earumq.
1884 4121 2040 4200 praesules
2057 4121 2157 4198 legiti-

1414 4227 1465 4274 mo
1484 4213 1552 4274 iure
1573 4210 1734 4288 fruuntur,
1752 4213 1809 4289 uti,
1825 4213 1887 4275 frui
1905 4213 1998 4292 possit
2012 4223 2044 4277 et
2059 4213 2157 4277 valeat

1413 4305 1567 4381 similiter,
1585 4311 1693 4367 tenore
1709 4305 1916 4384 praesentiunt
1929 4316 2078 4385 perpetuo
2100 4307 2157 4368 eri-

1413 4399 1516 4477 gimus
1538 4406 1569 4462 et
1590 4399 1795 4474 instituimus,
1810 4415 1843 4461 ac
1859 4401 1998 4475 nomine,
2016 4400 2106 4462 titulo
2127 4409 2157 4463 et

1413 4494 1532 4555 honore
1543 4492 1787 4572 archiepiscopali
1802 4492 2041 4572 metropolitano
2056 4501 2086 4555 et
2096 4495 2157 4573 pri-

1412 4587 1528 4649 matiali
1551 4589 1745 4663 decoramus,
1767 4602 1825 4649 nec
1846 4602 1909 4648 nou
1931 4599 1987 4664 pro
2017 4595 2157 4665 tempore

1411 4682 1598 4744 existentem
1618 4681 1782 4743 catholicae
1803 4678 1931 4743 huiusce
1945 4681 2157 4744 Armenorunt

1411 4772 1847 4852 ecclesiaeconstantinopolis
1862 4772 2035 4851 praesulem
2051 4773 2085 4836 in
2101 4775 2155 4836 hr-

1411 4869 1636 4947 chiepiscopum
1652 4865 1927 4946 metropolitanum
1943 4874 1974 4928 et
1989 4867 2156 4946 primatem

1411 4959 1611 5034 declaramus,
1628 4961 1729 5039 eique,
1748 4966 1781 5020 ut
1794 4958 1860 5037 lpse
1874 4959 1992 5022 ibidem
2006 4971 2039 5022 et
2052 4960 2085 5022 in
2099 4961 2156 5023 sibi

1411 5055 1573 5116 commissa
1595 5053 1751 5133 provincia
1773 5053 1924 5131 quidquid
1950 5053 2156 5132 Metropolita-

1411 5149 1458 5210 nis
1469 5165 1502 5210 ac
1513 5147 1699 5210 Primatibus
1714 5147 1746 5209 in
1760 5147 1824 5209 suis
1834 5145 2025 5209 dioecesibus
2038 5163 2073 5210 ac
2087 5163 2156 5227 pro·

1410 5241 1520 5304 vinciis
1541 5259 1556 5302 a
1578 5243 1646 5304 iure
1667 5243 1853 5304 attributum
1875 5250 1931 5320 est,
1949 5241 2048 5304 facere
2061 5250 2093 5304 et
2107 5242 2157 5306 ad·

1411 5337 1586 5400 ministrare
1602 5337 1706 5414 possit,
1723 5334 1829 5396 eadent
1843 5335 2003 5415 apostolica
2026 5336 2156 5400 auctori-

1411 5437 1471 5492 tate
1492 5429 1688 5492 concedimus
1709 5438 1742 5490 et
1765 5428 1973 5505 indulgemus.
2007 5429 2155 5506 Quocirca

1410 5523 1550 5584 ecclesias
1572 5522 1647 5584 olim
1670 5523 1850 5601 episcopales
1877 5540 1932 5586 seu
1954 5525 2154 5604 archiepisco-

1410 5615 1492 5692 pales
1513 5620 1663 5677 hrmenas
1684 5615 1799 5678 iamdiu
1825 5617 1886 5680 suis
1915 5618 2087 5696 pastoribus
2110 5619 2155 5678 vi·

1410 5711 1525 5786 duatus,
1557 5709 1687 5787 ideoque
1720 5709 1817 5772 nostri
1851 5709 1961 5773 Vicaril
1987 5711 2156 5790 Apostolici

1409 5802 1620 5866 Patriarchalis
1648 5803 1978 5881 constantinopolitani
2006 5805 2154 5881 regimini

1409 5897 1596 5972 commissas,
1626 5898 1670 5959 uti
1701 5896 1794 5958 etiam
1825 5896 1964 5959 ecclesias
1994 5897 2153 5978 apostolica

2182 925 2264 962 sionis

2200 1169 2210 1190 ὁ
