4808 6988
326 523 381 579 Au.
395 525 426 580 (1.
448 523 516 578 1823

319 1308 530 1410 tttttttutrttt:

317 1420 411 1464 tantos.

565 525 625 588 610

546 667 623 722 61166
644 660 746 725 literas
767 669 860 742 atque
881 664 984 727 omnia
1006 673 1037 727 et
1058 663 1180 741 singula
1200 663 1232 726 in
1248 665 1293 726 eis

546 759 658 816 statuta
689 755 800 819 iaciant
830 759 1011 821 auctoritate
1042 765 1147 821 nostra
1174 758 1293 819 debitae

547 847 724 910 executioni
745 850 934 928 demandari,
957 851 1086 932 illasque
1107 851 1294 914 inviolabili-

548 947 595 1002 ter
617 940 785 1018 observari,
801 947 1040 1009 contradictores
1061 954 1092 1007 et
1113 945 1293 1007 inobedien-

548 1040 594 1095 tes
614 1035 780 1112 quoslibet,
804 1053 857 1116 661
879 1047 1051 1118 666611666
1072 1038 1148 1102 16116
1169 1046 1201 1099 61
1222 1037 1294 1100 16611

548 1123 701 1202 16166116,
730 1128 936 1206 appellatione
965 1129 1148 1208 postposita,
1170 1141 1293 1207 661666·

547 1217 683 1281 scendo·

588 1311 607 1386 5
629 1311 657 1374 7.
682 1311 860 1389 Praesentes
881 1324 986 1378 autem
1008 1315 1112 1380 literas
1126 1330 1249 1394 semper
1266 1320 1295 1377 et

548 1413 698 1486 perpetuo
711 1408 1201 1474 1611166616111666666116161661
1215 1408 1293 1483 1616,

549 1515 583 1560 66
603 1499 691 1562 66116
710 1518 845 1582 unquam
869 1506 1059 1582 temporede
1074 1503 1293 1581 subreptionis,

549 1593 740 1672 obreptionis
761 1603 814 1658 ant
835 1597 988 1660 nuditatis
1009 1597 1097 1673 vitio,
1114 1613 1169 1658 sen
1190 1595 1294 1658 inten-

550 1686 642 1750 tionis
663 1697 786 1754 nostrae
803 1691 853 1752 vel
875 1691 935 1754 6116
955 1707 1153 1771 quocumque
1174 1689 1294 1752 delectu

487 1845 489 1850 Α
550 1779 662 1856 661611,
693 1782 884 1861 impugnari,
920 1783 1092 1858 invalidam,
1123 1781 1293 1856 retractari,

334 4128 538 4186 berogatlocon·

325 4183 472 4232 1161161661.

550 1882 603 1936 661
625 1873 657 1935 16
679 1873 727 1936 166
748 1875 798 1937 161
819 1877 1064 1940 controversiam
1096 1876 1215 1953 vocari,
1238 1889 1295 1937 666

549 1968 607 2030 sub
638 1968 799 2046 quibusvis
829 1970 982 2035 similium
1014 1970 1065 2034 vel
1096 1969 1295 2032 dissimilium

551 2061 720 2137 gratiarum
743 2065 1001 2139 revocationibus,
1029 2063 1295 2143 suspensionibus,

551 2153 797 2234 limitationibus,
809 2156 1071 2236 derogationibus,
1084 2165 1137 2220 aut
1147 2157 1295 2219 61116666-

552 2249 653 2310 trariis
683 2248 935 2328 dispositionibus
956 2267 1012 2329 per
1039 2267 1094 2313 nos
1123 2258 1153 2313 et
1183 2247 1295 2312 Sedem

551 2341 754 2419 Apostolicam
770 2343 955 2422 praedictam
976 2344 1034 2407 sub
1049 2345 1297 2424 quibuscumque

551 2435 711 2498 tenoribus
727 2443 757 2498 et
771 2436 890 2514 1616116,
904 2454 937 2499 66
951 2454 1021 2500 oum
1038 2438 1200 2519 quibusvis
1215 2438 1297 2500 clau·

551 2529 627 2592 sulis
641 2537 673 2592 et
687 2530 825 2607 decretis,
845 2533 938 2593 etiam
953 2540 1042 2596 motu
1056 2533 1194 2612 proprio,
1211 2532 1296 2594 lactis

551 2629 583 2684 et
613 2623 759 2687 iaciendis
790 2625 1025 2704 comprehendi,
1053 2627 1104 2688 vel
1134 2624 1294 2699 conlundi,

551 2718 604 2779 sed
624 2733 749 2795 semper
769 2719 807 2782 ab
828 2720 890 2782 illis
912 2721 1023 2800 excipi,
1039 2727 1071 2782 et
1092 2719 1213 2799 quoties
1228 2718 1297 2782 11166

552 2811 755 2887 6616661661,
768 2813 858 2875 toties
876 2815 905 2874 in
922 2815 1091 2893 pristinum
1106 2819 1137 2876 61
1148 2813 1298 2875 161111661-

553 2923 641 2969 mum
651 2915 766 2970 statum
778 2909 946 2983 restitutas,
959 2909 1105 2987 repositas
1117 2914 1147 2970 et
1158 2907 1297 2987 plenarie

553 3001 756 3077 reintegratas
777 3000 843 3062 lore
858 3009 888 3063 et
903 3017 980 3078 6666,
996 3017 1130 3080 suosque
1145 3001 1297 3079 plenarios

553 3090 680 3154 61166166
699 3093 803 3154 6611111
825 3101 855 3155 61
876 3094 1028 3156 61116616.
1048 3092 1159 3172 Sieque
1180 3101 1212 3154 et
1234 3109 1297 3156 nou

553 3185 625 3248 alias
636 3201 692 3264 per
706 3202 918 3265 quoscumque
937 3187 1053 3249 iudices
1066 3187 1237 3249 6111661166
1248 3186 1298 3249 161

553 3281 728 3356 delegatos,
761 3279 868 3360 quavis
898 3282 1080 3344 auctoritate
1111 3281 1297 3359 iungentes,

553 3377 648 3438 etiam
661 3391 823 3439 causarum
838 3375 941 3454 palatii
955 3376 1112 3454 apostolici
1132 3378 1298 3453 auditores,

553 3487 587 3532 ac
600 3467 753 3548 616616166
762 3469 889 3532 Sanctae
900 3469 1053 3532 Romanae
1065 3469 1218 3532 Ecclesiae
1229 3470 1301 3533 Car-

554 3562 671 3626 dinales
692 3563 785 3624 etiam
807 3562 844 3623 de
867 3563 961 3626 161616
982 3564 1107 3642 legatos,
1132 3563 1199 3625 vice
1222 3562 1300 3640 lega-

556 3666 612 3733 tos,
628 3658 787 3737 dictaeque
801 3657 888 3721 Sedis
906 3660 1038 3721 nuncios
1060 3660 1234 3723 1611661161
1250 3662 1301 3724 de-

555 3751 638 3814 liniri
660 3752 782 3826 debere,
805 3757 835 3812 et
857 3750 1007 3829 quidquid
1028 3769 1116 3815 secus
1138 3755 1301 3832 superbis

554 3861 742 3925 aquoquam
766 3844 874 3923 quavis
888 3846 1071 3907 auctoritato
1093 3846 1228 3908 scienter
1250 3847 1301 3909 vel

554 3941 737 4016 ignoranter
758 3939 923 4016 contigerit
944 3939 1101 4016 attentari,
1122 3940 1248 4002 irritum
1270 3949 1301 4002 et

556 4034 648 4096 16666
669 4035 877 4098 deceruimus.
948 4027 953 4036 ’

595 4129 658 4205 58.
679 4127 746 4190 Non
764 4128 953 4191 obstantibus
968 4128 1130 4205 quibusvis
1144 4128 1235 4191 editis
1250 4129 1301 4191 vel

557 4224 681 4286 edendis
708 4223 889 4302 specialibus
911 4231 942 4284 61
963 4222 1160 4299 generalibus
1190 4223 1302 4286 consti-

557 4317 728 4378 tutionibus
749 4323 780 4378 61
801 4315 1045 4378 ordinationibus
1067 4313 1237 4392 apostolicis
1258 4324 1300 4392 et,

557 4426 710 4490 quatenus
741 4425 816 4487 opus
840 4409 891 4484 sit,
923 4408 1135 4484 ecclesiarum,
1166 4424 1302 4486 quarum

557 4504 698 4583 capitulis
723 4504 908 4582 pontificalia
933 4503 1064 4580 insignia
1091 4518 1233 4565 concessa
1256 4519 1301 4564 re-

557 4601 736 4678 periuntur,
753 4599 846 4660 etiam
862 4598 1047 4671 iuramento,
1066 4597 1302 4658 confirmatione

557 4692 729 4772 apostoliea,
742 4692 792 4754 vel
813 4691 920 4770 quavis
942 4691 1089 4756 firmitate
1109 4690 1304 4752 6116161616-

557 4789 607 4861 tis,
628 4786 748 4848 statutis
769 4791 798 4847 et
820 4783 1106 4860 consuetudinibus,
1132 4783 1303 4861 privilegiis

558 4878 1302 4960 quoque,indultisetliterisapostolicisquibus-

598 5133 628 5187 111
643 5135 677 5177 be
692 5131 828 5178 eademre
842 5130 874 5176 ad
890 5129 1048 5175 Lndovicuru
1058 5132 1097 5175 Du
1107 5133 1194 5186 Bourg
1205 5131 1305 5187 1161666

558 5210 621 5256 6661
636 5201 721 5244 Novae
736 5197 857 5243 Aureliae
873 5195 990 5242 Pontifex
1004 5197 1104 5242 scribit.

661 5336 808 5380 Verterabtlt
821 5335 904 5382 fratri
917 5336 1049 5378 Ltrdovtco
1065 5336 1204 5377 (1611161616

744 5404 832 5446 Novae
846 5403 969 5445 Aureliae
982 5404 1117 5454 Episcopo,

817 5511 886 5554 PIUS
901 5511 980 5553 PAPA
995 5511 1046 5553 vtl.

797 5606 957 5648 venerandas
975 5607 1068 5654 116166,

646 5676 798 5717 6616166161
812 5674 985 5724 apostoticam
1004 5669 1217 5716 1611661611666111.

598 5815 611 5856 A
627 5810 646 5851 l.
661 5809 724 5852 Cum
744 5804 876 5862 superiori
891 5813 960 5849 auno
974 5815 1005 5848 ex
1019 5803 1150 5848 relatione
1168 5802 1306 5847 secretarii

560 5873 776 5930 congregationis
787 5884 842 5916 ven.
854 5872 966 5916 fratrum
977 5873 1130 5914 nostrorum
1142 5871 1237 5913 81611.
1249 5873 1307 5914 car-

560 5940 688 5987 dinalium
703 5939 889 5998 Propagandae
904 5937 976 5984 ridet
995 5936 1207 5994 praepositorum
1222 5945 1307 5981 susce·

1069 547 1134 592 lllll·
1158 547 1248 592 bour.
1272 546 1313 591 bc
1334 547 1362 591 P·
1386 546 1416 591 F·
1441 545 1523 592 PARS
1545 547 1567 590 l.

1347 665 1394 726 ris
1415 665 1554 744 personis
1575 665 1607 727 16
1630 681 1758 742 genere,
1781 664 1831 728 vel
1854 665 1885 727 in
1906 663 2019 742 specie,
2042 670 2095 724 aut

1347 757 1472 820 6116616
1498 759 1689 822 6661161166
1712 758 1950 837 praemissorum
1967 771 2096 833 quomo-

1347 850 1463 913 dolibet
1484 851 1587 914 161666
1609 853 1772 926 concessis,
1795 850 1985 914 coutirmatis
2002 855 2032 911 et
2047 848 2094 910 in·

1348 945 1479 1023 novatis;
1495 943 1608 1022 quibus
1623 945 1769 1008 omnibus
1779 951 1809 1007 et
1819 943 1963 1020 siugulis,
1976 941 2095 1004 etiamsi

1348 1037 1385 1099 de
1407 1037 1466 1100 illis
1487 1039 1638 1117 specialis,
1651 1040 1790 1119 66661166
1807 1047 1837 1103 61
1851 1053 1993 1117 expressa
2009 1050 2096 1098 meu·

1349 1130 1391 1191 tio
1415 1131 1563 1207 babenda,
1585 1141 1638 1196 aut
1660 1133 1761 1212 aliqua
1782 1132 1839 1193 alia
1860 1131 2014 1208 exquisita
2035 1129 2096 1191 ior-

1350 1239 1398 1286 ma
1420 1222 1456 1285 ad
1479 1225 1535 1286 boc
1556 1225 1704 1288 servanda
1726 1225 1818 1302 16161,
1838 1241 1949 1288 661616
1972 1231 2095 1286 tenores

1348 1318 1561 1394 praesentibus
1589 1334 1645 1397 pro
1666 1319 1759 1398 plene
1780 1327 1812 1381 et
1832 1319 2024 1382 sufficienter
2043 1333 2097 1378 ex·

1349 1413 1460 1488 pressis
1482 1420 1512 1474 61
1533 1413 1658 1477 16661116
1686 1415 1852 1488 habentes,
1883 1413 1944 1476 illis
1969 1412 2096 1476 6116616

1349 1521 1405 1566 666
1430 1505 1541 1568 161616
1565 1507 1788 1586 permansuris,
1812 1507 1959 1569 latissime
1979 1513 2012 1568 et
2033 1506 2096 1584 ple-

1351 1598 1489 1673 nissime,
1506 1617 1539 1662 ac
1553 1601 1731 1679 'specialiter
1742 1611 1773 1664 et
1788 1617 1943 1680 expresse,
1960 1618 2017 1664 nec
2032 1616 2096 1663 666

1350 1700 1525 1769 opportune
1546 1701 1576 1754 et
1599 1693 1699 1756 valide
1720 1695 1755 1756 ad
1781 1696 2024 1774 praemissorum
2045 1711 2096 1754 va-

1350 1787 1536 1850 lidissimum
1559 1786 1716 1864 ellectum,
1747 1789 1802 1852 bac
1830 1788 1898 1851 vice
1924 1789 2095 1864 dumtaxat,

1350 1879 1463 1942 harum
1484 1897 1609 1960 qnoque
1628 1881 1709 1942 66116
1737 1880 1934 1958 derogamus,
1956 1881 2099 1943 66616116-

1350 1988 1411 2050 que
1432 1973 1593 2035 contrariis
1615 1973 1875 2052 quibuscumque.

1390 2065 1408 2139 5
1429 2064 1459 2128 9.
1482 2064 1635 2129 Volumus
1656 2071 1771 2141 autem,
1787 2076 1822 2130 nt
1839 2069 2047 2146 praesentium
2063 2069 2098 2130 li·
2116 2077 2331 2189 {affamina

1350 2166 1488 2221 terarum
1517 2161 1718 2237 transumptis
1748 2177 1801 2224 seu
1832 2160 1983 2238 exemplis
2005 2161 2098 2223 611661

1350 2251 1523 2331 1616166616,
1557 2268 1652 2314 61666
1682 2252 1811 2316 alicuius
1842 2254 1955 2316 notarii
1985 2254 2099 2332 publici

1349 2347 1540 2424 subscriptis,
1563 2361 1596 2410 ac
1611 2345 1714 2423 sigillo
1735 2361 1883 2424 personae
1903 2347 1937 2408 16
1958 2347 2099 2410 ecclesia-

1349 2439 1422 2500 stica
1443 2440 1596 2516 dignitate
1615 2441 1802 2502 constitutae
1827 2441 1969 2517 munitis,
1993 2444 2099 2504 eadem

1351 2546 1475 2610 prorsus
1497 2532 1572 2594 tides
1600 2533 1791 2609 adhibeatur,
1817 2550 1896 2612 quae
1922 2536 1993 2614 ipsis
2014 2552 2100 2615 prae·

1350 2625 1489 2686 sentibus
1503 2625 1712 2702 adhiberetur,
1723 2627 1749 2688 61
1764 2627 1867 2690 161661
1875 2629 2035 2718 exhibitae
2048 2629 2100 2692 vel

1351 2724 1502 2780 ostensae.

1392 2813 1410 2887 5
1433 2811 1480 2874 lb.
1498 2809 1583 2873 Nulli
1597 2827 1671 2889 ergo
1686 2814 1816 2876 omnino
1831 2815 1995 2877 bominum
2010 2815 2100 2880 116661
2152 2820 2261 2920 sanent
2279 2831 2329 2877 poe

1352 2906 1430 2967 banc
1452 2905 1593 2983 paginam
1615 2914 1738 2967 nostrae
1765 2907 2005 2984 adprobatiouis,
2027 2924 2101 2970 con·
2118 2885 2200 2922 Μ’

1354 2997 1800 3076 116611661666616116616616,
1813 2999 2098 3078 1661611,16661611,

1354 3092 1562 3170 derogationis
1584 3100 1615 3154 et
1640 3091 1809 3156 voluntatis
1836 3092 2025 3171 intringere,
2049 3095 2099 3158 rel

1354 3183 1382 3246 61
1403 3201 1479 3247 6666
1501 3184 1665 3247 1616616116
1681 3185 1844 3248 contraire.
1864 3186 1896 3250 Si
1913 3187 1982 3264 quis
1996 3197 2101 3250 autem

1355 3280 1412 3340 troc
1441 3285 1594 3340 attentare
1625 3281 1882 3358 praesumpserit,
1915 3280 2100 3358 indignatio·

1355 3387 1430 3434 nem
1451 3371 1676 3450 omnipotentis
1698 3372 1763 3448 llei,
1786 3389 1818 3436 66
1840 3373 2001 3437 beatorum
2017 3375 2101 3437 Petri

1356 3475 1387 3528 61
1408 3464 1492 3528 Pauli
1515 3465 1734 3545 Apostolorum
1752 3466 1830 3542 eius,
1854 3482 1888 3529 66
1910 3469 2103 3530 661611116-

1355 3575 1533 3621 cursurum.

1396 3653 1507 3715 llatum
1528 3653 1643 3714 Romae
1665 3653 1744 3729 apud
1766 3649 1796 3714 S.
1814 3653 1940 3716 11611661
1955 3656 2102 3718 1161616111

1356 3745 1674 3810 66661666166116616
1690 3746 1868 3809 Dominicae
1884 3764 2101 3826 1166661161,

1355 3848 1466 3918 666116
1488 3856 1584 3902 66666
1605 3839 1917 3918 161166,666111166166
1937 3843 2036 3904 nostri
2050 3859 2104 3904 an-

1356 3948 1397 3995 no
1418 3945 1505 3996 11111.

1666 4217 1800 4282 cxvttt.

1357 4408 1493 4471 11666661
1515 4408 1630 4471 literne
1651 4405 1844 4485 apostolicos
1861 4405 2104 4488 6616161661

1397 4502 1592 4564 institutam
1602 4501 1801 4564 vicariatum
1814 4499 2025 4578 apostolicam
2041 4508 2103 4562 ter-

1357 4615 1360 4623 *
1398 4594 1511 4657 ritorii
1530 4593 1703 4671 Mississtpt'
1715 4600 1748 4655 rt
1764 4590 1936 4657 Alobomoe
1952 4595 1988 4654 16
2003 4593 2104 4674 [6616-

1401 4687 1485 4750 116116
1517 4686 1681 4750 1111611666
1710 4685 1898 4764 prouinciis,
1929 4692 1959 4746 et
1991 4701 2104 4748 novom

1399 4779 1589 4842 dioecesium
1611 4779 1799 4840 divisionem
1822 4777 1958 4854 1616116
1979 4779 2106 4861 616616-

1399 4875 1459 4936 6116
1480 4874 1602 4936 6161611
1623 4873 1679 4954 (l).

1359 5127 1485 5186 66111666,
1500 5127 1552 5172 duo
1568 5123 1706 5170 territoria
1716 5121 1866 5179 Mississipii
1875 5123 1902 5166 et
1912 5121 2055 5168 Alabamae
2064 5135 2107 5180 66-

1359 5197 1469 5254 pellata,
1484 5193 1510 5238 in
1525 5191 1666 5238 foederatis
1681 5191 1817 5236 Ameriuae
1837 5189 1981 5246 provinciis
1994 5191 2106 5236 existen·

1360 5262 1405 5318 tia,
1420 5271 1533 5318 quorum
1548 5258 1688 5316 spirituale
1707 5257 1825 5314 regimen
1840 5255 1991 5313 pertinebat
2004 5257 2037 5302 ad
2051 5257 2107 5303 Bal·

1359 5329 1531 5374 timorensem
1546 5323 1785 5380 arehiepiscopum,
1800 5335 1816 5369 a
1831 5323 2033 5380 metropolitana
2047 5324 2106 5370 sede

1359 5399 1414 5440 1661
1429 5395 1524 5440 dissita
1544 5405 1610 5446 esse,
1626 5397 1656 5437 nt
1670 5402 1754 5447 neque
1770 5390 1987 5446 Arolriepisoopus
2006 5389 2107 5446 praedi·

1359 5467 1417 5508 ctus
1432 5472 1479 5518 per
1493 5471 1521 5505 se
1535 5459 1632 5516 ipsum,
1644 5469 1729 5515 neque
1739 5468 1785 5514 per
1795 5461 1821 5502 te
1832 5459 1968 5512 tamquam
1979 5467 2057 5502 suum
2068 5458 2108 5500 Vi-

1359 5531 1461 5577 carium
1476 5527 1636 5584 generalem,
1651 5529 1756 5572 attenta
1776 5526 1952 5572 translatione
1967 5529 2029 5572 tuae
2045 5526 2108 5572 resi·

1360 5599 1465 5644 dentiae
1479 5598 1507 5642 iu
1521 5595 1627 5641 civitate
1649 5598 1672 5638 S.
1689 5593 1811 5639 Lndorici
1833 5593 1860 5638 iu
1883 5593 2008 5638 1611616116
2030 5597 2109 5650 Supe-

1360 5667 1434 5721 riori,
1455 5675 1522 5722 quae
1543 5665 1632 5708 leucas
1652 5661 1759 5707 circiter
1779 5661 1938 5717 quingentas
1960 5660 1993 5706 ab
2014 5659 2107 5705 iisdem

1360 5733 1505 5779 territoriis
1525 5731 1616 5784 distat,
1631 5739 1723 5774 eorum
1744 5737 1836 5773 euram
1857 5737 1951 5783 gerere
1967 5734 2063 5784 posset,
2078 5739 2109 5774 ac

1360 5801 1468 5858 proinde
1489 5795 1689 5844 Baltimorensis
1711 5794 1928 5850 archiepiscopus
1941 5805 1957 5840 6
1972 5795 2108 5850 6611116611

1360 5867 1513 5912 eorumdem
1528 5862 1729 5910 territoriorum
1744 5860 1874 5916 regimine
1889 5873 1915 5905 se
1931 5864 2023 5917 sponte
2033 5861 2110 5905 dimi-

1360 5933 1439 5980 serit:
1455 5943 1501 5979 666
1515 5930 1658 5988 6661616116
1673 5929 1751 5976 offleii
1765 5927 1851 5974 nostri
1865 5939 1922 5975 esse
1936 5928 2069 5985 duximus,
2078 5928 2108 5974 il·
