<?xml version="1.0" encoding="UTF-8"?>
<!DOCTYPE html PUBLIC "-//W3C//DTD XHTML 1.0 Transitional//EN"
    "http://www.w3.org/TR/xhtml1/DTD/xhtml1-transitional.dtd">
<html xmlns="http://www.w3.org/1999/xhtml" xml:lang="en" lang="en">
 <head>
  <title>
</title>
<meta http-equiv="Content-Type" content="text/html;charset=utf-8" />
  <meta name='ocr-system' content='tesseract 3.04.00' />
  <meta name='ocr-capabilities' content='ocr_page ocr_carea ocr_par ocr_line ocrx_word'/>
</head>
<body>
  <div class='ocr_page' id='page_1' title='image "./iurispontificii00martgoog_0026.png"; bbox 0 0 4734 7004; ppageno 0'>
   <div class='ocr_carea' id='block_1_1' title="bbox 69 595 254 660">
    <p class='ocr_par' dir='ltr' id='par_1_1' title="bbox 69 595 254 660">
     <span class='ocr_line' id='line_1_1' title="bbox 69 595 254 660; baseline -0.032 0"><span class='ocrx_word' id='word_1_1' title='bbox 69 606 117 660; x_wconf 72' lang='lat' dir='ltr'><strong>tra.</strong></span> <span class='ocrx_word' id='word_1_2' title='bbox 130 604 160 656; x_wconf 92' lang='lat' dir='ltr'><strong>C.</strong></span> <span class='ocrx_word' id='word_1_3' title='bbox 182 595 254 654; x_wconf 78' lang='lat' dir='ltr'><strong>mse</strong></span> 
     </span>
    </p>
   </div>
   <div class='ocr_carea' id='block_1_2' title="bbox 56 729 1042 3350">
    <p class='ocr_par' dir='ltr' id='par_1_2' title="bbox 56 729 1042 3350">
     <span class='ocr_line' id='line_1_2' title="bbox 56 729 1033 818; baseline -0.012 -18"><span class='ocrx_word' id='word_1_4' title='bbox 56 753 210 818; x_wconf 59' lang='lat' dir='ltr'><strong>merneram</strong></span> <span class='ocrx_word' id='word_1_5' title='bbox 229 761 267 796; x_wconf 66' lang='lat' dir='ltr'><strong>re</strong></span> <span class='ocrx_word' id='word_1_6' title='bbox 285 753 450 817; x_wconf 81' lang='lat' dir='ltr'><strong>possumm</strong></span> <span class='ocrx_word' id='word_1_7' title='bbox 479 751 619 800; x_wconf 79' lang='lat' dir='ltr'>annuere</span> <span class='ocrx_word' id='word_1_8' title='bbox 646 733 803 809; x_wconf 89' lang='lat' dir='ltr'><strong>volentes,</strong></span> <span class='ocrx_word' id='word_1_9' title='bbox 833 729 1033 810; x_wconf 82' lang='lat' dir='ltr'><strong>respicientes</strong></span> 
     </span>
     <span class='ocr_line' id='line_1_3' title="bbox 56 813 1032 910; baseline -0.027 0"><span class='ocrx_word' id='word_1_10' title='bbox 56 813 172 910; x_wconf 55' lang='grc' dir='ltr'><strong>ἶὲιιιῗῗῖιῗιὲ</strong></span> <span class='ocrx_word' id='word_1_11' title='bbox 193 815 268 904; x_wconf 62' lang='lat' dir='ltr'><strong>a⁰rr¹¹cl¹3</strong></span> <span class='ocrx_word' id='word_1_12' title='bbox 286 831 430 894; x_wconf 88' lang='lat' dir='ltr'><strong>etiamad</strong></span> <span class='ocrx_word' id='word_1_13' title='bbox 446 830 591 892; x_wconf 90' lang='lat' dir='ltr'><strong>solatium</strong></span> <span class='ocrx_word' id='word_1_14' title='bbox 604 827 869 891; x_wconf 89' lang='lat' dir='ltr'><strong>missionariorum</strong></span> <span class='ocrx_word' id='word_1_15' title='bbox 886 825 1032 887; x_wconf 91' lang='lat' dir='ltr'><strong>aliorum-</strong></span> 
     </span>
     <span class='ocr_line' id='line_1_4' title="bbox 63 911 1032 1008; baseline -0.018 -14"><span class='ocrx_word' id='word_1_16' title='bbox 63 911 265 976; x_wconf 69' lang='lat' dir='ltr'><strong>i⁰¹⁵⁹‘¹&#39;¹¹⁰⁸¹¹⁵·</strong></span> <span class='ocrx_word' id='word_1_17' title='bbox 286 942 349 1008; x_wconf 92' lang='lat' dir='ltr'><strong>que</strong></span> <span class='ocrx_word' id='word_1_18' title='bbox 370 925 499 987; x_wconf 90' lang='lat' dir='ltr'><strong>lratrum</strong></span> <span class='ocrx_word' id='word_1_19' title='bbox 516 925 732 996; x_wconf 89' lang='lat' dir='ltr'><strong>Bosneusiorn,</strong></span> <span class='ocrx_word' id='word_1_20' title='bbox 749 921 806 982; x_wconf 92' lang='lat' dir='ltr'><strong>sub</strong></span> <span class='ocrx_word' id='word_1_21' title='bbox 820 919 907 998; x_wconf 88' lang='lat' dir='ltr'><strong>gravi</strong></span> <span class='ocrx_word' id='word_1_22' title='bbox 931 925 1032 994; x_wconf 82' lang='lat' dir='ltr'><strong>tyran-</strong></span> 
     </span>
     <span class='ocr_line' id='line_1_5' title="bbox 287 1012 1031 1097; baseline -0.022 -11"><span class='ocrx_word' id='word_1_23' title='bbox 287 1025 373 1086; x_wconf 89' lang='lat' dir='ltr'><strong>nicae</strong></span> <span class='ocrx_word' id='word_1_24' title='bbox 395 1021 555 1083; x_wconf 83' lang='lat' dir='ltr'><strong>servitutis</strong></span> <span class='ocrx_word' id='word_1_25' title='bbox 578 1020 662 1097; x_wconf 85' lang='lat' dir='ltr'><strong>iugo,</strong></span> <span class='ocrx_word' id='word_1_26' title='bbox 686 1015 858 1080; x_wconf 74' lang='lat' dir='ltr'><strong>Catholicae</strong></span> <span class='ocrx_word' id='word_1_27' title='bbox 879 1012 1031 1075; x_wconf 79' lang='lat' dir='ltr'><strong>Ecclesiae</strong></span> 
     </span>
     <span class='ocr_line' id='line_1_6' title="bbox 287 1105 1032 1194; baseline -0.021 -15"><span class='ocrx_word' id='word_1_28' title='bbox 287 1117 405 1194; x_wconf 86' lang='lat' dir='ltr'><strong>iugiter</strong></span> <span class='ocrx_word' id='word_1_29' title='bbox 427 1114 678 1187; x_wconf 75' lang='lat' dir='ltr'><strong>inservientium,</strong></span> <span class='ocrx_word' id='word_1_30' title='bbox 692 1118 789 1188; x_wconf 84' lang='lat' dir='ltr'><strong>utque</strong></span> <span class='ocrx_word' id='word_1_31' title='bbox 809 1105 965 1168; x_wconf 76' lang='lat' dir='ltr'><strong>favoribus</strong></span> <span class='ocrx_word' id='word_1_32' title='bbox 979 1119 1032 1166; x_wconf 92' lang='lat' dir='ltr'><strong>no-</strong></span> 
     </span>
     <span class='ocr_line' id='line_1_7' title="bbox 287 1197 1032 1278; baseline -0.027 -2"><span class='ocrx_word' id='word_1_33' title='bbox 287 1216 359 1278; x_wconf 89' lang='lat' dir='ltr'><strong>stris</strong></span> <span class='ocrx_word' id='word_1_34' title='bbox 380 1212 503 1275; x_wconf 79' lang='lat' dir='ltr'><strong>enctntt</strong></span> <span class='ocrx_word' id='word_1_35' title='bbox 526 1207 786 1270; x_wconf 89' lang='lat' dir='ltr'><strong>adlaborandum</strong></span> <span class='ocrx_word' id='word_1_36' title='bbox 809 1202 840 1264; x_wconf 93' lang='lat' dir='ltr'><strong>in</strong></span> <span class='ocrx_word' id='word_1_37' title='bbox 863 1199 960 1262; x_wconf 88' lang='lat' dir='ltr'><strong>llinea</strong></span> <span class='ocrx_word' id='word_1_38' title='bbox 976 1197 1032 1258; x_wconf 89' lang='lat' dir='ltr'><strong>Do·</strong></span> 
     </span>
     <span class='ocr_line' id='line_1_8' title="bbox 288 1292 1034 1378; baseline -0.028 -6"><span class='ocrx_word' id='word_1_39' title='bbox 288 1309 367 1372; x_wconf 92' lang='lat' dir='ltr'><strong>mini</strong></span> <span class='ocrx_word' id='word_1_40' title='bbox 389 1305 521 1370; x_wconf 88' lang='lat' dir='ltr'><strong>Sabaoth</strong></span> <span class='ocrx_word' id='word_1_41' title='bbox 552 1303 648 1378; x_wconf 86' lang='lat' dir='ltr'><strong>magis</strong></span> <span class='ocrx_word' id='word_1_42' title='bbox 680 1297 840 1374; x_wconf 79' lang='lat' dir='ltr'><strong>magisque</strong></span> <span class='ocrx_word' id='word_1_43' title='bbox 867 1292 1034 1354; x_wconf 84' lang='lat' dir='ltr'><strong>accendan-</strong></span> 
     </span>
     <span class='ocr_line' id='line_1_9' title="bbox 290 1386 1032 1478; baseline -0.031 -12"><span class='ocrx_word' id='word_1_44' title='bbox 290 1411 356 1478; x_wconf 86' lang='lat' dir='ltr'><strong>tur;</strong></span> <span class='ocrx_word' id='word_1_45' title='bbox 380 1419 436 1464; x_wconf 91' lang='lat' dir='ltr'><strong>uos</strong></span> <span class='ocrx_word' id='word_1_46' title='bbox 467 1397 648 1478; x_wconf 89' lang='lat' dir='ltr'><strong>apostolica,</strong></span> <span class='ocrx_word' id='word_1_47' title='bbox 680 1407 772 1472; x_wconf 91' lang='lat' dir='ltr'><strong>quam</strong></span> <span class='ocrx_word' id='word_1_48' title='bbox 800 1386 1032 1469; x_wconf 87' lang='lat' dir='ltr'><strong>praemisimus,</strong></span> 
     </span>
     <span class='ocr_line' id='line_1_10' title="bbox 288 1479 1034 1566; baseline -0.032 -5"><span class='ocrx_word' id='word_1_49' title='bbox 288 1497 471 1561; x_wconf 86' lang='lat' dir='ltr'><strong>auctoritate</strong></span> <span class='ocrx_word' id='word_1_50' title='bbox 492 1489 763 1566; x_wconf 87' lang='lat' dir='ltr'><strong>lulti,institutam</strong></span> <span class='ocrx_word' id='word_1_51' title='bbox 786 1497 886 1560; x_wconf 86' lang='lat' dir='ltr'><strong>nuper</strong></span> <span class='ocrx_word' id='word_1_52' title='bbox 907 1495 962 1558; x_wconf 89' lang='lat' dir='ltr'><strong>per</strong></span> <span class='ocrx_word' id='word_1_53' title='bbox 983 1479 1034 1542; x_wconf 93' lang='lat' dir='ltr'><strong>de·</strong></span> 
     </span>
     <span class='ocr_line' id='line_1_11' title="bbox 288 1579 1032 1662; baseline -0.034 -7"><span class='ocrx_word' id='word_1_54' title='bbox 288 1605 411 1656; x_wconf 90' lang='lat' dir='ltr'><strong>cretum</strong></span> <span class='ocrx_word' id='word_1_55' title='bbox 432 1580 576 1651; x_wconf 88' lang='lat' dir='ltr'><strong>nostrum</strong></span> <span class='ocrx_word' id='word_1_56' title='bbox 598 1584 670 1647; x_wconf 92' lang='lat' dir='ltr'><strong>anni</strong></span> <span class='ocrx_word' id='word_1_57' title='bbox 694 1579 851 1662; x_wconf 91' lang='lat' dir='ltr'><strong>praeteriti</strong></span> <span class='ocrx_word' id='word_1_58' title='bbox 870 1587 1032 1638; x_wconf 83' lang='lat' dir='ltr'><strong>uoccuun.</strong></span> 
     </span>
     <span class='ocr_line' id='line_1_12' title="bbox 288 1670 1033 1753; baseline -0.031 -3"><span class='ocrx_word' id='word_1_59' title='bbox 288 1687 418 1750; x_wconf 88' lang='lat' dir='ltr'><strong>Sanctae</strong></span> <span class='ocrx_word' id='word_1_60' title='bbox 440 1683 547 1748; x_wconf 84' lang='lat' dir='ltr'><strong>Crucis</strong></span> <span class='ocrx_word' id='word_1_61' title='bbox 569 1682 685 1743; x_wconf 87' lang='lat' dir='ltr'><strong>Bosnae</strong></span> <span class='ocrx_word' id='word_1_62' title='bbox 703 1675 902 1753; x_wconf 57' lang='lat' dir='ltr'><strong>,argentinae</strong></span> <span class='ocrx_word' id='word_1_63' title='bbox 931 1670 1033 1731; x_wconf 90' lang='lat' dir='ltr'><strong>obser·</strong></span> 
     </span>
     <span class='ocr_line' id='line_1_13' title="bbox 290 1761 1035 1849; baseline -0.032 -6"><span class='ocrx_word' id='word_1_64' title='bbox 290 1781 432 1842; x_wconf 89' lang='lat' dir='ltr'><strong>vantium</strong></span> <span class='ocrx_word' id='word_1_65' title='bbox 444 1776 613 1839; x_wconf 90' lang='lat' dir='ltr'><strong>custodiam</strong></span> <span class='ocrx_word' id='word_1_66' title='bbox 634 1773 667 1834; x_wconf 93' lang='lat' dir='ltr'><strong>in</strong></span> <span class='ocrx_word' id='word_1_67' title='bbox 684 1768 875 1849; x_wconf 87' lang='lat' dir='ltr'><strong>provinciam</strong></span> <span class='ocrx_word' id='word_1_68' title='bbox 897 1761 1035 1826; x_wconf 88' lang='lat' dir='ltr'><strong>restitui-</strong></span> 
     </span>
     <span class='ocr_line' id='line_1_14' title="bbox 289 1859 1035 1949; baseline -0.029 -12"><span class='ocrx_word' id='word_1_69' title='bbox 289 1891 371 1949; x_wconf 86' lang='lat' dir='ltr'><strong>mus,</strong></span> <span class='ocrx_word' id='word_1_70' title='bbox 401 1872 552 1948; x_wconf 77' lang='lat' dir='ltr'><strong>erigimus</strong></span> <span class='ocrx_word' id='word_1_71' title='bbox 573 1874 605 1930; x_wconf 85' lang='lat' dir='ltr'><strong>et</strong></span> <span class='ocrx_word' id='word_1_72' title='bbox 625 1867 826 1944; x_wconf 89' lang='lat' dir='ltr'><strong>deputamus,</strong></span> <span class='ocrx_word' id='word_1_73' title='bbox 849 1859 937 1922; x_wconf 92' lang='lat' dir='ltr'><strong>acin</strong></span> <span class='ocrx_word' id='word_1_74' title='bbox 966 1872 1035 1934; x_wconf 93' lang='lat' dir='ltr'><strong>pro-</strong></span> 
     </span>
     <span class='ocr_line' id='line_1_15' title="bbox 289 1952 1035 2048; baseline -0.028 -16"><span class='ocrx_word' id='word_1_75' title='bbox 289 1969 428 2031; x_wconf 85' lang='lat' dir='ltr'><strong>vinciam</strong></span> <span class='ocrx_word' id='word_1_76' title='bbox 448 1965 637 2035; x_wconf 87' lang='lat' dir='ltr'><strong>restitutam,</strong></span> <span class='ocrx_word' id='word_1_77' title='bbox 653 1967 786 2048; x_wconf 81' lang='lat' dir='ltr'><strong>erectam</strong></span> <span class='ocrx_word' id='word_1_78' title='bbox 808 1963 839 2016; x_wconf 91' lang='lat' dir='ltr'><strong>et</strong></span> <span class='ocrx_word' id='word_1_79' title='bbox 857 1952 1035 2031; x_wconf 84' lang='lat' dir='ltr'><strong>deputatam</strong></span> 
     </span>
     <span class='ocr_line' id='line_1_16' title="bbox 290 2045 1036 2140; baseline -0.029 -16"><span class='ocrx_word' id='word_1_80' title='bbox 290 2059 502 2140; x_wconf 88' lang='lat' dir='ltr'><strong>praesentium</strong></span> <span class='ocrx_word' id='word_1_81' title='bbox 518 2063 695 2118; x_wconf 86' lang='lat' dir='ltr'><strong>nostrarum</strong></span> <span class='ocrx_word' id='word_1_82' title='bbox 708 2052 825 2112; x_wconf 90' lang='lat' dir='ltr'><strong>virtute</strong></span> <span class='ocrx_word' id='word_1_83' title='bbox 840 2045 1036 2109; x_wconf 87' lang='lat' dir='ltr'><strong>decernimus</strong></span> 
     </span>
     <span class='ocr_line' id='line_1_17' title="bbox 291 2137 1035 2226; baseline -0.034 -7"><span class='ocrx_word' id='word_1_84' title='bbox 291 2165 322 2219; x_wconf 91' lang='lat' dir='ltr'><strong>et</strong></span> <span class='ocrx_word' id='word_1_85' title='bbox 343 2154 552 2226; x_wconf 90' lang='lat' dir='ltr'><strong>declaramus,</strong></span> <span class='ocrx_word' id='word_1_86' title='bbox 575 2163 646 2212; x_wconf 88' lang='lat' dir='ltr'><strong>eum</strong></span> <span class='ocrx_word' id='word_1_87' title='bbox 675 2144 819 2207; x_wconf 89' lang='lat' dir='ltr'><strong>omuibus</strong></span> <span class='ocrx_word' id='word_1_88' title='bbox 850 2137 1035 2218; x_wconf 87' lang='lat' dir='ltr'><strong>privilegiis,</strong></span> 
     </span>
     <span class='ocr_line' id='line_1_18' title="bbox 292 2233 1037 2321; baseline -0.03 -9"><span class='ocrx_word' id='word_1_89' title='bbox 292 2248 462 2312; x_wconf 91' lang='lat' dir='ltr'><strong>honoribus</strong></span> <span class='ocrx_word' id='word_1_90' title='bbox 483 2252 515 2307; x_wconf 93' lang='lat' dir='ltr'><strong>et</strong></span> <span class='ocrx_word' id='word_1_91' title='bbox 536 2237 808 2321; x_wconf 89' lang='lat' dir='ltr'><strong>praeenrinentiis,</strong></span> <span class='ocrx_word' id='word_1_92' title='bbox 831 2233 943 2312; x_wconf 94' lang='lat' dir='ltr'><strong>quibus</strong></span> <span class='ocrx_word' id='word_1_93' title='bbox 965 2236 1037 2292; x_wconf 91' lang='lat' dir='ltr'><strong>ante</strong></span> 
     </span>
     <span class='ocr_line' id='line_1_19' title="bbox 291 2326 1037 2406; baseline -0.031 0"><span class='ocrx_word' id='word_1_94' title='bbox 291 2343 478 2406; x_wconf 90' lang='lat' dir='ltr'><strong>divisionem</strong></span> <span class='ocrx_word' id='word_1_95' title='bbox 507 2347 538 2399; x_wconf 90' lang='lat' dir='ltr'><strong>et</strong></span> <span class='ocrx_word' id='word_1_96' title='bbox 559 2337 591 2397; x_wconf 89' lang='lat' dir='ltr'><strong>io</strong></span> <span class='ocrx_word' id='word_1_97' title='bbox 620 2333 775 2396; x_wconf 83' lang='lat' dir='ltr'><strong>custodiae</strong></span> <span class='ocrx_word' id='word_1_98' title='bbox 807 2326 1037 2391; x_wconf 85' lang='lat' dir='ltr'><strong>restrictionem</strong></span> 
     </span>
     <span class='ocr_line' id='line_1_20' title="bbox 293 2418 1036 2499; baseline -0.028 0"><span class='ocrx_word' id='word_1_99' title='bbox 293 2439 330 2499; x_wconf 93' lang='lat' dir='ltr'><strong>de</strong></span> <span class='ocrx_word' id='word_1_100' title='bbox 353 2437 422 2498; x_wconf 85' lang='lat' dir='ltr'><strong>iure</strong></span> <span class='ocrx_word' id='word_1_101' title='bbox 449 2442 502 2494; x_wconf 89' lang='lat' dir='ltr'><strong>aut</strong></span> <span class='ocrx_word' id='word_1_102' title='bbox 530 2425 772 2498; x_wconf 90' lang='lat' dir='ltr'><strong>consuetudine,</strong></span> <span class='ocrx_word' id='word_1_103' title='bbox 795 2430 848 2484; x_wconf 85' lang='lat' dir='ltr'><strong>aut</strong></span> <span class='ocrx_word' id='word_1_104' title='bbox 869 2418 1036 2499; x_wconf 92' lang='lat' dir='ltr'><strong>quomodo-</strong></span> 
     </span>
     <span class='ocr_line' id='line_1_21' title="bbox 293 2514 1036 2608; baseline -0.028 -15"><span class='ocrx_word' id='word_1_105' title='bbox 293 2545 427 2608; x_wconf 88' lang='lat' dir='ltr'><strong>cumque</strong></span> <span class='ocrx_word' id='word_1_106' title='bbox 449 2527 522 2588; x_wconf 92' lang='lat' dir='ltr'><strong>alias</strong></span> <span class='ocrx_word' id='word_1_107' title='bbox 542 2524 601 2598; x_wconf 89' lang='lat' dir='ltr'><strong>uti,</strong></span> <span class='ocrx_word' id='word_1_108' title='bbox 625 2521 687 2583; x_wconf 90' lang='lat' dir='ltr'><strong>lrui</strong></span> <span class='ocrx_word' id='word_1_109' title='bbox 703 2528 733 2582; x_wconf 91' lang='lat' dir='ltr'><strong>et</strong></span> <span class='ocrx_word' id='word_1_110' title='bbox 756 2519 890 2596; x_wconf 87' lang='lat' dir='ltr'><strong>gaudere</strong></span> <span class='ocrx_word' id='word_1_111' title='bbox 910 2514 1036 2586; x_wconf 82' lang='lat' dir='ltr'><strong>solebat,</strong></span> 
     </span>
     <span class='ocr_line' id='line_1_22' title="bbox 294 2607 1038 2698; baseline -0.027 -12"><span class='ocrx_word' id='word_1_112' title='bbox 294 2623 365 2686; x_wconf 87' lang='lat' dir='ltr'><strong>acsi</strong></span> <span class='ocrx_word' id='word_1_113' title='bbox 382 2621 483 2684; x_wconf 90' lang='lat' dir='ltr'><strong>inhac</strong></span> <span class='ocrx_word' id='word_1_114' title='bbox 499 2611 585 2698; x_wconf 86' lang='lat' dir='ltr'><strong>part&#39;e</strong></span> <span class='ocrx_word' id='word_1_115' title='bbox 606 2614 682 2677; x_wconf 90' lang='lat' dir='ltr'><strong>illud</strong></span> <span class='ocrx_word' id='word_1_116' title='bbox 705 2613 778 2675; x_wconf 90' lang='lat' dir='ltr'><strong>anni</strong></span> <span class='ocrx_word' id='word_1_117' title='bbox 800 2625 964 2673; x_wconf 83' lang='lat' dir='ltr'><strong>noccuvu.</strong></span> <span class='ocrx_word' id='word_1_118' title='bbox 988 2607 1038 2669; x_wconf 85' lang='lat' dir='ltr'><strong>da-</strong></span> 
     </span>
     <span class='ocr_line' id='line_1_23' title="bbox 294 2705 1038 2787; baseline -0.027 -6"><span class='ocrx_word' id='word_1_119' title='bbox 294 2724 414 2781; x_wconf 90' lang='lat' dir='ltr'><strong>crelum</strong></span> <span class='ocrx_word' id='word_1_120' title='bbox 437 2721 581 2776; x_wconf 89' lang='lat' dir='ltr'><strong>nostrum</strong></span> <span class='ocrx_word' id='word_1_121' title='bbox 611 2721 774 2787; x_wconf 88' lang='lat' dir='ltr'><strong>nunquam</strong></span> <span class='ocrx_word' id='word_1_122' title='bbox 796 2705 933 2777; x_wconf 90' lang='lat' dir='ltr'><strong>editum,</strong></span> <span class='ocrx_word' id='word_1_123' title='bbox 957 2717 1038 2764; x_wconf 92' lang='lat' dir='ltr'><strong>ema·</strong></span> 
     </span>
     <span class='ocr_line' id='line_1_24' title="bbox 294 2795 1041 2885; baseline -0.028 -11"><span class='ocrx_word' id='word_1_124' title='bbox 294 2822 415 2884; x_wconf 91' lang='lat' dir='ltr'><strong>natum,</strong></span> <span class='ocrx_word' id='word_1_125' title='bbox 438 2825 471 2869; x_wconf 86' lang='lat' dir='ltr'><strong>ac</strong></span> <span class='ocrx_word' id='word_1_126' title='bbox 492 2803 727 2885; x_wconf 89' lang='lat' dir='ltr'><strong>promulgatum</strong></span> <span class='ocrx_word' id='word_1_127' title='bbox 748 2797 867 2871; x_wconf 85' lang='lat' dir='ltr'><strong>luisset,</strong></span> <span class='ocrx_word' id='word_1_128' title='bbox 884 2795 981 2858; x_wconf 78' lang='lat' dir='ltr'><strong>firmis</strong></span> <span class='ocrx_word' id='word_1_129' title='bbox 998 2803 1041 2856; x_wconf 89' lang='lat' dir='ltr'><strong>ta-</strong></span> 
     </span>
     <span class='ocr_line' id='line_1_25' title="bbox 294 2887 1040 2972; baseline -0.024 -6"><span class='ocrx_word' id='word_1_130' title='bbox 294 2919 366 2966; x_wconf 90' lang='lat' dir='ltr'><strong>men</strong></span> <span class='ocrx_word' id='word_1_131' title='bbox 388 2909 419 2962; x_wconf 88' lang='lat' dir='ltr'><strong>et</strong></span> <span class='ocrx_word' id='word_1_132' title='bbox 440 2901 474 2962; x_wconf 91' lang='lat' dir='ltr'><strong>in</strong></span> <span class='ocrx_word' id='word_1_133' title='bbox 495 2914 551 2961; x_wconf 93' lang='lat' dir='ltr'><strong>suo</strong></span> <span class='ocrx_word' id='word_1_134' title='bbox 574 2896 684 2958; x_wconf 87' lang='lat' dir='ltr'><strong>robore</strong></span> <span class='ocrx_word' id='word_1_135' title='bbox 706 2891 960 2972; x_wconf 80' lang='lat' dir='ltr'><strong>permanentibus</strong></span> <span class='ocrx_word' id='word_1_136' title='bbox 974 2887 1040 2950; x_wconf 93' lang='lat' dir='ltr'><strong>aliis</strong></span> 
     </span>
     <span class='ocr_line' id='line_1_26' title="bbox 294 2979 1039 3072; baseline -0.026 -13"><span class='ocrx_word' id='word_1_137' title='bbox 294 2997 454 3070; x_wconf 89' lang='lat' dir='ltr'><strong>omuibus,</strong></span> <span class='ocrx_word' id='word_1_138' title='bbox 477 3007 555 3072; x_wconf 92' lang='lat' dir='ltr'><strong>quae</strong></span> <span class='ocrx_word' id='word_1_139' title='bbox 580 2991 613 3051; x_wconf 94' lang='lat' dir='ltr'><strong>in</strong></span> <span class='ocrx_word' id='word_1_140' title='bbox 634 2989 745 3050; x_wconf 88' lang='lat' dir='ltr'><strong>eodem</strong></span> <span class='ocrx_word' id='word_1_141' title='bbox 772 2985 913 3059; x_wconf 89' lang='lat' dir='ltr'><strong>decreto,</strong></span> <span class='ocrx_word' id='word_1_142' title='bbox 942 2979 1039 3060; x_wconf 92' lang='lat' dir='ltr'><strong>quoad</strong></span> 
     </span>
     <span class='ocr_line' id='line_1_27' title="bbox 295 3079 1040 3160; baseline -0.027 -6"><span class='ocrx_word' id='word_1_143' title='bbox 295 3095 479 3160; x_wconf 86' lang='lat' dir='ltr'><strong>conventus,</strong></span> <span class='ocrx_word' id='word_1_144' title='bbox 493 3081 685 3155; x_wconf 80' lang='lat' dir='ltr'><strong>residentiae,</strong></span> <span class='ocrx_word' id='word_1_145' title='bbox 697 3079 862 3158; x_wconf 89' lang='lat' dir='ltr'><strong>paroecias,</strong></span> <span class='ocrx_word' id='word_1_146' title='bbox 874 3093 930 3155; x_wconf 83' lang='lat' dir='ltr'><strong>pec</strong></span> <span class='ocrx_word' id='word_1_147' title='bbox 941 3080 1040 3153; x_wconf 87' lang='lat' dir='ltr'><strong>parles</strong></span> 
     </span>
     <span class='ocr_line' id='line_1_28' title="bbox 296 3167 1039 3254; baseline -0.03 -5"><span class='ocrx_word' id='word_1_148' title='bbox 296 3183 490 3254; x_wconf 85' lang='lat' dir='ltr'><strong>Sclavoniae,</strong></span> <span class='ocrx_word' id='word_1_149' title='bbox 521 3176 628 3241; x_wconf 91' lang='lat' dir='ltr'><strong>Sirmii</strong></span> <span class='ocrx_word' id='word_1_150' title='bbox 650 3183 682 3236; x_wconf 90' lang='lat' dir='ltr'><strong>et</strong></span> <span class='ocrx_word' id='word_1_151' title='bbox 702 3172 876 3248; x_wconf 81' lang='lat' dir='ltr'><strong>hungariae</strong></span> <span class='ocrx_word' id='word_1_152' title='bbox 905 3167 1039 3241; x_wconf 83' lang='lat' dir='ltr'><strong>ditiusas,</strong></span> 
     </span>
     <span class='ocr_line' id='line_1_29' title="bbox 296 3261 1042 3350; baseline -0.023 -12"><span class='ocrx_word' id='word_1_153' title='bbox 296 3279 327 3340; x_wconf 94' lang='lat' dir='ltr'><strong>in</strong></span> <span class='ocrx_word' id='word_1_154' title='bbox 350 3289 463 3338; x_wconf 89' lang='lat' dir='ltr'><strong>novam</strong></span> <span class='ocrx_word' id='word_1_155' title='bbox 493 3270 683 3350; x_wconf 87' lang='lat' dir='ltr'><strong>provinciam</strong></span> <span class='ocrx_word' id='word_1_156' title='bbox 713 3267 743 3330; x_wconf 89' lang='lat' dir='ltr'><strong>S.</strong></span> <span class='ocrx_word' id='word_1_157' title='bbox 773 3263 895 3327; x_wconf 90' lang='lat' dir='ltr'><strong>loannis</strong></span> <span class='ocrx_word' id='word_1_158' title='bbox 916 3281 933 3324; x_wconf 91' lang='lat' dir='ltr'><strong>a</strong></span> <span class='ocrx_word' id='word_1_159' title='bbox 953 3261 1042 3340; x_wconf 92' lang='lat' dir='ltr'><strong>Capi-</strong></span> 
     </span>
    </p>
   </div>
   <div class='ocr_carea' id='block_1_3' title="bbox 294 3355 1044 3444">
    <p class='ocr_par' dir='ltr' id='par_1_3' title="bbox 294 3355 1044 3444">
     <span class='ocr_line' id='line_1_30' title="bbox 294 3355 1044 3444; baseline -0.023 -11"><span class='ocrx_word' id='word_1_160' title='bbox 294 3365 652 3444; x_wconf 85' lang='lat' dir='ltr'><strong>stranonuncupandam</strong></span> <span class='ocrx_word' id='word_1_161' title='bbox 663 3359 872 3432; x_wconf 88' lang='lat' dir='ltr'><strong>decrevimus,</strong></span> <span class='ocrx_word' id='word_1_162' title='bbox 884 3355 1044 3418; x_wconf 89' lang='lat' dir='ltr'><strong>constitui·</strong></span> 
     </span>
    </p>
   </div>
   <div class='ocr_carea' id='block_1_4' title="bbox 81 3459 1045 4663">
    <p class='ocr_par' dir='ltr' id='par_1_4' title="bbox 81 3459 1045 4663">
     <span class='ocr_line' id='line_1_31' title="bbox 296 3459 654 3537; baseline -0.034 -11"><span class='ocrx_word' id='word_1_163' title='bbox 296 3479 378 3537; x_wconf 89' lang='lat' dir='ltr'><strong>mus,</strong></span> <span class='ocrx_word' id='word_1_164' title='bbox 400 3478 433 3524; x_wconf 89' lang='lat' dir='ltr'><strong>ac</strong></span> <span class='ocrx_word' id='word_1_165' title='bbox 453 3459 654 3522; x_wconf 88' lang='lat' dir='ltr'><strong>declaramus.</strong></span> 
     </span>
     <span class='ocr_line' id='line_1_32' title="bbox 130 3541 1044 3636; baseline -0.02 -16"><span class='ocrx_word' id='word_1_166' title='bbox 130 3572 274 3636; x_wconf 73' lang='lat' dir='ltr'><strong>uopnnuae</strong></span> <span class='ocrx_word' id='word_1_167' title='bbox 337 3557 376 3617; x_wconf 85' lang='lat' dir='ltr'><strong>Et</strong></span> <span class='ocrx_word' id='word_1_168' title='bbox 403 3569 444 3616; x_wconf 92' lang='lat' dir='ltr'><strong>ne</strong></span> <span class='ocrx_word' id='word_1_169' title='bbox 471 3567 512 3614; x_wconf 74' lang='lat' dir='ltr'><strong>eu·</strong></span> <span class='ocrx_word' id='word_1_170' title='bbox 539 3550 594 3610; x_wconf 91' lang='lat' dir='ltr'><strong>bac</strong></span> <span class='ocrx_word' id='word_1_171' title='bbox 625 3553 728 3610; x_wconf 89' lang='lat' dir='ltr'><strong>nostra</strong></span> <span class='ocrx_word' id='word_1_172' title='bbox 757 3543 956 3622; x_wconf 85' lang='lat' dir='ltr'><strong>dispositione</strong></span> <span class='ocrx_word' id='word_1_173' title='bbox 983 3541 1044 3604; x_wconf 91' lang='lat' dir='ltr'><strong>dis-</strong></span> 
     </span>
     <span class='ocr_line' id='line_1_33' title="bbox 81 3633 1042 3738; baseline -0.021 -21"><span class='ocrx_word' id='word_1_174' title='bbox 81 3633 520 3738; x_wconf 56' lang='lat' dir='ltr'><strong>ffil¹l⁰1¹lffiseatioaliqua</strong></span> <span class='ocrx_word' id='word_1_175' title='bbox 542 3642 701 3704; x_wconf 88' lang='lat' dir='ltr'><strong>ullatenus</strong></span> <span class='ocrx_word' id='word_1_176' title='bbox 728 3639 858 3712; x_wconf 90' lang='lat' dir='ltr'><strong>oriatur,</strong></span> <span class='ocrx_word' id='word_1_177' title='bbox 883 3645 948 3698; x_wconf 90' lang='lat' dir='ltr'><strong>tum</strong></span> <span class='ocrx_word' id='word_1_178' title='bbox 971 3636 1042 3698; x_wconf 91' lang='lat' dir='ltr'><strong>Bos-</strong></span> 
     </span>
     <span class='ocr_line' id='line_1_34' title="bbox 87 3729 1043 3845; baseline -0.021 -35"><span class='ocrx_word' id='word_1_179' title='bbox 87 3735 275 3845; x_wconf 54' lang='lat' dir='ltr'><strong>{fflgffffi</strong></span> <span class='ocrx_word' id='word_1_180' title='bbox 297 3757 410 3806; x_wconf 86' lang='lat' dir='ltr'><strong>nenses</strong></span> <span class='ocrx_word' id='word_1_181' title='bbox 431 3739 515 3801; x_wconf 89' lang='lat' dir='ltr'><strong>inter</strong></span> <span class='ocrx_word' id='word_1_182' title='bbox 535 3753 568 3798; x_wconf 89' lang='lat' dir='ltr'><strong>ac</strong></span> <span class='ocrx_word' id='word_1_183' title='bbox 585 3736 693 3797; x_wconf 89' lang='lat' dir='ltr'><strong>iratres</strong></span> <span class='ocrx_word' id='word_1_184' title='bbox 708 3730 884 3812; x_wconf 90' lang='lat' dir='ltr'><strong>provinciae</strong></span> <span class='ocrx_word' id='word_1_185' title='bbox 906 3729 937 3793; x_wconf 88' lang='lat' dir='ltr'><strong>S.</strong></span> <span class='ocrx_word' id='word_1_186' title='bbox 956 3730 1043 3791; x_wconf 91' lang='lat' dir='ltr'><strong>loan-</strong></span> 
     </span>
     <span class='ocr_line' id='line_1_35' title="bbox 91 3823 1042 3912; baseline -0.023 -7"><span class='ocrx_word' id='word_1_187' title='bbox 91 3844 162 3888; x_wconf 66' lang='lat' dir='ltr'><strong>uuus</strong></span> <span class='ocrx_word' id='word_1_188' title='bbox 297 3837 347 3900; x_wconf 89' lang='lat' dir='ltr'><strong>nis</strong></span> <span class='ocrx_word' id='word_1_189' title='bbox 362 3852 378 3895; x_wconf 90' lang='lat' dir='ltr'><strong>a</strong></span> <span class='ocrx_word' id='word_1_190' title='bbox 393 3833 573 3912; x_wconf 88' lang='lat' dir='ltr'><strong>Capistrano</strong></span> <span class='ocrx_word' id='word_1_191' title='bbox 593 3843 687 3905; x_wconf 88' lang='lat' dir='ltr'><strong>super</strong></span> <span class='ocrx_word' id='word_1_192' title='bbox 706 3823 939 3904; x_wconf 89' lang='lat' dir='ltr'><strong>praecedentiae</strong></span> <span class='ocrx_word' id='word_1_193' title='bbox 961 3838 1042 3884; x_wconf 88' lang='lat' dir='ltr'><strong>eom·</strong></span> 
     </span>
     <span class='ocr_line' id='line_1_36' title="bbox 296 3918 1041 4010; baseline -0.021 -17"><span class='ocrx_word' id='word_1_194' title='bbox 296 3930 526 4010; x_wconf 71' lang='lat' dir='ltr'><strong>personatum</strong></span> <span class='ocrx_word' id='word_1_195' title='bbox 542 3925 625 3984; x_wconf 92' lang='lat' dir='ltr'><strong>iuter</strong></span> <span class='ocrx_word' id='word_1_196' title='bbox 641 3919 753 3981; x_wconf 90' lang='lat' dir='ltr'><strong>iratres</strong></span> <span class='ocrx_word' id='word_1_197' title='bbox 766 3918 1041 3996; x_wconf 88' lang='lat' dir='ltr'><strong>ipsosBosneuses,</strong></span> 
     </span>
     <span class='ocr_line' id='line_1_37' title="bbox 294 4009 1042 4098; baseline -0.02 -13"><span class='ocrx_word' id='word_1_198' title='bbox 294 4023 457 4087; x_wconf 84' lang='lat' dir='ltr'><strong>occasione</strong></span> <span class='ocrx_word' id='word_1_199' title='bbox 466 4020 584 4098; x_wconf 90' lang='lat' dir='ltr'><strong>primae</strong></span> <span class='ocrx_word' id='word_1_200' title='bbox 598 4013 759 4076; x_wconf 87' lang='lat' dir='ltr'><strong>electionis</strong></span> <span class='ocrx_word' id='word_1_201' title='bbox 773 4012 852 4092; x_wconf 91' lang='lat' dir='ltr'><strong>apud</strong></span> <span class='ocrx_word' id='word_1_202' title='bbox 865 4027 917 4072; x_wconf 89' lang='lat' dir='ltr'><strong>eos</strong></span> <span class='ocrx_word' id='word_1_203' title='bbox 930 4009 1042 4072; x_wconf 51' lang='lat' dir='ltr'><strong>taalenu</strong></span> 
     </span>
     <span class='ocr_line' id='line_1_38' title="bbox 295 4104 1042 4181; baseline -0.021 -2"><span class='ocrx_word' id='word_1_204' title='bbox 295 4117 353 4178; x_wconf 90' lang='lat' dir='ltr'><strong>dae</strong></span> <span class='ocrx_word' id='word_1_205' title='bbox 373 4113 506 4177; x_wconf 80' lang='lat' dir='ltr'><strong>Ministri</strong></span> <span class='ocrx_word' id='word_1_206' title='bbox 525 4107 735 4180; x_wconf 84' lang='lat' dir='ltr'><strong>Prouincialis,</strong></span> <span class='ocrx_word' id='word_1_207' title='bbox 756 4104 903 4180; x_wconf 89' lang='lat' dir='ltr'><strong>custodis,</strong></span> <span class='ocrx_word' id='word_1_208' title='bbox 919 4110 950 4165; x_wconf 88' lang='lat' dir='ltr'><strong>et</strong></span> <span class='ocrx_word' id='word_1_209' title='bbox 969 4119 1042 4181; x_wconf 88' lang='lat' dir='ltr'><strong>qua·</strong></span> 
     </span>
     <span class='ocr_line' id='line_1_39' title="bbox 294 4197 1041 4278; baseline -0.021 -6"><span class='ocrx_word' id='word_1_210' title='bbox 294 4220 368 4273; x_wconf 89' lang='lat' dir='ltr'><strong>tuor·</strong></span> <span class='ocrx_word' id='word_1_211' title='bbox 390 4206 612 4278; x_wconf 66' lang='lat' dir='ltr'><strong>diffinitorum</strong></span> <span class='ocrx_word' id='word_1_212' title='bbox 630 4201 787 4274; x_wconf 91' lang='lat' dir='ltr'><strong>volumus,</strong></span> <span class='ocrx_word' id='word_1_213' title='bbox 803 4214 837 4260; x_wconf 92' lang='lat' dir='ltr'><strong>ac</strong></span> <span class='ocrx_word' id='word_1_214' title='bbox 852 4197 916 4275; x_wconf 90' lang='lat' dir='ltr'><strong>pari</strong></span> <span class='ocrx_word' id='word_1_215' title='bbox 938 4201 1041 4258; x_wconf 88' lang='lat' dir='ltr'><strong>aucto-</strong></span> 
     </span>
     <span class='ocr_line' id='line_1_40' title="bbox 294 4289 1042 4372; baseline -0.02 -7"><span class='ocrx_word' id='word_1_216' title='bbox 294 4304 387 4365; x_wconf 89' lang='lat' dir='ltr'><strong>ritate</strong></span> <span class='ocrx_word' id='word_1_217' title='bbox 417 4298 629 4368; x_wconf 84' lang='lat' dir='ltr'><strong>decernimus,</strong></span> <span class='ocrx_word' id='word_1_218' title='bbox 651 4293 732 4372; x_wconf 92' lang='lat' dir='ltr'><strong>quod</strong></span> <span class='ocrx_word' id='word_1_219' title='bbox 760 4291 851 4354; x_wconf 87' lang='lat' dir='ltr'><strong>sicuti</strong></span> <span class='ocrx_word' id='word_1_220' title='bbox 881 4289 1042 4352; x_wconf 88' lang='lat' dir='ltr'><strong>restitutae</strong></span> 
     </span>
     <span class='ocr_line' id='line_1_41' title="bbox 295 4381 1043 4473; baseline -0.02 -14"><span class='ocrx_word' id='word_1_221' title='bbox 295 4411 382 4459; x_wconf 88' lang='lat' dir='ltr'><strong>nuno</strong></span> <span class='ocrx_word' id='word_1_222' title='bbox 412 4391 589 4473; x_wconf 86' lang='lat' dir='ltr'><strong>provinciae</strong></span> <span class='ocrx_word' id='word_1_223' title='bbox 614 4387 733 4448; x_wconf 89' lang='lat' dir='ltr'><strong>Bosoae</strong></span> <span class='ocrx_word' id='word_1_224' title='bbox 764 4385 968 4461; x_wconf 79' lang='lat' dir='ltr'><strong>argentinae,</strong></span> <span class='ocrx_word' id='word_1_225' title='bbox 991 4381 1043 4444; x_wconf 91' lang='lat' dir='ltr'><strong>ille</strong></span> 
     </span>
     <span class='ocr_line' id='line_1_42' title="bbox 295 4477 1042 4564; baseline -0.019 -14"><span class='ocrx_word' id='word_1_226' title='bbox 295 4489 424 4552; x_wconf 91' lang='lat' dir='ltr'><strong>honoris</strong></span> <span class='ocrx_word' id='word_1_227' title='bbox 444 4481 477 4549; x_wconf 84' lang='lat' dir='ltr'><strong>ac</strong></span> <span class='ocrx_word' id='word_1_228' title='bbox 498 4480 763 4564; x_wconf 86' lang='lat' dir='ltr'><strong>praeeminentiae</strong></span> <span class='ocrx_word' id='word_1_229' title='bbox 784 4479 869 4540; x_wconf 91' lang='lat' dir='ltr'><strong>locus</strong></span> <span class='ocrx_word' id='word_1_230' title='bbox 883 4477 1042 4550; x_wconf 89' lang='lat' dir='ltr'><strong>convenit,</strong></span> 
     </span>
     <span class='ocr_line' id='line_1_43' title="bbox 294 4571 1045 4663; baseline -0.019 -17"><span class='ocrx_word' id='word_1_231' title='bbox 294 4598 392 4663; x_wconf 91' lang='lat' dir='ltr'><strong>quem</strong></span> <span class='ocrx_word' id='word_1_232' title='bbox 413 4587 485 4642; x_wconf 90' lang='lat' dir='ltr'><strong>ante</strong></span> <span class='ocrx_word' id='word_1_233' title='bbox 509 4577 677 4658; x_wconf 77' lang='lat' dir='ltr'><strong>praebitam</strong></span> <span class='ocrx_word' id='word_1_234' title='bbox 704 4574 892 4634; x_wconf 88' lang='lat' dir='ltr'><strong>divisionem</strong></span> <span class='ocrx_word' id='word_1_235' title='bbox 913 4571 1045 4650; x_wconf 88' lang='lat' dir='ltr'><strong>posside·</strong></span> 
     </span>
    </p>
   </div>
   <div class='ocr_carea' id='block_1_5' title="bbox 294 4664 1042 4752">
    <p class='ocr_par' dir='ltr' id='par_1_5' title="bbox 294 4664 1042 4752">
     <span class='ocr_line' id='line_1_44' title="bbox 294 4664 1042 4752; baseline -0.02 -14"><span class='ocrx_word' id='word_1_236' title='bbox 294 4679 358 4751; x_wconf 87' lang='lat' dir='ltr'><strong>bat,</strong></span> <span class='ocrx_word' id='word_1_237' title='bbox 371 4674 407 4736; x_wconf 91' lang='lat' dir='ltr'><strong>ad</strong></span> <span class='ocrx_word' id='word_1_238' title='bbox 428 4687 522 4752; x_wconf 90' lang='lat' dir='ltr'><strong>quem</strong></span> <span class='ocrx_word' id='word_1_239' title='bbox 544 4669 689 4732; x_wconf 87' lang='lat' dir='ltr'><strong>ellectum</strong></span> <span class='ocrx_word' id='word_1_240' title='bbox 705 4668 871 4744; x_wconf 90' lang='lat' dir='ltr'><strong>antiquum</strong></span> <span class='ocrx_word' id='word_1_241' title='bbox 892 4664 1042 4742; x_wconf 86' lang='lat' dir='ltr'><strong>sigillum,</strong></span> 
     </span>
    </p>
   </div>
   <div class='ocr_carea' id='block_1_6' title="bbox 295 4757 1080 4843">
    <p class='ocr_par' dir='ltr' id='par_1_6' title="bbox 295 4757 1080 4843">
     <span class='ocr_line' id='line_1_45' title="bbox 295 4757 1080 4843; baseline -0.019 -11"><span class='ocrx_word' id='word_1_242' title='bbox 295 4785 369 4834; x_wconf 88' lang='lat' dir='ltr'><strong>cum</strong></span> <span class='ocrx_word' id='word_1_243' title='bbox 392 4766 490 4829; x_wconf 90' lang='lat' dir='ltr'><strong>veteri</strong></span> <span class='ocrx_word' id='word_1_244' title='bbox 518 4763 705 4843; x_wconf 83' lang='lat' dir='ltr'><strong>epigraphe,</strong></span> <span class='ocrx_word' id='word_1_245' title='bbox 728 4775 842 4838; x_wconf 90' lang='lat' dir='ltr'><strong>nempe</strong></span> <span class='ocrx_word' id='word_1_246' title='bbox 864 4757 1043 4834; x_wconf 76' lang='lat' dir='ltr'><strong>«Sigillum</strong></span> <span class='ocrx_word' id='word_1_247' title='bbox 1079 4821 1080 4826; x_wconf 57' lang='grc'>,</span> 
     </span>
    </p>
   </div>
   <div class='ocr_carea' id='block_1_7' title="bbox 90 4851 1046 5864">
    <p class='ocr_par' dir='ltr' id='par_1_7' title="bbox 90 4851 1046 5864">
     <span class='ocr_line' id='line_1_46' title="bbox 294 4851 1043 4936; baseline -0.021 -10"><span class='ocrx_word' id='word_1_248' title='bbox 294 4862 477 4926; x_wconf 78' lang='lat' dir='ltr'><strong>Provinciae</strong></span> <span class='ocrx_word' id='word_1_249' title='bbox 500 4859 688 4936; x_wconf 79' lang='lat' dir='ltr'><strong>trgeutlnae</strong></span> <span class='ocrx_word' id='word_1_250' title='bbox 712 4856 830 4916; x_wconf 87' lang='lat' dir='ltr'><strong>Bosnae</strong></span> <span class='ocrx_word' id='word_1_251' title='bbox 844 4871 875 4927; x_wconf 71' lang='lat' dir='ltr'><strong>s,</strong></span> <span class='ocrx_word' id='word_1_252' title='bbox 903 4851 1043 4914; x_wconf 87' lang='lat' dir='ltr'><strong>llinistro</strong></span> 
     </span>
     <span class='ocr_line' id='line_1_47' title="bbox 294 4947 1043 5020; baseline -0.023 0"><span class='ocrx_word' id='word_1_253' title='bbox 294 4955 480 5020; x_wconf 88' lang='lat' dir='ltr'><strong>Provinciali</strong></span> <span class='ocrx_word' id='word_1_254' title='bbox 501 4952 651 5014; x_wconf 88' lang='lat' dir='ltr'><strong>Bosnensi</strong></span> <span class='ocrx_word' id='word_1_255' title='bbox 672 4966 710 5010; x_wconf 85' lang='lat' dir='ltr'><strong>ert</strong></span> <span class='ocrx_word' id='word_1_256' title='bbox 733 4963 818 5010; x_wconf 87' lang='lat' dir='ltr'><strong>nunc</strong></span> <span class='ocrx_word' id='word_1_257' title='bbox 835 4947 1043 5018; x_wconf 66' lang='lat' dir='ltr'><strong>restituimus</strong></span> 
     </span>
     <span class='ocr_line' id='line_1_48' title="bbox 293 5038 1045 5119; baseline -0.021 -6"><span class='ocrx_word' id='word_1_258' title='bbox 293 5049 493 5114; x_wconf 87' lang='lat' dir='ltr'><strong>concedimus</strong></span> <span class='ocrx_word' id='word_1_259' title='bbox 520 5053 551 5108; x_wconf 92' lang='lat' dir='ltr'><strong>et</strong></span> <span class='ocrx_word' id='word_1_260' title='bbox 578 5044 792 5119; x_wconf 85' lang='lat' dir='ltr'><strong>attribuimus;</strong></span> <span class='ocrx_word' id='word_1_261' title='bbox 814 5041 858 5102; x_wconf 88' lang='lat' dir='ltr'><strong>sic</strong></span> <span class='ocrx_word' id='word_1_262' title='bbox 886 5038 1045 5118; x_wconf 90' lang='lat' dir='ltr'><strong>provincia</strong></span> 
     </span>
     <span class='ocr_line' id='line_1_49' title="bbox 295 5135 1044 5210; baseline -0.021 -2"><span class='ocrx_word' id='word_1_263' title='bbox 295 5143 402 5208; x_wconf 87' lang='lat' dir='ltr'><strong>Sancti</strong></span> <span class='ocrx_word' id='word_1_264' title='bbox 433 5141 555 5203; x_wconf 90' lang='lat' dir='ltr'><strong>loannis</strong></span> <span class='ocrx_word' id='word_1_265' title='bbox 576 5137 674 5200; x_wconf 85' lang='lat' dir='ltr'><strong>veluti</strong></span> <span class='ocrx_word' id='word_1_266' title='bbox 698 5137 760 5197; x_wconf 84' lang='lat' dir='ltr'><strong>fllia</strong></span> <span class='ocrx_word' id='word_1_267' title='bbox 783 5135 854 5198; x_wconf 88' lang='lat' dir='ltr'><strong>huic</strong></span> <span class='ocrx_word' id='word_1_268' title='bbox 886 5143 1044 5210; x_wconf 85' lang='lat' dir='ltr'><strong>tamquam</strong></span> 
     </span>
     <span class='ocr_line' id='line_1_50' title="bbox 294 5227 1046 5312; baseline -0.02 -11"><span class='ocrx_word' id='word_1_269' title='bbox 294 5238 403 5312; x_wconf 89' lang='lat' dir='ltr'><strong>matri,</strong></span> <span class='ocrx_word' id='word_1_270' title='bbox 425 5236 527 5299; x_wconf 88' lang='lat' dir='ltr'><strong>locum</strong></span> <span class='ocrx_word' id='word_1_271' title='bbox 549 5241 579 5295; x_wconf 91' lang='lat' dir='ltr'><strong>et</strong></span> <span class='ocrx_word' id='word_1_272' title='bbox 601 5230 848 5312; x_wconf 88' lang='lat' dir='ltr'><strong>praecedentiam</strong></span> <span class='ocrx_word' id='word_1_273' title='bbox 868 5227 978 5290; x_wconf 90' lang='lat' dir='ltr'><strong>cedere</strong></span> <span class='ocrx_word' id='word_1_274' title='bbox 993 5227 1046 5288; x_wconf 92' lang='lat' dir='ltr'><strong>de-</strong></span> 
     </span>
     <span class='ocr_line' id='line_1_51' title="bbox 294 5319 1045 5406; baseline -0.021 -11"><span class='ocrx_word' id='word_1_275' title='bbox 294 5334 377 5395; x_wconf 87' lang='lat' dir='ltr'><strong>beat.</strong></span> <span class='ocrx_word' id='word_1_276' title='bbox 402 5331 478 5392; x_wconf 83' lang='lat' dir='ltr'><strong>ltern</strong></span> <span class='ocrx_word' id='word_1_277' title='bbox 501 5325 697 5406; x_wconf 80' lang='lat' dir='ltr'><strong>generalibus</strong></span> <span class='ocrx_word' id='word_1_278' title='bbox 712 5324 830 5386; x_wconf 88' lang='lat' dir='ltr'><strong>ordinis</strong></span> <span class='ocrx_word' id='word_1_279' title='bbox 851 5319 1045 5384; x_wconf 89' lang='lat' dir='ltr'><strong>constitutio·</strong></span> 
     </span>
     <span class='ocr_line' id='line_1_52' title="bbox 294 5411 1044 5494; baseline -0.023 -6"><span class='ocrx_word' id='word_1_280' title='bbox 294 5426 392 5488; x_wconf 90' lang='lat' dir='ltr'><strong>nibus</strong></span> <span class='ocrx_word' id='word_1_281' title='bbox 412 5423 621 5494; x_wconf 88' lang='lat' dir='ltr'><strong>inhaerentes,</strong></span> <span class='ocrx_word' id='word_1_282' title='bbox 644 5427 676 5480; x_wconf 87' lang='lat' dir='ltr'><strong>et</strong></span> <span class='ocrx_word' id='word_1_283' title='bbox 697 5417 883 5480; x_wconf 88' lang='lat' dir='ltr'><strong>electionem</strong></span> <span class='ocrx_word' id='word_1_284' title='bbox 908 5411 1044 5475; x_wconf 92' lang='lat' dir='ltr'><strong>ministri</strong></span> 
     </span>
     <span class='ocr_line' id='line_1_53' title="bbox 294 5506 1044 5600; baseline -0.021 -18"><span class='ocrx_word' id='word_1_285' title='bbox 294 5515 506 5600; x_wconf 87' lang='lat' dir='ltr'><strong>provincialis,</strong></span> <span class='ocrx_word' id='word_1_286' title='bbox 519 5531 552 5576; x_wconf 88' lang='lat' dir='ltr'><strong>ac</strong></span> <span class='ocrx_word' id='word_1_287' title='bbox 566 5510 740 5574; x_wconf 90' lang='lat' dir='ltr'><strong>dilllnitorii</strong></span> <span class='ocrx_word' id='word_1_288' title='bbox 750 5509 928 5588; x_wconf 88' lang='lat' dir='ltr'><strong>provinciae</strong></span> <span class='ocrx_word' id='word_1_289' title='bbox 942 5506 1044 5581; x_wconf 93' lang='lat' dir='ltr'><strong>modo,</strong></span> 
     </span>
     <span class='ocr_line' id='line_1_54' title="bbox 293 5603 1045 5691; baseline -0.019 -16"><span class='ocrx_word' id='word_1_290' title='bbox 293 5622 331 5675; x_wconf 88' lang='lat' dir='ltr'><strong>ut</strong></span> <span class='ocrx_word' id='word_1_291' title='bbox 345 5608 531 5691; x_wconf 86' lang='lat' dir='ltr'><strong>praelertur,</strong></span> <span class='ocrx_word' id='word_1_292' title='bbox 544 5607 663 5668; x_wconf 87' lang='lat' dir='ltr'><strong>Bosnao</strong></span> <span class='ocrx_word' id='word_1_293' title='bbox 672 5603 864 5680; x_wconf 78' lang='lat' dir='ltr'><strong>Argentinao</strong></span> <span class='ocrx_word' id='word_1_294' title='bbox 874 5603 910 5664; x_wconf 92' lang='lat' dir='ltr'><strong>ad</strong></span> <span class='ocrx_word' id='word_1_295' title='bbox 922 5617 978 5663; x_wconf 91' lang='lat' dir='ltr'><strong>nos</strong></span> <span class='ocrx_word' id='word_1_296' title='bbox 989 5615 1045 5678; x_wconf 93' lang='lat' dir='ltr'><strong>pro</strong></span> 
     </span>
     <span class='ocr_line' id='line_1_55' title="bbox 293 5695 1045 5782; baseline -0.019 -14"><span class='ocrx_word' id='word_1_297' title='bbox 293 5707 354 5768; x_wconf 88' lang='lat' dir='ltr'><strong>bac</strong></span> <span class='ocrx_word' id='word_1_298' title='bbox 369 5704 466 5782; x_wconf 87' lang='lat' dir='ltr'><strong>prima</strong></span> <span class='ocrx_word' id='word_1_299' title='bbox 482 5703 549 5763; x_wconf 86' lang='lat' dir='ltr'><strong>vice</strong></span> <span class='ocrx_word' id='word_1_300' title='bbox 564 5706 759 5762; x_wconf 84' lang='lat' dir='ltr'><strong>reservantes</strong></span> <span class='ocrx_word' id='word_1_301' title='bbox 770 5695 917 5772; x_wconf 89' lang='lat' dir='ltr'><strong>eligimus</strong></span> <span class='ocrx_word' id='word_1_302' title='bbox 929 5697 961 5755; x_wconf 93' lang='lat' dir='ltr'><strong>ln</strong></span> <span class='ocrx_word' id='word_1_303' title='bbox 974 5695 1045 5755; x_wconf 93' lang='lat' dir='ltr'><strong>Pro-</strong></span> 
     </span>
     <span class='ocr_line' id='line_1_56' title="bbox 90 5787 1046 5864; baseline -0.016 -2"><span class='ocrx_word' id='word_1_304' title='bbox 90 5817 174 5864; x_wconf 76' lang='lat' dir='ltr'><strong>naeuo</strong></span> <span class='ocrx_word' id='word_1_305' title='bbox 190 5827 272 5864; x_wconf 67' lang='lat' dir='ltr'><strong>navo</strong></span> <span class='ocrx_word' id='word_1_306' title='bbox 291 5799 463 5861; x_wconf 89' lang='lat' dir='ltr'><strong>vincialem</strong></span> <span class='ocrx_word' id='word_1_307' title='bbox 487 5795 664 5858; x_wconf 82' lang='lat' dir='ltr'><strong>Ministrum</strong></span> <span class='ocrx_word' id='word_1_308' title='bbox 688 5790 811 5853; x_wconf 65' lang='lat' dir='ltr'><strong>nien</strong></span> <span class='ocrx_word' id='word_1_309' title='bbox 832 5789 966 5851; x_wconf 82' lang='lat' dir='ltr'><strong>Marcum</strong></span> <span class='ocrx_word' id='word_1_310' title='bbox 989 5787 1046 5848; x_wconf 80' lang='lat' dir='ltr'><strong>llo·</strong></span> 
     </span>
    </p>
   </div>
   <div class='ocr_carea' id='block_1_8' title="bbox 73 5870 1046 5980">
    <p class='ocr_par' dir='ltr' id='par_1_8' title="bbox 73 5870 1046 5980">
     <span class='ocr_line' id='line_1_57' title="bbox 73 5870 1046 5980; baseline -0.022 -19"><span class='ocrx_word' id='word_1_311' title='bbox 73 5870 270 5980; x_wconf 52' lang='grc' dir='ltr'><strong>ξῗῗιῗιξιῗέψ</strong></span> <span class='ocrx_word' id='word_1_312' title='bbox 293 5891 419 5956; x_wconf 90' lang='lat' dir='ltr'><strong>bretich</strong></span> <span class='ocrx_word' id='word_1_313' title='bbox 447 5888 598 5951; x_wconf 88' lang='lat' dir='ltr'><strong>actualem</strong></span> <span class='ocrx_word' id='word_1_314' title='bbox 626 5887 801 5960; x_wconf 80' lang='lat' dir='ltr'><strong>custodem3</strong></span> <span class='ocrx_word' id='word_1_315' title='bbox 833 5883 867 5945; x_wconf 92' lang='lat' dir='ltr'><strong>in</strong></span> <span class='ocrx_word' id='word_1_316' title='bbox 888 5879 1046 5944; x_wconf 88' lang='lat' dir='ltr'><strong>custodem</strong></span> 
     </span>
    </p>
   </div>
   <div class='ocr_carea' id='block_1_9' title="bbox 290 5977 1078 6056">
    <p class='ocr_par' dir='ltr' id='par_1_9' title="bbox 290 5977 1078 6056">
     <span class='ocr_line' id='line_1_58' title="bbox 290 5977 1078 6056; baseline -0.029 -1"><span class='ocrx_word' id='word_1_317' title='bbox 290 5985 638 6054; x_wconf 69' lang='lat' dir='ltr'><strong>numunianum</strong></span> <span class='ocrx_word' id='word_1_318' title='bbox 654 5978 771 6041; x_wconf 88' lang='lat' dir='ltr'><strong>Benicb</strong></span> <span class='ocrx_word' id='word_1_319' title='bbox 781 5977 1046 6056; x_wconf 64' lang='lat' dir='ltr'><strong>err-definitorem</strong></span> <span class='ocrx_word' id='word_1_320' title='bbox 1077 5983 1078 5986; x_wconf 72' lang='grc'>’</span> 
     </span>
    </p>
   </div>
   <div class='ocr_carea' id='block_1_10' title="bbox 911 593 1174 658">
    <p class='ocr_par' dir='ltr' id='par_1_10' title="bbox 911 593 1174 658">
     <span class='ocr_line' id='line_1_59' title="bbox 911 593 1174 658; baseline -0.011 -1"><span class='ocrx_word' id='word_1_321' title='bbox 911 593 914 598; x_wconf 71' lang='grc'>“</span> <span class='ocrx_word' id='word_1_322' title='bbox 941 607 1082 658; x_wconf 81' lang='lat' dir='ltr'><strong>otouuus</strong></span> <span class='ocrx_word' id='word_1_323' title='bbox 1103 605 1174 656; x_wconf 88' lang='grc' dir='ltr'>ιιιιι.</span> 
     </span>
    </p>
   </div>
   <div class='ocr_carea' id='block_1_11' title="bbox 1775 573 2052 644">
    <p class='ocr_par' dir='ltr' id='par_1_11' title="bbox 1775 573 2052 644">
     <span class='ocr_line' id='line_1_60' title="bbox 1775 573 2052 644; baseline -0.011 -12"><span class='ocrx_word' id='word_1_324' title='bbox 1775 577 1814 644; x_wconf 64' lang='grc'><strong>49</strong></span> <span class='ocrx_word' id='word_1_325' title='bbox 1863 574 1918 632; x_wconf 81' lang='lat' dir='ltr'><strong>Au.</strong></span> <span class='ocrx_word' id='word_1_326' title='bbox 1932 578 1962 632; x_wconf 85' lang='lat' dir='ltr'><strong>C.</strong></span> <span class='ocrx_word' id='word_1_327' title='bbox 1984 573 2052 630; x_wconf 80' lang='lat' dir='ltr'><strong>tate</strong></span> 
     </span>
    </p>
   </div>
   <div class='ocr_carea' id='block_1_12' title="bbox 1089 719 2072 3140">
    <p class='ocr_par' dir='ltr' id='par_1_12' title="bbox 1089 719 2072 3140">
     <span class='ocr_line' id='line_1_61' title="bbox 1090 719 1835 796; baseline -0.012 -7"><span class='ocrx_word' id='word_1_328' title='bbox 1090 727 1122 790; x_wconf 94' lang='lat' dir='ltr'><strong>in</strong></span> <span class='ocrx_word' id='word_1_329' title='bbox 1144 725 1328 790; x_wconf 83' lang='lat' dir='ltr'><strong>diffinitores</strong></span> <span class='ocrx_word' id='word_1_330' title='bbox 1350 723 1405 789; x_wconf 92' lang='lat' dir='ltr'><strong>PP.</strong></span> <span class='ocrx_word' id='word_1_331' title='bbox 1422 723 1480 790; x_wconf 79' lang='lat' dir='ltr'><strong>FP.</strong></span> <span class='ocrx_word' id='word_1_332' title='bbox 1500 721 1696 788; x_wconf 81' lang='lat' dir='ltr'><strong>Franciscum</strong></span> <span class='ocrx_word' id='word_1_333' title='bbox 1718 719 1835 796; x_wconf 79' lang='lat' dir='ltr'><strong>bogoa-</strong></span> 
     </span>
     <span class='ocr_line' id='line_1_62' title="bbox 1090 813 1835 896; baseline -0.011 -14"><span class='ocrx_word' id='word_1_334' title='bbox 1090 822 1213 896; x_wconf 91' lang='lat' dir='ltr'><strong>novich,</strong></span> <span class='ocrx_word' id='word_1_335' title='bbox 1226 823 1375 882; x_wconf 82' lang='lat' dir='ltr'><strong>Thomam</strong></span> <span class='ocrx_word' id='word_1_336' title='bbox 1390 837 1406 880; x_wconf 93' lang='lat' dir='ltr'><strong>a</strong></span> <span class='ocrx_word' id='word_1_337' title='bbox 1422 819 1575 893; x_wconf 82' lang='lat' dir='ltr'><strong>Poinieza,</strong></span> <span class='ocrx_word' id='word_1_338' title='bbox 1587 815 1760 880; x_wconf 83' lang='lat' dir='ltr'><strong>Marianum</strong></span> <span class='ocrx_word' id='word_1_339' title='bbox 1774 813 1835 875; x_wconf 82' lang='lat' dir='ltr'><strong>hli-</strong></span> 
     </span>
     <span class='ocr_line' id='line_1_63' title="bbox 1091 909 1835 990; baseline -0.011 -14"><span class='ocrx_word' id='word_1_340' title='bbox 1091 917 1142 977; x_wconf 92' lang='lat' dir='ltr'><strong>nic</strong></span> <span class='ocrx_word' id='word_1_341' title='bbox 1163 923 1193 976; x_wconf 87' lang='lat' dir='ltr'><strong>et</strong></span> <span class='ocrx_word' id='word_1_342' title='bbox 1215 916 1358 978; x_wconf 90' lang='lat' dir='ltr'><strong>loannem</strong></span> <span class='ocrx_word' id='word_1_343' title='bbox 1375 915 1472 990; x_wconf 91' lang='lat' dir='ltr'><strong>lvioh,</strong></span> <span class='ocrx_word' id='word_1_344' title='bbox 1487 931 1503 974; x_wconf 91' lang='lat' dir='ltr'><strong>a</strong></span> <span class='ocrx_word' id='word_1_345' title='bbox 1518 913 1630 990; x_wconf 90' lang='lat' dir='ltr'><strong>quibus</strong></span> <span class='ocrx_word' id='word_1_346' title='bbox 1644 909 1749 972; x_wconf 91' lang='lat' dir='ltr'><strong>eadem</strong></span> <span class='ocrx_word' id='word_1_347' title='bbox 1765 923 1835 987; x_wconf 88' lang='lat' dir='ltr'><strong>pro-</strong></span> 
     </span>
     <span class='ocr_line' id='line_1_64' title="bbox 1089 1003 1835 1084; baseline -0.007 -17"><span class='ocrx_word' id='word_1_348' title='bbox 1089 1009 1190 1071; x_wconf 83' lang='lat' dir='ltr'><strong>vincia</strong></span> <span class='ocrx_word' id='word_1_349' title='bbox 1211 1007 1277 1084; x_wconf 82' lang='lat' dir='ltr'><strong>regi</strong></span> <span class='ocrx_word' id='word_1_350' title='bbox 1297 1015 1327 1070; x_wconf 92' lang='lat' dir='ltr'><strong>et</strong></span> <span class='ocrx_word' id='word_1_351' title='bbox 1343 1006 1511 1084; x_wconf 87' lang='lat' dir='ltr'><strong>gubernari</strong></span> <span class='ocrx_word' id='word_1_352' title='bbox 1533 1006 1640 1068; x_wconf 91' lang='lat' dir='ltr'><strong>debeat</strong></span> <span class='ocrx_word' id='word_1_353' title='bbox 1655 1019 1669 1063; x_wconf 90' lang='lat' dir='ltr'><strong>a</strong></span> <span class='ocrx_word' id='word_1_354' title='bbox 1686 1003 1734 1066; x_wconf 92' lang='lat' dir='ltr'><strong>die</strong></span> <span class='ocrx_word' id='word_1_355' title='bbox 1748 1017 1835 1081; x_wconf 81' lang='lat' dir='ltr'><strong>prae</strong></span> 
     </span>
     <span class='ocr_line' id='line_1_65' title="bbox 1089 1095 1835 1178; baseline -0.004 -17"><span class='ocrx_word' id='word_1_356' title='bbox 1089 1101 1227 1164; x_wconf 90' lang='lat' dir='ltr'><strong>sentium</strong></span> <span class='ocrx_word' id='word_1_357' title='bbox 1250 1101 1465 1178; x_wconf 85' lang='lat' dir='ltr'><strong>publicationis</strong></span> <span class='ocrx_word' id='word_1_358' title='bbox 1488 1099 1601 1161; x_wconf 92' lang='lat' dir='ltr'><strong>ibidem</strong></span> <span class='ocrx_word' id='word_1_359' title='bbox 1623 1097 1717 1160; x_wconf 85' lang='lat' dir='ltr'><strong>iactae</strong></span> <span class='ocrx_word' id='word_1_360' title='bbox 1737 1095 1835 1158; x_wconf 87' lang='lat' dir='ltr'><strong>donec</strong></span> 
     </span>
     <span class='ocr_line' id='line_1_66' title="bbox 1090 1190 1835 1273; baseline -0.005 -17"><span class='ocrx_word' id='word_1_361' title='bbox 1090 1194 1212 1273; x_wconf 74' lang='lat' dir='ltr'><strong>expleto</strong></span> <span class='ocrx_word' id='word_1_362' title='bbox 1234 1195 1370 1257; x_wconf 92' lang='lat' dir='ltr'><strong>triennio</strong></span> <span class='ocrx_word' id='word_1_363' title='bbox 1381 1195 1415 1256; x_wconf 90' lang='lat' dir='ltr'><strong>ad</strong></span> <span class='ocrx_word' id='word_1_364' title='bbox 1431 1193 1524 1254; x_wconf 90' lang='lat' dir='ltr'><strong>aliam</strong></span> <span class='ocrx_word' id='word_1_365' title='bbox 1544 1191 1728 1254; x_wconf 88' lang='lat' dir='ltr'><strong>electionem</strong></span> <span class='ocrx_word' id='word_1_366' title='bbox 1751 1190 1835 1252; x_wconf 85' lang='lat' dir='ltr'><strong>iuxta</strong></span> 
     </span>
     <span class='ocr_line' id='line_1_67' title="bbox 1090 1284 1835 1350; baseline -0.004 -2"><span class='ocrx_word' id='word_1_367' title='bbox 1090 1287 1210 1349; x_wconf 88' lang='lat' dir='ltr'><strong>easdem</strong></span> <span class='ocrx_word' id='word_1_368' title='bbox 1225 1287 1341 1350; x_wconf 90' lang='lat' dir='ltr'><strong>ordinis</strong></span> <span class='ocrx_word' id='word_1_369' title='bbox 1355 1286 1592 1350; x_wconf 85' lang='lat' dir='ltr'><strong>constitutiones</strong></span> <span class='ocrx_word' id='word_1_370' title='bbox 1603 1284 1835 1346; x_wconf 89' lang='lat' dir='ltr'><strong>deveniendum</strong></span> 
     </span>
     <span class='ocr_line' id='line_1_68' title="bbox 1091 1379 1836 1461; baseline -0.005 -18"><span class='ocrx_word' id='word_1_371' title='bbox 1091 1383 1160 1444; x_wconf 91' lang='lat' dir='ltr'><strong>erit.</strong></span> <span class='ocrx_word' id='word_1_372' title='bbox 1185 1380 1393 1461; x_wconf 91' lang='lat' dir='ltr'><strong>Praecipimos</strong></span> <span class='ocrx_word' id='word_1_373' title='bbox 1423 1383 1544 1444; x_wconf 86' lang='lat' dir='ltr'><strong>tandem</strong></span> <span class='ocrx_word' id='word_1_374' title='bbox 1570 1379 1716 1442; x_wconf 91' lang='lat' dir='ltr'><strong>omnibus</strong></span> <span class='ocrx_word' id='word_1_375' title='bbox 1743 1379 1836 1456; x_wconf 88' lang='lat' dir='ltr'><strong>patri·</strong></span> 
     </span>
     <span class='ocr_line' id='line_1_69' title="bbox 1091 1475 1835 1552; baseline -0.004 -15"><span class='ocrx_word' id='word_1_376' title='bbox 1091 1477 1146 1538; x_wconf 92' lang='lat' dir='ltr'><strong>bus</strong></span> <span class='ocrx_word' id='word_1_377' title='bbox 1164 1492 1197 1537; x_wconf 91' lang='lat' dir='ltr'><strong>ac</strong></span> <span class='ocrx_word' id='word_1_378' title='bbox 1219 1475 1374 1550; x_wconf 90' lang='lat' dir='ltr'><strong>iratribus,</strong></span> <span class='ocrx_word' id='word_1_379' title='bbox 1390 1475 1581 1552; x_wconf 88' lang='lat' dir='ltr'><strong>caeterisque</strong></span> <span class='ocrx_word' id='word_1_380' title='bbox 1601 1489 1691 1536; x_wconf 90' lang='lat' dir='ltr'><strong>curae</strong></span> <span class='ocrx_word' id='word_1_381' title='bbox 1712 1481 1835 1535; x_wconf 87' lang='lat' dir='ltr'><strong>nostrae</strong></span> 
     </span>
     <span class='ocr_line' id='line_1_70' title="bbox 1091 1569 2067 1648; baseline -0.002 -18"><span class='ocrx_word' id='word_1_382' title='bbox 1091 1569 1253 1646; x_wconf 88' lang='lat' dir='ltr'><strong>subiectis,</strong></span> <span class='ocrx_word' id='word_1_383' title='bbox 1283 1570 1342 1631; x_wconf 88' lang='lat' dir='ltr'><strong>illis</strong></span> <span class='ocrx_word' id='word_1_384' title='bbox 1372 1569 1551 1648; x_wconf 90' lang='lat' dir='ltr'><strong>praesertim</strong></span> <span class='ocrx_word' id='word_1_385' title='bbox 1582 1569 1746 1647; x_wconf 88' lang='lat' dir='ltr'><strong>utriusque</strong></span> <span class='ocrx_word' id='word_1_386' title='bbox 1768 1583 1836 1646; x_wconf 92' lang='lat' dir='ltr'><strong>pro·</strong></span> <span class='ocrx_word' id='word_1_387' title='bbox 1867 1581 2067 1648; x_wconf 71' lang='lat' dir='ltr'><strong>uptuncuoooa-</strong></span> 
     </span>
     <span class='ocr_line' id='line_1_71' title="bbox 1092 1636 2068 1747; baseline 0.001 -24"><span class='ocrx_word' id='word_1_388' title='bbox 1092 1662 1210 1724; x_wconf 88' lang='lat' dir='ltr'><strong>vinciae</strong></span> <span class='ocrx_word' id='word_1_389' title='bbox 1225 1671 1286 1725; x_wconf 87' lang='lat' dir='ltr'><strong>tam</strong></span> <span class='ocrx_word' id='word_1_390' title='bbox 1303 1663 1420 1725; x_wconf 88' lang='lat' dir='ltr'><strong>Bosnae</strong></span> <span class='ocrx_word' id='word_1_391' title='bbox 1435 1662 1638 1739; x_wconf 76' lang='lat' dir='ltr'><strong>Argentinae,</strong></span> <span class='ocrx_word' id='word_1_392' title='bbox 1651 1677 1744 1740; x_wconf 91' lang='lat' dir='ltr'><strong>quam</strong></span> <span class='ocrx_word' id='word_1_393' title='bbox 1760 1661 1838 1725; x_wconf 88' lang='lat' dir='ltr'><strong>San·</strong></span> <span class='ocrx_word' id='word_1_394' title='bbox 1855 1637 1999 1737; x_wconf 54' lang='grc' dir='ltr'><strong>ξέξθῗρῗῃῗ</strong></span> <span class='ocrx_word' id='word_1_395' title='bbox 2011 1636 2068 1747; x_wconf 62' lang='grc' dir='ltr'><strong>3ξὲ</strong></span> 
     </span>
     <span class='ocr_line' id='line_1_72' title="bbox 1091 1743 1917 1836; baseline -0.001 -18"><span class='ocrx_word' id='word_1_396' title='bbox 1091 1756 1132 1818; x_wconf 91' lang='lat' dir='ltr'><strong>cti</strong></span> <span class='ocrx_word' id='word_1_397' title='bbox 1154 1757 1311 1819; x_wconf 88' lang='lat' dir='ltr'><strong>loannlsa</strong></span> <span class='ocrx_word' id='word_1_398' title='bbox 1338 1757 1535 1835; x_wconf 89' lang='lat' dir='ltr'><strong>Capistrano,</strong></span> <span class='ocrx_word' id='word_1_399' title='bbox 1558 1765 1593 1819; x_wconf 93' lang='lat' dir='ltr'><strong>ut</strong></span> <span class='ocrx_word' id='word_1_400' title='bbox 1614 1773 1669 1836; x_wconf 88' lang='lat' dir='ltr'><strong>per</strong></span> <span class='ocrx_word' id='word_1_401' title='bbox 1694 1754 1836 1820; x_wconf 90' lang='lat' dir='ltr'><strong>Sanctam</strong></span> <span class='ocrx_word' id='word_1_402' title='bbox 1855 1743 1917 1791; x_wconf 58' lang='lat'>&#39;¹³¹1-</span> 
     </span>
     <span class='ocr_line' id='line_1_73' title="bbox 1093 1849 1837 1929; baseline -0.001 -16"><span class='ocrx_word' id='word_1_403' title='bbox 1093 1850 1317 1926; x_wconf 83' lang='lat' dir='ltr'><strong>obedientiam,</strong></span> <span class='ocrx_word' id='word_1_404' title='bbox 1340 1856 1371 1912; x_wconf 90' lang='lat' dir='ltr'><strong>et</strong></span> <span class='ocrx_word' id='word_1_405' title='bbox 1392 1850 1449 1912; x_wconf 93' lang='lat' dir='ltr'><strong>sub</strong></span> <span class='ocrx_word' id='word_1_406' title='bbox 1470 1849 1578 1929; x_wconf 91' lang='lat' dir='ltr'><strong>poenis</strong></span> <span class='ocrx_word' id='word_1_407' title='bbox 1603 1859 1709 1913; x_wconf 89' lang='lat' dir='ltr'><strong>contra</strong></span> <span class='ocrx_word' id='word_1_408' title='bbox 1732 1851 1837 1913; x_wconf 92' lang='lat' dir='ltr'><strong>inobe-</strong></span> 
     </span>
     <span class='ocr_line' id='line_1_74' title="bbox 1092 1941 1837 2021; baseline 0.001 -17"><span class='ocrx_word' id='word_1_409' title='bbox 1092 1943 1211 2006; x_wconf 88' lang='lat' dir='ltr'><strong>dientes</strong></span> <span class='ocrx_word' id='word_1_410' title='bbox 1232 1943 1311 2018; x_wconf 87' lang='lat' dir='ltr'><strong>latis,</strong></span> <span class='ocrx_word' id='word_1_411' title='bbox 1336 1944 1373 2004; x_wconf 92' lang='lat' dir='ltr'><strong>lis</strong></span> <span class='ocrx_word' id='word_1_412' title='bbox 1395 1943 1508 2005; x_wconf 91' lang='lat' dir='ltr'><strong>nostris</strong></span> <span class='ocrx_word' id='word_1_413' title='bbox 1522 1941 1649 2017; x_wconf 92' lang='lat' dir='ltr'><strong>decreti,</strong></span> <span class='ocrx_word' id='word_1_414' title='bbox 1665 1943 1837 2021; x_wconf 89' lang='lat' dir='ltr'><strong>dispositio·</strong></span> 
     </span>
     <span class='ocr_line' id='line_1_75' title="bbox 1093 2037 1839 2100; baseline 0.001 -3"><span class='ocrx_word' id='word_1_415' title='bbox 1093 2039 1141 2099; x_wconf 91' lang='lat' dir='ltr'><strong>nis</strong></span> <span class='ocrx_word' id='word_1_416' title='bbox 1162 2055 1196 2099; x_wconf 91' lang='lat' dir='ltr'><strong>ac</strong></span> <span class='ocrx_word' id='word_1_417' title='bbox 1218 2037 1423 2100; x_wconf 90' lang='lat' dir='ltr'><strong>institutionis</strong></span> <span class='ocrx_word' id='word_1_418' title='bbox 1447 2037 1558 2099; x_wconf 87' lang='lat' dir='ltr'><strong>litteris</strong></span> <span class='ocrx_word' id='word_1_419' title='bbox 1580 2037 1613 2099; x_wconf 90' lang='lat' dir='ltr'><strong>iu</strong></span> <span class='ocrx_word' id='word_1_420' title='bbox 1634 2037 1779 2100; x_wconf 88' lang='lat' dir='ltr'><strong>omnibus</strong></span> <span class='ocrx_word' id='word_1_421' title='bbox 1796 2044 1839 2098; x_wconf 79' lang='lat' dir='ltr'><strong>et</strong></span> 
     </span>
     <span class='ocr_line' id='line_1_76' title="bbox 1094 2129 1839 2209; baseline -0.005 -15"><span class='ocrx_word' id='word_1_422' title='bbox 1094 2147 1149 2209; x_wconf 89' lang='lat' dir='ltr'><strong>per</strong></span> <span class='ocrx_word' id='word_1_423' title='bbox 1180 2131 1282 2192; x_wconf 91' lang='lat' dir='ltr'><strong>omnia</strong></span> <span class='ocrx_word' id='word_1_424' title='bbox 1313 2130 1531 2209; x_wconf 91' lang='lat' dir='ltr'><strong>obtemperent</strong></span> <span class='ocrx_word' id='word_1_425' title='bbox 1551 2137 1583 2191; x_wconf 91' lang='lat' dir='ltr'><strong>et</strong></span> <span class='ocrx_word' id='word_1_426' title='bbox 1612 2140 1748 2208; x_wconf 89' lang='lat' dir='ltr'><strong>pareant,</strong></span> <span class='ocrx_word' id='word_1_427' title='bbox 1772 2129 1839 2209; x_wconf 94' lang='lat' dir='ltr'><strong>qui·</strong></span> 
     </span>
     <span class='ocr_line' id='line_1_77' title="bbox 1094 2223 1836 2302; baseline -0.004 -17"><span class='ocrx_word' id='word_1_428' title='bbox 1094 2226 1286 2302; x_wconf 75' lang='lat' dir='ltr'><strong>bustumque</strong></span> <span class='ocrx_word' id='word_1_429' title='bbox 1302 2223 1333 2285; x_wconf 92' lang='lat' dir='ltr'><strong>in</strong></span> <span class='ocrx_word' id='word_1_430' title='bbox 1350 2225 1541 2286; x_wconf 88' lang='lat' dir='ltr'><strong>contrarium</strong></span> <span class='ocrx_word' id='word_1_431' title='bbox 1557 2239 1620 2285; x_wconf 94' lang='lat' dir='ltr'><strong>non</strong></span> <span class='ocrx_word' id='word_1_432' title='bbox 1637 2223 1836 2286; x_wconf 82' lang='lat' dir='ltr'><strong>obstantibus</strong></span> 
     </span>
     <span class='ocr_line' id='line_1_78' title="bbox 1095 2317 1839 2380; baseline 0 -2"><span class='ocrx_word' id='word_1_433' title='bbox 1095 2317 1203 2378; x_wconf 87' lang='lat' dir='ltr'><strong>Datum</strong></span> <span class='ocrx_word' id='word_1_434' title='bbox 1233 2317 1347 2379; x_wconf 82' lang='lat' dir='ltr'><strong>Romae</strong></span> <span class='ocrx_word' id='word_1_435' title='bbox 1369 2333 1408 2378; x_wconf 86' lang='lat' dir='ltr'><strong>ex</strong></span> <span class='ocrx_word' id='word_1_436' title='bbox 1429 2317 1567 2379; x_wconf 82' lang='lat' dir='ltr'><strong>hraooeli</strong></span> <span class='ocrx_word' id='word_1_437' title='bbox 1596 2317 1646 2380; x_wconf 90' lang='lat' dir='ltr'><strong>die</strong></span> <span class='ocrx_word' id='word_1_438' title='bbox 1673 2331 1762 2380; x_wconf 86' lang='grc' dir='ltr'>ιιιιιι.</span> <span class='ocrx_word' id='word_1_439' title='bbox 1786 2333 1839 2378; x_wconf 86' lang='grc' dir='ltr'>ιιο-</span> 
     </span>
     <span class='ocr_line' id='line_1_79' title="bbox 1096 2409 1840 2474; baseline 0.001 -4"><span class='ocrx_word' id='word_1_440' title='bbox 1096 2411 1232 2472; x_wconf 89' lang='lat' dir='ltr'><strong>vembris</strong></span> <span class='ocrx_word' id='word_1_441' title='bbox 1260 2411 1334 2473; x_wconf 92' lang='lat' dir='ltr'><strong>anni</strong></span> <span class='ocrx_word' id='word_1_442' title='bbox 1364 2427 1541 2473; x_wconf 78' lang='lat' dir='ltr'><strong>unoetvrn.</strong></span> <span class='ocrx_word' id='word_1_443' title='bbox 1572 2412 1606 2473; x_wconf 79' lang='lat' dir='ltr'><strong>ll.</strong></span> <span class='ocrx_word' id='word_1_444' title='bbox 1634 2409 1781 2474; x_wconf 88' lang='lat' dir='ltr'><strong>Clemens</strong></span> <span class='ocrx_word' id='word_1_445' title='bbox 1801 2409 1840 2472; x_wconf 93' lang='lat' dir='ltr'><strong>de</strong></span> 
     </span>
     <span class='ocr_line' id='line_1_80' title="bbox 1096 2504 1948 2582; baseline -0.004 -16"><span class='ocrx_word' id='word_1_446' title='bbox 1096 2505 1247 2567; x_wconf 90' lang='lat' dir='ltr'><strong>Panormo</strong></span> <span class='ocrx_word' id='word_1_447' title='bbox 1269 2506 1414 2568; x_wconf 88' lang='lat' dir='ltr'><strong>minister</strong></span> <span class='ocrx_word' id='word_1_448' title='bbox 1435 2504 1590 2582; x_wconf 91' lang='lat' dir='ltr'><strong>generalis</strong></span> <span class='ocrx_word' id='word_1_449' title='bbox 1612 2512 1642 2565; x_wconf 92' lang='lat' dir='ltr'><strong>et</strong></span> <span class='ocrx_word' id='word_1_450' title='bbox 1663 2504 1841 2566; x_wconf 86' lang='lat' dir='ltr'><strong>commissa·</strong></span> <span class='ocrx_word' id='word_1_451' title='bbox 1947 2533 1948 2536; x_wconf 18' lang='grc' dir='ltr'>π</span> 
     </span>
     <span class='ocr_line' id='line_1_81' title="bbox 1096 2595 1840 2675; baseline 0 -17"><span class='ocrx_word' id='word_1_452' title='bbox 1096 2598 1160 2659; x_wconf 91' lang='lat' dir='ltr'><strong>rius</strong></span> <span class='ocrx_word' id='word_1_453' title='bbox 1180 2596 1365 2675; x_wconf 87' lang='lat' dir='ltr'><strong>apostolicus</strong></span> <span class='ocrx_word' id='word_1_454' title='bbox 1380 2605 1438 2660; x_wconf 91' lang='lat' dir='ltr'><strong>etc.</strong></span> <span class='ocrx_word' id='word_1_455' title='bbox 1463 2597 1506 2657; x_wconf 83' lang='lat' dir='ltr'><strong>lle</strong></span> <span class='ocrx_word' id='word_1_456' title='bbox 1520 2596 1661 2658; x_wconf 82' lang='lat' dir='ltr'><strong>Mandata</strong></span> <span class='ocrx_word' id='word_1_457' title='bbox 1683 2595 1840 2658; x_wconf 83' lang='lat' dir='ltr'><strong>lieveren-</strong></span> 
     </span>
     <span class='ocr_line' id='line_1_82' title="bbox 1096 2689 1841 2770; baseline -0.001 -17"><span class='ocrx_word' id='word_1_458' title='bbox 1096 2691 1213 2753; x_wconf 89' lang='lat' dir='ltr'><strong>dissimi</strong></span> <span class='ocrx_word' id='word_1_459' title='bbox 1236 2691 1268 2752; x_wconf 91' lang='lat' dir='ltr'><strong>in</strong></span> <span class='ocrx_word' id='word_1_460' title='bbox 1297 2691 1421 2754; x_wconf 88' lang='lat' dir='ltr'><strong>Christo</strong></span> <span class='ocrx_word' id='word_1_461' title='bbox 1449 2690 1554 2770; x_wconf 91' lang='lat' dir='ltr'><strong>patris.</strong></span> <span class='ocrx_word' id='word_1_462' title='bbox 1578 2691 1628 2752; x_wconf 84' lang='lat' dir='ltr'><strong>Fr.</strong></span> <span class='ocrx_word' id='word_1_463' title='bbox 1653 2689 1841 2752; x_wconf 87' lang='lat' dir='ltr'><strong>Vincentius</strong></span> 
     </span>
     <span class='ocr_line' id='line_1_83' title="bbox 1096 2783 1841 2860; baseline 0.001 -14"><span class='ocrx_word' id='word_1_464' title='bbox 1096 2783 1210 2860; x_wconf 84' lang='lat' dir='ltr'><strong>Scutaij</strong></span> <span class='ocrx_word' id='word_1_465' title='bbox 1233 2801 1271 2846; x_wconf 87' lang='lat' dir='ltr'><strong>err</strong></span> <span class='ocrx_word' id='word_1_466' title='bbox 1292 2784 1511 2846; x_wconf 88' lang='lat' dir='ltr'><strong>diliinitoribus</strong></span> <span class='ocrx_word' id='word_1_467' title='bbox 1532 2791 1564 2846; x_wconf 88' lang='lat' dir='ltr'><strong>et</strong></span> <span class='ocrx_word' id='word_1_468' title='bbox 1583 2785 1767 2847; x_wconf 84' lang='lat' dir='ltr'><strong>secretarius</strong></span> <span class='ocrx_word' id='word_1_469' title='bbox 1789 2800 1841 2860; x_wconf 83' lang='lat' dir='ltr'><strong>ge·</strong></span> 
     </span>
     <span class='ocr_line' id='line_1_84' title="bbox 1097 2877 1442 2942; baseline -0.012 -1"><span class='ocrx_word' id='word_1_470' title='bbox 1097 2878 1209 2942; x_wconf 88' lang='lat' dir='ltr'><strong>neralis</strong></span> <span class='ocrx_word' id='word_1_471' title='bbox 1231 2877 1359 2940; x_wconf 90' lang='lat' dir='ltr'><strong>ordinis.</strong></span> <span class='ocrx_word' id='word_1_472' title='bbox 1373 2895 1392 2937; x_wconf 71' lang='lat' dir='ltr'><strong>s</strong></span> <span class='ocrx_word' id='word_1_473' title='bbox 1404 2909 1442 2926; x_wconf 88' lang='lat'>-</span> 
     </span>
     <span class='ocr_line' id='line_1_85' title="bbox 1136 2971 2072 3058; baseline 0.004 -25"><span class='ocrx_word' id='word_1_474' title='bbox 1136 2973 1155 3048; x_wconf 68' lang='grc' dir='ltr'><strong>ἓ</strong></span> <span class='ocrx_word' id='word_1_475' title='bbox 1177 2972 1206 3033; x_wconf 86' lang='grc'><strong>3.</strong></span> <span class='ocrx_word' id='word_1_476' title='bbox 1231 2972 1297 3049; x_wconf 87' lang='lat' dir='ltr'><strong>lpse</strong></span> <span class='ocrx_word' id='word_1_477' title='bbox 1318 2987 1393 3033; x_wconf 88' lang='lat' dir='ltr'><strong>vero</strong></span> <span class='ocrx_word' id='word_1_478' title='bbox 1408 2971 1579 3051; x_wconf 89' lang='lat' dir='ltr'><strong>Philippus,</strong></span> <span class='ocrx_word' id='word_1_479' title='bbox 1595 2988 1656 3050; x_wconf 92' lang='lat' dir='ltr'><strong>quo</strong></span> <span class='ocrx_word' id='word_1_480' title='bbox 1671 2973 1842 3051; x_wconf 89' lang='lat' dir='ltr'><strong>praeinser-</strong></span> <span class='ocrx_word' id='word_1_481' title='bbox 1886 3003 1972 3048; x_wconf 59' lang='lat' dir='ltr'><strong>pm„</strong></span> <span class='ocrx_word' id='word_1_482' title='bbox 1988 3011 2072 3058; x_wconf 71' lang='lat' dir='ltr'><strong>porro-</strong></span> 
     </span>
     <span class='ocr_line' id='line_1_86' title="bbox 1098 3055 2072 3140; baseline 0 -12"><span class='ocrx_word' id='word_1_483' title='bbox 1098 3075 1165 3128; x_wconf 92' lang='lat' dir='ltr'><strong>tum</strong></span> <span class='ocrx_word' id='word_1_484' title='bbox 1187 3066 1347 3128; x_wconf 88' lang='lat' dir='ltr'><strong>decretum</strong></span> <span class='ocrx_word' id='word_1_485' title='bbox 1368 3065 1489 3126; x_wconf 83' lang='lat' dir='ltr'><strong>nunnius</strong></span> <span class='ocrx_word' id='word_1_486' title='bbox 1509 3065 1665 3140; x_wconf 88' lang='lat' dir='ltr'><strong>subsistat,</strong></span> <span class='ocrx_word' id='word_1_487' title='bbox 1687 3075 1718 3130; x_wconf 90' lang='lat' dir='ltr'><strong>et</strong></span> <span class='ocrx_word' id='word_1_488' title='bbox 1738 3083 1842 3130; x_wconf 88' lang='lat' dir='ltr'><strong>serve·</strong></span> <span class='ocrx_word' id='word_1_489' title='bbox 1860 3061 1915 3100; x_wconf 69' lang='lat'><strong>⁰¹³⁰</strong></span> <span class='ocrx_word' id='word_1_490' title='bbox 1929 3055 2072 3111; x_wconf 74' lang='lat' dir='ltr'><strong>proconn-</strong></span> 
     </span>
    </p>
   </div>
   <div class='ocr_carea' id='block_1_13' title="bbox 1100 3107 2072 3236">
    <p class='ocr_par' dir='ltr' id='par_1_13' title="bbox 1100 3107 2072 3236">
     <span class='ocr_line' id='line_1_87' title="bbox 1100 3107 2072 3236; baseline -0.005 -16"><span class='ocrx_word' id='word_1_491' title='bbox 1100 3166 1149 3220; x_wconf 91' lang='lat' dir='ltr'><strong>tur</strong></span> <span class='ocrx_word' id='word_1_492' title='bbox 1171 3159 1306 3220; x_wconf 87' lang='lat' dir='ltr'><strong>exactius</strong></span> <span class='ocrx_word' id='word_1_493' title='bbox 1321 3157 1502 3236; x_wconf 89' lang='lat' dir='ltr'><strong>apostolicae</strong></span> <span class='ocrx_word' id='word_1_494' title='bbox 1523 3159 1766 3223; x_wconf 86' lang='lat' dir='ltr'><strong>confirmationis</strong></span> <span class='ocrx_word' id='word_1_495' title='bbox 1787 3177 1842 3223; x_wconf 93' lang='lat' dir='ltr'><strong>no-</strong></span> <span class='ocrx_word' id='word_1_496' title='bbox 1860 3107 2072 3218; x_wconf 49' lang='lat' dir='ltr'><strong>ffitrssgletffiffi</strong></span> 
     </span>
    </p>
   </div>
   <div class='ocr_carea' id='block_1_14' title="bbox 1097 3214 2077 6064">
    <p class='ocr_par' dir='ltr' id='par_1_14' title="bbox 1097 3214 2072 3426">
     <span class='ocr_line' id='line_1_88' title="bbox 1097 3214 2072 3330; baseline 0 -16"><span class='ocrx_word' id='word_1_497' title='bbox 1097 3259 1178 3314; x_wconf 86' lang='lat' dir='ltr'><strong>strae</strong></span> <span class='ocrx_word' id='word_1_498' title='bbox 1198 3250 1350 3330; x_wconf 91' lang='lat' dir='ltr'><strong>praesidio</strong></span> <span class='ocrx_word' id='word_1_499' title='bbox 1365 3251 1554 3313; x_wconf 89' lang='lat' dir='ltr'><strong>communiri</strong></span> <span class='ocrx_word' id='word_1_500' title='bbox 1576 3250 1748 3330; x_wconf 88' lang='lat' dir='ltr'><strong>plurimum</strong></span> <span class='ocrx_word' id='word_1_501' title='bbox 1764 3256 1842 3318; x_wconf 79' lang='lat' dir='ltr'><strong>desi-</strong></span> <span class='ocrx_word' id='word_1_502' title='bbox 1859 3214 1993 3316; x_wconf 52' lang='grc' dir='ltr'><strong>ῗιοῗίιὲῗᾱθ</strong></span> <span class='ocrx_word' id='word_1_503' title='bbox 2007 3215 2072 3262; x_wconf 52' lang='grc' dir='ltr'><strong>Μ’</strong></span> 
     </span>
     <span class='ocr_line' id='line_1_89' title="bbox 1097 3343 1845 3426; baseline 0.007 -20"><span class='ocrx_word' id='word_1_504' title='bbox 1097 3343 1194 3406; x_wconf 88' lang='lat' dir='ltr'><strong>deret.</strong></span> <span class='ocrx_word' id='word_1_505' title='bbox 1220 3344 1280 3406; x_wconf 94' lang='lat' dir='ltr'><strong>Nos</strong></span> <span class='ocrx_word' id='word_1_506' title='bbox 1302 3345 1399 3422; x_wconf 89' lang='lat' dir='ltr'><strong>igitur</strong></span> <span class='ocrx_word' id='word_1_507' title='bbox 1413 3344 1517 3420; x_wconf 90' lang='lat' dir='ltr'><strong>ipsum</strong></span> <span class='ocrx_word' id='word_1_508' title='bbox 1532 3344 1708 3424; x_wconf 91' lang='lat' dir='ltr'><strong>Philippum</strong></span> <span class='ocrx_word' id='word_1_509' title='bbox 1729 3349 1845 3426; x_wconf 89' lang='lat' dir='ltr'><strong>specia-</strong></span> 
     </span>
    </p>

    <p class='ocr_par' dir='ltr' id='par_1_15' title="bbox 1099 3437 1841 3517">
     <span class='ocr_line' id='line_1_90' title="bbox 1099 3437 1841 3517; baseline 0.005 -17"><span class='ocrx_word' id='word_1_510' title='bbox 1099 3438 1179 3501; x_wconf 92' lang='lat' dir='ltr'><strong>libus</strong></span> <span class='ocrx_word' id='word_1_511' title='bbox 1194 3438 1349 3502; x_wconf 88' lang='lat' dir='ltr'><strong>lavoribus</strong></span> <span class='ocrx_word' id='word_1_512' title='bbox 1361 3445 1392 3499; x_wconf 89' lang='lat' dir='ltr'><strong>et</strong></span> <span class='ocrx_word' id='word_1_513' title='bbox 1413 3437 1521 3514; x_wconf 87' lang='lat' dir='ltr'><strong>gratiis</strong></span> <span class='ocrx_word' id='word_1_514' title='bbox 1532 3440 1673 3517; x_wconf 92' lang='lat' dir='ltr'><strong>prosequi</strong></span> <span class='ocrx_word' id='word_1_515' title='bbox 1689 3440 1841 3517; x_wconf 70' lang='lat' dir='ltr'><strong>volentes</strong></span> 
     </span>
    </p>

    <p class='ocr_par' dir='ltr' id='par_1_16' title="bbox 1099 3531 1843 3610">
     <span class='ocr_line' id='line_1_91' title="bbox 1099 3531 1843 3610; baseline 0.007 -18"><span class='ocrx_word' id='word_1_516' title='bbox 1099 3541 1130 3593; x_wconf 87' lang='lat' dir='ltr'><strong>et</strong></span> <span class='ocrx_word' id='word_1_517' title='bbox 1150 3548 1165 3592; x_wconf 94' lang='lat' dir='ltr'><strong>a</strong></span> <span class='ocrx_word' id='word_1_518' title='bbox 1187 3531 1348 3610; x_wconf 91' lang='lat' dir='ltr'><strong>quibusvis</strong></span> <span class='ocrx_word' id='word_1_519' title='bbox 1373 3531 1720 3609; x_wconf 79' lang='lat' dir='ltr'><strong>excommnuicationis,</strong></span> <span class='ocrx_word' id='word_1_520' title='bbox 1744 3542 1775 3596; x_wconf 92' lang='lat' dir='ltr'><strong>et</strong></span> <span class='ocrx_word' id='word_1_521' title='bbox 1796 3535 1843 3596; x_wconf 92' lang='lat' dir='ltr'><strong>in·</strong></span> 
     </span>
    </p>

    <p class='ocr_par' dir='ltr' id='par_1_17' title="bbox 1100 3622 1841 3703">
     <span class='ocr_line' id='line_1_92' title="bbox 1100 3622 1841 3703; baseline 0.008 -19"><span class='ocrx_word' id='word_1_522' title='bbox 1100 3625 1236 3700; x_wconf 90' lang='lat' dir='ltr'><strong>terdicti,</strong></span> <span class='ocrx_word' id='word_1_523' title='bbox 1267 3623 1397 3703; x_wconf 90' lang='lat' dir='ltr'><strong>aliisque</strong></span> <span class='ocrx_word' id='word_1_524' title='bbox 1426 3622 1637 3688; x_wconf 88' lang='lat' dir='ltr'><strong>ecclesiasticis</strong></span> <span class='ocrx_word' id='word_1_525' title='bbox 1664 3629 1841 3703; x_wconf 91' lang='lat' dir='ltr'><strong>sententiis,</strong></span> 
     </span>
    </p>

    <p class='ocr_par' dir='ltr' id='par_1_18' title="bbox 1097 3718 2074 3986">
     <span class='ocr_line' id='line_1_93' title="bbox 1098 3718 2074 3807; baseline 0.002 -27"><span class='ocrx_word' id='word_1_526' title='bbox 1098 3719 1238 3780; x_wconf 89' lang='lat' dir='ltr'><strong>censuris</strong></span> <span class='ocrx_word' id='word_1_527' title='bbox 1257 3725 1289 3780; x_wconf 89' lang='lat' dir='ltr'><strong>et</strong></span> <span class='ocrx_word' id='word_1_528' title='bbox 1315 3718 1423 3796; x_wconf 91' lang='lat' dir='ltr'><strong>poenis</strong></span> <span class='ocrx_word' id='word_1_529' title='bbox 1445 3734 1460 3778; x_wconf 93' lang='lat' dir='ltr'><strong>a</strong></span> <span class='ocrx_word' id='word_1_530' title='bbox 1482 3719 1550 3780; x_wconf 91' lang='lat' dir='ltr'><strong>iure</strong></span> <span class='ocrx_word' id='word_1_531' title='bbox 1570 3718 1621 3807; x_wconf 70' lang='lat' dir='ltr'><strong>pel</strong></span> <span class='ocrx_word' id='word_1_532' title='bbox 1642 3719 1679 3781; x_wconf 92' lang='lat' dir='ltr'><strong>ab</strong></span> <span class='ocrx_word' id='word_1_533' title='bbox 1703 3721 1841 3797; x_wconf 90' lang='lat' dir='ltr'><strong>homine,</strong></span> <span class='ocrx_word' id='word_1_534' title='bbox 1900 3750 2034 3800; x_wconf 52' lang='lat' dir='ltr'><strong>mgni,</strong></span> <span class='ocrx_word' id='word_1_535' title='bbox 2057 3763 2074 3799; x_wconf 77' lang='lat'><strong>,</strong></span> 
     </span>
     <span class='ocr_line' id='line_1_94' title="bbox 1098 3805 1984 3893; baseline 0.003 -18"><span class='ocrx_word' id='word_1_536' title='bbox 1098 3814 1206 3893; x_wconf 90' lang='lat' dir='ltr'><strong>quavis</strong></span> <span class='ocrx_word' id='word_1_537' title='bbox 1228 3815 1386 3876; x_wconf 87' lang='lat' dir='ltr'><strong>occasione</strong></span> <span class='ocrx_word' id='word_1_538' title='bbox 1407 3812 1459 3874; x_wconf 86' lang='lat' dir='ltr'><strong>vel</strong></span> <span class='ocrx_word' id='word_1_539' title='bbox 1480 3829 1567 3876; x_wconf 86' lang='lat' dir='ltr'><strong>causa</strong></span> <span class='ocrx_word' id='word_1_540' title='bbox 1590 3811 1671 3889; x_wconf 88' lang='lat' dir='ltr'><strong>latis,</strong></span> <span class='ocrx_word' id='word_1_541' title='bbox 1684 3815 1710 3876; x_wconf 92' lang='lat' dir='ltr'><strong>si</strong></span> <span class='ocrx_word' id='word_1_542' title='bbox 1731 3815 1843 3892; x_wconf 86' lang='lat' dir='ltr'><strong>quibus</strong></span> <span class='ocrx_word' id='word_1_543' title='bbox 1861 3805 1984 3852; x_wconf 74' lang='lat'><strong>⁰⁰¹¹⁵¹¹¹¹⁵·</strong></span> 
     </span>
     <span class='ocr_line' id='line_1_95' title="bbox 1097 3907 1843 3986; baseline 0.001 -16"><span class='ocrx_word' id='word_1_544' title='bbox 1097 3907 1329 3986; x_wconf 91' lang='lat' dir='ltr'><strong>quomodolibet</strong></span> <span class='ocrx_word' id='word_1_545' title='bbox 1343 3907 1508 3970; x_wconf 88' lang='lat' dir='ltr'><strong>innodatus</strong></span> <span class='ocrx_word' id='word_1_546' title='bbox 1522 3908 1638 3982; x_wconf 81' lang='lat' dir='ltr'><strong>euistit,</strong></span> <span class='ocrx_word' id='word_1_547' title='bbox 1651 3909 1686 3970; x_wconf 92' lang='lat' dir='ltr'><strong>ad</strong></span> <span class='ocrx_word' id='word_1_548' title='bbox 1698 3907 1843 3971; x_wconf 87' lang='lat' dir='ltr'><strong>ellectum</strong></span> 
     </span>
    </p>

    <p class='ocr_par' dir='ltr' id='par_1_19' title="bbox 1100 4001 1841 4080">
     <span class='ocr_line' id='line_1_96' title="bbox 1100 4001 1841 4080; baseline 0.003 -18"><span class='ocrx_word' id='word_1_549' title='bbox 1100 4001 1308 4080; x_wconf 86' lang='lat' dir='ltr'><strong>praesentium</strong></span> <span class='ocrx_word' id='word_1_550' title='bbox 1325 4010 1445 4064; x_wconf 87' lang='lat' dir='ltr'><strong>tantum</strong></span> <span class='ocrx_word' id='word_1_551' title='bbox 1461 4003 1715 4080; x_wconf 89' lang='lat' dir='ltr'><strong>consequendum</strong></span> <span class='ocrx_word' id='word_1_552' title='bbox 1730 4002 1841 4064; x_wconf 89' lang='lat' dir='ltr'><strong>harum</strong></span> 
     </span>
    </p>

    <p class='ocr_par' dir='ltr' id='par_1_20' title="bbox 1098 4093 1843 4161">
     <span class='ocr_line' id='line_1_97' title="bbox 1098 4093 1843 4161; baseline 0.004 -5"><span class='ocrx_word' id='word_1_553' title='bbox 1098 4100 1180 4161; x_wconf 88' lang='lat' dir='ltr'><strong>serie</strong></span> <span class='ocrx_word' id='word_1_554' title='bbox 1206 4093 1400 4157; x_wconf 88' lang='lat' dir='ltr'><strong>absolventes</strong></span> <span class='ocrx_word' id='word_1_555' title='bbox 1421 4100 1452 4156; x_wconf 90' lang='lat' dir='ltr'><strong>et</strong></span> <span class='ocrx_word' id='word_1_556' title='bbox 1476 4094 1651 4156; x_wconf 91' lang='lat' dir='ltr'><strong>absolutum</strong></span> <span class='ocrx_word' id='word_1_557' title='bbox 1678 4094 1744 4156; x_wconf 90' lang='lat' dir='ltr'><strong>lore</strong></span> <span class='ocrx_word' id='word_1_558' title='bbox 1772 4112 1843 4159; x_wconf 89' lang='lat' dir='ltr'><strong>cen·</strong></span> 
     </span>
    </p>

    <p class='ocr_par' dir='ltr' id='par_1_21' title="bbox 1098 4188 1842 4268">
     <span class='ocr_line' id='line_1_98' title="bbox 1098 4188 1842 4268; baseline 0 -16"><span class='ocrx_word' id='word_1_559' title='bbox 1098 4199 1221 4266; x_wconf 89' lang='lat' dir='ltr'><strong>sentes,</strong></span> <span class='ocrx_word' id='word_1_560' title='bbox 1250 4188 1525 4268; x_wconf 88' lang='lat' dir='ltr'><strong>supplicationibus</strong></span> <span class='ocrx_word' id='word_1_561' title='bbox 1550 4203 1673 4267; x_wconf 90' lang='lat' dir='ltr'><strong>quoque</strong></span> <span class='ocrx_word' id='word_1_562' title='bbox 1700 4190 1766 4252; x_wconf 89' lang='lat' dir='ltr'><strong>eius</strong></span> <span class='ocrx_word' id='word_1_563' title='bbox 1788 4206 1842 4253; x_wconf 94' lang='lat' dir='ltr'><strong>no-</strong></span> 
     </span>
    </p>

    <p class='ocr_par' dir='ltr' id='par_1_22' title="bbox 1100 4283 1843 4362">
     <span class='ocr_line' id='line_1_99' title="bbox 1100 4283 1843 4362; baseline -0.003 -14"><span class='ocrx_word' id='word_1_564' title='bbox 1100 4288 1186 4348; x_wconf 91' lang='lat' dir='ltr'><strong>mine</strong></span> <span class='ocrx_word' id='word_1_565' title='bbox 1207 4285 1295 4348; x_wconf 90' lang='lat' dir='ltr'><strong>nobis</strong></span> <span class='ocrx_word' id='word_1_566' title='bbox 1316 4298 1409 4361; x_wconf 91' lang='lat' dir='ltr'><strong>super</strong></span> <span class='ocrx_word' id='word_1_567' title='bbox 1429 4285 1486 4344; x_wconf 90' lang='lat' dir='ltr'><strong>boc</strong></span> <span class='ocrx_word' id='word_1_568' title='bbox 1511 4283 1673 4346; x_wconf 90' lang='lat' dir='ltr'><strong>humiliter</strong></span> <span class='ocrx_word' id='word_1_569' title='bbox 1694 4285 1843 4362; x_wconf 86' lang='lat' dir='ltr'><strong>porrectis</strong></span> 
     </span>
    </p>

    <p class='ocr_par' dir='ltr' id='par_1_23' title="bbox 1099 4376 1843 4456">
     <span class='ocr_line' id='line_1_100' title="bbox 1099 4376 1843 4456; baseline -0.003 -16"><span class='ocrx_word' id='word_1_570' title='bbox 1099 4379 1250 4452; x_wconf 86' lang='lat' dir='ltr'><strong>inclinati,</strong></span> <span class='ocrx_word' id='word_1_571' title='bbox 1265 4377 1493 4456; x_wconf 91' lang='lat' dir='ltr'><strong>praeinsertum</strong></span> <span class='ocrx_word' id='word_1_572' title='bbox 1513 4377 1653 4440; x_wconf 91' lang='lat' dir='ltr'><strong>eiusdem</strong></span> <span class='ocrx_word' id='word_1_573' title='bbox 1675 4376 1843 4440; x_wconf 87' lang='lat' dir='ltr'><strong>Clementis</strong></span> 
     </span>
    </p>

    <p class='ocr_par' dir='ltr' id='par_1_24' title="bbox 1099 4470 1843 4546">
     <span class='ocr_line' id='line_1_101' title="bbox 1099 4470 1843 4546; baseline -0.005 -11"><span class='ocrx_word' id='word_1_574' title='bbox 1099 4472 1231 4536; x_wconf 88' lang='lat' dir='ltr'><strong>llinistri</strong></span> <span class='ocrx_word' id='word_1_575' title='bbox 1248 4471 1408 4534; x_wconf 85' lang='lat' dir='ltr'><strong>Generalis</strong></span> <span class='ocrx_word' id='word_1_576' title='bbox 1425 4472 1596 4546; x_wconf 87' lang='lat' dir='ltr'><strong>decretum,</strong></span> <span class='ocrx_word' id='word_1_577' title='bbox 1612 4486 1682 4532; x_wconf 91' lang='lat' dir='ltr'><strong>cum</strong></span> <span class='ocrx_word' id='word_1_578' title='bbox 1698 4470 1843 4533; x_wconf 90' lang='lat' dir='ltr'><strong>omnibus</strong></span> 
     </span>
    </p>

    <p class='ocr_par' dir='ltr' id='par_1_25' title="bbox 1099 4564 1843 4644">
     <span class='ocr_line' id='line_1_102' title="bbox 1099 4564 1843 4644; baseline -0.003 -16"><span class='ocrx_word' id='word_1_579' title='bbox 1099 4577 1130 4630; x_wconf 85' lang='lat' dir='ltr'><strong>ot</strong></span> <span class='ocrx_word' id='word_1_580' title='bbox 1159 4566 1289 4643; x_wconf 85' lang='lat' dir='ltr'><strong>singulis</strong></span> <span class='ocrx_word' id='word_1_581' title='bbox 1318 4565 1352 4626; x_wconf 91' lang='lat' dir='ltr'><strong>in</strong></span> <span class='ocrx_word' id='word_1_582' title='bbox 1380 4580 1417 4626; x_wconf 92' lang='lat' dir='ltr'><strong>eo</strong></span> <span class='ocrx_word' id='word_1_583' title='bbox 1443 4564 1600 4626; x_wconf 89' lang='lat' dir='ltr'><strong>contentis</strong></span> <span class='ocrx_word' id='word_1_584' title='bbox 1630 4570 1661 4626; x_wconf 91' lang='lat' dir='ltr'><strong>et</strong></span> <span class='ocrx_word' id='word_1_585' title='bbox 1692 4564 1843 4644; x_wconf 83' lang='lat' dir='ltr'><strong>expressis</strong></span> 
     </span>
    </p>

    <p class='ocr_par' dir='ltr' id='par_1_26' title="bbox 1099 4658 1843 4738">
     <span class='ocr_line' id='line_1_103' title="bbox 1099 4658 1843 4738; baseline -0.004 -17"><span class='ocrx_word' id='word_1_586' title='bbox 1099 4661 1279 4723; x_wconf 88' lang='lat' dir='ltr'><strong>auctoritate</strong></span> <span class='ocrx_word' id='word_1_587' title='bbox 1302 4659 1476 4738; x_wconf 89' lang='lat' dir='ltr'><strong>apostolica,</strong></span> <span class='ocrx_word' id='word_1_588' title='bbox 1499 4666 1607 4719; x_wconf 88' lang='lat' dir='ltr'><strong>tenore</strong></span> <span class='ocrx_word' id='word_1_589' title='bbox 1632 4658 1843 4736; x_wconf 90' lang='lat' dir='ltr'><strong>praesentium</strong></span> 
     </span>
    </p>

    <p class='ocr_par' dir='ltr' id='par_1_27' title="bbox 1100 4735 2076 5116">
     <span class='ocr_line' id='line_1_104' title="bbox 1100 4735 2076 4838; baseline -0.003 -22"><span class='ocrx_word' id='word_1_590' title='bbox 1100 4755 1303 4834; x_wconf 85' lang='lat' dir='ltr'><strong>approbamus</strong></span> <span class='ocrx_word' id='word_1_591' title='bbox 1334 4764 1364 4816; x_wconf 92' lang='lat' dir='ltr'><strong>et</strong></span> <span class='ocrx_word' id='word_1_592' title='bbox 1393 4735 1631 4827; x_wconf 74' lang='lat' dir='ltr'><strong>confirmamus,</strong></span> <span class='ocrx_word' id='word_1_593' title='bbox 1659 4751 1766 4830; x_wconf 92' lang='lat' dir='ltr'><strong>illique</strong></span> <span class='ocrx_word' id='word_1_594' title='bbox 1797 4751 1843 4814; x_wconf 93' lang='lat' dir='ltr'><strong>in·</strong></span> <span class='ocrx_word' id='word_1_595' title='bbox 1880 4783 1915 4838; x_wconf 54' lang='lat' dir='ltr'><strong>A,</strong></span> <span class='ocrx_word' id='word_1_596' title='bbox 1935 4781 2076 4829; x_wconf 76' lang='lat' dir='ltr'><strong>robauooc</strong></span> 
     </span>
     <span class='ocr_line' id='line_1_105' title="bbox 1101 4791 2076 4936; baseline -0.008 -23"><span class='ocrx_word' id='word_1_597' title='bbox 1101 4851 1251 4913; x_wconf 91' lang='lat' dir='ltr'><strong>violabilis</strong></span> <span class='ocrx_word' id='word_1_598' title='bbox 1275 4849 1454 4928; x_wconf 90' lang='lat' dir='ltr'><strong>apostolicae</strong></span> <span class='ocrx_word' id='word_1_599' title='bbox 1476 4847 1631 4910; x_wconf 83' lang='lat' dir='ltr'><strong>firmitatis</strong></span> <span class='ocrx_word' id='word_1_600' title='bbox 1655 4846 1751 4908; x_wconf 91' lang='lat' dir='ltr'><strong>robur</strong></span> <span class='ocrx_word' id='word_1_601' title='bbox 1771 4846 1844 4907; x_wconf 91' lang='lat' dir='ltr'><strong>adil·</strong></span> <span class='ocrx_word' id='word_1_602' title='bbox 1862 4791 2076 4936; x_wconf 47' lang='lat' dir='ltr'><strong>gssgffmffiffiffii·</strong></span> 
     </span>
     <span class='ocr_line' id='line_1_106' title="bbox 1100 4940 1998 5023; baseline -0.008 -15"><span class='ocrx_word' id='word_1_603' title='bbox 1100 4948 1209 5020; x_wconf 87' lang='lat' dir='ltr'><strong>cimus,</strong></span> <span class='ocrx_word' id='word_1_604' title='bbox 1233 4959 1403 5023; x_wconf 90' lang='lat' dir='ltr'><strong>omnesque</strong></span> <span class='ocrx_word' id='word_1_605' title='bbox 1417 4951 1449 5004; x_wconf 92' lang='lat' dir='ltr'><strong>et</strong></span> <span class='ocrx_word' id='word_1_606' title='bbox 1462 4942 1603 5018; x_wconf 84' lang='lat' dir='ltr'><strong>singulos</strong></span> <span class='ocrx_word' id='word_1_607' title='bbox 1624 4940 1700 5001; x_wconf 89' lang='lat' dir='ltr'><strong>iuris</strong></span> <span class='ocrx_word' id='word_1_608' title='bbox 1721 4949 1752 5001; x_wconf 91' lang='lat' dir='ltr'><strong>et</strong></span> <span class='ocrx_word' id='word_1_609' title='bbox 1773 4940 1844 5004; x_wconf 90' lang='lat' dir='ltr'><strong>lacti</strong></span> <span class='ocrx_word' id='word_1_610' title='bbox 1862 4942 1998 4989; x_wconf 77' lang='lat' dir='ltr'><strong>ueneratus.</strong></span> 
     </span>
     <span class='ocr_line' id='line_1_107' title="bbox 1101 5035 1844 5116; baseline -0.004 -13"><span class='ocrx_word' id='word_1_611' title='bbox 1101 5041 1250 5114; x_wconf 89' lang='lat' dir='ltr'><strong>delectus,</strong></span> <span class='ocrx_word' id='word_1_612' title='bbox 1271 5039 1298 5100; x_wconf 92' lang='lat' dir='ltr'><strong>si</strong></span> <span class='ocrx_word' id='word_1_613' title='bbox 1319 5039 1371 5116; x_wconf 92' lang='lat' dir='ltr'><strong>qui</strong></span> <span class='ocrx_word' id='word_1_614' title='bbox 1393 5038 1525 5114; x_wconf 90' lang='lat' dir='ltr'><strong>desuper</strong></span> <span class='ocrx_word' id='word_1_615' title='bbox 1545 5035 1776 5114; x_wconf 86' lang='lat' dir='ltr'><strong>quomodolibet</strong></span> <span class='ocrx_word' id='word_1_616' title='bbox 1798 5038 1844 5100; x_wconf 94' lang='lat' dir='ltr'><strong>in·</strong></span> 
     </span>
    </p>

    <p class='ocr_par' dir='ltr' id='par_1_28' title="bbox 1103 5131 1737 5212">
     <span class='ocr_line' id='line_1_108' title="bbox 1103 5131 1737 5212; baseline -0.009 -16"><span class='ocrx_word' id='word_1_617' title='bbox 1103 5135 1311 5208; x_wconf 86' lang='lat' dir='ltr'><strong>terreberint,</strong></span> <span class='ocrx_word' id='word_1_618' title='bbox 1332 5131 1512 5212; x_wconf 88' lang='lat' dir='ltr'><strong>supplemus</strong></span> <span class='ocrx_word' id='word_1_619' title='bbox 1534 5140 1564 5195; x_wconf 87' lang='lat' dir='ltr'><strong>et</strong></span> <span class='ocrx_word' id='word_1_620' title='bbox 1584 5147 1737 5195; x_wconf 87' lang='lat' dir='ltr'><strong>sanamus.</strong></span> 
     </span>
    </p>

    <p class='ocr_par' dir='ltr' id='par_1_29' title="bbox 1100 5226 2076 5872">
     <span class='ocr_line' id='line_1_109' title="bbox 1140 5226 2076 5304; baseline 0 -16"><span class='ocrx_word' id='word_1_621' title='bbox 1140 5227 1208 5304; x_wconf 73' lang='lat' dir='ltr'><strong>§b</strong></span> <span class='ocrx_word' id='word_1_622' title='bbox 1234 5227 1441 5290; x_wconf 85' lang='lat' dir='ltr'><strong>Decernentes</strong></span> <span class='ocrx_word' id='word_1_623' title='bbox 1463 5226 1584 5287; x_wconf 91' lang='lat' dir='ltr'><strong>easdem</strong></span> <span class='ocrx_word' id='word_1_624' title='bbox 1612 5234 1787 5304; x_wconf 88' lang='lat' dir='ltr'><strong>praesentes</strong></span> <span class='ocrx_word' id='word_1_625' title='bbox 1808 5226 1846 5287; x_wconf 90' lang='lat' dir='ltr'><strong>li·</strong></span> <span class='ocrx_word' id='word_1_626' title='bbox 1871 5241 2076 5298; x_wconf 73' lang='lat' dir='ltr'><strong>clausuraspro-</strong></span> 
     </span>
     <span class='ocr_line' id='line_1_110' title="bbox 1101 5297 2076 5407; baseline -0.008 -18"><span class='ocrx_word' id='word_1_627' title='bbox 1101 5335 1180 5390; x_wconf 89' lang='lat' dir='ltr'><strong>teras</strong></span> <span class='ocrx_word' id='word_1_628' title='bbox 1195 5337 1317 5402; x_wconf 86' lang='lat' dir='ltr'><strong>semper</strong></span> <span class='ocrx_word' id='word_1_629' title='bbox 1332 5323 1448 5397; x_wconf 83' lang='lat' dir='ltr'><strong>firmas,</strong></span> <span class='ocrx_word' id='word_1_630' title='bbox 1466 5321 1579 5383; x_wconf 89' lang='lat' dir='ltr'><strong>validas</strong></span> <span class='ocrx_word' id='word_1_631' title='bbox 1594 5329 1625 5384; x_wconf 89' lang='lat' dir='ltr'><strong>et</strong></span> <span class='ocrx_word' id='word_1_632' title='bbox 1637 5321 1771 5382; x_wconf 83' lang='lat' dir='ltr'><strong>efficaces</strong></span> <span class='ocrx_word' id='word_1_633' title='bbox 1781 5321 1846 5382; x_wconf 87' lang='lat' dir='ltr'><strong>erti-</strong></span> <span class='ocrx_word' id='word_1_634' title='bbox 1862 5297 2001 5407; x_wconf 51' lang='grc' dir='ltr'><strong>ἷῗζῗῧω</strong></span> <span class='ocrx_word' id='word_1_635' title='bbox 2027 5305 2076 5353; x_wconf 72' lang='lat'><strong>⁸¹³*</strong></span> 
     </span>
     <span class='ocr_line' id='line_1_111' title="bbox 1100 5409 1845 5494; baseline -0.009 -12"><span class='ocrx_word' id='word_1_636' title='bbox 1100 5427 1182 5482; x_wconf 89' lang='lat' dir='ltr'><strong>stere</strong></span> <span class='ocrx_word' id='word_1_637' title='bbox 1203 5426 1235 5480; x_wconf 88' lang='lat' dir='ltr'><strong>et</strong></span> <span class='ocrx_word' id='word_1_638' title='bbox 1256 5417 1333 5492; x_wconf 86' lang='lat' dir='ltr'><strong>lore,</strong></span> <span class='ocrx_word' id='word_1_639' title='bbox 1345 5431 1479 5494; x_wconf 91' lang='lat' dir='ltr'><strong>suosque</strong></span> <span class='ocrx_word' id='word_1_640' title='bbox 1494 5414 1649 5493; x_wconf 91' lang='lat' dir='ltr'><strong>plenarios</strong></span> <span class='ocrx_word' id='word_1_641' title='bbox 1661 5422 1692 5474; x_wconf 90' lang='lat' dir='ltr'><strong>et</strong></span> <span class='ocrx_word' id='word_1_642' title='bbox 1707 5409 1845 5490; x_wconf 83' lang='lat' dir='ltr'><strong>integros</strong></span> 
     </span>
     <span class='ocr_line' id='line_1_112' title="bbox 1101 5506 1844 5587; baseline -0.011 -13"><span class='ocrx_word' id='word_1_643' title='bbox 1101 5513 1228 5574; x_wconf 85' lang='lat' dir='ltr'><strong>allectus</strong></span> <span class='ocrx_word' id='word_1_644' title='bbox 1240 5511 1341 5573; x_wconf 91' lang='lat' dir='ltr'><strong>sortiri</strong></span> <span class='ocrx_word' id='word_1_645' title='bbox 1355 5517 1385 5570; x_wconf 91' lang='lat' dir='ltr'><strong>et</strong></span> <span class='ocrx_word' id='word_1_646' title='bbox 1396 5509 1549 5583; x_wconf 86' lang='lat' dir='ltr'><strong>obtinere,</strong></span> <span class='ocrx_word' id='word_1_647' title='bbox 1561 5523 1593 5568; x_wconf 88' lang='lat' dir='ltr'><strong>ao</strong></span> <span class='ocrx_word' id='word_1_648' title='bbox 1604 5506 1750 5570; x_wconf 88' lang='lat' dir='ltr'><strong>lratribus</strong></span> <span class='ocrx_word' id='word_1_649' title='bbox 1761 5522 1844 5587; x_wconf 87' lang='lat' dir='ltr'><strong>prae·</strong></span> 
     </span>
     <span class='ocr_line' id='line_1_113' title="bbox 1102 5599 1843 5683; baseline -0.009 -14"><span class='ocrx_word' id='word_1_650' title='bbox 1102 5606 1190 5669; x_wconf 89' lang='lat' dir='ltr'><strong>dictis</strong></span> <span class='ocrx_word' id='word_1_651' title='bbox 1210 5604 1389 5683; x_wconf 91' lang='lat' dir='ltr'><strong>plenissime</strong></span> <span class='ocrx_word' id='word_1_652' title='bbox 1411 5601 1584 5678; x_wconf 79' lang='lat' dir='ltr'><strong>suffragari,</strong></span> <span class='ocrx_word' id='word_1_653' title='bbox 1608 5611 1639 5664; x_wconf 89' lang='lat' dir='ltr'><strong>et</strong></span> <span class='ocrx_word' id='word_1_654' title='bbox 1660 5600 1697 5661; x_wconf 92' lang='lat' dir='ltr'><strong>ab</strong></span> <span class='ocrx_word' id='word_1_655' title='bbox 1716 5599 1790 5674; x_wconf 91' lang='lat' dir='ltr'><strong>illis,</strong></span> <span class='ocrx_word' id='word_1_656' title='bbox 1807 5601 1843 5662; x_wconf 92' lang='lat' dir='ltr'><strong>ad</strong></span> 
     </span>
     <span class='ocr_line' id='line_1_114' title="bbox 1102 5692 1846 5777; baseline -0.005 -19"><span class='ocrx_word' id='word_1_657' title='bbox 1102 5715 1179 5777; x_wconf 90' lang='lat' dir='ltr'><strong>qnos</strong></span> <span class='ocrx_word' id='word_1_658' title='bbox 1199 5705 1316 5776; x_wconf 86' lang='lat' dir='ltr'><strong>spectat</strong></span> <span class='ocrx_word' id='word_1_659' title='bbox 1337 5707 1368 5759; x_wconf 91' lang='lat' dir='ltr'><strong>et</strong></span> <span class='ocrx_word' id='word_1_660' title='bbox 1390 5697 1422 5758; x_wconf 93' lang='lat' dir='ltr'><strong>iu</strong></span> <span class='ocrx_word' id='word_1_661' title='bbox 1445 5697 1587 5758; x_wconf 86' lang='lat' dir='ltr'><strong>loturum</strong></span> <span class='ocrx_word' id='word_1_662' title='bbox 1614 5692 1846 5773; x_wconf 89' lang='lat' dir='ltr'><strong>quomodolibet</strong></span> 
     </span>
     <span class='ocr_line' id='line_1_115' title="bbox 1101 5787 1694 5872; baseline -0.013 -17"><span class='ocrx_word' id='word_1_663' title='bbox 1101 5793 1261 5872; x_wconf 88' lang='lat' dir='ltr'><strong>spectabit,</strong></span> <span class='ocrx_word' id='word_1_664' title='bbox 1283 5789 1506 5853; x_wconf 90' lang='lat' dir='ltr'><strong>inviolabiliter</strong></span> <span class='ocrx_word' id='word_1_665' title='bbox 1527 5787 1694 5850; x_wconf 90' lang='lat' dir='ltr'><strong>observari.</strong></span> 
     </span>
    </p>

    <p class='ocr_par' dir='ltr' id='par_1_30' title="bbox 1102 5883 2077 6064">
     <span class='ocr_line' id='line_1_116' title="bbox 1142 5883 2077 5963; baseline -0.001 -15"><span class='ocrx_word' id='word_1_666' title='bbox 1142 5889 1161 5963; x_wconf 62' lang='grc' dir='ltr'>ᾖ</span> <span class='ocrx_word' id='word_1_667' title='bbox 1181 5887 1211 5948; x_wconf 78' lang='lat' dir='ltr'><strong>d.</strong></span> <span class='ocrx_word' id='word_1_668' title='bbox 1235 5887 1346 5963; x_wconf 90' lang='lat' dir='ltr'><strong>Sicque</strong></span> <span class='ocrx_word' id='word_1_669' title='bbox 1368 5885 1402 5946; x_wconf 91' lang='lat' dir='ltr'><strong>in</strong></span> <span class='ocrx_word' id='word_1_670' title='bbox 1423 5883 1598 5962; x_wconf 88' lang='lat' dir='ltr'><strong>praemissis</strong></span> <span class='ocrx_word' id='word_1_671' title='bbox 1613 5897 1668 5960; x_wconf 91' lang='lat' dir='ltr'><strong>per</strong></span> <span class='ocrx_word' id='word_1_672' title='bbox 1682 5895 1847 5960; x_wconf 84' lang='lat' dir='ltr'><strong>quoscum·</strong></span> <span class='ocrx_word' id='word_1_673' title='bbox 1878 5898 2029 5962; x_wconf 50' lang='lat' dir='ltr'><strong>,oneratum</strong></span> <span class='ocrx_word' id='word_1_674' title='bbox 2044 5898 2077 5948; x_wconf 86' lang='lat' dir='ltr'><strong>tr·</strong></span> 
     </span>
     <span class='ocr_line' id='line_1_117' title="bbox 1102 5954 1952 6064; baseline -0.011 -21"><span class='ocrx_word' id='word_1_675' title='bbox 1102 5997 1163 6064; x_wconf 89' lang='lat' dir='ltr'><strong>que</strong></span> <span class='ocrx_word' id='word_1_676' title='bbox 1183 5978 1300 6043; x_wconf 89' lang='lat' dir='ltr'><strong>iudices</strong></span> <span class='ocrx_word' id='word_1_677' title='bbox 1320 5977 1491 6040; x_wconf 89' lang='lat' dir='ltr'><strong>ordinarios</strong></span> <span class='ocrx_word' id='word_1_678' title='bbox 1510 5981 1541 6037; x_wconf 92' lang='lat' dir='ltr'><strong>et</strong></span> <span class='ocrx_word' id='word_1_679' title='bbox 1561 5974 1731 6056; x_wconf 84' lang='lat' dir='ltr'><strong>delegatos,</strong></span> <span class='ocrx_word' id='word_1_680' title='bbox 1752 5974 1846 6046; x_wconf 84' lang='lat' dir='ltr'><strong>etiarn</strong></span> <span class='ocrx_word' id='word_1_681' title='bbox 1864 5954 1952 5998; x_wconf 51' lang='lat'><strong>“¹²⁰³</strong></span> 
     </span>
    </p>
   </div>
   <div class='ocr_carea' id='block_1_15' title="bbox 0 0 2389 6996">
    <p class='ocr_par' dir='ltr' id='par_1_31' title="bbox 0 0 2389 6996">
     <span class='ocr_line' id='line_1_118' title="bbox 0 0 2389 6996; baseline 0 0"><span class='ocrx_word' id='word_1_682' title='bbox 0 0 2389 6996; x_wconf 95' lang='lat' dir='ltr'><strong> </strong></span> 
     </span>
    </p>
   </div>
  </div>
 </body>
</html>
