4856 7010
380 547 433 603 Au.
447 551 477 606 (i.
499 551 567 604 1828
620 547 677 610 70't

596 685 668 759 eris,
691 692 725 747 ut
750 683 847 748 bullas
875 685 943 748 siue
965 684 1050 748 morl
1078 683 1223 764 expedire
1249 684 1342 762 possi·
1399 689 1429 746 ta
1452 685 1570 746 honore
1591 683 1737 761 dignatur
1758 684 1832 748 adeo
1852 683 2006 761 benignae
2025 700 2096 762 erga
2117 691 2149 749 te

596 793 676 840 mus.
1399 776 1581 853 voluntatis,
1604 779 1729 842 videtur
1760 778 1859 853 uobis,
1891 793 1954 842 uou
1986 779 2088 842 solum
2110 779 2148 840 ad

607 929 609 934 ,
635 872 655 947 ἓ
675 872 704 934 3.
721 873 983 937 conditionalem
998 872 1184 949 miserrima,
1198 889 1343 952 quaene-
1398 870 1456 933 hoc
1477 871 1505 933 ei
1526 872 1761 948 significandam
1782 887 1848 934 esse
1869 872 2083 936 necessitatem
2104 872 2149 934 ef·

595 965 641 1028 bis
663 973 803 1030 versatur
824 977 895 1030 ante
918 967 1031 1044 oculos,
1061 967 1226 1030 latinarum
1253 965 1341 1030 istius
1400 963 1516 1026 dcaciae
1538 965 1701 1043 patrocinii
1721 965 1781 1041 sui,
1803 964 1857 1028 sed
1878 969 1913 1030 ad
1936 965 2008 1028 alias
2023 983 2150 1046 quoque

595 1061 717 1138 imperii
729 1062 928 1136 dioecesium,
941 1077 1047 1124 earum
1060 1061 1253 1141 praesertim,
1265 1076 1343 1140 quae
1398 1059 1580 1121 avertendas
1601 1059 1797 1136 gravissimas
1817 1060 2016 1136 calamitates,
2035 1061 2149 1141 quibus

595 1154 720 1217 absente
743 1162 786 1242 tot
807 1156 896 1218 annis
917 1163 1036 1233 pastore
1057 1155 1089 1217 in
1106 1155 1255 1217 maximas
1270 1169 1342 1216 con·
1399 1153 1473 1215 istae
1488 1152 1626 1214 laborant
1638 1154 1802 1217 dioeceses.
1816 1155 1973 1230 Quaenam
1986 1155 2055 1218 illae
2068 1157 2147 1232 sint,

595 1249 690 1310 iactae
720 1255 794 1312 sunt
822 1248 1020 1324 calamitates,
1043 1265 1135 1326 quam
1158 1263 1213 1311 uos
1236 1249 1342 1311 auxios
1399 1263 1476 1326 quae
1498 1247 1633 1310 remedia
1650 1257 1821 1328 opportuua
1837 1249 1893 1310 tibi
1908 1248 2086 1325 videantur,
2104 1250 2150 1312 ei·

595 1359 629 1404 ac
648 1341 796 1405 sollicitos
823 1343 942 1419 babeat,
965 1343 1037 1405 satis
1058 1343 1211 1421 explicare
1239 1341 1341 1404 verbis
1399 1340 1469 1402 dem
1492 1340 1654 1418 iudicabis,
1682 1342 1734 1404 sed
1756 1357 1835 1420 quae
1856 1341 1911 1404 tibi
1933 1342 1995 1404 sint
2018 1342 2150 1422 impedi-

595 1451 659 1499 uou
689 1452 862 1515 possumus.
896 1437 1087 1516 Quapropter
1115 1443 1254 1500 auctores
1286 1434 1341 1498 tibi
1399 1439 1517 1508 mento,
1540 1434 1708 1512 quominus
1730 1441 1785 1496 tuo
1806 1433 1895 1511 fungi
1917 1435 2011 1512 possis
2032 1435 2148 1514 officio,

594 1545 713 1606 sumus,
736 1537 829 1610 teque
850 1531 943 1593 etiam
964 1537 1056 1608 atque
1071 1527 1165 1593 etiam
1180 1532 1342 1591 hortamur
1398 1524 1545 1588 candidus
1566 1526 1694 1604 aperies,
1712 1535 1746 1589 ut
1765 1543 1800 1588 ea
1814 1528 1931 1591 sublata
1947 1529 2029 1593 velle
2042 1536 2148 1593 aucto-

594 1626 626 1686 iu
649 1625 792 1700 Domino,
817 1633 851 1689 ut
872 1640 964 1703 opem
986 1624 1046 1686 iliis
1060 1641 1094 1688 ac
1108 1624 1283 1688 remedium
1299 1622 1341 1685 af·
1398 1619 1489 1683 ritate
1508 1621 1562 1684 sua
1583 1637 1623 1682 ue
1644 1621 1839 1698 dedignetur.

594 1716 671 1780 feras
693 1717 907 1797 providentiae
924 1735 1131 1798 curarumque
1147 1729 1283 1793 tuarum,
1300 1716 1340 1778 fa·
1437 1718 1456 1793 ἓ
1476 1717 1506 1780 6.
1529 1719 1615 1794 Quod
1645 1727 1788 1796 superest
1809 1726 1840 1780 et
1861 1726 1951 1798 caput
1972 1729 2030 1795 ast,
2052 1721 2148 1784 euise

593 1813 721 1878 cultates
744 1812 810 1888 tibi,
824 1813 979 1892 siquidem
999 1829 1075 1892 opus
1088 1812 1140 1888 sit,
1157 1813 1273 1875 iterum
1288 1812 1341 1875 tri·
1397 1826 1541 1892 rogamus
1563 1811 1742 1887 Dominum,
1758 1820 1793 1874 ut
1814 1812 1865 1892 qui
1887 1829 1964 1892 opus
1979 1814 2094 1893 incepit
2108 1814 2146 1876 ad

593 1909 737 1984 buentee,
760 1925 834 1987 quas
861 1907 949 1970 latini
975 1907 1203 1987 metropolitani
1225 1907 1257 1968 in
1278 1905 1340 1970 suf·
1395 1905 1527 1968 salutem
1559 1905 1687 1968 istarum
1718 1906 1929 1983 ecclesiarum,
1961 1907 2079 1985 ipsein
2103 1916 2146 1984 te,

592 1999 750 2077 fragaueas
771 2001 912 2064 ecclesias
937 2016 1082 2064 exercere
1108 2000 1226 2077 solent,
1250 2001 1337 2074 item,
1396 2014 1489 2077 quem
1511 1998 1618 2076 elegit,
1640 2014 1768 2062 omnem
1783 1999 1914 2076 gratiam
1927 2000 2085 2064 abundare
2101 2003 2146 2065 fa·

593 2102 746 2172 quatenus
768 2093 955 2156 decumanae
969 2095 1044 2170 sint,
1060 2093 1231 2169 facultates,
1247 2091 1339 2156 rebus
1395 2093 1490 2168 ciens,
1514 2095 1662 2170 dignetur
1689 2092 1850 2172 perficere,
1874 2095 1950 2156 dum
1978 2095 2044 2172 tibi,
2068 2113 2143 2160 reu.

592 2187 699 2250 sedulo
729 2186 927 2250 consideratis
958 2187 1110 2266 planeque
1137 2187 1282 2266 coguitis,
1304 2202 1338 2248 ea
1395 2185 1501 2261 irater,
1523 2195 1554 2248 et
1575 2186 1738 2248 commisso
1761 2200 1853 2248 curae
1873 2193 1944 2248 tuae
1965 2187 2052 2264 gregi
2074 2204 2147 2266 apo-

593 2280 696 2344 omnia
716 2281 843 2344 sanandi
864 2289 895 2342 et
917 2281 1141 2358 convalidaudi,
1157 2295 1236 2360 quae
1255 2282 1287 2344 iu
1303 2279 1339 2343 il·
1393 2279 1534 2343 stolicam
1555 2277 1802 2342 benedictionem
1818 2290 2015 2357 peramanter
2030 2282 2146 2361 imper-

592 2373 629 2436 lis
650 2373 839 2438 dioecesibus
859 2381 967 2436 contra
982 2375 1104 2453 regulas
1119 2375 1339 2440 ecclesiasticae
1396 2375 1503 2436 timur.

592 2465 770 2544 discipliuae
801 2467 930 2531 admissa
959 2469 1122 2548 hucusque
1153 2469 1282 2546 fuerint,
1306 2469 1337 2533 in
1435 2468 1547 2530 Datum
1567 2467 1693 2542 llomac,
1716 2466 1795 2545 apud
1817 2467 1848 2532 S.
1869 2468 1996 2531 Petrum
2018 2471 2076 2534 sub
2090 2488 2145 2534 an·

591 2559 691 2640 iisque
711 2559 884 2638 legitimam
904 2561 1066 2625 ordinandi
1084 2560 1277 2642 spiritualem
1292 2562 1338 2626 iu·
1395 2561 1470 2624 uuio
1490 2561 1613 2636 Piscat,
1631 2560 1681 2622 die
1697 2575 1789 2623 xxrrr.
1807 2561 1885 2623 iunii
1902 2579 2144 2642 uocccxxvru,

591 2654 812 2719 risdictionem.
1394 2655 1590 2735 pontificatus
1611 2654 1711 2716 uestri
1730 2669 1813 2716 auno
1832 2671 1861 2715 v.

630 2749 650 2824 ἓ
671 2747 700 2812 f.
724 2749 763 2813 nt
784 2749 866 2829 quod
887 2766 958 2830 prae
979 2750 1088 2814 ceteris
1110 2751 1197 2814 anxit
1219 2768 1270 2815 cor
1284 2768 1338 2815 no-

589 2849 704 2919 strum,
727 2842 803 2906 illud
825 2853 882 2920 ast,
905 2845 985 2925 quod
1015 2862 1139 2909 summo
1161 2863 1232 2910 cum
1254 2863 1340 2910 scaa-

590 2937 658 3004 dalo
678 2955 711 3001 ac
733 2938 921 3002 detrimento
934 2940 1122 3018 animarum,
1138 2941 1170 3003 in
1185 2941 1338 3020 aliquibus

590 3049 630 3094 ert
649 3031 714 3094 istis
735 3031 958 3112 episcopalibus
979 3034 1083 3112 curiis,
1100 3035 1217 3097 vinculi
1233 3037 1340 3098 coniu-

590 3125 667 3204 galis
696 3125 810 3189 solutio
838 3127 934 3190 nimii
965 3128 1109 3192 facilitate
1130 3128 1337 3208 permittitur,

590 3234 669 3300 quae
690 3221 877 3300 corruptela,
899 3219 972 3285 licet
990 3236 1084 3282 asan.
1102 3235 1197 3282 mem.
1214 3219 1339 3299 praede·

590 3329 711 3376 cessere
731 3322 837 3377 nostro
858 3315 1024 3379 Benedicto
1046 3315 1126 3380 xlv.
1153 3318 1251 3381 tribus
1266 3335 1338 3382 con-

589 3407 803 3472 stitutionibus
815 3416 1000 3488 oppugnata,
1013 3410 1143 3488 grassari
1156 3415 1259 3475 tamen
1271 3411 1339 3476 istic

591 3518 655 3566 noa
676 3502 806 3578 destitit,
828 3519 861 3565 ac
882 3505 983 3583 pergit
998 3507 1100 3570 decori
1123 3509 1153 3573 S.
1176 3509 1268 3572 buius
1283 3511 1337 3575 Se-

590 3599 636 3662 dis
657 3597 790 3673 officere,
813 3598 943 3676 perinde
963 3615 997 3662 ac
1017 3600 1043 3662 si
1062 3617 1129 3664 eam
1144 3603 1267 3667 silentio
1282 3623 1337 3668 suo

589 3696 688 3754 ratam
718 3691 854 3756 haberet.
879 3693 944 3755 Una
976 3695 1064 3757 uobis
1087 3695 1145 3760 fuit
1169 3698 1338 3763 consolatio
1369 3763 1370 3768 ,

589 3785 704 3849 doloris
731 3784 825 3848 huius
853 3785 962 3862 nostri,
984 3787 1159 3854 sollicitudo
1180 3794 1338 3871 pastoralis

588 3878 792 3942 fraternitatis
822 3888 905 3955 tuae,
928 3897 986 3959 qua
1018 3885 1201 3948 rescivimus
1223 3884 1337 3950 factum

589 3987 666 4048 esse,
683 3979 718 4036 ut
739 3972 887 4038 hacteuus
902 3991 917 4035 a
933 3981 964 4036 te
981 3981 1040 4038 tarn
1056 3977 1211 4056 sapienter
1225 3996 1258 4043 ac
1273 3988 1337 4043 stu·

588 4064 672 4128 diose
693 4065 905 4130 administrata
926 4067 1072 4132 dioecesis
1101 4077 1163 4147 tua,
1187 4072 1337 4137 immunis

589 4159 626 4221 ab
646 4175 682 4221 eo
704 4159 784 4221 maio
805 4159 909 4223 fuerit.
934 4161 1049 4226 Eadem
1064 4164 1192 4242 proinde
1209 4174 1259 4228 tua
1275 4169 1337 4229 vir·

590 4260 639 4316 tus
659 4267 711 4333 spe
734 4269 797 4315 nou
819 4254 910 4316 dubia
931 4271 986 4317 uos
1009 4265 1138 4333 recreat,
1156 4259 1221 4321 fore
1238 4268 1273 4323 ut
1288 4277 1336 4324 ce·

590 4346 665 4410 teris
687 4347 831 4410 iratribus
859 4347 1014 4430 Episcopis
1042 4353 1270 4432 metropolitica
1292 4354 1336 4418 di-

589 4441 709 4518 gnitate
730 4441 930 4520 praepositus,
953 4444 990 4505 ab
1010 4459 1119 4508 eorum
1148 4447 1335 4512 dioecesibus

588 4535 726 4597 immane
747 4532 822 4597 illud
844 4536 958 4598 vitium
980 4537 1205 4602 eliminandum
1227 4541 1268 4604 sis
1283 4560 1335 4606 cu-

589 4635 724 4693 raturus.
748 4629 833 4706 Quod
850 4635 949 4708 tepor
964 4630 1081 4693 viscera
1096 4631 1253 4698 hortantes
1268 4637 1334 4700 lesu

1120 565 1183 611 lun.
1209 566 1299 610 PON'f'·
1323 565 1364 611 DE
1385 565 1414 610 1³.
1439 565 1468 612 Ι.
1493 566 1575 611 taus
1597 565 1617 611 1.
1679 601 1682 608 .

1691 3035 1845 3104 xxxvu.

1398 3227 1530 3291 Voconii
1560 3226 1625 3288 iam
1647 3243 1667 3290 a
1688 3233 1830 3304 pnotnor
1857 3229 1954 3290 onnia
1983 3229 2142 3294 Ecclesiae

1435 3320 1603 3398 Berytensi
1627 3320 1822 3384 Graecorum
1837 3319 2065 3385 Mcfcbitornm
2082 3324 2143 3388 Po·

1435 3412 1599 3476 triurciacc
1614 3411 1789 3476 committit
1803 3415 2003 3478 auctoritare
2016 3426 2140 3494 aposto·

1435 3507 1499 3572 ficd
1523 3505 1802 3596 drclriepiscoparm
1822 3508 1991 3585 praeficere
2006 3510 2140 3575 Patrem

1435 3601 1604 3666 sciebatur
1639 3598 1832 3661 monacnum
1873 3601 2139 3682 congregationis

1436 3695 1466 3760 S.
1492 3693 1623 3761 loannis
1651 3694 1685 3755 in
1717 3692 1850 3766 Sociro,
1874 3693 2041 3758 dnmmodo
2065 3707 2140 3763 aare

1433 3787 1717 3870 paractafepitr'mc
1729 3803 1792 3848 non
1801 3785 1906 3866 [norit
1918 3789 2028 3852 electio
2045 3789 2140 3856 Prac-

1433 3885 1515 3948 aula'a
1537 3885 1636 3945 iurata
1665 3881 1915 3942 instructionem
1940 3881 1970 3944 S.
2007 3883 2139 3966 Congre-

1433 3977 1589 4061 gationis.

1557 4159 1728 4228 venarabili
1750 4159 1839 4228 fratri
1862 4159 1976 4245 ignatio

1440 4253 1636 4325 Patriarelree
1660 4252 1848 4321 tnrieeimo
1871 4253 2087 4342 ifelobitarorr,

1641 4440 1720 4510 1.Εο
1743 4440 1802 4510 ΡΡ.
1825 4440 1882 4510 iifl.

1495 4669 1506 4694 .
1603 4631 1792 4699 venerabilis
1817 4633 1924 4718 frater,

589 4724 717 4799 Christi,
740 4731 774 4786 ut
805 4725 891 4786 omui
914 4741 969 4804 ope
1001 4729 1169 4792 connitaris
1200 4731 1333 4807 efficere,

589 4818 849 4897 quemadmodum
871 4819 903 4880 iu
925 4819 1056 4882 dioecesi
1080 4823 1130 4885 tui
1147 4822 1182 4883 ad
1198 4825 1275 4887 tanti
1291 4841 1335 4886 sa·

588 4911 739 4974 crementi
767 4911 961 4974 asserendam
991 4915 1201 4994 tuendamque
1221 4919 1335 4981 saucti-

588 5011 683 5067 tatem
705 5019 826 5067 summa
846 5021 917 5068 cum
939 5006 1029 5069 laude
1051 5009 1241 5087 praestitisti,
1260 5029 1333 5092 qua-

588 5114 722 5178 cumque
743 5099 778 5160 ad
801 5098 972 5163 boeotiam
995 5101 1050 5162 tibi
1074 5118 1150 5181 opus
1175 5118 1241 5167 esse
1266 5107 1334 5185 posss

587 5193 627 5254 sit
648 5191 802 5268 facultate,
824 5207 891 5254 eam
914 5193 968 5255 tibi
1001 5194 1207 5261 libentissime
1226 5215 1334 5263 conoe·

587 5285 699 5349 dimus.
1126 5347 1129 5354 ,
1217 5327 1218 5330 =

627 5381 646 5454 5
667 5379 696 5443 5.
721 5379 807 5443 Cadit
827 5397 901 5443 vero
922 5391 1153 5462 peropportune
1175 5387 1255 5464 quod
1272 5402 1333 5448 ma·

588 5475 677 5536 iestas
706 5475 769 5554 ipsa
796 5491 849 5537 sua
881 5484 1058 5557 conceptam
1079 5493 1118 5539 ex
1140 5479 1247 5542 eidem
1268 5497 1333 5542 cor·

1425 4729 1552 4798 salutem
1574 4731 1607 4794 et
1628 4726 1826 4812 apostolicam
1850 4729 2099 4801 benedictionem.

1431 4919 1625 5000 Apostolatus
1645 4917 1794 4994 officium,
1810 4921 1928 4983 meritis
1949 4921 2020 4986 licet
2041 4923 2139 5003 impa-

1391 5015 1489 5090 ribus,
1511 5013 1598 5075 uobis
1620 5028 1658 5074 ex
1680 5012 1741 5074 alto
1768 5013 1979 5090 commissum,
2008 5033 2069 5095 quo
2089 5033 2139 5081 ec·

1391 5108 1554 5172 elesiarum
1576 5106 1717 5168 omnium
1740 5107 1887 5184 regimini
1909 5106 2014 5169 divini
2039 5111 2139 5188 dispo-

1389 5203 1501 5266 sitione
1523 5184 1742 5279 praesidemus,
1764 5199 1883 5262 utiliter
1904 5203 2030 5282 erequi,
2053 5204 2136 5267 adiu·

1392 5303 1484 5358 vante
1496 5295 1638 5369 Domino,
1650 5293 1821 5372 cupientes,
1837 5293 1947 5356 soliciti
1963 5296 2054 5358 corde
2069 5299 2138 5360 red·

1391 5391 1493 5452 dimus
1514 5397 1545 5450 et
1566 5388 1707 5462 solertes,
1724 5395 1769 5464 ut,
1786 5403 1857 5450 cum
1879 5388 1916 5450 de
1937 5387 2136 5453 ecclesiarum

1389 5483 1525 5561 ipsarum
1548 5481 1755 5559 regiminibus
1776 5481 1879 5558 agitur
1893 5482 2135 5560 committendis,

587 5567 709 5646 rupteii
739 5567 986 5645 indignationem
1016 5573 1216 5650 expresserit,
1239 5590 1334 5653 seque
1391 5577 1464 5639 tales
1486 5576 1529 5637 eis
1551 5575 1583 5638 in
1605 5582 1740 5654 pastores
1759 5574 1925 5653 praeficere
1946 5578 2136 5653 studeamus,
2178 5637 2181 5642 .

588 5665 694 5736 optare
724 5660 959 5738 significaverit,
982 5671 1017 5724 ut
1045 5665 1125 5726 malo
1158 5667 1333 5730 remedium
1390 5669 1444 5748 qui
1466 5668 1616 5748 populum
1643 5683 1717 5731 snae
1737 5685 1829 5731 curae
1856 5667 2011 5730 creditum
2037 5671 2137 5733 sciant

587 5751 743 5815 adoratur.
766 5756 865 5829 Quare
895 5755 1020 5817 omniuo
1053 5759 1199 5834 expedire
1222 5761 1253 5822 iu
1277 5761 1332 5823 Do·
1390 5776 1453 5825 uon
1474 5761 1574 5825 solum
1590 5762 1727 5825 doctrina
1742 5762 1841 5837 verbi,
1857 5761 1908 5822 sed
1925 5762 2017 5824 etiam
2032 5779 2137 5827 exem·

587 5845 673 5908 mino
702 5847 855 5923 ducimus,
878 5856 913 5910 ut
934 5849 1001 5911 eius
1032 5851 1236 5930 patrocinium
1258 5853 1332 5915 vali·
1389 5855 1439 5934 plo
1461 5855 1534 5918 boui
1563 5855 1663 5936 operis
1692 5855 1871 5930 informare,
1900 5855 2136 5935 commissasque

588 5941 720 6020 demque
745 5956 871 6018 operam
899 5943 1054 6020 implores.
1086 5946 1194 6022 lmmo,
1224 5948 1250 6010 si
1271 5965 1333 6028 quo
1389 5948 1446 6012 sibi
1467 5949 1608 6013 ecclesias
1630 5949 1663 6012 in
1681 5957 1763 6014 statu
1778 5950 1902 6028 pacifico
1922 5957 1953 6014 at
1969 5950 2135 6030 tranquillo
