1421 1946
285 232 312 251 An.
319 236 334 250 c.
345 237 378 250 1791
404 233 434 253 372

274 1046 349 1071 tacffimmu
359 1046 380 1058 ud-

273 1442 379 1468 miserm:

394 271 473 291 positionis
483 272 568 291 praedictae
578 274 649 288 tenorem
660 273 675 288 et
685 271 714 287 alia
722 275 767 291 quae

393 299 461 315 cumque
468 295 514 311 etiam
521 296 607 315 specificam
616 296 712 311 mentionem
719 297 734 311 et
741 299 767 311 ex-

394 318 489 338 pressionem
506 319 599 339 requirentia
617 319 724 339 praesentibus
739 323 767 339 pro

394 341 440 361 plene
454 343 469 358 st
482 343 576 358 sufficienter
589 343 665 362 expressis
678 347 695 358 ac
708 342 767 362 specili-

393 365 430 380 catis
441 365 520 384 babentes.
531 366 668 386 supplicationibus
678 366 766 382 huiusmodi

394 388 469 407 inclinati.
483 389 573 405 traternitati
588 391 628 408 tuae,
639 389 658 405 (le
671 389 716 405 cuius
730 393 766 409 pru-

393 412 451 430 dentia,
462 412 497 431 fide,
508 417 525 428 ac
536 417 596 428 summa
608 412 623 428 in
637 412 683 428 rebus
694 413 766 432 gerendis

393 435 483 451 dexteritate
494 435 580 455 plurimum
594 436 609 451 in
623 436 690 452 Domino
702 436 767 452 contidi-

393 462 434 477 mus.
442 462 470 478 per
477 461 565 479 praesentes
574 459 691 478 committimus,
699 463 715 475 ac
723 463 766 475 man-

392 481 452 501 damus,
459 484 476 498 ut
481 482 533 498 omnia
538 483 604 498 omnino
611 486 658 498 onera
666 486 685 498 ex
690 482 766 498 tructibus

392 505 441 521 uictae
448 506 537 521 hereditatis
547 506 588 522 Petri
599 506 631 521 Vaz
642 506 710 522 Caldeira
718 506 766 521 adim-

392 528 447 548 plenda
454 530 469 545 et
476 529 532 549 quibus
539 533 588 549 usqne
598 529 647 545 adhuc
658 529 724 545 minime
730 529 765 548 luitv

393 553 410 567 ut
420 552 512 572 praefertur,
522 552 622 572 satisfactum,
637 553 727 568 auctoritate
738 556 765 568 no-

392 576 423 590 stra
433 575 514 595 apostolica
523 576 601 592 condones
611 580 627 592 ac
638 576 712 594 remittas,
721 577 766 595 prout

392 600 446 614 tenore
460 599 564 619 praesentium
579 600 673 615 remittimus
683 603 700 615 ac
710 599 766 615 condo-

392 627 454 638 namus:
462 622 517 638 deimle
523 626 553 638 non
558 622 610 638 solum
617 626 679 638 omnem
687 626 765 638 summam

392 646 485 665 praedictam
492 647 571 661 scutorum
579 650 605 661 sex
613 646 681 661 millium
686 648 702 661 et
708 646 765 661 dueen-

392 670 444 684 torum
451 669 529 688 sexaginta
540 670 555 684 et
565 668 609 684 obul:
621 669 699 688 octoginta
706 670 764 689 septem

391 696 427 708 oum
438 693 502 708 dimidio
515 694 588 708 monetae
602 696 680 710 romanae.
693 696 732 712 quae
746 697 765 708 ex

391 715 490 736 sequestratis
504 716 578 731 fructibus
592 720 609 731 ac
619 712 704 731 redditibus
716 716 765 731 dictae

392 739 488 755 haereditatis
498 739 540 755 Petri
555 739 586 754 Vaz
599 739 668 755 Caldeira
683 743 732 759 usque
746 739 764 754 ad

391 766 427 778 mox
439 765 532 778 transactum
547 766 618 778 mensem
631 762 676 781 iunii.
692 764 708 778 ut
722 766 764 782 prae-

390 786 447 804 fertur,
457 785 545 804 connatam,
554 785 579 801 vel
586 786 606 801 sit
614 786 677 801 interim
685 786 701 801 in
709 785 764 801 l'oenus

390 809 430 827 data.
438 808 463 824 vel
470 808 519 824 adhue
526 809 542 824 in
550 808 636 828 depositum
643 809 764 829 sequestrarium

391 833 475 850 remaneat,
483 832 508 847 sed
516 832 563 847 etiam
574 836 680 852 quoscumque
687 832 725 848 alios
732 832 764 848 sru-

390 857 424 871 ctus
434 860 451 871 ac
462 855 531 871 redditus
538 856 555 871 ad
563 855 633 871 eamdem
643 856 726 876 cappellam
735 857 764 872 Do-

390 879 429 894 mini
440 879 487 894 nostri
498 878 532 894 lesu
545 878 603 894 Christi
614 879 693 894 Calvariae
703 880 719 894 in
730 879 764 895 loco

390 906 417 918 seu
428 902 484 921 oppido
494 902 511 917 ila
524 902 590 920 Ameira,
602 903 619 917 ut
630 902 722 921 praefertur,
730 907 764 918 ere-

390 927 430 941 ctam
443 927 534 945 spectantes.
548 925 588 941 dicto
599 925 683 941 seminario
693 926 763 942 ecclesia-

389 949 428 965 stico
435 949 524 965 auctoritate
531 948 611 968 apostolica
619 948 663 964 unias
670 951 685 964 et
691 949 762 969 applices,

389 975 437 992 atque
448 973 491 988 unita
504 974 520 988 et
533 972 606 992 applicata
619 976 652 988 esse
662 974 678 988 et
690 972 724 988 l'ore
738 973 763 989 de-

390 1000 443 1012 cem-as
457 1000 473 1011 an
486 998 549 1014 statuas,
564 997 609 1015 prout
624 998 678 1011 tenore
692 1000 763 1015 praesen-

390 1020 431 1035 tium
442 1019 505 1035 unimus
515 1021 561 1038 atque
572 1019 671 1039 applicamus.

410 1043 419 1061 s
430 1042 445 1058 11.
457 1042 533 1058 Volumus
541 1045 598 1061 tamen,
605 1044 623 1058 ut
630 1043 763 1059 administratores

389 1070 417 1086 pro
425 1068 494 1085 tempoie
502 1066 586 1081 existentes
593 1065 630 1081 dicu
636 1066 722 1085 seminarii,
730 1071 763 1082 om-

389 1090 415 1106 nia
425 1094 478 1108 onem.
489 1089 546 1109 quibus
556 1089 616 1105 [ructus
627 1093 644 1104 ac
655 1089 723 1105 redditus
734 1090 762 1105 hu-

389 1113 456 1129 iusmodi
467 1114 557 1132 gravantur,
569 1114 630 1131 praeter
641 1116 680 1128 onus
691 1113 762 1129 solvendi

388 1136 472 1156 quotannis
485 1139 512 1151 sex
526 1135 574 1151 millia
585 1136 621 1154 reis,
636 1139 664 1151 seu
679 1138 721 1151 scuta
735 1140 762 1152 sex

388 1161 460 1175 monetae
466 1163 543 1177 romanae.
550 1158 566 1174 in
571 1159 685 1178 eleemosynam
691 1163 719 1179 pro
726 1164 763 1175 con-

387 1183 433 1198 cione
440 1183 459 1198 de
466 1182 535 1202 passione
541 1182 602 1198 Domini
611 1182 659 1198 nostri
665 1182 698 1198 lesu
704 1183 761 1199 Christi

388 1209 403 1221 et
411 1205 537 1221 distributionem
544 1205 610 1223 dotium.
618 1205 690 1225 deinceps
697 1206 762 1222 omnino

388 1229 473 1249 adimplere
487 1231 542 1245 curent
553 1231 568 1245 et
583 1229 660 1244 studeant.
678 1229 708 1245 Nos
718 1229 761 1245 enim

388 1252 416 1268 tibi
424 1256 487 1268 omnem
495 1254 510 1268 et
517 1256 632 1272 quamcumque
638 1253 739 1269 necessariam
746 1255 761 1269 et

387 1278 491 1296 opportunam
496 1275 514 1291 ad
520 1276 602 1295 praemissa
609 1276 661 1291 omnia
667 1276 685 1291 ad
691 1278 761 1296 optatum

388 1300 436 1315 smem
446 1299 544 1319 perducentia
554 1299 625 1318 faciendi,
633 1300 696 1319 gerendi
704 1302 720 1315 et
727 1304 762 1316 exe-

387 1323 451 1343 quendi,
457 1327 474 1338 ac
479 1322 534 1342 exequi
543 1322 624 1338 mandandi
632 1327 648 1338 ea
656 1323 714 1342 omnia,
722 1328 761 1343 quae

387 1346 482 1362 constituere
490 1349 517 1365 pro
526 1347 552 1361 tua
560 1346 642 1365 prudentia
653 1346 702 1365 magis
710 1347 725 1362 in
733 1347 762 1362 Do-

387 1370 431 1385 mino
436 1369 519 1385 salubriter
526 1369 598 1389 expedire
606 1370 708 1388 conspexeris,
716 1370 761 1385 iacul-

388 1394 436 1408 tatem
446 1392 538 1408 auctoritaie
549 1394 564 1408 et
575 1394 628 1408 tenore
643 1393 723 1412 praedictis
735 1393 761 1409 tri-

388 1416 450 1431 buimus
460 1418 475 1431 et
486 1415 591 1435 impertimur.

407 1439 417 1458 á¼“
427 1438 442 1454 5.
454 1439 558 1454 Decernentes
571 1439 632 1455 easdem
643 1442 732 1459 praesentes
743 1440 761 1456 li-

388 1464 434 1481 teras,
445 1462 492 1477 etiam
506 1466 526 1478 ex
538 1466 563 1481 eo,
574 1462 614 1482 quod
629 1463 761 1479 administratores

387 1485 437 1501 dictae
446 1485 528 1505 cappellae.
539 1486 628 1506 caeterique
638 1486 732 1506 quicumque
744 1487 760 1502 in

387 1509 475 1529 praemissis
486 1509 559 1524 interesse
571 1509 650 1527 habentes,
663 1513 690 1524 seu
705 1509 761 1525 habere

387 1532 502 1552 quomodolibet
513 1532 636 1552 praetendentes,
645 1532 675 1548 illis
682 1536 714 1548 non
725 1537 761 1548 con-

387 1556 469 1574 senserint.
478 1559 506 1571 neo
513 1556 531 1571 ad
539 1559 556 1571 ea
567 1556 616 1571 vocati
624 1558 639 1571 et
646 1555 701 1574 auditi,
710 1556 761 1575 neque

387 1583 440 1595 causae
448 1580 510 1599 propter
517 1583 554 1598 quas
562 1581 650 1598 praesentes
660 1582 760 1598 emanarunt,

657 238 688 253 tun.
701 240 746 253 pour.
759 238 779 252 bit
790 240 805 252 1>-
816 238 831 252 u.
844 239 884 253 nus
895 239 906 252 1.

794 271 873 290 adductae.
885 271 972 287 veritloatae
985 273 1012 287 aut
1026 271 1116 287 iustificatae
1131 270 1171 286 ulla-

795 296 841 310 tenus
851 295 914 312 fuerint.
930 295 962 310 ullo
977 298 1052 314 umquam
1067 296 1137 314 tempore
1150 294 1171 309 de

794 318 898 338 subreptionis
907 318 932 333 vel
943 318 1043 337 obreptionis.
1055 317 1132 333 nullitatis
1142 319 1170 332 aut

795 341 895 357 invaliditatis
906 341 950 360 vitio,
958 345 985 356 seu
997 341 1090 356 intentionis
1101 342 1169 359 nostrae.

794 366 821 380 aut
831 364 861 380 alio
871 365 927 384 quovis
937 364 999 380 deiectu
1010 364 1057 380 etiam
1067 364 1170 384 quantumvis

794 392 857 408 magno.
873 388 976 407 inexcogitato
989 390 1004 404 et
1019 388 1121 407 substantiali,
1136 388 1170 403 sive

793 411 841 427 etiam
854 416 873 427 ex
888 415 912 430 eo.
924 412 964 431 quod
980 412 996 427 in
1009 411 1067 427 eisdem
1081 411 1170 431 praemissis

793 435 898 451 solemnitates
913 439 930 450 ao
944 435 1008 454 quaevis
1023 434 1052 450 alia
1064 435 1139 451 servanda
1153 436 1170 450 et

793 458 890 478 adimplenda
901 460 960 473 servata
970 459 986 473 et
997 458 1079 477 adimpleta
1093 462 1124 473 non
1135 457 1169 473 {ue-

794 482 831 500 rint.
843 482 867 497 vel
879 486 898 497 ex
909 485 1007 501 quocumque
1018 481 1047 497 alio
1058 481 1107 501 capite
1115 485 1123 496 a
1135 481 1169 496 iure

794 505 818 520 vel
827 505 871 523 iacto,
879 506 905 520 aut
911 506 975 523 statuto,
986 505 1010 520 vel
1022 505 1134 521 consuetudine
1141 504 1169 520 ahâ€”

794 532 823 548 qua
830 528 919 546 resultante.
924 528 969 544 etiarn
976 528 992 544 in
997 532 1061 548 corpore
1067 528 1104 543 iuris
1110 528 1167 547 clauso.

793 552 825 566 sive
833 552 879 567 etiam
887 552 961 570 enormis,
969 551 1087 567 enormissimae
1095 553 1110 567 et
1117 552 1168 567 totalis

794 574 890 593 laesioniâ€¹.et
896 575 951 594 quovis
956 575 985 590 alio
991 576 1077 594 praetextu,
1082 575 1167 594 occasione,

793 598 818 613 vel
829 602 874 614 causa
884 598 930 613 etiam
940 598 1041 617 quantumvis
1049 598 1093 616 iusta.
1101 598 1167 614 rationa-

794 621 820 637 bili
831 623 846 637 et
856 621 958 641 privilegiata,
967 621 1014 637 etiam
1025 621 1058 640 tali,
1066 625 1105 641 quae
1117 622 1134 637 ad
1145 622 1168 637 ei-

793 645 851 660 iectum
862 645 945 660 validitatis
953 645 1073 664 praemissorum
1081 645 1167 661 necessario

793 668 893 688 exprimenda
903 668 949 687 toret.
957 668 1013 687 notari.
1022 668 1116 688 impugnari,
1124 669 1167 684 inva-

792 692 842 711 lidariÂ¹
851 692 936 710 retractari,
948 692 964 708 iri
974 692 999 708 ius
1009 692 1035 707 vel
1044 693 1166 709 controversiam

793 715 868 734 revocari,
876 717 902 730 aut
912 715 930 731 ad
941 715 1016 731 terminos
1027 715 1066 731 iuris
1074 716 1133 734 reduci.
1142 717 1166 732 vel

792 738 865 754 adversus
877 738 909 754 illas
919 738 1009 758 aperitionis
1020 738 1056 757 oris,
1064 739 1167 755 restitutionis

793 762 808 777 in
820 762 905 781 integrum.
917 763 943 777 aut
953 762 994 777 aliud
1008 762 1117 782 quodcumque
1128 763 1166 778 iuris

792 787 808 801 et
817 785 852 801 iacti
867 785 892 801 vel
906 785 963 804 gratiae
977 785 1065 801 remedium
1080 786 1166 805 impetrari,

792 813 819 824 seu
833 808 949 828 quomodolibet
960 812 1032 824 concesso
1046 810 1072 824 aut
1083 809 1166 829 impetrato

792 836 885 852 quemquam
901 832 916 847 111
928 832 985 848 iudicio
996 832 1021 847 vel
1035 833 1077 847 extra
1088 832 1126 848 illud
1137 833 1165 852 1111,

792 859 819 871 seu
830 859 846 871 se
857 855 911 870 iuvare
922 859 976 874 possm
989 855 1015 870 sed
1028 855 1066 875 ipsas
1077 858 1165 875 praesentes

792 879 843 894 literas
853 882 915 898 semper
929 879 986 897 firmas,
998 878 1055 894 validas
1069 881 1084 895 et
1097 879 1166 895 efficaces

791 902 858 918 existere
867 904 882 917 et
889 902 928 920 sore,
936 906 1002 921 suosque
1013 902 1090 921 plenarios
1100 905 1115 918 et
1126 903 1166 919 iute-

792 929 827 945 81Î¿Ï‚
836 925 899 941 effectus
906 925 958 941 sortiri
966 928 982 940 et
988 925 1065 944 obtinere.
1076 929 1092 941 aa
1103 926 1139 945 illis,
1147 926 1165 941 ad

791 953 829 969 qnos
836 950 899 968 spectat.
906 950 921 964 et
926 952 954 968 pro
960 950 1030 968 tempore
1036 949 1166 969 quandocumque

791 972 870 992 spectabit,
878 972 894 988 in
902 972 974 988 omnibus
981 974 997 987 et
1008 976 1035 991 per
1046 972 1097 988 omnia
1108 973 1165 993 plenis-

790 997 829 1012 sime
845 996 931 1015 suflragari,
945 997 961 1011 et
974 995 993 1011 ab
1006 996 1028 1011 eis
1042 996 1127 1015 respective
1142 997 1165 1013 in-

791 1020 884 1035 violabiliter
892 1019 979 1038 observariÎ‡,
990 1019 1043 1038 sicque
1054 1021 1070 1035 et
1081 1023 1112 1035 non
1120 1020 1165 1036 aliter

791 1042 807 1058 in
818 1042 905 1062 praemissis
915 1046 943 1061 per
955 1046 1061 1062 quoscumque
1072 1042 1130 1058 iudices
1140 1047 1165 1058 or-

790 1066 858 1081 dinarios
868 1067 884 1081 et
894 1065 978 1084 delegatos.
991 1065 1038 1081 etiam
1049 1069 1129 1081 causarum
1140 1070 1165 1085 pa-

790 1089 822 1105 latii
836 1089 914 1109 apostolici
930 1088 1012 1107 auditorem
1027 1093 1044 1104 ac
1057 1089 1121 1105 Sanctae
1135 1089 1164 1105 uo-

790 1116 845 1128 manae
860 1112 935 1128 Ecclesiae
948 1112 1042 1131 Cardinalesâ€š
1056 1112 1102 1128 etiam
1114 1113 1133 1128 de
1144 1113 1163 1128 ia-

790 1138 822 1151 tere
830 1135 901 1155 Legatos.
907 1139 924 1151 ao
930 1135 994 1151 Sanctae
999 1135 1042 1152 Sedis
1048 1135 1121 1155 Nuncios,
1128 1137 1164 1152 sub-

790 1159 818 1175 lata
834 1159 856 1174 eis
870 1160 886 1175 et
900 1163 956 1175 eorum
971 1159 1035 1174 cuilibet
1050 1159 1104 1179 quavis
1119 1160 1164 1176 aliter

790 1182 867 1198 iudicandi
877 1184 893 1197 et
904 1182 1015 1201 interpretandi
1026 1182 1098 1198 iacultate
1110 1185 1126 1199 et
1137 1188 1163 1199 au-

789 1206 867 1224 ctoritate,
878 1206 941 1221 iudicari
949 1208 964 1221 et
972 1206 1034 1222 deliniri
1043 1207 1104 1226 debere,
1116 1211 1133 1223 ac
1143 1207 1163 1223 ir-

790 1230 837 1245 ritum
848 1231 864 1245 et
875 1229 927 1248 inane,
938 1229 951 1244 si
963 1233 1007 1245 secus
1017 1234 1064 1250 super
1074 1230 1098 1246 his
1107 1235 1115 1246 a
1126 1235 1164 1251 quo-

789 1257 836 1273 quam
847 1253 900 1273 quavis
911 1253 1002 1269 auctoritate
1012 1254 1079 1269 scienter
1087 1254 1112 1270 vel
1120 1254 1163 1274 igno-

789 1279 842 1292 ranter
852 1276 935 1295 contigerit
945 1277 1025 1292 attentari*

819 1300 829 1319 á¼“
838 1300 853 1315 tiâ´
868 1299 901 1315 Non
916 1300 1012 1315 obstantibus
1026 1301 1107 1316 memorati
1121 1301 1163 1317 Petri

790 1323 844 1338 ultima
859 1322 944 1342 voluntate,
957 1327 1003 1343 quam
1016 1324 1064 1343 quoad
1080 1324 1163 1343 praemissa

789 1348 910 1365 commutamus,
923 1346 942 1362 de
956 1346 991 1362 iure
1004 1347 1074 1366 quaesito
1088 1351 1120 1363 non
1135 1347 1162 1363 tol-

789 1369 841 1388 lendo,
852 1369 916 1389 aliisque
930 1370 1066 1386 constitutionibus
1077 1372 1092 1386 et
1102 1370 1163 1386 ordina-

789 1393 857 1408 tionibus
871 1393 965 1412 apostolicis,
981 1397 1009 1409 nec
1022 1397 1053 1409 non
1067 1394 1117 1409 dictae
1129 1398 1163 1414 cap-

789 1416 838 1436 pellae
846 1416 892 1431 etiam
903 1416 995 1435 iuramento,
1003 1416 1121 1433 confirmatione
1128 1421 1163 1437 apu-

789 1439 846 1458 stoliea,
858 1439 883 1454 vel
894 1439 948 1459 quavis
959 1440 1033 1455 firmitate
1046 1440 1074 1455 alia
1089 1440 1163 1456 roboratis

789 1463 849 1478 statutis
855 1465 869 1478 et
875 1463 1023 1482 consuetudinibus3
1032 1463 1118 1483 privilegiis
1126 1468 1163 1484 quo-

789 1490 825 1505 que,
836 1486 900 1501 indultis
911 1487 927 1501 et
937 1486 986 1501 literis
996 1486 1082 1506 apostolicis
1094 1487 1163 1506 superiu-

789 1509 831 1524 ribus
842 1511 857 1524 et
868 1509 938 1529 personis
948 1509 977 1525 sub
988 1509 1113 1529 quibuscumque
1120 1511 1164 1525 teno-

789 1532 831 1548 ribus
842 1534 857 1547 et
871 1532 930 1551 formis,
944 1536 961 1548 ac
973 1536 1010 1548 eum
1022 1533 1103 1552 quibusvis
1116 1533 1162 1549 etiam

789 1556 921 1575 derogatoriarum
936 1556 1044 1575 derogator-iis.
1056 1556 1120 1576 aliisque
1131 1557 1163 1572 elliâ€”

789 1580 878 1598 cacioribus,
890 1579 1003 1599 efficacissimis,
1015 1584 1032 1595 ac
1043 1580 1108 1595 insolitis
1121 1580 1163 1596 elauâ€”

1189 232 1221 248 Au.
1228 234 1245 248 C.
1255 235 1285 248 1791

1179 1307 1249 1321 nomn-tiu
1252 1310 1277 1319 wn-

1172 1320 1247 1332 uariorum.
