4754 6966
341 593 441 656 Aac.
463 599 531 654 aree
582 589 639 660 the

561 735 655 798 chalis
684 731 819 796 Ecclesia
845 731 1037 793 Antiochena
1061 727 1119 788 sub
1145 733 1200 788 tuo
1226 721 1307 784 felici

562 829 715 907 regimine
727 831 856 903 regetur
878 824 998 886 utiliter
1018 829 1050 882 et
1070 833 1215 901 prospere
1236 814 1310 877 diri-

563 930 665 1000 getur,
689 937 721 982 ao
743 929 828 998 grata
851 919 882 980 in
905 918 1023 978 eisdem
1044 911 1256 993 spiritualibus
1278 915 1309 969 et

562 1013 783 1092 temporalibus
803 1011 949 1090 suscipiet
970 1009 1171 1072 incrementat.

601 1107 670 1184 §3-
693 1105 838 1181 Quocirca
861 1101 1046 1165 fraternitati
1072 1108 1142 1160 tatae
1162 1113 1218 1175 per
1239 1110 1308 1172 apo·

464 1260 467 1267 .
561 1202 667 1264 stolica
688 1200 797 1278 scripta
819 1200 1013 1269 mandamus,
1033 1202 1186 1272 quatenus
1208 1188 1243 1248 ad
1266 1186 1309 1248 di·

561 1307 642 1356 ctam
653 1292 887 1373 patriarchalem
900 1290 1067 1352 Ecclesiam
1080 1283 1308 1348 Antiochenam

562 1404 635 1450 cnm
657 1387 753 1465 gratiai
768 1392 892 1447 nostrae
912 1379 1135 1445 benedictionis
1150 1377 1308 1447 accedens,

563 1499 669 1544 curam
696 1490 729 1542 et
756 1476 1058 1542 administrationem
1089 1469 1236 1550 praefatas
1267 1465 1309 1526 sic

561 1591 708 1638 exercere
731 1571 863 1645 studeas,
885 1569 1015 1641 solicite,
1038 1565 1172 1628 fideliter
1194 1569 1224 1622 et
1239 1575 1310 1638 pru-

562 1671 687 1746 denter,
710 1667 792 1745 quod
813 1663 925 1726 exinde
946 1659 1059 1740 sperati
1072 1659 1311 1732 fructusprove-

535 1827 537 1831 ,
564 1765 668 1838 niant,
692 1768 722 1822 et
746 1768 814 1822 tuae
841 1759 940 1818 bonae
961 1753 1059 1816 famae
1087 1752 1161 1812 odor
1190 1765 1228 1808 er
1250 1746 1310 1808 tuis

563 1853 765 1918 laudabilibus
775 1852 892 1913 actibus
904 1849 995 1910 latius
1009 1845 1217 1918 diffundatur,
1233 1841 1310 1918 ipsa·

563 1966 624 2028 que
646 1944 855 2027 patriarchalis
884 1941 1017 2004 Ecclesia
1040 1937 1233 2000 Antiocheno
1256 1949 1311 2008 gu-

564 2043 720 2105 bernatori
742 2038 871 2119 provido
889 2045 920 2098 et
943 2034 1100 2096 fructuoso
1116 2027 1312 2090 administra-

565 2136 624 2197 tori
645 2137 775 2212 gaudeat
789 2148 822 2192 se
837 2129 1047 2200 commissam3
1072 2132 1168 2202 tuque
1189 2126 1312 2199 praeter

564 2238 708 2291 aeternae
729 2222 942 2288 retributionis
963 2218 1140 2300 praemium
1173 2219 1311 2276 nostram

564 2332 595 2384 et
616 2321 715 2381 dictae
737 2318 823 2382 Sedis
852 2313 1102 2378 benedictionem
1124 2315 1154 2370 et
1180 2306 1310 2382 gratiam

565 2415 676 2477 exinde
687 2411 815 2474 uberius
839 2406 987 2486 consequi
1003 2403 1169 2477 merearis3
1196 2405 1309 2460 etven.

564 2509 659 2570 etiam
688 2505 834 2567 fratribus
866 2501 979 2564 nostris
1008 2492 1252 2575 Archiepiscopis
1280 2497 1311 2552 et

565 2603 721 2682 Episcopis
742 2596 955 2675 suffraganeis,
974 2610 1007 2655 ac
1029 2591 1146 2654 dilectis
1168 2588 1261 2649 etiam
1277 2584 1311 2644 fi-

566 2699 613 2760 liis
639 2697 722 2758 clero
751 2703 781 2755 et
807 2690 944 2753 vassallis
972 2687 1069 2749 dictae
1101 2678 1311 2758 patriarchalis

566 2790 778 2854 Antiochenae
803 2784 966 2856 Ecclesiae,
990 2787 1021 2842 et
1044 2775 1157 2857 populo
1179 2770 1311 2834 civitatis

565 2892 596 2945 et
611 2881 757 2943 dioecesis
770 2876 981 2940 antiochenae
996 2887 1051 2950 per
1062 2866 1224 2947 apostolica
1238 2863 1312 2924 scri·

567 2986 617 3057 pta
650 2978 847 3046 mandamus,
873 2977 909 3031 ut
936 2961 1134 3040 suffraganei,
1158 2958 1214 3020 tibi
1235 2965 1313 3019 tarn-

566 3084 660 3149 quam
682 3067 821 3128 membra
850 3061 948 3141 Capiti
971 3059 1188 3134 obsequentes
1212 3059 1242 3112 et
1266 3065 1312 3111 ca·

565 3164 702 3244 pitalum
718 3160 772 3221 tibi
794 3168 951 3234 tamquam
972 3150 1050 3230 patri
1067 3158 1098 3211 et
1113 3145 1225 3226 pastori
1246 3143 1312 3204 ani-

566 3270 688 3320 marum
703 3267 829 3315 suarum
846 3246 1007 3310 humiliter
1029 3242 1239 3311 intendentes,
1260 3252 1313 3297 ex-

566 3350 691 3411 hibeant
724 3346 778 3407 tibi
809 3340 1018 3404 obedientiam
1051 3344 1081 3396 et
1103 3331 1311 3394 reverentiam

566 3441 681 3506 debitas
703 3446 735 3501 et
761 3439 898 3511 devotas;
932 3433 974 3493 ita
995 3431 1079 3508 quod
1101 3435 1208 3489 mutua
1230 3424 1313 3484 inter

567 3543 598 3598 te
619 3542 650 3596 et
672 3534 752 3611 ipsos
772 3529 983 3604 suffraganeos
1004 3521 1101 3600 qratia
1127 3525 1228 3596 gratos
1249 3532 1312 3576 sor-

567 3631 662 3693 fiatur
684 3627 822 3698 effectus,
845 3630 876 3685 et
898 3635 954 3682 nos
974 3630 1086 3679 eorum
1114 3611 1312 3674 devotionern

566 3722 719 3803 possimus
734 3726 895 3797 propterea
910 3714 942 3774 in
955 3710 1088 3773 Domino
1104 3705 1215 3768 merito
1230 3717 1313 3764 com·

566 3818 725 3881 mendace.
749 3814 792 3873 hc
813 3808 967 3870 cleruste
989 3799 1159 3882 pronostrb
1181 3804 1211 3858 et
1233 3795 1313 3857 eius-

567 3914 638 3975 dem
657 3907 738 3970 sedis
767 3900 943 3966 reverentii
964 3895 1103 3972 benigne
1130 3892 1313 3970 recipientes

568 4013 598 4068 et
609 3999 779 4065 honorifice
794 3999 1026 4075 pertractantes,
1045 3996 1096 4050 tua
1106 3985 1238 4047 salubria
1252 4000 1314 4046 mo·

568 4099 633 4160 nita
652 4103 682 4157 et
698 4091 839 4154 mandata
852 4085 1020 4164 suscipiant
1032 4079 1194 4143 humiliter
1208 4087 1238 4139 et
1250 4078 1314 4138 eth·

567 4191 679 4254 caciter
699 4183 869 4261 adimplere
890 4183 1074 4257 procurent:
1092 4171 1224 4253 populus
1239 4185 1314 4231 vero

568 4294 598 4347 te
613 4293 772 4358 tamquam
787 4283 907 4354 patrem
922 4280 952 4333 et
967 4276 1121 4349 pastorem
1137 4265 1313 4326 animarum

567 4391 695 4440 suarum
716 4373 828 4434 devote
855 4366 1059 4442 suscipientes
1080 4370 1112 4421 et
1138 4357 1239 4419 debitia
1261 4357 1314 4416 ho-

568 4465 763 4534 norificentiis
791 4463 1028 4541 prosequentes,
1053 4455 1113 4516 tuis
1135 4450 1262 4513 monitis
1284 4458 1314 4511 et

568 4561 720 4626 mandatis
748 4552 921 4619 salubribus
942 4547 1105 4611 humiliter
1133 4545 1312 4618 intendant3

568 4657 610 4718 ita
630 4652 712 4733 quod
733 4659 769 4712 tu
790 4647 881 4710 ineis
902 4641 1075 4706 devotionis
1097 4638 1187 4712 lilios,
1203 4644 1234 4696 et
1256 4636 1313 4715 ipsi

569 4752 601 4812 in
624 4757 655 4809 te
680 4761 735 4824 per
760 4753 953 4818 consequens
977 4743 1096 4813 patrem
1125 4730 1313 4793 benevolum

569 4841 727 4904 invenisse
755 4833 922 4913 gaudeatis.
953 4825 1081 4890 vassalli
1102 4830 1206 4885 autem
1229 4837 1313 4901 pcae-

568 4935 634 5009 lati,
657 4938 688 4993 te
710 4929 813 4993 debito
846 4929 963 4986 honore
991 4923 1230 4998 prosequentes,
1260 4915 1314 4976 tibi

570 5027 750 5089 fidelitatem
771 5019 894 5081 solitam
916 5022 947 5076 et
969 5021 1114 5075 consueta
1135 5008 1261 5070 servitia
1283 5017 1314 5070 et

569 5125 637 5187 iura
650 5117 703 5178 tibi
719 5117 756 5178 ab
770 5115 814 5176 eis
828 5110 931 5176 debita
946 5109 1069 5182 integre
1085 5103 1231 5164 exhibere
1247 5117 1313 5180 pro-

569 5219 696 5288 curent;
718 5207 854 5287 alioquin
874 5203 1062 5266 sententiam
1084 5201 1149 5262 sire
1171 5215 1312 5279 poenam,

569 5325 663 5391 quam
685 5306 744 5367 rite
765 5301 874 5365 tuleris
888 5315 944 5360 seu
964 5295 1108 5358 statueris
1125 5295 1156 5357 in
1171 5292 1312 5367 rebelles,

569 5414 668 5468 ratam
683 5399 878 5470 habebimus,
895 5402 926 5456 et
942 5391 1100 5466 faciemus,
1117 5396 1244 5450 auctore
1258 5387 1314 5446 Do-

569 5501 669 5572 mino,
692 5508 791 5573 osque
812 5493 849 5554 ad
863 5486 1102 5553 satisfactionem
1128 5481 1314 5560 condignam

571 5589 791 5656 inviolabiliter
812 5584 980 5647 observari.

609 5687 629 5762 ,ξ
650 5685 679 5746 b.
703 5682 854 5745 Volumus
868 5685 984 5752 autem,
1001 5675 1082 5754 quod
1099 5681 1132 5736 tu
1147 5683 1315 5754 antequam

571 5777 718 5857 regimini
740 5784 772 5837 et
793 5771 1054 5836 administrationi
1075 5769 1173 5831 (lictae
1188 5769 1314 5846 patriar-

571 5872 664 5936 chalis
687 5867 839 5932 Ecclesiae
866 5864 1078 5927 Antiochenae
1103 5870 1133 5924 te
1155 5863 1186 5923 in
1213 5860 1315 5940 aliquo

571 5967 760 6042 immisceas,
783 5963 814 6024 in
844 5959 987 6022 manibus
1015 5957 1144 6019 alicuius
1175 5955 1316 6018 catholici

1083 600 1148 652 lun.
1172 603 1262 650 PONT.
1286 595 1327 646 DE
1348 592 1377 644 P.
1401 593 1430 646 F·
1455 596 1537 645 PARS
1559 593 1581 643 l.

1364 717 1520 781 Antistitis
1541 715 1670 794 gratiam
1694 722 1725 776 et
1745 710 2002 776 communionem
2025 708 2110 772 Sedis

1366 813 1556 893 spostolicae
1568 810 1710 873 habentis
1721 817 1752 870 et
1765 808 1796 870 in
1808 807 1869 869 illis
1879 805 2018 884 partibus
2028 818 2110 866 com·

1366 907 1516 969 morantis
1545 903 1698 966 fidelitatis
1726 901 1846 963 debitae
1874 899 2001 961 solitum
2030 897 2111 957 iura·

1366 1007 1508 1062 mentum
1541 998 1626 1059 iuxta
1655 1010 1761 1069 unam,
1791 1001 1822 1053 et
1845 991 1915 1054 hdei
1945 989 2111 1052 catholicae

1365 1092 1585 1172 professionem
1602 1087 1810 1154 Orientalibus
1831 1084 2051 1165 praescriptam
2066 1081 2111 1142 in·

1366 1195 1416 1248 xta
1437 1185 1565 1246 alteram
1588 1183 1700 1244 formas
1720 1179 1933 1259 praesentibus
1955 1178 2111 1239 adnotatas

1365 1295 1508 1358 expresse
1530 1278 1686 1350 emittere,
1698 1275 1748 1337 coi
1771 1289 1824 1351 per
1838 1277 2015 1351 praesentes
2029 1283 2111 1328 com-

1366 1373 1521 1434 mittimus
1539 1380 1570 1432 et
1591 1371 1784 1442 mandamus,
1802 1375 1836 1428 ut
1851 1366 1915 1444 ipse
1930 1382 1946 1425 a
1960 1373 1991 1427 te
2005 1374 2112 1426 nostro

1366 1476 1397 1529 et
1416 1469 1570 1529 Romanae
1586 1464 1739 1527 Ecclesiae
1755 1462 1883 1524 nomine
1898 1462 2111 1522 iuramentum

1366 1577 1399 1621 ac
1422 1559 1644 1638 professionem
1666 1553 1842 1618 huiusmodi
1860 1553 2001 1631 recipiat,
2017 1557 2048 1612 et
2070 1549 2111 1610 sic

1367 1670 1382 1712 a
1405 1659 1435 1713 tc
1457 1651 1593 1730 praestiti
1615 1649 1783 1712 iuramenti
1799 1655 1830 1710 et
1845 1647 1976 1708 emissae
1996 1641 2112 1722 proles-

1366 1746 1461 1807 sionis
1484 1745 1597 1806 formas
1613 1741 1789 1804 huiusmodi
1811 1742 1846 1803 ad
1868 1739 2010 1801 eamdem
2033 1736 2114 1799 Con·

1367 1839 1580 1918 gregationem
1602 1837 1639 1900 de
1660 1835 1856 1915 Propagandi
1870 1833 1943 1896 Eidc
1958 1832 1996 1893 de
2017 1828 2113 1890 verbo

1367 1937 1403 1996 ad
1425 1933 1558 1996 verbum
1579 1947 1635 2010 per
1658 1938 1724 1992 tuas
1749 1935 1890 2008 patentes
1912 1926 2035 2000 literas,
2058 1931 2112 1985 tuo

1366 2030 1469 2106 sigillo
1500 2028 1655 2101 munitas,
1686 2024 1765 2087 infra
1793 2023 1965 2102 praefixum
1991 2027 2113 2097 tempus

1368 2124 1580 2186 transmittere
1602 2122 1730 2182 omnino
1753 2119 1896 2181 tenearis.

1408 2218 1518 2280 Eorma
1540 2225 1645 2276 autem
1668 2213 1835 2274 iuramenti
1851 2209 1933 2290 quod
1949 2207 2113 2288 praestabis

1367 2311 1442 2372 haec
1463 2321 1522 2370 est:

1409 2405 1475 2482 Epo
1502 2401 1691 2464 Theodosius
1719 2415 1823 2479 nuper
1848 2397 2112 2474 archiepiscopus

1368 2498 1552 2574 Berytensis
1574 2498 1610 2558 in
1632 2495 1863 2558 Patriarebnm
1878 2490 2113 2555 Antiochenam

1367 2593 1514 2658 nationis
1532 2587 1967 2655 Graecorum-Melebitarum
1982 2589 2112 2659 electus,

1368 2685 1407 2750 ab
1431 2689 1490 2749 baa
1511 2686 1591 2746 bora
1614 2685 1767 2747 inantea
1788 2681 1889 2762 fidelis
1919 2689 1948 2743 ct
1971 2679 2113 2744 obediens

1368 2797 1421 2841 ero
1444 2781 1479 2842 Β.
1498 2779 1603 2847 Petro,
1622 2777 1820 2853 Sanctuequc
1841 2773 2041 2853 Apostolicae
2056 2773 2115 2836 lle·

1368 2889 1481 2936 nonae
1504 2870 1706 2933 Ecclesiaeet
1722 2868 1856 2930 Domino
1873 2875 1982 2929 nostre
1998 2867 2035 2928 D.
2050 2868 2116 2929 Gle-

1368 2967 1469 3028 menti
1491 2966 1597 3042 Papae
1613 2963 1713 3033 XHL,
1728 2961 1858 3038 suisque
1879 2957 2115 3021 successoribus

1368 3061 1519 3122 canonice
1547 3053 1771 3129 intrantibus,-
1797 3070 1853 3116 nee
1873 3070 1925 3114 ere
1953 3054 1988 3115 in
2014 3053 2115 3113 conci-

1369 3155 1411 3216 lio
1433 3161 1493 3214 aut
1517 3167 1670 3214 cortsensu
1691 3153 1738 3213 ecl
1761 3153 1860 3230 fecto,
1877 3155 1915 3211 ut
1930 3149 2033 3210 vitent
2048 3161 2116 3224 per·

1368 3258 1446 3320 daut
1470 3261 1529 3318 aut
1551 3250 1736 3320 membrum,
1760 3265 1816 3308 seu
1839 3247 2015 3324 capiantur
2029 3241 2115 3306 analo

1368 3351 1526 3427 captione,
1543 3351 1604 3408 aut
1625 3345 1661 3404 in
1675 3359 1724 3404 eos
1741 3341 1895 3402 uiolenter
1915 3354 2030 3400 manus
2043 3353 2116 3414 quo-

1368 3439 1536 3505 modolibet
1570 3440 1775 3518 inperciatur,
1798 3450 1854 3494 sen
1885 3431 2033 3494 iniuriae
2056 3431 2116 3492 oli-

1369 3553 1449 3616 quoe
1476 3535 1669 3612 inserantur
1695 3528 1804 3605 quovis
1829 3527 1972 3604 quaesito
2000 3527 2113 3587 actore.

1371 3629 1550 3694 Consilium
1568 3641 1641 3687 cero
1657 3621 1738 3701 qatod
1759 3619 1839 3681 inibi
1861 3619 2021 3680 credituri
2036 3624 2115 3680 sunt

1369 3740 1424 3802 per
1445 3739 1476 3783 se
1498 3728 1557 3784 eut
1580 3719 1716 3781 nunccios
1727 3733 1783 3777 seta
1805 3715 1930 3784 literas,
1950 3713 1992 3775 ad
2006 3729 2115 3774 corum

1370 3817 1535 3885 damnant,
1569 3829 1616 3872 rna
1645 3811 1780 3880 sciente,
1812 3807 1934 3868 nemini
1964 3806 2113 3883 pandam.

1370 3911 1533 3990 Papntuna
1555 3905 1736 3968 Romanum
1758 3909 1787 3964 et
1811 3902 1943 3982 chafie
1970 3900 2000 3962 S.
2025 3899 2116 3960 Petri

1370 4005 1504 4068 uditttor
1525 3998 1570 4062 iis
1592 4016 1644 4060 ero
1666 3998 1709 4060 ad
1730 3997 1936 4060 retinendum
1965 4001 1995 4056 et
2011 3993 2116 4074 defen-

1371 4098 1508 4160 dendum
1537 4101 1651 4154 contre
1680 4107 1801 4152 ornnem
1824 4088 1992 4149 bominem.
2021 4085 2117 4165 Lepa-

1372 4199 1441 4254 tan
1467 4187 1666 4266 Apostolicee
1688 4183 1775 4247 Sedis
1798 4184 1835 4244 in
1860 4181 1961 4244 eundo
1989 4187 2019 4241 ct
2048 4179 2117 4242 red·

1369 4285 1471 4347 eundo
1504 4279 1674 4358 honorifice
1718 4274 1881 4346 tractabo,
1911 4281 1942 4336 et
1981 4275 2017 4334 in
2047 4273 2116 4335 suis

1370 4371 1615 4437 necessitatibus
1643 4366 1812 4433 adiuvabo.
1846 4369 1942 4437 itera,
1972 4366 2117 4438 bonores,

1369 4465 1543 4545 priviicqia
1565 4471 1595 4524 et
1617 4461 1851 4524 auctoritatem
1876 4458 2038 4521 Romanae
2060 4457 2117 4519 Ec·

1371 4560 1495 4630 etesiae,
1527 4557 1656 4619 Domini
1679 4553 1792 4617 Nostri
1819 4553 1924 4629 Papae
1946 4555 1977 4610 et
1998 4566 2119 4611 sueces-

1370 4669 1479 4714 sorunt
1500 4651 1727 4728 promotorum
1750 4660 1950 4715 conservare,
1974 4643 2117 4723 desende-

1371 4764 1416 4818 re,
1440 4759 1557 4823 cupere
1577 4747 1609 4803 et
1630 4755 1810 4819 promouere
1829 4733 1957 4799 curabo.
1982 4736 2045 4798 Nec
2066 4752 2118 4797 ero

1371 4840 1406 4900 in
1429 4837 1574 4908 consitio,
1598 4837 1685 4913 faeta
1705 4831 1752 4892 uel
1776 4835 1936 4900 tractatu,
1953 4827 2118 4905 inquibus

1371 4936 1484 4994 contra
1497 4929 1602 5006 ipsura
1613 4924 1786 4986 Hominum
1802 4931 1962 4991 nostrum,
1976 4921 2023 4982 eci
2036 4937 2120 4984 earn·

1372 5026 1438 5088 dem
1454 5022 1630 5084 Romanam
1646 5017 1834 5091 Ecclesiam,
1854 5016 1965 5093 aliqua
1980 5014 2118 5076 sinistra

1370 5119 1417 5180 uel
1438 5112 1691 5196 praeiudicielia
1713 5127 1874 5188 personae,
1899 5109 1997 5180 iuris,
2025 5106 2118 5168 bono-

1372 5211 1429 5283 ris,
1452 5215 1561 5272 status
1576 5215 1605 5270 et
1620 5204 1791 5284 potestatis
1812 5219 1922 5265 cocunt
1937 5201 2119 5264 machinen-

1373 5312 1449 5376 tur,·
1461 5311 1490 5365 et
1505 5303 1533 5363 si
1552 5301 1634 5363 talia
1647 5318 1666 5362 a
1681 5296 1933 5377 quibuscumque
1946 5294 2119 5374 procurari

1371 5412 1485 5458 novero
1507 5394 1554 5455 ecl
1578 5392 1739 5466 tractari,
1771 5387 1942 5468 impediam
1973 5387 2029 5448 boc
2061 5403 2119 5464 pro

1370 5507 1468 5570 posse,
1485 5495 1515 5548 et
1531 5485 1755 5565 quantocitius
1775 5491 1885 5562 potero
1907 5480 2063 5543 commode
2077 5481 2119 5542 si·

1371 5581 1525 5663 pnifieabo
1547 5581 1645 5642 eidem
1661 5577 1795 5639 Domino
1811 5577 1940 5647 Nostro,
1958 5575 2005 5636 ccl
2021 5573 2119 5636 elteri
2134 5603 2135 5606 ¹

1370 5693 1426 5755 per
1447 5689 1537 5753 quent
1558 5674 1600 5736 ad
1621 5672 1725 5750 ipsius
1740 5671 1894 5732 notitiam
1915 5668 2034 5746 poterit
2049 5665 2121 5745 pec·v

1371 5769 1490 5830 uenire.
1516 5765 1655 5845 Repetas
1675 5763 1870 5826 Sanctorum
1891 5761 2041 5834 Petrum,
2069 5759 2119 5821 de-

1372 5867 1472 5934 creta,
1490 5859 1722 5930 ordinationes,
1735 5857 1923 5927 sententias,
1939 5847 2120 5931 dispositiu-

1372 5973 1438 6033 ncs,
1456 5951 1699 6023 reservationes,
1712 5949 1909 6027 provisiones
1921 5954 1952 6009 et
1963 5946 2119 6012 martdeta

2140 564 2195 622 An.
2210 569 2242 620 O.
2266 563 2340 617 1764
