4776 6974
39 116 47 225 ,¹

34 238 39 301 l

32 434 35 513 ’1

32 572 35 609 l
97 571 262 642 1333131
954 590 1024 645 crus
1045 591 1095 646 nn.
1119 590 1161 645 rr.
1749 579 1808 652 379
1858 577 2045 642 1333133

343 705 512 778 venerabili
533 703 622 780 fratri
646 707 793 796 Episcopo
816 709 849 778 S.
876 711 974 782 lecobi
1088 717 1172 781 iuxta
1187 717 1324 782 eiusdem
1339 716 1457 782 ordinis
1473 722 1709 786 constitutiones
1725 732 1755 788 et
1769 732 1829 787 sta-

589 793 739 886 udentia,
811 841 814 848 ·
1089 818 1153 874 tuta
1178 811 1361 875 auctoritate
1385 815 1547 892 apostolica
1573 818 1733 895 approbata
1762 818 1829 880 fieri

30 630 35 679 l

1088 904 1216 982 poterit,
1239 906 1421 968 auctoritate
1446 916 1549 971 nostra
1576 910 1736 988 apostolica
1758 928 1830 974 con·

542 992 628 1062 etus
651 994 711 1062 ΡΡ.
736 994 782 1061 ill.
1088 1012 1189 1072 uoces,
1212 997 1244 1059 in
1266 1013 1327 1076 quo
1348 1005 1455 1060 nostro
1481 1008 1512 1062 et
1533 1002 1722 1079 Apostolicae
1743 1004 1830 1068 Sedis

1090 1092 1218 1154 nomine
1240 1100 1270 1154 te
1291 1093 1515 1171 praesidentem
1536 1111 1608 1158 cum
1635 1098 1828 1176 auctoritate,

504 1181 691 1252 Venerabilis
713 1185 820 1264 frater,
1089 1183 1293 1260 facultatibus,
1306 1186 1525 1264 iurisdictione,
1537 1191 1746 1256 honoribuset
1757 1211 1830 1258 one-

325 1276 452 1344 saluteut
474 1283 506 1344 ei
526 1278 723 1360 apostolieum
749 1277 997 1345 benedictionem.
1090 1277 1176 1340 ribus
1203 1278 1355 1342 similibus
1379 1283 1623 1360 praesidentibus
1651 1297 1829 1367 competen-

1090 1370 1183 1445 tibus,
1204 1388 1238 1434 ac
1260 1373 1332 1434 alias
1351 1375 1449 1438 solitis
1476 1386 1507 1439 et
1527 1382 1681 1443 consuetis
1701 1385 1833 1446 auctori-

120 1477 260 1526 nooenun.
332 1470 351 1544 ς
374 1469 400 1530 1.
424 1469 516 1532 Decet
545 1469 718 1533 Romanum
750 1467 931 1532 Pontificem
962 1483 1034 1530 suae
1092 1472 1153 1528 tate
1170 1465 1329 1544 apostolica
1346 1475 1454 1531 tenore
1467 1474 1676 1548 praesentium
1691 1476 1830 1553 facimus,

295 1561 481 1624 auctoritatis
502 1569 603 1640 partes
625 1562 760 1625 libenter
786 1562 863 1624 circa
884 1579 918 1624 ea
939 1562 1034 1623 inter·
1091 1559 1308 1621 constituimus
1329 1571 1359 1624 at
1380 1563 1572 1641 deputamus.
1597 1568 1663 1631 Tibi
1686 1575 1753 1632 tum
1774 1573 1832 1634 mi·

296 1671 420 1735 ponere,
442 1671 496 1734 per
523 1671 602 1734 quae
627 1656 843 1732 religiosorum
871 1655 962 1718 statui
984 1671 1035 1732 op·
1091 1650 1225 1714 nisurum
1247 1654 1478 1730 prouincialem,
1493 1665 1562 1720 tum
1578 1661 1756 1725 definitores
1772 1666 1832 1728 dic·

296 1759 426 1828 portuno
448 1749 632 1826 consulitur,
655 1750 708 1812 ubi
728 1750 909 1827 praesertim
930 1766 968 1811 ex
987 1764 1034 1810 ae·
1091 1757 1139 1807 tae
1160 1746 1336 1824 provinciae
1356 1750 1548 1827 nominandi,
1568 1764 1598 1816 et
1619 1756 1672 1817 ubi
1694 1759 1785 1820 etiam
1801 1760 1831 1819 hi

297 1845 503 1908 mulationum
534 1861 568 1906 ao
602 1843 798 1906 dissidiorum
834 1843 1035 1906 incommodis
1092 1840 1165 1902 novi
1186 1841 1228 1903 sic
1248 1841 1338 1902 electi
1359 1842 1501 1906 officiales
1522 1845 1832 1914 intersenimisdis-

297 1937 366 2000 adeo
380 1938 509 2000 illorum
528 1938 648 1998 animos
662 1937 759 2000 scindi
774 1945 968 2013 compertum
983 1935 1034 2010 sit,
1092 1943 1228 2013 crepent,
1242 1951 1350 1998 omnes
1366 1936 1439 1998 alios
1453 1940 1627 2016 superiores
1643 1959 1675 2004 ec
1690 1943 1832 2008 officiales

297 2040 329 2094 ut
351 2031 461 2094 uberes
482 2029 612 2105 fructus,
627 2046 703 2109 quos
725 2028 946 2094 christifideles
969 2028 1036 2090 iore
1092 2030 1126 2090 ad
1149 2029 1253 2092 omnia
1284 2036 1315 2090 et
1345 2031 1467 2107 singula
1492 2035 1630 2098 eiusdem
1658 2038 1834 2116 prouinciae

297 2143 328 2187 ac
348 2125 460 2187 merito
475 2140 513 2186 ex
528 2123 721 2198 regularibus
736 2122 886 2184 institutis
900 2129 1034 2200 sperant,
1093 2138 1222 2185 munera
1237 2123 1322 2184 iuxta
1337 2126 1436 2186 datam
1451 2126 1506 2187 tibi
1521 2144 1537 2187 a
1552 2129 1683 2193 Domino
1698 2134 1834 2211 pruden-

298 2217 463 2296 quomiuus
497 2217 713 2296 proferantur,
744 2215 882 2295 quotidie
912 2229 1037 2292 praepc-
1093 2216 1167 2278 tiam
1188 2215 1295 2278 eadem
1322 2218 1503 2282 auctoritate
1531 2221 1710 2300 designandi
1730 2237 1762 2290 et
1783 2230 1833 2292 de·

298 2311 434 2372 diuntur.
1092 2307 1218 2387 putandi
1232 2308 1356 2386 plenam
1376 2319 1408 2373 et
1428 2312 1562 2391 amplam
1576 2313 1750 2380 facultatem
1765 2335 1833 2384 auc-

130 2411 284 2468 rinocorure
336 2404 404 2480 §E
429 2401 534 2481 Nuper
548 2419 604 2483 pro
619 2413 704 2483 parte
725 2405 874 2466 carissimi
894 2405 927 2467 in
948 2404 1037 2467 Chri·
1094 2402 1216 2465 toritate
1239 2410 1269 2464 et
1295 2410 1402 2464 tenore
1427 2408 1586 2490 praedictis
1616 2410 1780 2475 tribuimus
1803 2422 1833 2476 et

122 2467 341 2582 ἷξᾘῗῖἑῗῗῖἶεῑο
362 2498 418 2560 filii
449 2497 548 2560 nostri
578 2498 681 2562 Karoli
709 2499 791 2575 ragis
822 2497 1037 2577 Hispaniarum
1094 2497 1301 2575 impertimur.
1322 2495 1472 2566 Volumus
1494 2501 1632 2579 insuper,
1657 2505 1772 2585 tibique
1787 2509 1833 2570 in-

124 2572 201 2618 ¹¹¹⁰¹¹²⁰·
301 2592 436 2656 catholici
457 2592 631 2670 expositum
646 2600 703 2666 est,
719 2592 811 2670 quod,
827 2591 1036 2670 comprovin-
1093 2592 1261 2668 iungimus,
1275 2599 1309 2653 ut
1324 2592 1355 2653 in
1378 2594 1485 2656 eodem
1506 2596 1548 2658 sic
1569 2611 1734 2665 convocato
1755 2605 1833 2683 capi-

301 2689 341 2750 cia
355 2690 391 2754 de
407 2686 495 2750 Chile
508 2684 642 2748 fratrum
655 2684 777 2748 Ordinis
793 2686 946 2748 llinorum
963 2683 1038 2746 San·
1093 2685 1159 2747 tulo
1181 2685 1395 2748 alternatixam
1423 2689 1605 2765 praedictam
1632 2694 1715 2757 inter
1737 2697 1833 2762 Euro-

302 2782 337 2846 cti
366 2780 516 2844 francisci
544 2781 576 2840 in
606 2779 709 2842 divera
738 2778 837 2842 studia
868 2779 963 2841 divisa
984 2779 1035 2854 sit,
1094 2795 1193 2859 paens,
1206 2780 1237 2842 in
1249 2779 1400 2856 Hispaniis
1414 2782 1529 2847 scilicet
1540 2793 1637 2862 natos,
1650 2790 1832 2869 etCroiilos,

301 2891 387 2940 suum
408 2875 530 2951 regium
551 2872 710 2934 indiarum
724 2873 897 2949 consilium,
913 2875 1038 2952 praevio
1095 2874 1128 2936 in
1155 2873 1295 2936 America
1324 2873 1466 2937 videlicet
1493 2885 1590 2954 natos,
1613 2882 1646 2942 in
1668 2882 1834 2961 fungendis

303 2974 418 3032 maturo
429 2983 536 3030 rerum
550 2966 704 3041 examine,
716 2965 751 3027 ad
766 2965 953 3029 dirimendas
968 2983 1038 3028 con·
1094 2965 1191 3027 diotae
1221 2965 1397 3041 provinciae
1427 2970 1608 3033 muneribus
1633 2973 1835 3057 infrascriptis

304 3063 462 3126 troversias
491 3077 617 3134 omnes,
646 3075 724 3138 quae
756 3061 871 3124 iamdiu
897 3062 1038 3125 eamdem
1094 3058 1214 3134 legibus
1235 3075 1268 3120 ac
1288 3058 1515 3124 conditionibus
1537 3071 1836 3135 nostraauctoritate

304 3157 487 3236 proxinciam
501 3155 742 3234 perturbantes
755 3157 790 3218 ad
808 3155 942 3217 tollenda
956 3172 1039 3218 scan-
1095 3151 1246 3231 praedicta
1268 3153 1434 3215 constituas
1455 3163 1486 3216 et
1508 3158 1623 3221 firmes

304 3251 374 3325 dala,
396 3265 474 3328 quae
503 3265 541 3310 ex
569 3248 641 3310 inde
671 3257 852 3326 erumpunt,
883 3250 1039 3328 optimum
1134 3246 1204 3321 §fc-
1227 3245 1341 3321 Primo,
1358 3255 1392 3308 ut
1406 3263 1518 3328 nempe
1532 3251 1564 3312 in
1581 3263 1738 3329 posterum
1755 3277 1837 3323 nun·
1870 3277 1953 3338 ,coges
1967 3284 2065 3320 cuneos-

304 3345 440 3408 futurum
467 3359 532 3406 esse
552 3343 726 3406 remedium
747 3343 913 3418 consuluit,
935 3351 1039 3422 quate·
1095 3355 1187 3418 quam
1203 3341 1282 3417 quod
1299 3339 1334 3402 ad
1350 3356 1444 3403 unam
1459 3359 1496 3404 ex
1511 3343 1642 3409 fratrum
1659 3351 1836 3417 huiusmodi
1855 3339 1920 3374 ”⁰¹¹¹
1942 3329 2063 3375 maenae.

305 3453 358 3501 nus
387 3436 570 3500 alternative
603 3436 634 3498 in
663 3437 846 3500 muneribus
873 3455 905 3500 ao
933 3436 1039 3499 officiis
1095 3432 1189 3495 classe
1208 3441 1334 3512 spectat,
1350 3435 1438 3498 alteri
1453 3436 1679 3518 incorporetur,
1696 3454 1788 3524 atque
1803 3450 1835 3512 iu

305 3533 380 3594 iuter
401 3531 511 3594 fratres
532 3530 628 3593 dictae
650 3530 836 3608 provinciae,
853 3531 1038 3609 Europaeos,
1095 3527 1344 3606 incorporatione
1364 3528 1540 3594 huiusmodi
1556 3535 1749 3614 perficienda,
1772 3559 1835 3607 non

304 3625 413 3688 scilicet
433 3623 585 3702 Hispaniis
616 3631 713 3698 natos,
737 3631 768 3687 et
790 3624 929 3700 Croilles,
952 3633 1040 3687 natos
1096 3621 1164 3696 loci,
1188 3623 1240 3685 ubi
1261 3623 1413 3699 regularis
1434 3624 1580 3702 professio
1596 3629 1632 3693 ab
1654 3633 1697 3694 eis
1718 3649 1837 3715 respec-

302 3717 411 3780 scilioet
432 3718 465 3779 in
490 3717 641 3792 America,
666 3718 887 3780 constituatur:
911 3733 1041 3796 quapro
1097 3719 1160 3780 tive
1181 3717 1354 3791 emittetur,
1369 3719 1422 3780 sed
1437 3719 1490 3781 ubi
1506 3727 1629 3784 tantum
1650 3726 1715 3788 nati
1730 3739 1835 3809 erunt,

303 3819 367 3889 pter
377 3810 596 3874 demandatum
610 3809 668 3874 fuit
679 3810 888 3873 commissario
902 3811 1041 3887 generali
1096 3812 1173 3874 ratio
1188 3810 1352 3874 habeatur:
1370 3811 1451 3889 quod
1466 3811 1548 3875 idem
1563 3814 1682 3880 dictum
1698 3837 1764 3884 esse
1778 3831 1837 3886 sta-

301 3904 454 3968 lndiarum
476 3903 592 3966 ordinis
619 3904 776 3981 praedicti,
800 3910 834 3966 ut
859 3903 1041 3966 methodum
1097 3908 1214 3969 tuimus
1234 3921 1292 3984 prov
1311 3906 1358 3981 iis,
1371 3907 1425 3985 qui
1446 3923 1531 3971 nuno
1551 3911 1690 3976 eamdem
1711 3918 1837 3994 provin·
1902 3922 1914 3950 ¹

302 3999 335 4060 in
354 4000 408 4060 hac
427 3996 610 4060 alternativa
624 3997 838 4060 constituenda
857 3997 1041 4060 servandam
1096 4001 1173 4063 ciam
1204 4001 1408 4063 constituunt.
1433 4001 1588 4064 Secundo:
1620 4005 1659 4068 Ut
1681 4009 1785 4071 omnia
1806 4021 1838 4073 et

214 4151 217 4157 .
301 4099 501 4170 proponeret,
533 4098 569 4152 ut
597 4090 745 4164 subinde,
767 4091 793 4152 si
813 4108 847 4153 ea
868 4097 1041 4169 opportuna
1096 4094 1218 4172 singula
1238 4095 1335 4157 officia
1356 4105 1387 4158 et
1408 4111 1551 4174 munera,
1567 4117 1644 4179 quae
1666 4102 1698 4164 in
1722 4105 1838 4168 tabulas

301 4185 544 4262 dignosceretur,
574 4183 628 4245 tibi
659 4183 742 4247 illius
769 4184 936 4265 exequutio
963 4191 1042 4248 asset
1097 4191 1277 4271 capitulares
1288 4189 1480 4268 referuntur,
1491 4195 1593 4271 aequis
1604 4196 1740 4271 partibus
1755 4199 1838 4262 inter

301 4279 531 4342 committenda.
548 4279 629 4342 Cum
643 4285 759 4353 autem,
774 4277 852 4341 sicut
866 4279 973 4342 eadem
989 4293 1041 4338 ex·
1098 4288 1171 4348 duas
1185 4292 1368 4347 memoratas
1384 4286 1514 4350 fratrum
1530 4289 1649 4368 classes,
1666 4295 1707 4356 ita
1722 4305 1756 4358 ut
1771 4299 1837 4377 qui·

302 4372 410 4451 l)osilio
430 4371 647 4449 subiungebat,
663 4372 827 4434 methodus
841 4389 857 4433 ²¹
872 4379 1042 4434 mem0r³t⁰
1097 4381 1172 4444 libet
1194 4381 1317 4444 illarum
1338 4381 1509 4445 officiorum
1537 4401 1570 4447 ac
1590 4401 1760 4452 munerum
1782 4393 1838 4456 hu-

302 4465 509 4528 commissarjo
530 4466 686 4528 indiarum
707 4466 859 4544 proposita
880 4465 975 4543 ipsius
990 4466 1044 4528 Ca·
1097 4476 1230 4539 iusmodi
1252 4476 1481 4554 comprehensis
1500 4480 1679 4557 praelaturis
1693 4491 1725 4546 et
1739 4487 1839 4549 cathe-

304 4559 360 4621 rou
380 4559 462 4636 regis
477 4559 615 4623 catholici
631 4559 711 4620 vous
731 4574 826 4636 quam
848 4559 982 4621 maxume
997 4574 1043 4620 ac·
1098 4572 1160 4634 uris
1182 4569 1379 4632 medietatem
1392 4570 1449 4632 ssu
1464 4573 1582 4634 naneae
1600 4575 1719 4639 xeruo:
1744 4579 1784 4641 ut
1798 4581 1838 4642 ar-

304 4652 490 4716 oommodtta
512 4653 576 4714 fist
597 4653 652 4714 sit:
676 4650 770 4715 NObiS
797 4668 833 4731 pr
834 4659 922 4730 Oilei
923 4668 957 4714 0³
979 4666 1042 4714 me-
1098 4666 1250 4729 tornativa
1270 4664 1447 4727 huiusmodi
1462 4683 1478 4726 3
1494 4667 1588 4730 classe
1603 4669 1840 4750 Europaeorum

304 4753 439 4809 moratus
467 4746 593 4810 Carolus
615 4762 669 4808 rex
694 4746 860 4808 catholicus
881 4745 1042 4808 humiliter
1097 4757 1285 4834 exordiatur,
1308 4757 1349 4820 pra
1372 4766 1406 4821 uc
1425 4759 1633 4837 provincialis,
1649 4761 1710 4826 duo
1731 4765 1839 4828 pegni.

304 4839 465 4919 Slltfllifflli
485 4840 568 4915 fecii,
585 4848 620 4902 lli
640 4840 861 4918 1111)ΐᾶθωὶὃὸἰὸ
881 4840 1044 4920 diffidere
1098 4859 1191 4925 tores,
1210 4859 1240 4914 et
1260 4859 1362 4913 custos
1376 4867 1414 4913 ex
1430 4851 1607 4932 Europaeis,
1624 4857 1675 4918 alii
1691 4874 1765 4922 vero
1779 4859 1840 4922 duo

15 5003 16 5008 ἵ
307 4945 336 4997 et
356 4942 389 4998 ut
410 4933 489 4996 infra
514 4933 677 5010 indulgete
698 4934 736 4996 de
761 4934 954 5012 benignitate
975 4950 1043 5013 3110·
1099 4945 1275 5009 definitores
1293 4961 1331 5006 ex
1352 4944 1445 5008 classe
1466 4946 1654 5012 croittorum
1674 4966 1728 5015 seu
1750 4957 1840 5016 Ame-

15 5009 17 5107 1
308 5027 463 5106 apostolica
484 5025 695 5104 dignaremur.
1099 5040 1274 5102 sicanorum
1297 5044 1390 5101 erunt
1403 5040 1561 5117 sumendi,
1583 5042 1626 5104 sic
1648 5060 1665 5104 e
1686 5053 1793 5108 contra
1807 5046 1839 5110 in

17 5128 20 5184 ξ
105 5115 284 5218 Joffigftllffi*
344 5122 411 5198 53.
435 5120 496 5183 Nos
516 5121 625 5198 igitur,
648 5122 701 5200 qui
722 5122 976 5185 eiusdemdaroli
997 5139 1045 5186 re·
1098 5133 1240 5210 sequenti
1262 5131 1410 5208 triennio,
1427 5134 1634 5212 provincialis,
1651 5138 1712 5200 duo
1734 5139 1842 5202 defrui·

20 5248 21 5259 1
308 5216 351 5292 gis
363 5215 503 5279 catholici
518 5216 686 5291 desideriis,
701 5223 851 5294 quantum
865 5218 898 5279 in
913 5217 1044 5280 Domim
1101 5235 1233 5288 sereser
1259 5233 1360 5286 custos
1387 5241 1425 5287 ex
1451 5227 1654 5304 Americauis,
1678 5231 1738 5292 duo
1765 5247 1841 5293 vero

308 5325 476 5388 possumus,
483 5325 603 5388 semper
613 5309 822 5373 favorabiliter
833 5325 972 5374 annuere
981 5319 1043 5374 stu·
1099 5320 1150 5382 alii
1171 5335 1209 5381 ex
1231 5319 1397 5395 Europaeis
1418 5328 1522 5396 erunt,
1539 5330 1569 5382 et
1584 5322 1627 5384 sic
1641 5322 1785 5402 deinceps
1800 5325 1842 5385 al-

308 5404 439 5481 duimus,
460 5403 734 5483 supplicationibus
758 5403 934 5467 huiusmodi
956 5405 1044 5468 incli·
1100 5413 1245 5475 ternatim
1268 5412 1326 5473 erit
1346 5427 1470 5491 semper
1490 5415 1688 5477 servandum.
1708 5416 1835 5492 Quarto:

308 5497 378 5573 nati,
401 5496 585 5559 fraternitati
605 5504 688 5572 tuae,
703 5497 741 5560 de
761 5499 848 5561 cuius
869 5500 1043 5577 prudentia,
1100 5505 1140 5567 Ut
1161 5505 1337 5580 deficiente,
1359 5504 1411 5566 vel
1439 5506 1629 5584 dimittente,
1655 5517 1708 5572 aut
1734 5510 1842 5588 quavis

308 5591 374 5668 fide,
404 5591 563 5668 religionis
590 5590 668 5667 zelo,
690 5607 725 5653 ac
744 5607 864 5654 summa
893 5593 924 5654 in
954 5593 1045 5656 rebus
1099 5598 1156 5660 alia
1170 5598 1209 5660 de
1222 5614 1310 5660 causa
1331 5605 1458 5660 vacante
1480 5600 1715 5679 proxincialatu,
1731 5619 1785 5665 seu
1800 5602 1842 5665 of·

308 5685 447 5761 gerendis
467 5685 651 5747 dexteritate
671 5684 840 5763 plurimum
861 5685 893 5746 in
916 5686 1045 5750 Domino
1100 5690 1168 5754 ficio
1195 5690 1339 5765 custodis,
1362 5691 1394 5751 in
1416 5691 1568 5754 vicarium
1589 5693 1700 5756 defecti
1716 5697 1842 5772 provin·

308 5778 498 5852 confidimus,
514 5794 567 5857 per
583 5786 756 5856 praesentes
778 5779 1001 5843 committimus
1015 5789 1045 5844 et
1099 5782 1182 5846 cialis
1203 5792 1256 5846 aut
1278 5783 1309 5845 in
1332 5784 1538 5847 substitutum
1557 5787 1691 5850 custodis
1712 5787 1791 5851 alter
1804 5805 1842 5852 ex

309 5870 497 5948 mandamus
523 5881 559 5933 ut
579 5873 749 5950 capitulum
771 5873 957 5953 provinciale
978 5889 1044 5953 pro·
1100 5877 1207 5938 eadem
1228 5875 1322 5938 classe
1341 5866 1522 5953 sufficiatur,
1539 5879 1591 5957 qui
1615 5881 1763 5958 usquead
1779 5882 1842 5943 exi·

309 5964 425 6026 vinciae
445 5973 476 6026 et
490 5965 607 6028 ordinis
624 5965 851 6044 praedictorum
864 5969 1046 6046 quantocius
1101 5977 1169 6032 tum
1199 5967 1333 6047 incoepti
1363 5970 1492 6033 triennii
1521 5973 1680 6033 dumtaxat
1710 5989 1841 6042 munere
