4740 6962
938 559 1009 605 rrus
1030 559 1079 604 rr.
1104 559 1147 604 vr.
1263 599 1267 609 ,
1738 531 1796 596 233
1847 526 1902 581 An.
1916 529 1946 581 c.
1968 527 2037 580 1778

270 676 464 741 Coccineusis
481 681 517 743 ad
533 681 813 760 praesentationem
834 679 932 744 dictae
953 679 1014 742 lla-

269 771 331 834 riao
351 772 529 836 Franciscae
557 775 682 852 reginae
711 775 905 838 fidelissimae
926 771 1014 835 nobis

269 866 302 928 ad
325 865 354 927 id
376 881 432 944 per
452 883 522 929 suas
544 866 648 930 literas
662 867 782 942 factam,
799 867 835 928 de
854 865 1014 928 venerabi-

269 958 344 1022 lium
366 957 498 1022 fratrum
521 971 699 1023 nostrorum
716 961 844 1024 Sanctae
859 961 1014 1022 Romanae

268 1053 419 1115 Ecclesiae
450 1053 661 1118 cardinalium
691 1053 830 1130 consilio,
853 1051 1015 1132 apostolica

268 1149 450 1211 auctoritate
469 1148 706 1226 providerimus,
729 1149 893 1227 ipsumque
915 1145 960 1208 illi
981 1146 1013 1208 in

270 1242 453 1319 Episcopum
474 1241 713 1319 praefecerimus
733 1249 765 1304 et
779 1249 945 1319 pastorem,
963 1255 1015 1300 cu-

268 1350 345 1410 ram,
368 1336 510 1412 regimen
532 1342 563 1397 et
590 1334 890 1398 administrationem
919 1331 1014 1411 ipsius

269 1428 420 1492 Ecclesia-e
441 1429 636 1494 (londinensis
657 1428 685 1491 ei
707 1429 739 1490 in
761 1425 970 1505 spiritualibus
984 1431 1015 1486 et

270 1521 489 1598 temporalibus
510 1523 648 1600 plenarie
670 1519 905 1594 committendo,
921 1523 1014 1595 prout

269 1615 300 1676 in
315 1616 430 1678 uostris
445 1618 518 1680 iude
533 1617 679 1680 confectis
694 1617 793 1679 literis
807 1614 929 1692 plenius
943 1628 1015 1674 con-

270 1709 396 1771 tinetur.
418 1709 536 1774 Verum
554 1711 699 1787 regimini
722 1719 754 1774 et
775 1706 1013 1772 administratio-

269 1805 302 1866 ui
323 1805 468 1870 ecclesiae
489 1805 753 1884 archiepiscopalis
774 1805 895 1867 Goanae
909 1802 941 1863 in
956 1800 1014 1863 eis·

269 1900 337 1960 dem
360 1899 453 1960 lntliis
470 1899 691 1975 Orientalibus
708 1915 771 1960 non
787 1899 878 1960 modo
893 1896 1014 1975 quoties

268 1992 351 2054 illam
366 1994 495 2070 pastoris
509 1993 617 2056 solatio
632 1994 758 2056 destitui
773 1992 945 2067 contingat,
961 1989 1012 2051 sed

268 2085 360 2148 etiam
382 2085 420 2149 de
441 2087 605 2165 praesenti,
628 2103 700 2149 cum
722 2086 807 2148 illius
830 2084 1012 2147 modernum

269 2179 539 2260 archiepiscopum
567 2183 708 2245 Gonnum
730 2183 769 2243 ob
790 2195 899 2258 graves
927 2177 1014 2238 nobis

268 2281 354 2336 notas
374 2292 478 2337 causas
499 2275 614 2337 iamdiu
636 2293 651 2336 a
673 2276 798 2338 civitate
824 2284 856 2335 et
885 2271 1013 2334 dioecesi

267 2369 367 2432 Goana
388 2369 493 2431 abesse
508 2377 702 2447 compertum
717 2370 768 2445 sit,
786 2367 949 2430 consulere
962 2383 1013 2428 cu·

1070 677 1185 739 tatione
1205 683 1236 738 et
1257 676 1447 756 beneplacito
1475 673 1665 748 huiusmodi,
1687 686 1813 737 omnem

1069 769 1327 845 iurisdictionem,
1349 770 1563 832 auctoritatem
1586 773 1616 830 et
1632 771 1814 846 potestatem

1068 862 1157 939 iuris,
1180 865 1273 926 etiam
1295 865 1538 945 metropolitani,
1555 881 1629 927 vere
1648 871 1678 925 et
1693 863 1816 941 proprie

1068 956 1194 1019 cuilibet
1217 957 1450 1039 archiepiscopo
1472 960 1504 1022 in
1518 975 1571 1021 sua
1587 956 1717 1020 dioecesi
1732 970 1814 1018 corn*

1069 1057 1194 1129 petente
1213 1053 1319 1115 eadem
1334 1053 1496 1132 apostolica
1511 1051 1692 1115 auctoritate
1706 1049 1815 1114 tribui-

1070 1160 1138 1205 mus
1159 1153 1190 1206 et
1212 1145 1417 1224 impartimur.
1449 1149 1550 1225 Atque
1572 1163 1612 1208 ne
1640 1146 1738 1208 dictus
1758 1144 1816 1206 Ar·

1069 1237 1278 1318 cbiepiscopus
1299 1241 1420 1304 Goanus
1441 1241 1507 1304 eius
1528 1240 1664 1304 absentia
1683 1240 1815 1303 durante

1069 1330 1101 1393 iu
1124 1334 1277 1409 regimine
1298 1341 1328 1396 et
1355 1335 1622 1398 administratione
1649 1332 1746 1398 dictae
1768 1349 1815 1396 ec-

1068 1425 1177 1488 clesiae
1190 1429 1453 1508 archiepiscopalis
1467 1431 1588 1493 Goanae
1610 1425 1744 1490 mediate
1765 1427 1815 1488 vel

1069 1519 1244 1583 immediate
1264 1537 1296 1584 se
1312 1524 1444 1600 ingerat,
1462 1525 1568 1586 eadem
1584 1521 1746 1601 apostolica
1761 1537 1813 1582 au-

1068 1613 1210 1676 ctoritate
1236 1615 1426 1691 inhibemus,
1455 1617 1513 1679 sub
1538 1633 1635 1694 poena
1662 1613 1814 1677 nullitatis

1068 1709 1251 1785 quorumvis
1272 1717 1424 1787 actorum,
1447 1712 1472 1772 si
1493 1727 1571 1789 quae
1592 1710 1672 1772 forte
1693 1708 1731 1770 ab
1749 1707 1814 1784 ipso

1069 1802 1219 1862 moderno
1240 1803 1473 1882 archiepiscopo
1494 1805 1599 1867 Goano
1629 1805 1694 1866 fieri
1717 1802 1815 1864 conti-

1069 1897 1160 1970 gerit,
1178 1910 1212 1958 ac
1233 1897 1462 1962 mandantesin
1478 1899 1596 1960 virtute
1608 1903 1730 1960 sanctae
1744 1897 1814 1958 obe-

1068 1989 1202 2068 dientiae
1222 1990 1342 2053 dilectis
1363 2007 1472 2054 eorum
1495 1992 1577 2067 filiis,
1593 1991 1737 2074 capitulo,
1754 1990 1813 2053 cle·

1068 2099 1114 2158 ro,
1137 2085 1249 2162 populo
1270 2091 1363 2164 atque
1385 2085 1520 2148 vassallis
1551 2086 1648 2148 dictae
1669 2084 1815 2147 ecclesiae

1069 2177 1339 2258 llrclriepiscopalis
1357 2181 1489 2254 Goanae,
1505 2189 1541 2242 ut
1555 2178 1683 2241 interim
1698 2179 1813 2242 dictum

1068 2270 1304 2334 Emmanuelem
1334 2275 1518 2353 Episcopum
1546 2273 1683 2336 electum
1704 2272 1815 2334 debitis

1068 2382 1139 2427 cum
1155 2368 1330 2432 reverentia
1345 2377 1375 2430 ct
1390 2371 1508 2430 bonore
1523 2373 1723 2445 pertractare,
1735 2365 1814 2428 eius-

267 2465 398 2542 pientes,
409 2481 466 2527 nec
481 2481 544 2527 non
560 2466 678 2528 dictum
690 2461 927 2526 Emmanuelem
944 2461 1014 2539 Epi·
1039 2450 1043 2533 l
1068 2478 1128 2540 que
1150 2463 1277 2525 monitis
1299 2472 1330 2526 et
1351 2465 1501 2526 mandatis
1522 2463 1696 2526 salubribus
1711 2462 1814 2525 bumi-

267 2573 393 2636 scopum
421 2559 554 2621 electum
578 2577 592 2620 a
615 2559 776 2638 quibusvis
803 2559 1013 2635 suspensionis

267 2663 296 2716 et
311 2652 480 2727 interdicti,
495 2653 623 2731 aliisque
638 2652 849 2715 ecclesiasticis
863 2653 1012 2727 censuris,

268 2748 429 2809 sententiis
458 2754 488 2809 et
509 2745 615 2824 poenis
637 2748 747 2826 quovis
775 2747 866 2807 modo
888 2753 919 2808 et
941 2761 1013 2822 qua-

268 2857 400 2918 cumque
421 2839 459 2902 de
479 2856 569 2904 causa
596 2841 675 2915 latis,
698 2841 857 2919 siquibus
886 2857 1014 2918 quomo-

268 2935 380 2996 dolibet
403 2935 567 2997 innodatus
583 2936 698 3010 existit,
714 2935 749 2998 etl
768 2936 913 2998 ellectum
928 2952 1013 3015 prae·

267 3029 402 3090 sentium
432 3035 552 3091 tantum
580 3031 833 3107 consequendum
855 3029 1014 3092 absolven-

269 3130 311 3183 tes
332 3131 363 3184 et
383 3121 560 3185 absolutum
574 3121 641 3184 iore
655 3132 826 3198 censentes,
843 3130 929 3185 motu
945 3139 1014 3201 pro-

268 3217 344 3296 prio,
374 3233 438 3280 non
466 3219 595 3282 addicti
629 3218 842 3281 Emmanuelis
873 3220 1012 3298 Episcopi

266 3311 355 3372 electi
377 3311 427 3372 vel
449 3311 577 3373 alterius
599 3328 655 3390 pro
677 3329 713 3374 eo
728 3312 845 3374 oblatae
862 3313 949 3376 nobis
963 3331 1015 3376 su·

267 3420 319 3483 per
339 3405 397 3466 boc
418 3405 579 3483 petitionis
601 3406 791 3482 instantiam,
807 3408 860 3471 sed
876 3423 915 3468 ev
930 3416 1012 3470 certa

264 3499 392 3562 scientia
412 3507 444 3560 et
465 3499 685 3562 deliberatione
708 3503 833 3573 nostrie,
846 3509 876 3563 et
891 3502 929 3562 de
943 3517 1012 3580 apo·

265 3593 389 3656 stolicae
404 3593 560 3673 potestatis
574 3593 766 3671 plenitudine
781 3596 925 3658 eumdem
941 3597 1012 3657 Em·

267 3687 444 3750 manuelem
475 3687 661 3765 Episcopum
691 3689 838 3764 electum,
866 3691 903 3751 de
923 3692 1011 3752 cuius

266 3781 324 3842 fide
355 3789 387 3842 et
416 3779 580 3857 prudentia
612 3781 784 3860 plurimum
816 3783 849 3844 in
881 3783 1011 3845 Domino

265 3873 462 3948 confidimus,
485 3874 570 3935 iuxta
586 3874 714 3936 modurn
730 3875 961 3954 infrascriptum
978 3877 1010 3938 in

264 3967 565 4029 administrationem
586 3967 684 4030 dictae
704 3969 849 4032 ecclesiae
863 3971 1012 4048 archiepi-

264 4060 391 4138 scopalis
422 4060 544 4123 Goanae
573 4063 734 4146 apostolica
766 4066 945 4128 auctoritate
969 4073 1010 4126 te·

265 4171 340 4216 nore
361 4155 572 4234 praesentium
593 4156 812 4219 constituimus
833 4166 863 4219 et
884 4158 1009 4237 deputa·

264 4265 344 4324 mus,
367 4250 403 4310 ad
424 4249 482 4311 hoc
503 4248 665 4324 nimirum,
683 4258 717 4313 ut
738 4251 803 4328 ipse
824 4251 1009 4316 Emmanuel

264 4343 429 4420 Episcopus
450 4343 578 4418 electus,
596 4351 758 4422 postquam
775 4351 878 4408 tamen
894 4363 1010 4411 munus

263 4436 500 4498 consecrationis
526 4438 708 4513 susceperit,
731 4448 837 4500 nostro
864 4449 895 4501 et
923 4440 1009 4510 Sedis

264 4528 454 4607 apostolicae
475 4530 601 4592 nomine
622 4531 655 4593 in
677 4541 826 4596 eventum
848 4536 943 4614 ipsius
963 4553 1011 4598 ec·

262 4623 369 4685 clesiae
398 4623 661 4702 archiepiscopalis
688 4627 807 4690 Goanue
830 4629 1007 4705 vacationis,

262 4724 292 4778 et
312 4717 432 4794 quoties
454 4717 537 4780 illius
557 4735 613 4796 pro
639 4726 776 4798 ternpore
800 4721 1009 4801 nrcbiepisco·

263 4825 319 4888 pus
340 4809 488 4886 regimini
510 4816 540 4872 et
561 4811 820 4876 administrationi
843 4814 940 4877 dictae
961 4833 1009 4878 eo·

261 4902 370 4964 clasiae
398 4902 662 4982 archiepiscopalis
691 4905 812 4968 Goanae
841 4909 927 4970 cedat
958 4910 1007 4972 vel

262 4997 397 5071 decedat,
420 4997 578 5059 vacatione
602 4997 777 5062 huiusmodi
806 5000 949 5077 durante,
972 5002 1008 5063 ad

262 5090 356 5168 ipsius
378 5090 592 5152 Emmanuelis
621 5091 760 5170 Episcopi
787 5093 877 5156 electi
899 5096 1006 5170 vitam,

263 5182 350 5244 modo
372 5199 447 5245 vero
475 5191 507 5245 et
528 5200 690 5264 quousque
718 5187 817 5250 dictus
839 5190 1007 5252 modernus

263 5275 514 5355 nrciriepiscopus
535 5277 658 5341 Goanus
679 5297 694 5340 a
716 5281 842 5344 civitate
867 5290 898 5344 et
926 5284 1008 5346 dioe-

263 5371 321 5432 cesi
342 5371 443 5433 Goana
468 5372 646 5435 huiusmodi
667 5372 774 5436 absens
798 5377 949 5452 estiterit,
971 5381 1007 5442 ad

264 5471 397 5525 nostram
418 5471 449 5526 et
469 5463 622 5541 praefatae
647 5467 734 5530 Sedis
749 5469 940 5546 spostolicae
956 5472 1007 5534 be·

263 5556 451 5635 neplacitum
468 5555 580 5619 dictam
595 5559 756 5622 ecclesiam
770 5562 1006 5644 archiepiscopa-

263 5650 323 5712 lem
343 5651 479 5714 Goananr
501 5651 533 5714 in
555 5653 767 5731 spiritualibus
784 5664 814 5718 et
831 5660 1007 5734 temporali·

265 5744 317 5806 bus
337 5759 446 5821 regere
467 5752 498 5807 et
520 5747 695 5822 gubernare
714 5747 813 5810 valeat
834 5758 865 5811 et
887 5752 1004 5814 debeat.

265 5836 301 5897 Et
321 5835 420 5898 eidem
444 5837 641 5900 Emmanueli
662 5839 811 5919 Episcopo
832 5843 940 5920 electo,
959 5847 1006 5908 uti

264 5944 278 6006 a
299 5928 385 5990 nobis
404 5928 578 6007 specialiter
598 5931 749 6010 delegato,
766 5932 897 5998 durante
912 5939 1006 6018 depu-

365 6075 418 6121 lur.
436 6076 504 6123 Porti.
521 6077 552 6124 de
567 6077 641 6140 f’rop.
659 6080 719 6128 Fide
733 6083 813 6129 Partis
828 6087 846 6132 l.
862 6085 915 6132 vol.
932 6089 970 6133 lv.

1068 2557 1139 2618 liter
1161 2557 1335 2632 intendant,
1359 2567 1485 2637 pareant
1505 2567 1536 2620 et
1558 2558 1711 2622 obediant.

1109 2650 1176 2726 §tt
1203 2652 1421 2728 Decernentes,
1444 2653 1564 2714 easdem
1588 2659 1763 2732 praesentes
1779 2650 1815 2713 li·
1833 2646 2046 2748 1,‘{}?⁰,⁸,¹¹¹3,{¹,¹,¹{

1070 2753 1151 2806 teras
1173 2746 1293 2822 firmas,
1322 2747 1435 2808 validas
1463 2752 1492 2808 et
1519 2746 1653 2808 efficaces
1681 2745 1815 2808 existere
1834 2759 1889 2802 tum
1907 2754 2017 2801 irritans.

1070 2847 1100 2900 et
1128 2838 1205 2915 fore,
1227 2855 1359 2920 suosque
1386 2841 1540 2919 plenarios
1562 2848 1592 2902 et
1613 2841 1751 2918 integros
1773 2839 1815 2902 el·

1070 2931 1168 2994 fectus
1189 2933 1294 2994 sortiri
1315 2940 1345 2995 et
1367 2934 1566 3010 obtinere,ac
1587 2933 1658 3008 illis,
1682 2932 1717 2994 ad
1739 2949 1814 3012 quos

1069 3032 1184 3103 spectat
1199 3033 1229 3088 et
1241 3042 1295 3104 pro
1311 3035 1451 3106 tempore
1475 3030 1734 3106 quandocumque
1748 3042 1815 3105 spe·

1069 3120 1172 3196 clabit,
1196 3121 1227 3182 in
1243 3121 1388 3183 omnibus
1404 3128 1433 3184 et
1448 3137 1502 3200 per
1517 3121 1620 3185 omnia
1637 3121 1814 3200 plenissime

1069 3212 1229 3288 suflragari
1256 3221 1286 3276 et
1317 3213 1354 3274 ab
1385 3214 1428 3276 eis
1459 3215 1629 3292 respective
1652 3213 1814 3276 inviolabi-

1069 3305 1141 3367 liler
1156 3306 1321 3369 observari.
1340 3306 1390 3370 Sic
1406 3308 1436 3369 in
1453 3308 1638 3387 praemissis,
1655 3324 1710 3387 per
1724 3323 1814 3386 quos·

1067 3416 1202 3478 cumque
1227 3400 1340 3464 iudices
1365 3401 1547 3476 ordinarios,
1580 3400 1632 3464 vel
1657 3400 1814 3477 delegatos

1067 3493 1175 3572 quavis
1195 3483 1376 3556 anctorita‘te
1400 3493 1579 3570 fungentes
1597 3495 1690 3557 etiam
1713 3511 1815 3557 eausa-

1068 3605 1138 3651 rum
1169 3589 1270 3668 palatii
1299 3588 1456 3665 apostolici
1484 3591 1650 3664 auditores,
1675 3605 1708 3650 ac
1733 3589 1813 3651 eius-

1067 3685 1138 3745 dem
1150 3682 1279 3746 Sanctae
1290 3682 1446 3744 Romanae
1462 3682 1613 3744 Ecclesiae
1625 3681 1812 3758 Cardinales,

1066 3777 1160 3838 etiam
1182 3779 1218 3840 de
1239 3779 1335 3840 latere
1364 3778 1491 3853 legatos,
1520 3779 1588 3839 vice
1613 3776 1740 3856 legatos,
1770 3777 1815 3841 di·

1065 3881 1193 3948 ctaeque
1214 3870 1301 3933 Sedis
1323 3872 1464 3947 nuncios,
1492 3871 1626 3935 sublatas
1646 3871 1691 3933 eis
1712 3881 1743 3934 et
1764 3889 1813 3933 eo·

1065 3981 1137 4027 rum
1159 3965 1286 4028 cuilibet
1308 3966 1415 4044 quavis
1436 3965 1526 4027 aliter
1547 3964 1699 4028 iudicandi
1721 3975 1752 4028 et
1767 3967 1813 4029 in-

1066 4060 1255 4137 terpretandi
1270 4058 1415 4121 facultate
1429 4066 1460 4120 et
1476 4060 1669 4136 auctoritate,
1687 4061 1812 4124 iudicari

1066 4161 1096 4216 et
1117 4153 1240 4215 definiri
1262 4154 1386 4229 debere,
1409 4155 1598 4232 irritumque
1613 4162 1644 4217 et
1665 4155 1770 4230 inane,
1787 4155 1813 4216 si

1064 4264 1152 4310 secus
1169 4263 1261 4326 super
1277 4247 1325 4308 bis
1340 4265 1355 4308 a
1370 4263 1537 4328 quoquam,
1553 4249 1659 4327 quavis
1681 4249 1812 4312 auctori-

1067 4350 1138 4417 tate,
1151 4343 1284 4404 scienter
1305 4342 1356 4402 vel
1377 4341 1559 4420 ignoranter
1580 4343 1747 4420 contigerit
1767 4350 1810 4404 at-

1066 4437 1188 4498 tentari.
1426 4502 1431 4512 ¹

1104 4530 1172 4606 §la
1193 4529 1261 4592 Non
1290 4531 1482 4594 obstantibus
1509 4540 1613 4594 nostra
1642 4539 1672 4595 et
1693 4531 1811 4594 canoel·
1843 4539 2043 4601 corogauocon-

1065 4627 1156 4688 lariae
1186 4625 1366 4702 apostolicae
1388 4627 1494 4703 regula
1521 4627 1558 4688 do
1579 4627 1648 4689 iure
1673 4627 1811 4707 quaesito
1830 4594 1976 4638 aratrorum.

1065 4736 1127 4783 non
1152 4720 1298 4795 tollendo,
1320 4738 1354 4782 ac
1375 4721 1534 4799 quibusvis
1557 4723 1649 4784 etiam
1670 4722 1703 4783 in
1719 4737 1811 4800 syno-

1064 4815 1194 4890 dalibus,
1216 4815 1468 4894 provincialibus,
1485 4815 1680 4892 generalibus
1696 4825 1727 4879 et
1743 4816 1812 4878 uni·

1064 4908 1233 4972 versalibus
1254 4908 1391 4972 conciliis
1412 4909 1501 4972 editis
1522 4910 1573 4972 vel
1595 4911 1721 4974 edendis
1743 4925 1811 4987 spe-

1063 5003 1190 5066 cialibus
1225 5003 1275 5064 vel
1307 5003 1503 5080 generalibus
1534 5004 1811 5067 constitutionibus

1063 5107 1094 5160 et
1116 5097 1362 5159 ordinationibus
1383 5097 1566 5174 apostolicis,
1583 5098 1742 5178 dictaeque
1763 5117 1811 5161 ec·

1062 5191 1170 5255 clesiae
1191 5190 1454 5270 archiepiscopalis
1474 5192 1605 5268 Goanae,
1622 5191 1715 5254 etiam
1730 5192 1811 5254 iura-

1064 5293 1181 5359 mento,
1197 5285 1435 5348 confirmatione
1454 5285 1615 5364 apostolica
1637 5286 1688 5348 vel
1703 5285 1810 5364 quavis

1063 5380 1210 5443 firmitate
1225 5379 1282 5440 alia
1297 5380 1447 5441 roboratis
1462 5381 1585 5443 statutis
1599 5389 1629 5444 et
1643 5387 1809 5444 consuetu·

1062 5472 1197 5548 dinibus,
1220 5473 1390 5553 privilegiis
1413 5490 1547 5553 quoque,
1571 5473 1700 5537 indultis
1720 5483 1752 5536 et
1774 5475 1809 5536 li-

1062 5568 1136 5629 teris
1157 5567 1329 5646 apostolicis
1359 5567 1457 5631 dictae
1487 5569 1631 5632 ecclesiae
1660 5569 1810 5649 archiepi-

1061 5661 1187 5738 scopalis
1209 5661 1340 5737 Goanae,
1362 5662 1492 5740 eiusque
1514 5662 1659 5741 praesuli,
1676 5663 1809 5740 capitulo

1061 5763 1092 5815 et
1112 5755 1279 5830 canonicis,
1302 5754 1431 5834 aliisque
1456 5757 1667 5834 superioribus
1689 5768 1719 5820 et
1740 5774 1809 5834 per-

1060 5847 1155 5922 sonis,
1178 5848 1236 5909 sub
1256 5848 1505 5928 quibuscumque
1527 5851 1686 5912 tenoribus
1701 5857 1732 5912 et
1746 5851 1808 5912 for-

1062 5941 1119 6002 mis
1134 5939 1167 6003 in
1182 5941 1375 6016 contrarium
1389 5943 1627 6021 praemissorum
1639 5944 1807 6023 quomodo·

1673 6093 1701 6136 30
