4734 7004
62 603 108 654 An.
120 597 148 650 o.
169 595 240 648 175⁸

270 747 324 808 se3
362 731 557 810 proindeque
587 733 807 813 nequissimum
840 742 1018 815 reputantes

270 825 1019 904 providisnuiusmoditegibusiteratocnnnrma-

272 921 310 984 tis
332 931 364 984 et
392 922 598 1001 promulgatis
619 938 699 984 noxa
720 925 867 987 adversus
888 924 1018 1002 gliscen-

271 1024 319 1078 tes
346 1015 460 1080 abusus
487 1016 667 1095 apostolicae
695 1018 908 1096 providentiae
933 1034 1018 1096 prae·

270 1109 348 1173 sidia
369 1111 514 1186 obiicere,
538 1111 682 1190 praedicti
708 1112 894 1175 venerabilis
916 1112 1018 1175 fratris

271 1205 370 1268 nostri
393 1205 563 1270 Clementis
584 1207 716 1284 Augusti
738 1215 768 1270 et
789 1205 937 1286 principis
957 1207 1018 1270 ele-

271 1300 366 1362 ctoris
387 1300 529 1378 precihus
557 1307 749 1377 annuentes,
771 1303 908 1380 excripta
929 1317 1020 1380 supe-

272 1393 339 1456 rins
368 1393 628 1471 congregationis
656 1395 784 1459 concilii
812 1394 934 1457 decreta
964 1410 1018 1471 pro

271 1485 453 1550 olomucen.
476 1487 606 1551 dioecesi
628 1496 780 1564 emanata,
796 1497 827 1551 et
842 1505 897 1568 pro
910 1487 1018 1551 eudem

270 1599 286 1642 a
309 1581 446 1661 praelato
468 1583 633 1646 Benedicto
659 1582 891 1662 praedecessore
912 1598 1019 1661 appro-

271 1676 341 1737 bata
355 1683 386 1737 et
402 1677 595 1752 confirmate,
611 1693 650 1737 ex
663 1687 745 1739 certa
760 1675 888 1739 seientia
903 1685 934 1738 et
948 1690 1018 1752 epo·

271 1770 379 1833 stolica
400 1770 584 1832 auctoritate
605 1777 709 1833 nostra
733 1771 848 1833 iterum
874 1771 1019 1848 approba·

271 1881 354 1940 mue,
371 1865 452 1926 etad
474 1863 706 1938 coloniensem,
729 1865 1016 1938 hlonasteriensem,

270 1960 550 2034 lllldesimensem,
577 1959 850 2021 Paderhonensem'
868 1963 899 2020 et
926 1955 1020 2020 Osna-

269 2055 457 2118 duacensem
469 2053 622 2116 dioeceses
636 2052 834 2114 extendimus
849 2060 879 2114 et
893 2051 1019 2130 amplia·

269 2165 359 2224 mus;
375 2149 415 2209 ita
428 2157 462 2210 ut
476 2149 597 2210 decreta
608 2143 797 2221 huiusmodi,
811 2145 842 2207 in
858 2145 1019 2207 recensitis

270 2241 473 2316 dioecesibus,
495 2255 562 2302 eam
586 2239 675 2320 plane
697 2240 779 2316 vim,
803 2239 1017 2302 anctoritatem

271 2346 303 2400 et
335 2335 579 2414 exequutionem
614 2333 746 2397 habeant
777 2342 808 2397 et
837 2332 1016 2409 obtineant,

271 2447 366 2512 quam
380 2429 532 2492 haberent
546 2435 578 2491 et
592 2428 782 2502 obtinerent,
798 2428 822 2488 si
839 2444 894 2506 pro
910 2429 1018 2490 iisdem

271 2524 461 2588 dioecesibus
482 2521 667 2584 nominatim
690 2539 705 2581 u
727 2520 861 2600 praelata
882 2522 1018 2598 Congre-

272 2620 397 2697 gatione
418 2616 547 2681 concilii
575 2617 695 2680 condita
721 2624 815 2696 atque
835 2617 915 2678 edita
945 2615 1018 2678 iuis·

270 2719 351 2774 sent.

80 2821 253 2884 rnrntuurca-
312 2807 332 2881 S
352 2807 382 2870 8.
395 2803 507 2882 Sitque
518 2812 550 2866 et
562 2821 624 2868 non
638 2805 727 2867 aliter
739 2820 794 2882 per
805 2819 1018 2882 quoscumque

71 2874 202 2932 ‘'pm‘'
272 2900 388 2964 iudices
409 2900 579 2962 ordinarios
601 2907 632 2962 et
652 2898 819 2976 delegatos,
834 2899 929 2961 etiam
948 2916 1018 2961 cau·

270 3011 375 3057 serum
390 2994 491 3072 palatii
503 2992 660 3073 apostolici
673 2992 829 3054 auditores
842 3002 874 3055 et
889 2991 920 3056 S.
932 2993 967 3056 ll.
979 2993 1014 3054 E.

272 3087 566 3162 Cardinales,etiam
582 3085 729 3148 delatore
747 3087 863 3163 legutos
884 3093 915 3149 et
938 3087 1017 3164 Δρο-

269 3183 396 3246 stolicae
417 3181 503 3245 Sedis
526 3179 671 3256 Nuntios,
693 3179 821 3242 iudicari
841 3187 871 3242 et
893 3179 1015 3242 definiri

269 3275 384 3339 debere
403 3273 570 3336 statuimus
583 3280 676 3352 atque
696 3272 903 3336 decernimus.
928 3274 1016 3335 Prae·

268 3377 375 3432 sentes
389 3382 513 3446 quoque
528 3367 647 3428 litteras
662 3382 733 3430 oum
754 3365 899 3428 omnihus
921 3367 953 3429 in
966 3367 1016 3428 iis·

268 3465 342 3526 dem
362 3460 517 3525 contentis
531 3461 711 3522 omnimoda
732 3460 880 3523 firmitate
901 3461 1016 3525 validas

267 3562 300 3618 et
322 3554 457 3617 eliicaces
485 3552 618 3615 existere
638 3559 670 3614 et
691 3551 774 3626 lore,
796 3567 930 3629 suosque
951 3552 1016 3630 ple-

267 3648 372 3710 narios
393 3655 425 3709 et
445 3647 584 3723 integros
605 3645 733 3709 ellectus
759 3646 864 3707 sortiri
886 3653 917 3708 et
937 3647 1015 3709 obti-

219 3725 249 3782 0
267 3757 358 3816 nere,
375 3749 468 3819 atque
482 3756 497 3801 a
512 3739 708 3817 regularibus
723 3741 947 3820 cuiuscumque
961 3739 1016 3804 Or·

266 3835 362 3909 dinis,
379 3834 646 3911 congregationis,
657 3832 794 3896 instituti
810 3839 840 3895 et
856 3833 1015 3896 Societatis

265 3925 695 4006 insupradictisdioecesibns
707 3927 923 4003 existentibus,
934 3926 1015 3989 aliis-

266 4036 331 4099 qne
351 4020 387 4082 ad
408 4036 484 4098 quos
503 4027 618 4099 spectat
633 4029 665 4082 et
679 4037 735 4100 pro
758 4027 895 4098 tempore
917 4036 1015 4099 quan-

265 4113 1013 4193 documquespectabit,inuiolabiliterobservari

265 4207 415 4270 volumus
436 4213 467 4268 et
488 4205 682 4268 mandamus.

77 4322 187 4369 cornera
206 4331 244 4368 rc·
307 4303 326 4378 ἓ
341 4301 369 4364 9.
384 4300 451 4364 Non
463 4300 655 4364 obstantibus
666 4300 827 4379 quibusvis
838 4302 933 4364 etiam
944 4317 1014 4380 apo·

53 4382 120 4425 m
262 4395 383 4458 stolicis
408 4403 440 4457 et
462 4395 495 4456 in
518 4394 725 4472 generalibus,
758 4395 1012 4474 provincialibus,

262 4494 319 4550 eut
341 4487 540 4567 synodalibus
555 4487 694 4551 conciliis
708 4488 799 4551 editis
820 4489 1014 4552 constitutio·

262 4582 358 4645 nibus
373 4589 403 4644 et
424 4580 680 4656 ordinationibus,
697 4581 914 4660 dictorumque
929 4581 1013 4646 Ordi-

262 4690 357 4750 num,
371 4675 669 4752 congregationum,
681 4675 901 4737 institutorum
913 4684 943 4738 et
959 4676 1012 4740 So·

260 4769 413 4832 cietatum
424 4767 595 4847 privilegiis
608 4777 638 4830 et
650 4767 791 4845 indultis,
804 4770 937 4846 statutis,
952 4771 1013 4833 usi-

259 4863 323 4924 bus
345 4870 375 4924 et
395 4861 684 4937 consuetudinibus,
700 4861 793 4924 etiam
814 4863 1013 4925 immemora-

258 4955 389 5030 bilibus,
405 4954 594 5034 caeterisque
614 4956 648 5017 in
669 4956 861 5019 contrarium
875 4956 1012 5020 iacienti-

259 5050 335 5124 bus,
346 5065 423 5128 quae
437 5049 513 5110 olim
524 5047 657 5127 praelatu
671 5049 852 5112 Tridentlna
868 5050 1012 5126 synodos

257 5161 296 5208 ac
317 5145 563 5224 praedecessores
583 5147 680 5208 nostri
702 5145 832 5208 Romani
849 5146 1011 5209 Pontifices

257 5241 410 5302 adversus
429 5237 550 5301 decreta
564 5254 659 5317 super
673 5240 848 5317 praemissis
862 5256 878 5302 a
893 5257 926 5302 se
940 5257 1011 5302 con-

257 5333 337 5407 dita,
360 5339 390 5393 et
412 5334 448 5395 ad
470 5332 647 5394 evitandam
668 5339 700 5394 et
723 5331 938 5395 retardandam
961 5349 1012 5396 eo-

256 5443 334 5488 rum
355 5425 600 5504 exequutionem
615 5425 794 5488 nullatenus
816 5426 936 5488 obstare
957 5442 1010 5488 vo

257 5519 405 5596 luerunt,
422 5519 597 5598 quibusque
613 5535 667 5582 nos
683 5519 775 5580 etiam
799 5520 1009 5596 praesentium

256 5623 383 5687 tenore,
405 5621 437 5675 ct
457 5612 493 5674 ad
514 5613 756 5692 praemissorum
777 5611 922 5674 ellectum
943 5627 1010 5690 spe-

253 5707 382 5770 cialiter
402 5713 433 5768 et
453 5721 597 5786 expresse
617 5705 813 5784 derogamus.

295 5951 328 6007 (1)
344 5951 381 5994 De
394 5949 629 5996 dismembratione
642 5949 793 6007 prouinciae
802 5953 901 5997 Roseae
911 5955 1007 6008 Argen·

251 6019 340 6076 tinae,
354 6017 482 6076 illiusque
496 6017 624 6064 divisione
638 6017 665 6063 in
680 6018 821 6074 custodias,
831 6019 1007 6065 adsuntlitte·

369 6141 423 6188 lter.
441 6140 509 6188 Pont.
525 6139 556 6187 de
570 6141 645 6202 Prop.
661 6139 723 6188 Fide
737 6141 819 6189 Partis
833 6144 850 6187 l.
867 6140 921 6186 vol.
938 6144 976 6188 lv.

931 615 1074 664 desiliens
1097 609 1166 662 xiil.

1764 587 1800 653 ll
1849 586 1948 640 unc.
1970 583 2040 638 mse

1112 733 1203 811 glo.
1232 732 1385 798 Volumus
1415 737 1540 807 autem,
1572 739 1608 795 ut
1637 727 1817 792 earumdem
1867 737 2052 837 suffiuntqu-

1074 829 1283 908 praesentium
1311 829 1488 894 litterarum
1515 825 1735 904 transumptis,
1764 839 1819 886 seu
1838 802 1895 840 '⁰¹¹¹
1946 801 1979 838 θ’·

1074 924 1236 1001 exemplis,
1265 926 1359 986 etiam
1382 923 1550 1002 impressis,
1574 936 1668 983 manu
1690 916 1820 980 alicuius

1074 1017 1186 1079 notarii
1207 1017 1320 1096 publici
1342 1015 1522 1093 subscriptis
1543 1022 1574 1076 et
1594 1011 1696 1089 sigillo
1717 1025 1821 1088 perso·

1074 1125 1130 1172 nae
1160 1111 1192 1173 in
1222 1109 1423 1174 ecclesiastica
1454 1109 1603 1186 dignitate
1633 1104 1820 1168 constitutae

1074 1205 1216 1279 munitis,
1237 1206 1342 1266 eadem
1366 1204 1481 1283 ubique
1502 1203 1576 1266 fides
1598 1201 1630 1262 in
1653 1199 1766 1262 iudicio
1788 1204 1818 1259 et

1074 1307 1161 1362 extra
1182 1298 1374 1374 adhiheatur,
1404 1313 1480 1377 quae
1511 1296 1583 1375 ipsis
1605 1290 1819 1372 praesentibus

1074 1393 1283 1466 adhiberetur,
1299 1392 1324 1453 si
1339 1391 1441 1454 lorent
1456 1387 1650 1466 originaliter
1665 1383 1819 1450 exhibitae

1074 1487 1124 1549 rel
1145 1497 1296 1549 ostensae.

1115 1581 1203 1658 §lh
1228 1579 1313 1643 Nulli
1335 1595 1410 1656 ergo
1438 1579 1567 1642 omnino
1596 1576 1760 1639 huminum
1783 1573 1819 1636 li·
1886 1577 2050 1678 superiorem

1073 1685 1140 1740 ceat
1161 1676 1304 1755 paginam
1325 1674 1406 1737 banc
1421 1681 1558 1736 nostram
1578 1667 1817 1750 approbationis,
1837 1643 1970 1746 Βὲῗὲιῗαῗῗ
2003 1642 2051 1678 ω’

1074 1770 1276 1844 extensionis,
1305 1765 1527 1846 ampliationis,
1550 1764 1669 1838 statuti,
1691 1761 1818 1835 decreti,

1074 1862 1257 1938 voluntatis,
1275 1859 1421 1934 mandati,
1438 1867 1467 1921 et
1484 1856 1692 1934 derogationis
1706 1852 1821 1916 inlrin·

1075 1971 1159 2032 gere,
1183 1955 1233 2017 vel
1255 1957 1281 2017 ei
1303 1970 1379 2016 ausu
1406 1951 1569 2014 temerario
1596 1947 1763 2012 contraire.
1787 1945 1819 2008 Si

1074 2051 1142 2128 quis
1169 2057 1273 2110 autem
1301 2049 1359 2110 hoc
1387 2051 1540 2108 attentare
1568 2041 1818 2122 praesumpserit,

1074 2141 1322 2218 indignationem
1343 2137 1568 2217 omnipotentis
1589 2135 1655 2210 llei,
1671 2153 1704 2198 ac
1720 2134 1822 2196 beato·

1074 2251 1144 2317 rum
1167 2235 1250 2297 Petri
1276 2242 1307 2294 et
1335 2231 1420 2296 Pauli
1441 2229 1661 2310 Apostolorum
1687 2227 1766 2303 eius,
1788 2242 1820 2288 se

1075 2329 1198 2390 noverit
1221 2329 1432 2390 incursurum.

1113 2422 1225 2484 Datum
1240 2423 1367 2494 Romae,
1380 2419 1459 2497 apud
1475 2415 1507 2480 S.
1522 2417 1648 2481 ldariam
1662 2416 1819 2489 llaiorem,

1073 2529 1157 2576 anno
1168 2509 1391 2576 incarnationis
1406 2507 1577 2571 dominicae
1592 2505 1760 2569 millesimo
1774 2521 1820 2568 se-

1075 2602 1589 2685 ptingentesimoquinquagesimo
1611 2607 1729 2662 octavo.
1748 2600 1820 2662 Ter-

1075 2702 1117 2762 tio
1133 2695 1202 2762 idus
1216 2696 1398 2770 decembris,
1412 2694 1609 2774 pontificatus
1624 2694 1723 2758 nostri
1738 2709 1820 2757 anuo

1073 2808 1185 2873 primo.

1421 3074 1472 3138 tv.

1075 3267 1252 3347 Confirmet
1281 3266 1441 3329 decretum
1471 3263 1619 3330 Ministri
1653 3261 1819 3326 Generalis

1115 3361 1245 3424 Ordinis
1267 3359 1347 3426 Min.
1363 3358 1393 3421 S.
1408 3357 1577 3421 Francisci
1592 3355 1628 3419 de
1646 3354 1819 3438 Obseruan-

1113 3456 1161 3518 tia
1183 3458 1365 3532 nuncupet.
1389 3469 1445 3531 pro
1468 3451 1677 3514 restitutione
1693 3451 1733 3514 cd
1752 3451 1821 3528 pri-

1110 3548 1229 3628 vilegio
1261 3553 1292 3610 ei
1324 3549 1457 3610 honores
1483 3545 1668 3623 prouinciae
1697 3545 1820 3608 Bosnue

1111 3643 1325 3722 Argentinoe,
1348 3640 1423 3703 licei
1451 3655 1508 3718 per
1535 3639 1629 3702 aliod
1657 3637 1819 3701 decretum

1110 3735 1192 3800 unni
1207 3752 1369 3798 uocccvrr.
1387 3734 1520 3813 praeuio
1538 3729 1820 3795 dismembratione

1111 3830 1425 3908 quamplurimorum
1456 3833 1681 3898 concentorem,
1708 3826 1743 3886 in
1765 3842 1819 3888 cn·

1109 3921 1249 3984 studium
1273 3919 1439 3984 declarata
1460 3919 1564 4000 inerit
1586 3917 1642 3998 (l).

1174 4109 1176 4112 ·
1259 4088 1446 4160 stilletis
1469 4090 1529 4158 ΡΡ.
1555 4088 1626 4158 lllll.

1189 4214 1226 4283 atl
1248 4218 1422 4298 perpetuen
1444 4213 1488 4280 rei
1516 4212 1696 4312 memorien.

1109 4393 1167 4470 51.
1182 4394 1342 4456 Pastoralis
1352 4392 1444 4456 ollicii
1459 4395 1557 4456 nostri
1569 4393 1720 4458 divinitus
1734 4411 1817 4457 com·
1864 4399 2009 4447 sacrorum.

1070 4489 1154 4550 missi
1176 4487 1351 4552 sollicitudo
1366 4504 1422 4551 nos
1436 4490 1593 4564 admonet,
1607 4497 1641 4552 ut
1656 4498 1815 4568 paternam
2037 4483 2039 4488 ’

1070 4581 1288 4658 religiosorum
1310 4583 1463 4656 virorum,
1479 4583 1533 4660 qui
1554 4599 1621 4644 sese
1642 4583 1815 4644 subsuavis

1069 4674 1207 4736 arctioris
1229 4674 1311 4736 vitae
1332 4675 1404 4751 iugo
1419 4673 1626 4750 devorerunt,
1642 4691 1748 4738 curam
1763 4691 1815 4752 ge-

1069 4777 1184 4842 rentes,
1208 4784 1342 4846 eaquae
1365 4768 1508 4831 tollendis
1528 4768 1707 4831 animorum
1730 4768 1816 4832 dissi·

1069 4861 1126 4923 diis
1146 4861 1392 4940 stabiliendaque
1414 4861 1497 4923 inter
1519 4877 1570 4924 eos
1591 4860 1727 4924 fraterna
1743 4879 1815 4925 con·

1069 4955 1170 5018 cordia
1192 4955 1320 5034 provide
1343 4955 1509 5018 constituta
1534 4970 1599 5017 esse
1625 4963 1813 5033 noscuntur,

1068 5065 1130 5128 quo
1143 5050 1231 5110 firma
1241 5063 1363 5126 semper
1372 5057 1464 5127 etque
1477 5048 1623 5112 inviolate
1635 5050 1813 5128 persistant,

1068 5143 1224 5223 apostolici
1246 5142 1430 5204 muniminis
1445 5143 1544 5206 nostri
1559 5142 1711 5223 praesidio
1726 5145 1814 5206 robo-

1067 5253 1185 5299 remur.

1108 5331 1128 5406 ἓ
1149 5330 1178 5392 2.
1203 5330 1323 5408 Exponl
1344 5330 1498 5410 siquidem
1516 5330 1604 5392 nobis
1626 5347 1727 5410 nuper
1742 5331 1813 5394 lecit
1833 5330 1950 5430 brigium
1965 5327 2045 5378 hilii

1067 5423 1197 5487 dilectus
1219 5424 1302 5486 lilius
1323 5423 1481 5502 Philippus
1495 5423 1533 5486 de
1548 5423 1702 5499 Ochievia,
1718 5425 1813 5488 lrater
1917 5417 1921 5428 '

1067 5532 1211 5596 expresse
1232 5517 1386 5596 protessus
1407 5534 1441 5581 ac
1463 5518 1665 5581 ex-blinister
1686 5520 1811 5597 provin-

1064 5611 1162 5686 ciclis,
1186 5627 1328 5674 necnon
1355 5620 1533 5690 procurator
1561 5612 1735 5691 specialiter
1760 5611 1811 5674 de-

1066 5713 1192 5785 putatus
1213 5704 1346 5768 lratrum
1362 5721 1396 5768 ac
1410 5704 1680 5768 mission'ariorum
1696 5704 1813 5766 Bosnae

1061 5961 1108 5996 rae
1129 5951 1156 5996 in
1177 5947 1262 5996 forme
1283 5949 1370 5995 brevis
1390 5947 1522 5993 Benedicti
1543 5950 1606 5992 xiil.
1625 5947 1667 5991 die
1682 5957 1725 5992 xv.
1742 5945 1810 5991 iunii

1032 5969 1037 6076 y
1061 6031 1194 6074 mcccciv,
1204 6029 1271 6076 quae
1281 6017 1324 6064 hic
1336 6021 1503 6073 revocantur,
1513 6027 1579 6074 quas
1589 6027 1640 6062 non
1652 6014 1808 6062 invenimus.

1691 6141 1704 6181 ³
