4808 6988
361 489 469 578 'auc
491 520 559 578 teat
608 515 668 587 cde

628 659 726 722 Nemo
746 656 988 724 adolescentium
1005 658 1071 722 sine
1086 673 1228 737 expressa
1242 657 1333 720 venia

587 754 782 833 ingrediatur
810 752 942 816 aliorum
972 751 1122 827 cubicula,
1145 768 1203 813 nec
1225 749 1332 813 babeat

587 849 749 927 quisquam
770 844 803 908 in
818 846 893 910 cella
908 863 960 907 sua
975 845 1136 918 scrinium,
1154 860 1266 918 arcam,
1279 851 1331 906 ant

586 939 669 1002 aliud
692 939 843 1019 quidlibet
865 939 1069 1009 obserratum,
1085 937 1145 1000 nisi
1164 938 1259 1000 altera
1274 937 1332 999 cla-

586 1035 632 1095 vis
653 1035 693 1095 sit
714 1049 808 1112 penes
838 1043 1002 1106 rectorem,
1024 1032 1077 1111 qui
1100 1048 1133 1094 ea
1162 1032 1256 1110 possit
1277 1047 1332 1109 pro

586 1126 678 1189 libitu
692 1126 859 1205 adaperire.
873 1125 905 1190 si
920 1126 987 1204 quis
1002 1133 1105 1188 autem
1121 1123 1332 1202 deprenensus

585 1219 680 1282 fuerit
701 1218 814 1299 aliquid
835 1219 1025 1297 subripuisse
1045 1235 1083 1280 ex
1104 1217 1229 1281 alterius
1247 1216 1332 1280 cubi·

586 1313 668 1390 culo,
691 1315 715 1376 is
737 1330 754 1376 e
773 1312 904 1390 collegio
925 1311 1110 1375 dimittetur.

627 1409 794 1474 Silentium
814 1407 936 1470 statutis
958 1405 1041 1469 boris
1062 1406 1097 1468 ad
1119 1421 1224 1484 pacem
1245 1405 1331 1485 quie·

588 1511 712 1581 temque
727 1501 901 1576 fovendam,
918 1506 948 1562 et
963 1500 997 1562 ad
1013 1499 1139 1562 colenda
1154 1499 1253 1562 studia
1268 1514 1331 1560 ma·

586 1596 670 1658 xime
683 1595 901 1668 necessarium,
914 1604 1017 1656 sancte
1031 1601 1185 1669 servetur,
1198 1593 1264 1655 etsi
1278 1591 1331 1653 ali·

587 1688 709 1768 quando
722 1688 805 1766 loqui
821 1703 897 1766 opus
911 1687 1017 1762 fuerit,
1030 1702 1189 1748 sermones
1203 1686 1266 1748 sint
1281 1685 1331 1747 vel

587 1783 761 1856 necessarii,
774 1780 823 1844 vel
835 1782 937 1856 utiles,
951 1781 993 1861 pii
1007 1789 1038 1843 et
1048 1780 1251 1843 ecclesiastico
1263 1780 1331 1840 viro

585 1878 682 1956 digni.
702 1877 878 1941 Generatim
899 1885 1000 1940 autem
1024 1874 1167 1937 omnium
1188 1875 1329 1936 alumno·

585 1989 658 2036 rum
679 1972 783 2044 verba,
807 1969 899 2044 oculi,
923 1969 1040 2042 vultus,
1056 1984 1089 2030 ac
1105 1975 1207 2030 motus
1222 1982 1329 2029 omnes

586 2067 767 2131 modestiam
788 2065 1006 2145 praeseferant,
1026 2061 1246 2140 redoleantque
1268 2062 1330 2140 pie·

585 2171 679 2225 tatem
701 2178 734 2224 ao
754 2159 956 2238 disciplinam.

625 2254 774 2334 Epistolas
795 2255 919 2316 mittere
936 2251 986 2314 vel
1001 2251 1137 2330 accipere
1152 2264 1245 2311 nemo
1259 2251 1331 2312 ado·

585 2348 768 2412 lesceutium
780 2349 871 2411 debet
881 2347 993 2424 absque
1006 2345 1152 2424 praesidis
1162 2344 1327 2422 permissu,

583 2442 633 2505 cui
654 2443 747 2504 etiam
769 2439 977 2502 ostendendae
997 2447 1102 2514 eruut,
1119 2447 1154 2501 ut
1174 2453 1286 2516 nempe
1303 2441 1328 2500 si

583 2537 658 2600 velit
680 2553 730 2599 eas
751 2535 848 2612 legat,
871 2533 1026 2612 lectasque
1047 2547 1103 2612 pro
1123 2533 1251 2596 arbitrio
1271 2551 1328 2597 suo

583 2632 698 2706 mittat,
714 2645 771 2692 nec
791 2643 844 2703 ne,
860 2635 952 2707 prout
972 2628 1066 2690 satius
1088 2627 1119 2688 in
1135 2627 1266 2691 Domino
1282 2629 1330 2690 iu-

583 2725 748 2801 dicaverit3
770 2724 818 2785 nis
842 2723 878 2783 iis
898 2721 934 2784 ad
953 2737 1046 2800 quem
1061 2720 1217 2797 scribitur,
1235 2722 1328 2785 maio·

583 2836 650 2882 rem
672 2818 825 2891 babuerit,
844 2833 936 2894 quam
958 2822 1070 2890 rector,
1092 2804 1317 2880 auctoritatem.

624 2913 656 2977 Sl
677 2911 746 2990 quis
766 2911 799 2972 in
821 2927 915 2988 grave
936 2909 1056 2988 aliquod
1078 2910 1197 2974 crimen
1214 2913 1327 2974 incide-

583 3008 635 3084 rit,
658 3007 739 3086 quod
761 3021 877 3084 pacem,
902 3003 997 3066 bonos
1018 3021 1119 3066 mores
1134 3013 1164 3068 et
1181 3005 1325 3069 domesti-

582 3119 648 3166 cam
670 3100 861 3178 disciplinam
883 3098 1053 3177 perturbat‚
1070 3114 1105 3161 eo
1120 3113 1242 3178 accepto
1264 3102 1326 3162 via-

583 3198 642 3259 tico
657 3194 737 3273 quod
754 3196 947 3271 deposuerat,
960 3209 977 3255 e
991 3192 1120 3270 collegio
1133 3195 1323 3271 egredietur.

583 3289 705 3368 Siquis
732 3294 835 3349 autem
861 3285 960 3347 levius
987 3286 1100 3364 aliquid
1123 3289 1324 3364 commiserit,

582 3390 704 3461 paratus
725 3398 789 3442 esse
810 3379 933 3442 debebit
954 3381 1099 3458 praesidis
1126 3382 1254 3444 arbitrio
1276 3401 1325 3446 eas

582 3479 669 3540 luere
696 3492 820 3557 poenas,
843 3491 920 3553 quae
948 3475 1003 3554 ipsi
1026 3475 1060 3536 ad
1083 3477 1325 3541 conservandam

581 3572 772 3650 disciplinam
801 3578 832 3632 et
859 3584 915 3646 pro
936 3569 1097 3632 communi
1124 3570 1205 3633 bono
1228 3572 1324 3652 impo-

580 3665 656 3727 sitae
676 3663 803 3726 fuerint.

621 3759 773 3838 Tempore
793 3773 854 3836 quo
875 3755 991 3834 singuli
1009 3757 1043 3818 ad
1061 3758 1178 3836 privata
1192 3776 1246 3821 sua
1261 3769 1324 3824 stu-

580 3853 628 3916 dia
639 3853 752 3915 debent
768 3851 959 3925 incumbere,
973 3867 1013 3912 ne
1029 3859 1191 3928 vagentur,
1210 3863 1262 3915 aut
1278 3857 1324 3918 in·

580 3947 680 4010 vicem
708 3945 936 4025 colloquentur,
960 3945 1020 4007 nisi
1051 3947 1123 4024 quid
1153 3947 1248 4010 breve
1270 3966 1324 4012 ne·

580 4041 701 4104 cessitas
721 4040 865 4117 postulet.
889 4039 965 4102 Loco
995 4045 1099 4101 antem
1129 4049 1159 4103 et
1187 4042 1323 4106 olfrcinas

580 4134 819 4198 domesticorum
841 4131 891 4193 vel
912 4132 1067 4195 artificum
1087 4133 1171 4196 adire
1192 4152 1255 4198 non
1271 4153 1324 4200 au·

580 4231 682 4302 deant,
706 4242 808 4305 neque
829 4241 900 4288 cum
923 4226 960 4287 iis
980 4241 1071 4304 agere
1085 4234 1138 4290 aut
1154 4230 1322 4309 quidquam

579 4324 616 4385 ab
637 4323 673 4384 iis
693 4321 744 4382 vel
764 4319 824 4382 alio
845 4321 954 4398 quoris
975 4320 1122 4399 accipere,
1145 4324 1205 4385 nisi
1227 4324 1323 4404 impe·

579 4423 656 4478 trata
679 4415 764 4492 prius
784 4432 798 4474 a
820 4413 958 4490 praeside
979 4415 1079 4476 venia.

618 4508 718 4570 Nemo
739 4525 755 4569 e
777 4507 906 4584 collegio
927 4507 995 4570 sine
1015 4509 1159 4587 praesidis
1181 4510 1324 4576 facultate

577 4609 609 4664 et
630 4602 710 4664 socio
731 4600 768 4662 ab
788 4615 825 4662 eo
846 4600 1004 4677 designato
1024 4604 1210 4680 egrediatur,
1228 4614 1258 4669 et
1274 4624 1323 4669 eo-

578 4698 647 4760 dem
670 4695 836 4758 comitante
864 4695 1078 4774 unusquisque
1104 4712 1228 4777 semper
1248 4701 1321 4763 bora

577 4788 761 4869 praescripta
778 4789 906 4851 domum
922 4790 1035 4852 redeat.
1052 4788 1176 4853 Nemini
1192 4795 1322 4856 omnino

578 4882 667 4944 liceat
685 4889 773 4943 entra
804 4880 972 4957 collegium
1003 4888 1195 4959 pernoctare,
1219 4901 1323 4964 neque

577 4973 621 5036 fas
642 4973 702 5036 erit
723 4980 809 5036 entra
830 4971 998 5050 collegium
1020 4975 1171 5054 prandere
1184 4993 1239 5038 seu
1254 4993 1321 5040 coe·

577 5084 663 5143 nare,
694 5067 753 5128 nisi
784 5065 986 5144 impetratae
1015 5076 1136 5131 rectore
1165 5070 1319 5148 facultate,

577 5178 657 5240 quae
678 5169 780 5222 tamen
802 5175 928 5238 perraro
949 5167 980 5222 et
1002 5161 1125 5224 nonnisi
1147 5177 1255 5239 graves
1284 5165 1322 5228 ob

577 5271 691 5330 causas,
714 5253 921 5332 impertietur.

617 5348 801 5412 statuentur
821 5365 836 5410 a
858 5347 994 5426 praeside
1014 5357 1205 5428 opportunae
1219 5353 1254 5412 ad
1269 5352 1319 5415 de·

576 5441 799 5505 ambulandum
829 5443 921 5504 borae
949 5456 1005 5520 pro
1035 5450 1251 5520 tempestatum
1273 5461 1320 5506 ra·

577 5537 672 5599 tione.
694 5536 773 5598 Loca
794 5551 868 5597 vero
889 5552 951 5614 quo
974 5544 1106 5614 pergent
1126 5536 1221 5599 animi
1242 5539 1319 5601 rela-

575 5631 666 5693 xandi
682 5630 791 5707 gratia,
807 5645 979 5709 numquam
993 5631 1056 5693 sint
1071 5631 1103 5693 ln
1118 5629 1318 5694 alumnorum

576 5722 714 5798 arbitrio,
736 5721 787 5784 sed
809 5739 825 5782 a
846 5723 984 5801 praeside
1012 5723 1076 5800 ipso
1103 5722 1152 5785 vel
1172 5723 1282 5786 saltem
1303 5743 1318 5786 a

574 5815 727 5894 praefecto
741 5817 961 5895 praeficienda.
978 5817 1125 5880 Praesidis
1139 5827 1244 5880 autem
1260 5819 1320 5882 erit

575 5924 695 5988 curare,
718 5923 758 5971 ne
778 5909 898 5973 alumni
928 5918 1057 5989 pergant
1084 5910 1121 5972 ad
1142 5911 1205 5974 loca
1233 5912 1319 5976 urbis

1111 535 1175 586 tun.
1199 535 1290 584 nonu.
1313 531 1354 584 bc
1375 534 1404 583 a.
1428 527 1458 584 d.
1483 527 1564 584 rans
1586 526 1607 584 l.

1390 655 1611 736 frequentiora,
1632 656 1684 720 ubi
1699 657 1846 735 strepitus
1859 662 1951 736 atque
1965 657 2129 722 tumultus.

1390 751 1523 814 Caeteris
1544 751 1742 826 exeuntibus,
1755 765 1849 812 nemo
1870 749 1953 812 domi
1975 761 2134 814 remaneat

1388 845 1455 908 sine
1472 853 1606 922 urgente
1621 845 1815 918 necessitate,
1828 861 1861 907 ac
1875 845 1913 906 de
1927 846 2054 908 rectoris
2065 861 2134 923 per-

1388 939 1494 1000 missu.

1427 1030 1495 1094 Non
1508 1032 1660 1094 concitato
1675 1049 1766 1094 cursu
1778 1032 1989 1107 deambulent,
2001 1033 2054 1095 sed
2069 1047 2134 1094 mo·

1387 1125 1471 1187 deste
1492 1143 1547 1205 per
1568 1125 1632 1188 vias
1654 1126 1810 1202 incedant,
1832 1126 1981 1190 submissa
2001 1142 2089 1202 voce,
2109 1127 2133 1187 si

1388 1234 1464 1296 opus
1485 1220 1535 1292 sit,
1558 1219 1643 1282 inter
1658 1235 1691 1280 se
1705 1219 1928 1298 colloquentes,
1944 1225 2135 1295 caveantque

1388 1328 1428 1374 ue
1448 1329 1596 1375 sensuum
1617 1329 1748 1376 snorum
1769 1320 1870 1391 portas
1891 1313 2033 1376 daemoni
2047 1327 2133 1389 aper-

1388 1419 1431 1472 tas
1452 1409 1641 1488 relinquant.
1666 1408 1881 1472 adolescentes
1902 1424 1979 1470 vero
2001 1423 2134 1485 nequea

1387 1503 1539 1583 praefecto
1560 1513 1591 1566 et
1610 1503 1697 1566 sociis
1719 1502 1783 1565 ullo
1804 1510 1891 1582 pacto
1906 1500 2063 1579 recedant,
2080 1517 2133 1562 ne-

1387 1613 1447 1677 que
1468 1614 1539 1662 cum
1560 1598 1658 1660 obviis
1679 1596 1784 1659 amicis
1804 1597 1983 1660 subsistant.

1427 1694 1461 1755 lu
1478 1690 1719 1754 recreationibus
1735 1691 1813 1753 nibil
1828 1689 2013 1753 immodeste
2027 1699 2132 1768 agant,

1387 1803 1490 1866 neque
1509 1787 1545 1849 ab
1565 1786 1698 1848 aliorum
1720 1792 1807 1847 coetu
1829 1783 1985 1848 discedere
2007 1784 2134 1848 cuilibet

1384 1881 1473 1943 liceat
1483 1883 1550 1942 sine
1562 1878 1708 1959 praesidis
1722 1879 1873 1941 facultate.
1888 1877 2028 1956 Vigilent
2039 1879 2133 1941 etiam

1386 1974 1536 2053 praesides
1565 1981 1658 2053 atque
1685 1971 1830 2051 praefecti
1857 1987 1897 2035 ne
1920 1989 2018 2034 nocua
2039 1971 2135 2034 collo-

1385 2068 1456 2146 quia
1472 2068 1657 2131 inducantur
1673 2069 1755 2130 inter
1769 2066 1922 2139 alumnos,
1934 2073 2055 2130 utsunt
2071 2067 2134 2128 iur-

1384 2163 1444 2240 gia,
1459 2160 1919 2236 contentiones,contumeliae,
1931 2161 2134 2238 comparatio·

1385 2272 1440 2319 nes
1461 2257 1592 2331 odiosae,
1616 2257 1772 2318 temerarii
1798 2271 1958 2319 sermones
1979 2255 2017 2317 de
2038 2255 2133 2318 rebus

1384 2348 1524 2427 publicis,
1553 2351 1758 2414 detractiones
1785 2358 1892 2413 contra
1920 2349 2074 2428 praesides
2103 2355 2134 2411 et

1383 2443 1458 2506 alios
1488 2445 1652 2523 quoslibet,
1683 2443 1776 2507 rerba
1806 2443 1999 2506 immodestia
2020 2452 2053 2505 et
2076 2442 2133 2505 alia

1384 2536 1573 2611 huiusmodi,
1596 2553 1674 2615 quae
1695 2536 1821 2616 quidem
1840 2537 1943 2598 omnia
1959 2535 2134 2613 diligentis-

1382 2631 1460 2694 sime
1480 2639 1554 2693 sunt
1575 2629 1710 2705 vitanda,
1726 2638 1756 2690 et
1776 2629 1801 2691 si
1823 2628 1904 2694 forte
1924 2629 2000 2692 fiant
2021 2645 2133 2692 severe

1383 2723 1547 2803 punienda.
1772 2797 1780 2816 ι

1422 2820 1461 2883 Ut
1488 2836 1570 2883 sacra
1600 2819 1694 2883 simul
1723 2829 1753 2882 et
1783 2820 1908 2900 profana
1939 2817 2130 2897 eruditione,

1382 2933 1460 2994 quae
1482 2926 1583 2978 tamen
1606 2915 1823 2977 ecclesiasticos
1848 2916 1934 2977 decet
1949 2915 2044 2987 viros,
2065 2932 2133 2994 pos-

1381 3012 1444 3072 sint
1459 3011 1589 3072 iuvencs
1600 3010 1694 3070 buius
1704 3006 1826 3085 collegii
1837 3009 2027 3071 commodius
2039 3025 2133 3072 esor-

1382 3103 1461 3178 uari‚
1484 3103 1592 3166 diebus
1620 3100 1775 3164 ferialibus
1796 3101 1847 3163 vel
1868 3104 2132 3182 quandocumque

1381 3197 1492 3258 rectori
1514 3197 1617 3257 visum
1639 3194 1733 3258 fuerit
1754 3195 1857 3257 licebit
1879 3195 1916 3257 iis
1936 3196 2029 3258 simul
2052 3213 2131 3259 eun·

1382 3290 1462 3352 tibus
1482 3288 1664 3351 celebriores
1686 3287 1768 3349 adire
1784 3287 1995 3365 bibliothecas,
2013 3289 2129 3369 templa

1380 3383 1476 3457 urbis,
1499 3381 1623 3459 egregia
1645 3383 1760 3443 artium
1782 3397 1885 3460 opera,
1901 3390 1932 3443 et
1947 3383 2002 3445 alia
2018 3383 2131 3447 Roma-

1380 3493 1436 3538 nae
1458 3476 1624 3538 maiestatis
1647 3482 1850 3536 monumenta
1872 3475 2017 3538 invisere.
2110 3501 2115 3510 ·

1419 3574 1462 3634 be
1482 3579 1609 3632 externa
1632 3584 1756 3648 quoque
1776 3569 1928 3632 munditia
1944 3585 2054 3633 omnes
2070 3572 2129 3634 sol-

1379 3665 1455 3728 liciti
1476 3666 1558 3726 sint:
1582 3678 1679 3742 quare
1710 3664 1925 3742 unusquisque
1946 3666 2129 3729 cubiculum

1378 3776 1470 3821 suum
1491 3773 1579 3836 saepe
1601 3773 1740 3832 verrere,
1756 3757 2001 3836 suppellectilem
2016 3759 2130 3824 decen·

1379 3859 1425 3914 ter
1446 3852 1622 3929 dispositam
1637 3866 1771 3924 servare,
1789 3865 1852 3912 non
1868 3849 1982 3913 faedata
1999 3855 2129 3918 maculis

1378 3945 1576 4018 vestimenta,
1600 3963 1632 4006 ac
1654 3961 1720 4006 sese
1750 3944 1904 4007 mundum
1925 3945 1957 4009 in
1981 3951 2129 4013 omnibus

1377 4038 1588 4101 exhibendum
1602 4038 1737 4100 curabit.

1418 4133 1450 4196 Si
1472 4132 1544 4210 quid
1565 4130 1728 4210 aliqnando
1749 4133 1904 4209 acciderit,
1921 4137 2001 4212 quod
2022 4153 2126 4216 neque

1379 4228 1460 4290 bisce
1480 4223 1754 4287 constitutionibus
1772 4232 1896 4288 cautum
1912 4236 1965 4290 aut
1980 4235 2127 4307 praescri-

1377 4329 1466 4398 ptum
1487 4320 1539 4393 sit,
1562 4317 1726 4380 ueletiam
1747 4336 1802 4398 pro
1825 4329 2001 4399 temporum
2015 4339 2129 4405 oppor-

1380 4415 1512 4476 tunitate
1542 4412 1798 4476 commutandum
1829 4415 1987 4493 videatur,
2023 4430 2126 4484 rector

1377 4510 1527 4572 continuo
1541 4507 1788 4569 eminentissimo
1802 4517 1932 4586 patrono
1944 4512 2124 4591 denunciet,

1377 4609 1412 4665 ut
1432 4603 1456 4664 si
1479 4601 1552 4681 quid
1581 4600 1660 4664 forte
1681 4601 1715 4664 ad
1737 4601 1916 4680 disciplinae
1946 4605 2125 4670 firmamen-

1379 4705 1446 4759 tum
1464 4695 1515 4758 rel
1530 4701 1733 4772 augmentum
1750 4695 1813 4772 ipse
1832 4696 1864 4756 in
1878 4697 2044 4762 bominum
2061 4717 2125 4764 me·

1377 4791 1437 4852 lius
1457 4798 1549 4870 atque
1571 4789 1775 4867 opportunius
1803 4792 1950 4867 expedire
1971 4791 2125 4856 iudicave-

1377 4883 1429 4960 rit,
1451 4883 1632 4946 anctoritate
1651 4898 1705 4944 sua
1726 4884 1894 4946 constituat
1915 4891 1946 4947 et
1967 4886 2081 4949 iubeat.

1416 4978 1547 5038 Domum
1570 4977 1667 5039 sciant
1688 4991 1808 5051 omnes,
1830 4995 1862 5040 se
1884 4981 1944 5042 nisi
1961 4980 2124 5060 ecollegio

1376 5070 1490 5134 dimitti
1513 5071 1624 5146 velint,
1647 5078 1799 5132 rectorem
1816 5071 1955 5151 aliosque
1970 5076 2123 5153 praeposi·

1377 5173 1422 5228 tos
1443 5173 1474 5225 ot
1496 5171 1707 5243 praeceptores
1727 5165 1839 5242 colere,
1855 5168 2063 5248 omnibusque
2077 5169 2121 5230 of-

1376 5259 1451 5320 ficiis
1480 5273 1514 5320 ac
1543 5259 1720 5321 reverentia
1751 5261 1894 5339 prosequi
1925 5262 2047 5337 debere,
2070 5279 2122 5324 eos

1374 5351 1514 5413 modeste
1543 5349 1669 5430 ulloqui,
1692 5351 1792 5431 iisque
1819 5369 1946 5416 omnem
1968 5363 2122 5432 praestare

1373 5445 1590 5508 obedientiam.
1603 5446 1704 5524 Atque
1716 5455 1750 5508 ut
1765 5445 1942 5509 huiusmodi
1957 5447 2040 5525 leges
2051 5450 2121 5511 bac-

1373 5546 1465 5630 tepus
1480 5539 1592 5600 relatae
1606 5539 1643 5602 ab
1659 5539 1802 5602 omnibus
1816 5538 1985 5618 diligenter
1994 5557 2121 5606 serven-

1373 5639 1436 5709 tur,
1447 5647 1501 5694 eae
1514 5633 1562 5694 bis
1577 5632 1609 5694 in
1624 5648 1717 5708 anno,
1730 5632 1846 5695 scillcet
1861 5641 1997 5697 exeunte
2011 5650 2120 5698 mense

1374 5725 1461 5788 iunio
1482 5733 1574 5804 atque
1589 5723 1757 5800 decembri,
1775 5741 1877 5788 coram
1892 5727 2036 5790 omnibus
2052 5744 2120 5807 per-

1372 5819 1529 5896 tegentur,
1552 5834 1722 5897 earumque
1744 5818 1903 5898 exemplar
1925 5821 1955 5880 in
1976 5821 2044 5882 aula
2058 5822 2120 5885 col-

1371 5910 1445 5989 legii
1465 5911 1682 5975 asservabitur.

2160 517 2210 582 Aa.
2221 532 2247 586 c.
2261 536 2311 596 litt
