4856 7010
370 542 424 608 Aa.
438 552 470 610 0.
490 535 559 607 toa'o
608 535 668 618 718

589 686 750 766 xemplum
780 683 879 750 divini
904 685 1032 768 pastoris
1057 699 1159 761 ovem,
1181 698 1259 766 quae
1279 697 1331 760 pe·

589 784 695 858 rierat,
718 782 750 844 in
772 781 919 844 humeros
941 786 1061 844 nostros
1087 781 1254 856 gaudentes
1276 779 1332 840 im·

588 892 703 956 ponere
725 874 844 954 ipsique
865 872 1067 936 reconciliari.
1092 871 1163 948 Sed,
1182 873 1259 949 proh
1281 874 1332 936 do-

588 972 650 1034 lori
674 972 809 1033 intanta
832 969 928 1032 animi
954 965 1087 1030 elatione
1110 967 1333 1044 obdrmataque

588 1063 791 1137 contumacia,
808 1070 842 1126 ut
857 1062 931 1124 haec
951 1061 1048 1123 lausta
1070 1060 1226 1133 eveniant,
1242 1073 1334 1138 quae·

590 1173 662 1220 nam
675 1173 744 1236 spes
758 1156 876 1234 reliqua
897 1170 963 1216 esse
984 1155 1102 1233 potestt
1122 1152 1220 1230 igitur
1234 1166 1333 1214 secor-

589 1250 656 1314 diae
666 1250 768 1330 potius
779 1255 809 1312 et
820 1247 960 1326 ignaviae
971 1254 1076 1310 notam
1088 1247 1332 1318 incurreremus,

590 1345 689 1408 veluti
711 1343 742 1406 in
764 1341 915 1404 Dominici
937 1339 1039 1417 gregis
1063 1338 1199 1402 custodia
1225 1337 1333 1400 sedulo

590 1454 653 1500 non
676 1436 856 1514 vigilantes,
878 1435 904 1494 si
930 1449 1021 1496 ovem
1043 1431 1094 1496 lue
1123 1438 1295 1508 correptam
1317 1445 1333 1520 a

591 1531 705 1595 Christi
735 1529 810 1590 ovili
832 1543 895 1590 non
923 1541 1116 1604 arceremus,
1138 1533 1170 1587 et
1192 1526 1260 1586 iure
1281 1539 1333 1584 ve·

590 1625 723 1688 rendum
737 1621 826 1685 nobis
841 1627 931 1696 esset,
944 1619 1041 1697 magis
1056 1633 1332 1692 neaccusaremur,

590 1719 645 1796 qui
665 1733 734 1780 sero
756 1717 786 1780 id
808 1714 913 1786 nimis,
930 1728 1022 1791 quam
1039 1713 1120 1792 quod
1141 1721 1195 1774 aut
1216 1719 1335 1772 temere

580 1821 644 1878 ¹aaut
671 1808 907 1891 praecipitanter
941 1807 1115 1870 fecerimus.
1153 1803 1334 1870 Sollicitudo

590 1923 665 1984 ergo
687 1917 790 1969 nostra
814 1905 851 1966 de
873 1901 1022 1965 incolumi
1050 1907 1152 1962 vestra
1179 1897 1333 1978 spirituali

590 2001 700 2075 salute,
711 1999 812 2062 dilecti
828 1998 894 2072 dlii,
907 1996 1019 2058 merito
1034 1995 1131 2070 exigit
1141 2011 1175 2056 ac
1189 1991 1332 2071 requirit,

590 2104 626 2158 ut
646 2095 683 2157 ad
704 2092 909 2154 avertendum
932 2095 1101 2150 venenatae
1120 2085 1234 2148 iraudis
1254 2085 1334 2164 peri·

589 2189 696 2252 culum
717 2191 836 2265 praesto
849 2183 959 2258 simus,
976 2180 1117 2258 nihilque
1139 2181 1334 2240 remittamus

591 2281 628 2344 de
649 2281 767 2344 assidua
791 2275 929 2358 pascendi
950 2274 1103 2337 Dominici
1127 2272 1229 2350 gregis
1250 2287 1332 2344 cura,

591 2384 683 2455 atque
698 2373 803 2453 procul
818 2370 977 2434 eliciamus
993 2368 1256 2444 amandemusque
1267 2378 1335 2441 per-

590 2471 690 2532 ditum
716 2465 887 2539 hominem,
909 2479 949 2525 ne
969 2460 1027 2524 sub
1054 2461 1178 2522 inducta
1205 2455 1333 2536 pastoris

590 2564 674 2626 larva
700 2575 772 2622 oves
802 2557 918 2620 Christi
946 2554 1071 2617 lallaciis
1097 2554 1162 2616 suis
1192 2551 1333 2629 decipiat,

591 2671 702 2736 easque
722 2671 738 2715 a
760 2650 874 2716 Christi
896 2648 971 2710 ovili
991 2663 1133 2727 separans
1156 2650 1281 2720 mactet,
1303 2649 1334 2704 et

591 2752 624 2814 in
646 2747 827 2829 perditionis
849 2743 1027 2806 barathrum
1048 2741 1217 2818 demergat.

399 2849 574 2897 rxeommum-
631 2845 650 2919 ἓ
670 2843 700 2904 li·
724 2841 801 2903 llinc
815 2839 1081 2917 praedecessorum
1096 2842 1334 2896 nostrorumsa·

362 2905 430 2950 cetto
440 2903 537 2961 pseudo
551 2915 575 2949 e·

362 2957 574 3058 titilletur

362 3065 450 3122 ipsius.

592 2949 777 3013 orarumque
805 2932 910 3008 legum
939 2945 1059 2992 morem
1081 2937 1174 3006 atque
1194 2925 1333 3004 exempla

590 3035 767 3110 sequentes,
790 3025 978 3089 erectionem
1004 3021 1181 3101 episcopalis
1201 3021 1280 3082 sedis
1302 3021 1334 3080 in

592 3125 717 3186 civitate
737 3117 840 3184 Sancti
868 3115 1032 3180 Salvatoris
1056 3114 1202 3178 dioecesis
1229 3113 1334 3177 Gnati-

592 3214 736 3278 malensis
750 3214 781 3275 in
798 3210 957 3274 nmericae
977 3207 1176 3272 Occidentalis
1197 3207 1335 3284 partibus

592 3317 698 3372 contra
713 3306 871 3370 canonicas
881 3303 1052 3366 sanctiones
1067 3308 1248 3364 attentatam
1260 3299 1334 3363 San-

592 3413 659 3467 ctae
680 3401 766 3464 Sedis
792 3397 965 3461 auctoritati
990 3395 1182 3469 iniuriosam,
1204 3394 1334 3471 eiusque

593 3497 712 3560 iuribus
739 3493 885 3555 laesivam
906 3499 937 3551 et
959 3499 1195 3566 repugnantem,
1225 3488 1334 3550 tradita

593 3590 681 3654 nobis
709 3585 830 3650 ecoelo
858 3589 1006 3663 potestate
1035 3582 1241 3660 illegitimam,
1264 3581 1334 3642 irri-

593 3695 656 3747 tam
682 3688 714 3744 et
739 3679 858 3741 nullius
887 3676 1007 3738 roboris
1037 3690 1103 3736 esse
1134 3675 1332 3750 declaramus,

593 3792 724 3855 eamque
752 3772 974 3845 rescindimus,
1004 3769 1204 3845 abrogamus,
1242 3777 1335 3847 atque

593 3871 734 3934 ommino¹
752 3881 864 3928 vanam
888 3865 1121 3936 renuntiamus,
1150 3861 1334 3924 electionem

593 3981 679 4038 vero,
701 3976 756 4023 seu
784 3957 1028 4021 nominationem
1057 3955 1180 4033 parochi
1204 3954 1335 4016 blathiae

593 4058 727 4136 Delgado
743 4057 774 4116 in
790 4051 967 4115 huiusmodi
980 4051 1059 4113 sedis
1075 4051 1259 4128 Episcopum
1273 4051 1337 4129 pla·

594 4169 634 4217 ne
664 4154 844 4214 damnamus
874 4155 966 4226 atque
991 4145 1141 4220 delemus,
1171 4163 1204 4208 ac
1232 4145 1335 4208 omnia

594 4244 813 4311 iurisdictionis
834 4249 910 4313 acta,
923 4241 949 4302 si
969 4257 1047 4320 quae
1068 4239 1147 4301 lorte
1166 4248 1336 4302 attentave-

594 4342 648 4413 rit,
662 4338 713 4401 vel
727 4339 759 4398 in
774 4345 933 4414 posterum
954 4339 1105 4396 attentare
1125 4348 1336 4412 praesumpse-

535 4425 537 4432 ’
595 4437 653 4509 rit,
684 4447 808 4512 prorsus
838 4428 925 4489 irrita
952 4427 1131 4506 nulliusque
1158 4428 1276 4490 roboris
1303 4445 1337 4491 ac

595 4526 748 4591 momenti
768 4539 832 4586 esse
854 4521 1020 4584 debuimus
1035 4538 1067 4584 ac
1082 4523 1334 4598 pronunciamus.

594 4621 710 4685 Deinde
730 4616 910 4681 auctoritate
924 4613 1146 4694 omnipotentis
1167 4615 1220 4676 [lei
1241 4615 1339 4678 decla·

595 4730 698 4778 ramus
713 4711 880 4792 parochum
894 4709 1038 4772 Mathiam
1054 4707 1197 4785 Delgado,
1214 4709 1268 4788 qui
1283 4727 1338 4772 no·

594 4808 798 4871 minationem
821 4803 858 4865 de
880 4804 945 4882 ipso
967 4801 1076 4864 iactam
1099 4803 1130 4863 in
1153 4803 1353 4883 Episcopum-

595 4903 766 4981 praedictae
793 4898 872 4960 sedis
902 4895 1050 4972 sacrilego
1081 4913 1157 4958 ausu
1182 4905 1339 4976 acceptare

597 5004 692 5076 atque
711 5007 776 5055 sese
798 4989 958 5053 intrudere
979 4990 1011 5050 in
1038 4990 1338 5056 administrationem

594 5107 629 5153 ac
649 5085 894 5151 iurisdictionem
907 5085 974 5145 eius
989 5084 1083 5161 partis
1102 5083 1247 5148 dioecesis
1261 5087 1338 5149 Gua-

596 5181 783 5257 timalensis,
814 5177 914 5242 invito
946 5178 1074 5240 omnino
1102 5196 1135 5241 ac
1164 5179 1339 5242 reluctante

595 5277 721 5356 proprio
734 5275 892 5354 Episcopo,
902 5282 1006 5335 contra
1016 5290 1174 5336 sacrorum
1183 5290 1339 5337 canonum

543 5430 547 5440 ,
596 5371 770 5433 sanctiones
793 5375 885 5446 atque
905 5368 997 5430 huius
1019 5367 1146 5430 Sanctae
1164 5369 1254 5432 Sedis
1273 5369 1338 5430 iura

597 5463 811 5544 praesumpsit,
834 5477 891 5523 nec
912 5475 975 5522 non
996 5477 1048 5522 eos
1070 5463 1261 5540 omnesqui
1283 5463 1339 5526 hu·

597 5559 730 5622 iusmodi
757 5555 872 5617 nelaria
892 5560 1038 5618 attentata
1063 5557 1262 5632 mandarunt,
1284 5573 1339 5620 seu

597 5651 747 5726 levorem,
763 5648 940 5723 consilium,
952 5649 1167 5712 adhaesionem
1181 5650 1241 5712 illis
1254 5665 1341 5728 prae-

597 5745 756 5816 stiterunt,
777 5743 843 5804 sive
869 5743 1054 5804 executione
1074 5743 1124 5806 vel
1152 5757 1207 5821 per
1226 5745 1340 5822 seipsos

598 5835 649 5900 vel
662 5851 718 5912 per
732 5835 805 5897 alios
819 5842 1037 5912 procurarunt,
1053 5838 1202 5900 maiorem
1218 5854 1340 5901 excom-

598 5928 841 6006 municationem
862 5928 996 6010 aliasque
1017 5945 1161 5993 censuras
1181 5949 1215 5994 ac
1228 5947 1341 6012 poenas

1111 553 1176 611 too.
1198 558 1290 609 conr.
1312 557 1354 606 on
1374 551 1404 606 r.
1427 547 1457 607 t.
1480 555 1563 610 oxus
1584 553 1606 610 t.

1388 679 1603 747 ecclesiasticas
1617 702 1632 746 a
1648 683 1741 749 sacris
1762 683 1942 764 canonibus,
1958 684 2135 764 apostolicis

1388 778 1673 854 constitutionibus,
1697 797 1731 842 ac
1762 779 1956 858 generalium
1987 779 2135 842 concilio·

1388 887 1470 948 rum,
1483 870 1657 935 Tridentini
1673 875 1854 952 praesertim
1868 873 1954 953 (sess.
1964 875 2003 938 22
2017 889 2083 953 cap.
2098 874 2134 936 ll

1388 966 1426 1028 de
1441 964 1571 1046 helom),
1587 966 1719 1028 decretis
1739 967 1869 1030 indictas
1890 967 2070 1045 incurrisse,
2088 984 2135 1042 ac,

1387 1057 1412 1118 si
1433 1073 1509 1136 opus
1536 1066 1593 1135 est,
1617 1060 1720 1126 denuo
1746 1061 1847 1140 ipsum
1876 1063 2044 1140 parochum
2073 1061 2137 1124 lla-

1388 1151 1483 1214 thiam
1514 1153 1658 1231 Delgado,
1681 1165 1773 1236 atque
1803 1172 1855 1218 eos
1880 1172 2000 1232 omnes,
2024 1156 2137 1236 quiin

1388 1244 1564 1309 huiusmodi
1578 1249 1742 1312 execrabili
1756 1250 1890 1312 iocinore
1908 1266 2044 1329 operam,
2061 1266 2139 1313 con·

1388 1353 1516 1400 sensum
1537 1347 1568 1401 et
1589 1341 1802 1405 auctoritatem
1825 1345 2058 1422 praestiterunt,
2081 1359 2138 1404 ex-

1389 1432 1670 1510 communicamus,
1699 1437 2014 1514 anathematizamus,
2040 1447 2137 1516 atque

1389 1526 1425 1587 ab
1438 1525 1588 1589 Ecclesiae
1606 1530 1829 1592 communione
1842 1539 2052 1608 segregatum,
2068 1531 2137 1594 sive

1389 1627 1575 1696 segregatos,
1598 1638 1630 1684 ac
1660 1637 1786 1700 prorsus
1813 1625 2053 1700 schismaticum,
2075 1641 2136 1686 seu

1388 1712 1596 1776 schismaticos
1609 1715 1766 1779 habendos
1780 1733 1813 1778 ac
1824 1717 1965 1779 vitandos
1981 1733 2046 1780 esse
2061 1734 2139 1780 con·

1389 1807 1559 1880 stituimus,
1576 1808 1724 1871 edicimus
1745 1816 1776 1872 et
1797 1811 2055 1889 pronuntiamus,
2075 1826 2137 1872 nec

1390 1915 1451 1962 non
1469 1901 1612 1964 omnium
1626 1909 1657 1963 et
1672 1918 1943 1982 quorumcumque
1957 1903 2136 1982 privilegio-

1389 2009 1472 2069 rum,
1496 1995 1664 2070 gratiarum
1686 2004 1717 2058 et
1739 1997 1934 2070 indultorum
1948 1998 2006 2059 sibi
2027 1998 2064 2060 ab
2079 2000 2136 2062 hac

1390 2086 1420 2148 S.
1445 2087 1523 2152 Sede
1544 2089 1775 2166 quomodolibet
1795 2106 2025 2166 concessorum,
2042 2093 2137 2154 amis-

1388 2179 1484 2242 sionis
1506 2195 1618 2260 poenas
1635 2182 1750 2260 pariter
1765 2183 1944 2260 incurrisse,
1960 2201 2017 2248 nec
2032 2201 2048 2246 a
2062 2201 2136 2247 cen·

1388 2275 1468 2336 suris
1491 2275 1668 2339 huiusmodi
1696 2292 1712 2336 a
1733 2293 1900 2358 quoquam,
1926 2278 1985 2341 nisi
2007 2295 2023 2338 a
2044 2279 2136 2341 uobis

1388 2385 1443 2430 seu
1465 2370 1689 2432 successoribus
1711 2373 1825 2432 nostris
1849 2372 2078 2453 (praeterquam
2100 2374 2135 2435 in

1389 2463 1497 2526 mortis
1518 2461 1659 2540 articulo,
1687 2473 1718 2526 et
1743 2471 1817 2526 tunc
1838 2482 1910 2528 cum
1931 2466 2135 2530 reincidentia

1388 2556 1421 2618 in
1442 2556 1563 2618 easdem
1584 2571 1729 2618 censuras
1743 2573 1780 2618 eo
1800 2558 1865 2636 ipso
1886 2573 1948 2636 quo
1968 2561 2134 2624 convalue-

1390 2647 1478 2729 rint),
1493 2649 1608 2711 absolvi
1629 2666 1662 2711 ac
1683 2649 1805 2713 liberari
1827 2668 1929 2731 posse;
1952 2669 1985 2716 ac
2005 2654 2133 2734 insuper

1390 2743 1539 2804 inhabiles
1564 2751 1595 2805 et
1624 2743 1778 2822 incapaces
1802 2761 1878 2821 esse,
1895 2747 1948 2825 qui
1968 2747 2133 2810 absolutio-

1389 2838 1437 2898 nis
1452 2837 1640 2898 beneficium
1655 2845 1896 2917 consequantur,
1908 2841 2006 2904 donec
2027 2843 2132 2903 omnia

1389 2931 1618 3009 quomodolibet
1639 2937 1783 2992 attentata
1808 2933 1929 3010 publice
1950 2941 2135 2998 retractave-

1388 3025 1464 3098 rint,
1488 3024 1712 3098 revocaverint,
1734 3026 1922 3088 cassaverint
1943 3037 1974 3089 et
1990 3029 2132 3092 aboleve-

1389 3117 1464 3191 rint,
1487 3125 1579 3195 atque
1600 3116 1733 3178 debitam
1751 3125 1783 3180 et
1803 3119 1989 3196 condignam
2005 3121 2132 3185 Sanctae

1391 3212 1542 3274 Ecclesiae
1563 3217 1593 3272 et
1614 3211 1687 3274 huic
1715 3211 1907 3290 Apostolicae
1928 3215 1999 3278 Sedi
2019 3218 2132 3280 satisia-

1389 3305 1523 3366 ctionem
1546 3305 1578 3365 in
1600 3304 1777 3382 praemissis
1799 3307 2017 3384 praestiterint.

1427 3397 1446 3472 S
1466 3397 1497 3459 6.
1520 3397 1600 3460 Gom
1615 3413 1691 3458 vero
1704 3397 1924 3462 ecclesiasticae
1943 3403 2134 3466 serveritatis
2201 3413 2331 3478 pronatum

1389 3492 1527 3570 gladium
1558 3491 1722 3568 evaginare
1752 3493 1905 3569 cogimur,
1934 3496 2135 3559 recordamur
2152 3473 2330 3580 {Sssffiafflff‘l‘d

1389 3587 1496 3659 etiam,
1507 3599 1575 3664 nos,
1587 3583 1658 3645 licet
1673 3584 1792 3647 meritis
1807 3587 1936 3648 omnino
1950 3586 2134 3664 imparibus,
2153 3575 2330 3676 gfflgffilg

1390 3681 1457 3742 eius
1478 3680 1560 3740 vices
1581 3677 1613 3738 in
1636 3678 1727 3740 terris
1757 3693 1876 3756 gerere,
1900 3682 1953 3759 qui
1979 3680 2135 3742 calamum
2153 3683 2328 3736 lecticarum·

1389 3780 1577 3851 quassatum,
1594 3772 1791 3849 praecinente
1812 3774 1968 3852 propheta,
1986 3789 2049 3837 non
2063 3791 2136 3838 con·
2154 3741 2227 3784 Μ’

1390 3877 1467 3939 tere,
1482 3873 1513 3927 et
1528 3863 1581 3943 qui
1596 3863 1750 3942 protessus
1764 3874 1823 3940 est,
1838 3883 1871 3928 se
1892 3866 2135 3930 misericordiam

1390 3960 1482 4032 velle,
1505 3967 1536 4019 et
1557 3973 1621 4020 non
1642 3958 1840 4035 sacrificium,
1867 3961 1938 4038 quia
1963 3977 2027 4023 non
2047 3963 2136 4024 venit

1390 4069 1499 4115 vocare
1528 4053 1623 4114 iustos
1644 4053 1696 4114 sed
1718 4061 1905 4131 peccatores3
1934 4054 2047 4118 idcirco
2069 4058 2136 4120 lon·

1391 4147 1605 4224 ganimitatem
1617 4145 1683 4207 eius
1696 4145 1865 4221 imitantes,
1878 4163 1995 4210 novum
2011 4159 2137 4213 nostrae

1392 4239 1553 4320 patientiae
1566 4239 1779 4302 testimonium
1793 4239 1850 4317 ipsi
1865 4243 1996 4318 parocho
2005 4243 2137 4306 blachiae

1391 4335 1544 4411 betgado,
1577 4331 1778 4412 caeterisque,
1811 4335 1848 4396 de
1878 4334 1989 4413 quibus
2020 4337 2136 4415 agitur,

1392 4429 1539 4509 praebere
1569 4427 1776 4502 decrevimus,
1800 4436 1833 4490 ut
1861 4429 2007 4491 ellectum
2028 4432 2136 4495 huius·

1393 4525 1476 4586 modi
1497 4531 1619 4585 nostrae
1646 4513 1820 4584 sententiae
1840 4524 1875 4585 ad
1903 4523 1977 4585 alios
2006 4523 2136 4602 triginta

1393 4618 1457 4680 dies
1479 4617 1606 4678 omnino
1627 4615 1862 4691 suspendamus,
1884 4617 2137 4696 computandosa

1393 4711 1453 4786 die,
1476 4725 1538 4788 quo
1552 4725 1585 4770 ea
1601 4707 1717 4770 eisdem
1732 4707 1828 4770 inerit
1843 4707 1982 4772 iniuncta
2003 4709 2054 4773 vel
2068 4713 2137 4773 eius

1393 4804 1535 4866 notitiam
1549 4801 1606 4879 ipsi
1620 4800 1800 4862 habuerint:
1818 4808 2005 4880 quapropter
2015 4805 2136 4866 nemini

1393 4896 1483 4959 liceat
1503 4896 1584 4957 intra
1604 4893 1805 4972 praefinitum
1821 4903 1940 4974 tempus
1961 4897 2137 4960 molestiam

1393 4988 1489 5051 ullam
1509 4990 1563 5062 eis,
1574 5004 1651 5066 quos
1666 4989 1740 5048 haec
1754 4988 1935 5066 respiciunt,
1947 5005 2041 5068 super
2051 5007 2138 5069 prae-

1394 5085 1494 5146 missis
1509 5083 1636 5158 alierre3
1658 5081 1840 5145 mandantes
1854 5088 1969 5157 tamen,
1986 5093 2021 5145 ut
2035 5084 2137 5164 elapso

1394 5194 1430 5240 eo
1453 5179 1599 5258 temporis
1620 5179 1728 5257 spatio,
1744 5180 1803 5241 nisi
1826 5179 2016 5259 resipuerint
2036 5182 2137 5242 omni-

1393 5276 1579 5353 modamque
1598 5272 1837 5336 satisiactionem
1858 5273 2011 5351 dederint,
2034 5273 2138 5352 plena·

1394 5371 1479 5432 rium
1499 5367 1644 5430 ellectum
1665 5368 1697 5429 in
1720 5368 1798 5447 ipsos
1813 5375 1843 5429 et
1857 5368 1889 5429 in
1905 5383 2018 5454 eorum
2030 5385 2137 5448 quem·

1396 5463 1470 5525 libet
1490 5463 1629 5524 habitura
1651 5462 1702 5522 sit.
1727 5461 1773 5523 Ex
1789 5461 1835 5522 his
1849 5460 1992 5539 proiecto,
2006 5462 2138 5540 quisque

1396 5555 1560 5632 intelliget,
1584 5571 1639 5616 nos
1661 5571 1697 5616 eo
1718 5555 1822 5616 animo
1848 5563 2037 5633 comparatos
2058 5571 2137 5631 esse,
2209 5597 2215 5604 -

1395 5657 1431 5712 ut
1451 5649 1485 5712 in
1505 5649 1671 5710 severitate
1692 5663 1874 5727 poenarum,
1890 5649 2003 5726 quibus
2019 5649 2050 5711 in
2065 5663 2138 5711 con·

1396 5751 1530 5806 tumaces
1551 5741 1719 5820 deviosque
1739 5741 1818 5802 illios
1839 5743 1970 5817 utimur,
1992 5757 2056 5804 non
2078 5741 2137 5804 alio

1394 5845 1586 5916 spectemus,
1623 5851 1716 5913 quam
1750 5850 1860 5897 eorum
1894 5835 2138 5914 resipiscentiam

1395 5939 1489 6012 atque
1509 5928 1760 5992 emendationem
1784 5929 1944 6010 consequi,
1968 5933 2002 5992 ut
2022 5927 2137 6000 scilicet
