1421 1946
290 239 318 253 Αι.
325 240 340 253 c.
351 240 384 253 1791
409 239 440 256 37⁰

290 461 312 473 tus
319 462 390 476 nectura-tat

294 476 390 487 ammonem

293 491 300 500 s
309 488 338 500 σαι.
349 489 361 500 ε,
371 489 390 500 111-

284 501 316 513 turn⁴

289 742 353 758 tamnus
361 745 389 755 m.

282 757 347 768 cntionem
359 756 389 768 1120-

283 772 390 782 aramma-n>

283 782 339 795 mmmm
356 783 389 795 iar·-

282 796 369 808 innuuntur.

400 273 436 292 leat,
447 273 481 289 eius
491 273 522 289 vita
533 274 599 289 naturali
609 273 681 292 durante,
690 277 708 289 ex
720 273 772 289 tundis

400 297 423 312 illi
431 297 504 312 ecclesiae
512 297 625 317 pertinentibus
632 296 730 317 percipienda
737 296 773 312 assi-

400 322 458 339 gnetur
466 322 482 336 et
490 320 591 340 persolvatur,
599 320 624 335 vel
631 320 650 335 ab
657 320 689 339 ipso
695 319 772 339 Leopoldo

400 343 417 359 in
431 343 539 363 imperatorem
555 343 604 359 electo
620 345 635 359 et
651 347 688 362 rege
701 343 773 363 suppedi-

401 367 446 382 tanda
456 367 476 382 sit
488 367 544 382 similis
558 371 608 382 annua
621 370 687 385 summa,
699 366 747 382 donec
758 370 773 381 a<

401 390 454 406 liunde
464 390 483 406 de
494 390 545 410 aliquo
555 390 630 406 beneficio
638 389 740 406 ecclesiastico
747 394 773 405 an-

400 414 429 429 nui
439 418 470 429 non
482 414 546 429 minoris
554 414 622 429 redditus
630 413 696 429 mininie
703 413 751 429 tuerit
759 413 772 428 ei

399 437 437 453 l'aeta
444 436 513 453 collatio.

419 460 428 479 ἕ
440 460 464 476 ¹0.
472 461 537 476 Demum
545 464 572 480 per
580 462 667 480 praesentes
674 460 773 476 concedimus

400 486 415 500 et
426 484 531 503 indulgemus.
542 486 559 499 ut
571 484 654 503 Episcopus
665 484 696 503 ipse
706 486 723 499 et
734 483 773 503 capi-

400 507 451 523 tulum
458 511 475 523 ac
482 507 564 527 dignitates
573 510 588 523 et
598 507 667 523 canonici
674 511 701 527 per
708 511 725 522 se
733 507 773 526 ipsos

399 533 425 547 aut
435 531 489 550 alium,
499 535 527 546 seu
537 531 575 546 alios
582 535 642 549 eorum,
651 531 736 550 respective
745 534 773 546 no-

400 554 442 570 mine
453 558 511 573 veram,
523 554 580 570 realem
589 556 605 570 et
612 554 707 573 corporalem
716 557 773 573 posses-

398 578 458 593 sionem
469 578 540 594 eeclesiae
550 577 602 594 Sancti
613 577 665 593 Hilarii
677 577 717 593 inire
724 579 740 593 et
747 581 772 597 ap-

399 601 501 621 prehendere.
512 604 527 617 et
537 601 648 621 apprehensam
663 603 738 620 perpetuo
748 605 772 616 re-

399 625 455 643 tinere.
464 625 520 644 illaque
531 625 553 640 uti
560 626 576 640 et
583 624 649 643 gaudere
657 624 716 644 possint
723 626 739 639 et.
747 628 772 639 va-

399 648 446 666 leant,
457 652 474 663 ac
488 648 554 663 debeant
568 649 583 663 et
594 649 682 666 teneantur.
697 649 744 667 prout
756 648 771 663 in

399 671 485 687 enunciatis
496 672 553 687 nostris
567 671 616 687 literis
631 671 680 691 quoad
691 671 771 687 ecclesiam

398 697 487 711 sanctorum
498 695 539 711 Petri
547 697 562 711 et
568 695 611 710 Pauli
618 695 698 710 Grauiscae
706 694 735 710 illis
743 694 772 710 im-

398 719 473 738 pertitum
485 718 540 734 [uerat.

418 742 428 761 ἓ
439 742 463 758 Η.
469 742 559 758 Praesentes
566 746 603 757 vero
609 744 669 757 nostras
674 742 726 757 literas
731 746 771 757 sem-

398 770 427 786 per
437 768 452 782 et
462 768 537 786 perpetuo
548 765 605 781 validas
615 767 630 781 et
641 765 709 781 efficaces
716 769 749 781 esse
756 767 771 781 et

398 789 437 809 iore,
448 793 513 809 suosque
523 789 599 809 plenarios
607 791 624 805 et
631 789 700 808 integros
708 789 771 804 effectus

397 814 450 829 sortiri
456 816 472 829 et
480 813 557 831 obtinere,
565 814 581 828 et
591 813 610 828 ab
620 812 693 828 omnibus
703 813 721 828 ad
732 816 771 832 quos

397 838 461 857 spectat,
473 838 488 852 et
499 840 526 856 pro
537 838 607 856 tempore
615 836 730 856 quomodolibet
737 839 771 855 spe-

397 861 449 879 ctabit.
466 860 532 876 tirmiter
543 862 558 875 et
569 859 679 875 inviolabiliter
693 859 771 875 observari

397 884 462 903 debere;
472 888 489 899 ac
496 883 539 899 nullo
547 887 621 903 umquam
629 885 699 903 tempore
706 887 726 899 ex
733 887 770 903 quo-

397 912 465 927 cumque
480 907 534 927 capite,
545 907 571 922 vel
581 907 649 927 qualibet
664 911 708 922 causa
722 911 771 927 quan>

397 931 456 947 tumvis
467 931 537 949 iuridica,
544 931 574 950 pia,
582 930 678 950 privilegiata
686 935 703 946 ac
710 931 770 950 speciali

397 958 433 971 nota
444 955 496 974 digna,
506 954 554 970 etiam
564 958 583 970 ex
593 958 612 970 eo
622 954 662 974 quod
673 958 726 970 causae
737 959 771 975 pro-

397 981 432 999 pter
437 983 474 999 quas
480 980 567 998 praesentes
572 978 685 997 emanaverint,
690 978 769 997 adductae,

397 1002 484 1018 verificatae
489 1004 505 1017 et
510 1001 600 1017 iustine-atae
605 1006 636 1017 non
643 1002 707 1021 luerint,
714 1003 732 1018 de
737 1003 771 1018 sub-

397 1026 477 1045 reptionis,
489 1025 514 1041 vel
524 1025 619 1045 obreptionis
629 1028 657 1041 aut
665 1026 740 1042 nullitatis
748 1027 771 1042 vi-

398 1049 424 1068 tio,
436 1049 461 1064 vel
477 1048 568 1064 intentionis
583 1051 651 1067 nostrae,
663 1049 687 1065 vel
698 1050 770 1070 quopiam

397 1072 426 1088 alio
436 1072 537 1092 quantumvis
544 1076 606 1091 magno,
614 1072 710 1088 substantiali
721 1075 736 1089 et
748 1073 770 1089 in-

397 1096 483 1115 excogitato
493 1095 560 1114 deiectu,
569 1100 596 1111 seu
607 1096 653 1111 etiam
664 1100 683 1112 ex
694 1100 718 1115 eo,
729 1097 769 1116 quod

397 1120 413 1135 in
424 1119 511 1139 praemissis
524 1119 630 1135 solemnitates
642 1122 657 1135 et
668 1120 731 1139 quaevis
741 1120 769 1136 alia

396 1143 470 1158 servanda
485 1144 500 1158 et
514 1142 611 1162 adimplenda
626 1145 685 1158 servata
695 1145 711 1158 et
722 1144 770 1159 adim-

397 1166 437 1186 pleta
448 1169 479 1181 non
490 1165 554 1184 inerint.
565 1168 592 1181 aut
602 1169 621 1181 ex
631 1166 661 1181 alio
671 1170 770 1186 quocumque

397 1189 446 1209 eapite
457 1188 512 1207 notari,
524 1188 618 1208 impugnari,
627 1189 714 1208 invalidari,
723 1190 738 1205 in
746 1191 770 1206 ius

397 1212 422 1228 vel
433 1212 554 1228 controversiam
565 1212 638 1230 revocari,
646 1215 673 1228 aut
680 1213 698 1228 ad
706 1213 746 1229 viam
754 1216 770 1230 et

397 1236 472 1252 terminos
486 1236 525 1251 iuris
539 1236 597 1254 reduci.
610 1240 638 1251 seu
652 1235 726 1252 adversus
737 1237 770 1253 illas

396 1259 499 1275 restitutionis
510 1260 526 1275 in
537 1259 623 1278 integrum,
635 1259 724 1279 aperitionis
732 1261 769 1280 oris,

396 1283 490 1299 reductionis
500 1283 518 1299 ad
529 1283 570 1298 viam
581 1285 597 1298 et
608 1283 683 1299 terminos
697 1283 735 1299 iuris
746 1288 769 1299 re-

396 1307 439 1325 duci-,
449 1311 500 1326 neque
507 1306 568 1322 easdem
576 1308 663 1326 praesentes
670 1307 699 1322 sub
706 1307 769 1326 quibus-

395 1330 419 1346 vis
429 1330 504 1346 similium
515 1330 540 1345 vel
548 1329 646 1345 dissimilium
654 1330 738 1349 gratiarum
746 1335 769 1346 re-

395 1353 507 1372 vocationibus,
523 1353 655 1373 suspensionibus,
670 1353 769 1370 limitationi-

394 1376 424 1393 bus
431 1380 457 1393 aut
464 1377 497 1392 aliis
504 1377 586 1392 contrariis
594 1376 719 1396 dispositionibus
726 1381 769 1393 com-

395 1400 475 1420 prehendi,
486 1401 512 1416 sed
525 1404 587 1420 semper
597 1400 616 1416 ab
626 1400 657 1416 illis
669 1401 729 1421 excipi,
740 1401 769 1416 sic-

395 1428 426 1444 que
437 1426 452 1440 et
463 1428 494 1440 non
505 1424 541 1439 alias
557 1428 584 1443 per
594 1428 700 1444 quoscumque
712 1424 769 1440 iudices

395 1447 481 1463 ordinarios
492 1447 517 1463 vel
526 1447 609 1467 delegatos.
617 1447 671 1467 quavis
678 1448 769 1464 auctoritate

395 1471 485 1490 [ungentes.
491 1471 538 1486 ctiam
545 1475 625 1487 causarum
632 1471 683 1491 palatii
691 1471 768 1491 apostolici

395 1494 478 1512 auditores.
489 1498 506 1509 ac
521 1494 585 1510 Sanctae
601 1494 677 1510 Romanae
693 1494 769 1510 Ecclesiae

396 1517 483 1533 Cardinales
490 1517 536 1533 ctiam
544 1518 562 1533 de
570 1518 618 1533 latere
626 1518 696 1537 Legatos.
704 1518 769 1537 viceque

395 1541 466 1560 Legatos,
477 1541 557 1560 dictaeque
568 1540 611 1557 Sedis
623 1541 690 1557 Nuncios
705 1541 769 1557 iudicari

395 1567 410 1580 et
421 1565 482 1580 deliniri
494 1565 555 1583 debere,
566 1565 659 1584 irritumque
670 1567 686 1580 et
697 1565 748 1583 inane.
756 1565 768 1580 si

395 1592 440 1603 secus
450 1591 496 1607 super
510 1588 534 1603 lais
545 1592 552 1603 a
563 1592 641 1608 quoquam
652 1588 706 1608 quavis
717 1590 770 1604 aucto-

662 243 694 255 11111.
706 244 751 255 romi
763 244 783 255 bt:
794 244 808 255 t’.
821 244 836 255 Ι.
848 244 889 256 rans
900 245 911 256 1.

800 273 845 289 ritate
852 274 919 290 scienter
927 274 951 290 vel
960 274 1051 294 ignoranter
1061 274 1145 294 contigerit
1152 276 1174 290 at-

801 297 863 312 tentari.

820 320 830 339 5
841 320 864 335 ¹2.
876 320 910 336 Non
921 321 1018 337 obstantibus
1027 323 1078 336 nostra
1090 323 1106 336 et
1116 321 1174 337 eanoel-
1188 323 1294 349 effinrfrssffifwn'

800 343 846 359 lariae
860 344 951 363 apostolicae
966 344 1019 363 regula
1030 344 1049 360 de
1059 344 1094 360 iure
1104 344 1174 364 quaesito
1184 338 1189 349 ¹

801 370 832 382 non
844 367 918 386 tollendo,
929 371 946 383 ac
956 367 1065 383 Lateranensis
1075 368 1139 384 Concilii
1146 372 1174 383 no-

801 389 864 406 vissime
876 390 948 406 celebrati
963 391 1029 407 uniones
1040 394 1056 407 et
1065 390 1181 411 applicationes*

801 416 882 433 perpetuas
892 414 921 429 nisi
933 414 949 430 in
962 414 1021 430 casibus
1031 419 1039 430 a
1050 414 1084 430 iure
1095 414 1174 434 permissis

801 436 834 452 lieri
851 437 952 456 prohibentis,
967 438 1032 458 aliisque
1047 438 1062 453 in
1078 438 1174 454 contrarium

801 460 919 479 praemissorum
933 461 980 476 etiam
994 461 1011 477 in
1024 461 1129 481 synodalibus,
1139 465 1174 481 pro*

801 483 892 499 vincialibus
903 484 1033 504 generalibusque
1043 485 1115 500 Gonciliis
1128 484 1174 500 editis

801 506 825 522 vel
834 506 897 522 edendis
904 507 995 526 specialibus
1003 507 1028 523 vel
1035 507 1133 527 generalibus
1138 512 1175 523 oon-

800 529 906 545 stitutionibus
917 532 933 545 et
945 530 1069 546 ordinationibus
1079 531 1173 550 apostolicis;

800 553 886 572 privilegiis
898 557 965 573 quoque,
977 554 1043 570 indultis
1053 557 1069 570 et
1080 554 1128 570 literis
1139 558 1174 574 apo-

799 576 862 595 stolicis,
873 577 953 596 quibusvis
963 578 1033 597 personis
1041 579 1057 593 et
1064 578 1131 593 ecclesiis
1139 581 1174 593 con-

800 600 851 618 cessis,
858 600 953 616 confirmatis
960 603 976 616 et
984 601 1066 616 innovatis.
1074 601 1133 620 Quibus
1140 605 1174 617 om>

800 622 845 638 nibus
856 625 871 638 et
881 623 953 642 singulis,
963 623 1022 639 etiamsi
1033 624 1052 640 de
1062 624 1093 640 illis
1103 624 1174 640 illorum-

799 650 830 665 que
841 646 876 662 totis
887 647 967 662 tenoribus
977 651 994 663 ac
1004 648 1038 663 data
1049 647 1119 667 specialis
1129 651 1174 663 men-

800 669 821 685 tio
832 670 884 689 tieret,
896 672 922 686 aut
937 670 988 691 aliqua
998 671 1026 686 alia
1037 671 1114 691 exquisita
1124 668 1183 687 lorma‘

799 693 817 708 ad
828 693 857 709 hoc
867 693 941 709 servanda
952 694 998 713 foret,
1010 696 1071 710 tenores
1084 695 1173 711 huiusmodi

799 721 816 732 ac
826 717 869 732 side
879 717 927 733 verbo
942 718 959 733 ad
974 718 1040 734 verbum
1056 718 1096 734 nibil
1110 719 1173 738 penitus

799 740 861 758 omisso,
873 743 889 756 et
899 740 948 756 forma
960 741 976 757 in
987 741 1018 757 illis
1026 742 1080 757 tradita
1087 742 1172 761 observata,

799 763 905 783 praesentinus
920 767 948 783 pro
959 763 1005 783 plene
1015 766 1031 780 et
1041 764 1137 780 sufficienter
1146 769 1174 780 ex-

799 787 854 806 pressis
865 789 880 802 et
891 787 953 802 insertis
968 787 1051 806 habentes.
1066 788 1097 803 illis
1109 788 1145 804 alias
1156 789 1172 805 in

798 814 827 826 suo
835 810 889 826 robore
896 811 1007 830 permansuris,
1014 811 1042 827 hac
1048 811 1081 827 vioe
1086 812 1172 831 dumtaxat,

799 833 817 849 ad
824 834 945 853 praemissorum
952 834 1025 850 omnium
1033 834 1145 851 validissimum
1151 835 1173 851 e(-

799 857 862 876 lectum,
870 857 956 877 specialiter
966 859 982 873 et
992 861 1065 877 expresse
1074 858 1172 877 derogamus,

798 880 893 900 caeterisque
904 881 984 896 contrariis
995 881 1125 901 quibuscumque.

819 904 828 923 g
840 904 863 919 1³.
877 903 920 919 Nulli
931 907 969 923 ergo
982 904 1048 920 omnino
1059 905 1142 921 nominum
1155 905 1173 921 li—

798 950 918 970 approbationis,
931 951 1059 970 confirmationis,
1071 951 1136 971 roboris,
1147 953 1173 968 ad-

799 974 875 993 iectionis,
886 974 955 990 deiectus
965 975 1074 994 suppletionis,
1086 975 1149 995 decreti,
1157 978 1173 992 et

798 998 902 1017 derogationis
911 997 1004 1017 infringere,
1016 998 1040 1014 vel
1051 999 1065 1014 ei
1076 1003 1113 1015 ausu
1125 1002 1174 1015 teme-

799 1022 838 1037 rario
849 1022 932 1037 contraire.
945 1021 961 1037 Si
975 1022 1010 1041 quis
1021 1024 1073 1038 autem
1084 1023 1112 1038 ltoc
1123 1024 1173 1038 atten-

799 1047 831 1061 tare
842 1045 968 1064 praesumpserit,
984 1045 1109 1064 indignationem
1123 1046 1173 1062 omni-

798 1068 866 1088 potentis
881 1068 907 1084 Dei
919 1072 936 1084 ac
951 1068 1032 1084 beatorum
1046 1068 1088 1084 Petri
1101 1071 1117 1085 et
1130 1069 1173 1085 Pauli

798 1092 907 1112 Apostolorum
919 1092 952 1107 eius
962 1095 980 1107 se
994 1092 1055 1108 noverit
1066 1093 1171 1109 incursurum.

818 1116 874 1131 Datum
890 1115 953 1134 Romae,
969 1115 1009 1135 apud
1024 1115 1039 1131 S.
1052 1115 1115 1131 Mariam
1127 1116 1173 1132 Maio-

798 1143 838 1158 rem,
849 1143 890 1154 anno
900 1138 1011 1154 incarnationis
1022 1139 1111 1159 Dominicae
1123 1140 1172 1156 mille-

797 1163 837 1178 simo
850 1162 990 1182 septingentesimo
1006 1163 1108 1182 nonagesima
1122 1163 1173 1183 primo

799 1186 848 1206 pridie
859 1186 892 1201 idus
903 1185 1001 1205 septembris,
1013 1186 1112 1205 pontificatus
1124 1187 1173 1203 nostri

798 1213 839 1225 anno
849 1209 910 1225 decimo
919 1209 991 1228 septimo.

951 1398 1018 1414 xcvnt.

798 1470 872 1486 Instante
887 1469 988 1485 serenissimo
1004 1469 1077 1488 principe
1092 1469 1173 1485 erasnm

818 1494 876 1513 Maqrw
887 1493 944 1508 Priore
958 1492 1043 1512 prioratus
1056 1492 1075 1508 de
1086 1492 1135 1508 Grato
1146 1492 1173 1508 lw—

817 1517 883 1536 spicat-'s
892 1516 907 1532 S.
916 1517 981 1533 Ioannis
989 1516 1138 1535 Hierosolymitani,
1145 1520 1173 1536 ap<

818 1540 868 1560 plicat
879 1539 920 1555 bona
934 1539 1019 1555 cuiusdam
1033 1539 1139 1555 haereditatis
1150 1543 1173 1555 se-

817 1563 889 1579 miriario
900 1563 918 1579 in
928 1563 961 1578 loco
973 1563 1051 1579 Sermone
1059 1563 1078 1578 tto
1085 1563 1124 1579 ch
1132 1563 1172 1579 Gar-

818 1587 850 1602 dim
861 1587 908 1602 intra
918 1586 956 1606 fines
968 1586 998 1602 loci
1009 1587 1093 1606 prioratu:
1104 1588 1161 1602 erecto.

1189 240 1219 254 Aa.
1226 241 1243 254 c.
1255 241 1287 254 17111
1294 233 1295 238 ’

798 929 831 943 ceat
844 928 884 943 nanc
898 927 970 946 paginam
984 930 1046 943 nostrae
1062 928 1172 948 attentationis„
1183 911 1255 936 nfflffmn
1265 913 1290 925 nn*
