4808 6988
356 528 410 583 An.
425 531 455 585 0.
478 530 545 584 1823
595 523 655 595 638

575 683 653 746 quae
673 667 708 728 ad
731 673 845 730 rectam
866 682 975 730 rerum
989 681 1146 730 sacrarum
1169 664 1321 726 actionem

574 760 776 824 ordinandam
798 766 843 823 est
864 761 1051 839 praeposita:
1074 765 1167 837 alque
1195 757 1320 832 idcirco,

531 911 534 918 .
573 854 656 934 quod
678 854 877 932 praecipuum
898 853 1051 916 abusuum
1066 851 1095 912 id
1112 867 1210 928 genus
1231 857 1321 929 caput

573 954 631 1024 est,
654 947 854 1026 privilegium
876 946 1101 1023 pontificalium
1123 944 1260 1022 collegiis
1275 961 1321 1006 ca·

573 1041 756 1104 uonicorum
786 1040 1009 1117 insignioribus
1037 1038 1205 1101 liberaliter
1230 1037 1320 1100 colla-

574 1143 641 1197 tum
662 1134 748 1195 statis
769 1132 952 1212 quibusdam
966 1130 1196 1194 conditionibus
1214 1132 1319 1193 mode-

573 1230 705 1292 randum
718 1228 849 1305 curarit,
861 1225 1040 1306 praesertim
1056 1225 1088 1287 in
1104 1224 1318 1288 Panormitano

572 1321 621 1384 die
642 1338 722 1383 ιιιιιι.
746 1319 851 1398 aprilis
876 1333 1073 1382 uncuxxrrv.
1092 1324 1124 1380 et
1139 1319 1172 1380 in
1188 1316 1318 1379 Urbina-

571 1416 652 1478 tensi
673 1417 723 1478 die
744 1429 833 1476 ιιιιιι.
858 1413 989 1474 ianuarii
1011 1428 1154 1474 uoccuu.
1171 1429 1199 1471 ι.

611 1508 742 1572 «Novis
777 1515 882 1568 tamen
915 1515 945 1568 et
981 1505 1189 1568 deterioribus
1220 1505 1318 1567 adhuc

571 1601 876 1684 percrebescentibus
903 1602 1050 1664 adversus
1076 1599 1150 1662 haec
1176 1597 1316 1660 instituta

569 1694 859 1769 consuetudinibus,
882 1691 1108 1770 nonnullisque
1130 1690 1231 1754 dubiis
1259 1707 1317 1754 nu-

571 1807 626 1870 per
647 1789 755 1852 delatis
775 1802 868 1865 super
884 1803 941 1849 usu
958 1784 1183 1862 pontificalium
1205 1784 1237 1845 in
1254 1801 1317 1847 me·

571 1882 755 1962 tropolitaua
771 1880 897 1942 ecclesia
908 1879 1047 1953 Bareusi,
1061 1877 1173 1957 placuit
1185 1875 1318 1940 Sanctis-

568 1976 648 2038 simo
669 1974 801 2036 Domino
821 1979 927 2035 nostro
942 1971 995 2033 Pio
1009 1972 1064 2033 PP.
1082 1969 1145 2034 llll.
1170 1986 1235 2031 rem
1248 1970 1317 2032 uni·

570 2084 692 2132 versam
713 2068 815 2130 eidem
835 2082 936 2128 sacrae
955 2064 1196 2141 congregationi
1218 2064 1316 2126 discu-

571 2163 709 2226 tiendam
730 2161 926 2234 demandare,
943 2175 1032 2238 quae,
1054 2158 1207 2236 exquisita
1230 2157 1315 2237 prius

568 2257 723 2320 sententia
745 2269 847 2316 sacrae
869 2251 1128 2328 Congregationis
1154 2252 1315 2313 caeremo-

568 2349 657 2412 nialis
678 2347 848 2422 secretarii,
865 2347 1004 2424 itemque
1026 2343 1112 2407 Sedis
1125 2343 1315 2422 hpostolicae

567 2441 836 2505 caeremoniarum
856 2439 1007 2515 magistri,
1027 2437 1208 2514 cunctisque
1222 2437 1314 2498 ratio-

566 2550 644 2599 num
660 2535 827 2598 momentis
836 2538 982 2596 accurate
1000 2531 1229 2608 diligenterque
1246 2546 1313 2609 per-

566 2629 686 2709 pensis,
716 2627 871 2689 edendum
898 2624 1019 2687 censuit
1049 2622 1222 2700 decretum,
1251 2640 1312 2702 quo

566 2721 791 2802 pontificalium
806 2718 967 2797 privilegia
982 2717 1190 2795 declarentur,
1208 2718 1311 2779 certis-

566 2833 627 2896 que
649 2816 769 2892 legihus
791 2813 827 2874 ad
848 2812 1010 2875 ritualium
1033 2811 1311 2891 praescriptionum

567 2923 709 2972 normam
736 2911 947 2970 coerceantur.
980 2905 1054 2966 Eius
1076 2920 1168 2983 porro
1196 2905 1311 2967 decreti

565 3001 687 3066 articuli
710 3008 796 3076 sunt,
819 2999 872 3079 qui
894 3007 1086 3078 sequuntur:

607 3113 629 3158 1.
653 3096 742 3159 Sacra
765 3109 912 3173 peragere
930 3093 992 3153 ritu
1009 3090 1174 3169 pontificali
1189 3090 1227 3152 de
1242 3092 1310 3154 iure

564 3191 705 3252 inhaeret
726 3190 885 3252 dumtaxat
905 3185 1067 3264 episcopali
1089 3185 1242 3262 dignitati.

603 3300 638 3346 ιι.
661 3280 791 3345 Praelati
808 3281 957 3362 Episcopo
973 3277 1135 3341 interiores
1150 3281 1309 3359 pontifica-

564 3376 635 3440 liter
666 3373 826 3439 celehrant
848 3390 885 3435 ex
907 3373 1089 3450 privilegio,
1117 3373 1171 3434 sed
1197 3386 1327 3438 ornatu.

562 3469 774 3545 moderatiori,
785 3469 908 3530 statutis
924 3475 1046 3530 tantum
1061 3459 1169 3530 diebus
1191 3470 1221 3531 in
1238 3486 1308 3548 pro·

561 3566 636 3646 priis
667 3563 802 3628 ecclesiis
833 3563 870 3625 ab
901 3561 1062 3642 episcopali
1095 3562 1308 3627 iurisdictione

559 3659 724 3739 exemptis,
741 3663 772 3719 et
788 3663 936 3719 tenentur
957 3655 991 3718 in
1013 3655 1141 3734 reliquis
1162 3659 1307 3721 omnibus

560 3753 745 3816 adamussim
766 3767 889 3813 servare
919 3749 1073 3827 generalia
1094 3751 1216 3812 decreta
1237 3752 1306 3814 hle·

559 3845 669 3908 atandri
691 3844 756 3907 vd.
781 3861 797 3905 a
818 3843 984 3906 Benedicto
1006 3842 1087 3906 xlv.
1111 3845 1302 3906 confirmata.

599 3956 647 4001 ιιι.
672 3939 707 4000 ln
729 3936 864 4000 ecclesiis
889 3951 953 3996 non
976 3938 1128 4016 exemptis
1157 3947 1305 4003 vetantur

559 4033 654 4096 iidem
675 4030 861 4111 pontificalia
887 4045 1044 4106 exercere,
1068 4033 1188 4095 etiamsi
1209 4033 1304 4096 inter·

557 4126 644 4190 cedat
665 4141 808 4205 expressa
829 4125 982 4188 Ordinarii
1004 4126 1061 4188 loci
1085 4125 1218 4190 licentia.

597 4235 639 4283 rr.
662 4219 847 4300 Dignitates,
874 4220 1025 4294 canonici,
1052 4228 1187 4283 rectores
1208 4223 1303 4286 eccle-

556 4319 673 4380 siarum
685 4329 884 4394 quocumque
895 4313 1024 4376 nomine
1036 4315 1221 4392 insignium,
1235 4335 1302 4396 pro·

557 4410 705 4472 hibentur
727 4407 806 4469 ritus
826 4412 859 4468 et
880 4407 1088 4468 caeremonias
1109 4423 1165 4486 pro
1181 4410 1301 4488 Episco-

555 4505 601 4585 pis
621 4513 653 4566 et
674 4503 817 4582 praelatis
845 4502 1047 4565 interioribus
1075 4502 1246 4578 designatas
1268 4505 1300 4567 in

554 4598 646 4660 sacris
675 4595 856 4674 peragendis
884 4594 1047 4670 adhibere,
1076 4604 1300 4659 automatum

554 4691 689 4770 aliquem
712 4688 920 4770 pontificalem
942 4689 1085 4765 induere,
1098 4690 1213 4768 absque
1233 4705 1299 4770 spe·

553 4783 621 4847 ciali
641 4782 832 4862 hpostolicae
853 4780 939 4843 Sedis
960 4783 1132 4861 privilegio.

592 4894 622 4937 v.
645 4877 867 4954 Quodcumque
896 4874 1095 4954 privilegium
1117 4878 1153 4939 ad
1184 4894 1300 4956 augen-

552 4975 626 5041 dum
660 4971 832 5050 insignium
864 4971 1068 5049 quarumdam
1100 4970 1297 5034 ecclesiarum

550 5065 749 5146 splendorem
763 5064 800 5126 ab
810 5061 982 5142 Apostolica
994 5063 1073 5126 Sede
1084 5065 1296 5141 dignitatibus,

550 5159 716 5232 canonicis
739 5155 924 5233 rectoribus,
945 5164 999 5219 aut
1019 5155 1078 5220 alio
1100 5174 1297 5236 quocumque

549 5253 679 5314 nomine
699 5251 886 5330 nuncupatis
907 5265 1100 5326 concessum,
1116 5256 1223 5329 utpote
1238 5251 1296 5312 lae-

549 5346 652 5408 sivum
675 5345 819 5423 dignitati
841 5344 1018 5423 episcopali,
1033 5345 1070 5406 de
1084 5343 1153 5407 iure
1168 5344 1296 5406 strictis·

548 5437 628 5500 sime
649 5446 694 5500 est
715 5435 997 5518 interpretandum.
1021 5438 1228 5514 Quamobrem
1250 5437 1294 5501 nil

547 5530 629 5593 aliud
662 5547 841 5594 concessum
873 5528 1117 5607 intelligendum
1148 5537 1205 5606 est,
1234 5531 1294 5593 nisi

547 5623 624 5687 illud
646 5626 725 5700 quod
749 5633 794 5687 est
809 5624 966 5704 speciatim
982 5640 1175 5702 expressum,
1192 5641 1294 5705 noque

488 5765 497 5778 .
546 5731 585 5777 ex
616 5715 738 5778 indulto
764 5733 827 5779 uno
853 5716 992 5780 alterove
1018 5718 1184 5796 privilegio
1212 5718 1292 5780 trabi

1098 540 1163 594 run.
1187 537 1278 592 honr.
1301 544 1342 588 un
1363 544 1392 589 a.
1417 535 1446 592 ι’.
1472 548 1552 594 rans
1574 548 1595 594 1.

1418 681 1460 726 vr.
1485 665 1547 729 Nec
1567 673 1684 744 tamen,
1706 667 1806 748 posito
1828 665 2005 747 privilegio,
2020 671 2123 734 omnia

1378 757 1523 820 omnibus
1544 776 1641 838 aeque
1662 768 1856 840 competunt,
1871 761 1922 824 sed
1945 762 2124 827 discrimine

1378 857 1424 915 est
1445 865 1522 930 opus
1549 853 1633 914 inter
1654 853 1864 916 celebrantem
1893 863 1923 916 et
1945 857 2123 919 assistentes

1377 958 1449 1005 cum
1471 946 1613 1021 insigniis
1635 946 1874 1024 pontificalibus.

1416 1053 1472 1120 ιιι.
1497 1036 1574 1099 Nam
1598 1038 1765 1104 celebranti
1781 1039 1930 1119 quaedam
1945 1047 2122 1119 competere

1375 1136 1505 1208 possunt
1517 1130 1703 1208 pontificalia
1718 1132 1863 1209 insignia,
1881 1149 1944 1196 uon
1961 1135 2037 1196 item
2051 1137 2121 1198 assi·

1374 1224 1539 1299 sterilibus,
1562 1225 1635 1288 dum
1658 1226 1836 1302 dignitates,
1849 1227 2002 1301 canonici,
2024 1237 2121 1291 recto-

1376 1330 1424 1378 res
1446 1326 1504 1380 etc.
1528 1335 1610 1380 sacra
1632 1335 1757 1380 sumere
1782 1319 1895 1382 dehent
1917 1321 2110 1383 indumenta.

1415 1427 1482 1473 vur.
1495 1411 1559 1475 Sub
1570 1412 1715 1489 generico
1726 1420 1985 1476 ornamentorum
1996 1416 2119 1491 pontili-

1374 1501 1486 1564 calium
1508 1505 1648 1580 nomine,
1664 1521 1743 1583 quae
1757 1522 1795 1567 ex
1810 1505 1981 1584 privilegio
1993 1508 2119 1586 hposto·

1374 1593 1429 1656 lica
1452 1596 1545 1659 Sedes
1566 1597 1789 1674 insignioribus
1820 1597 1961 1677 capitulis
1983 1602 2117 1676 quando-

1374 1703 1435 1766 que
1455 1689 1608 1765 concedit,
1634 1690 1859 1767 intelliguntur
1887 1692 2056 1768 dumtaxat,
2079 1710 2118 1756 er

1373 1781 1490 1859 pluries
1511 1782 1618 1845 decisis
1640 1801 1656 1844 a
1676 1799 1759 1846 sacra
1789 1785 2049 1864 congregatione,
2072 1804 2117 1849 ca·

1372 1873 1464 1951 ligae,
1487 1876 1640 1953 sandalia,
1663 1894 1719 1940 nec
1739 1893 1815 1939 auro
1838 1893 1895 1940 nec
1919 1891 2048 1956 argento
2068 1898 2116 1942 or-

1373 1976 1453 2046 nata,
1476 1970 1592 2032 sericae
1612 1971 1689 2033 item
1711 1970 1920 2048 chirothecae,
1944 1973 2114 2050 dalmatica,

1372 2061 1529 2138 tunicella,
1546 2065 1680 2126 annulus
1695 2079 1766 2126 cum
1782 2066 1873 2126 unica
1888 2081 2024 2142 gemma,
2040 2084 2117 2131 crux

1371 2155 1534 2230 pectoralis
1554 2157 1622 2219 sine
1650 2172 1785 2232 gemma,
1810 2158 1902 2219 mitra
1926 2160 2116 2237 simplexea

1371 2246 1433 2308 tela
1454 2248 1520 2310 alba
1536 2265 1607 2312 cum
1622 2251 1728 2312 sericis
1750 2249 1869 2312 laciniis
1884 2253 1971 2315 rubei
1993 2255 2112 2318 coloris.

1411 2360 1454 2405 ιι.
1479 2343 1567 2406 llisce
1579 2343 1724 2406 omnihus
1740 2345 1784 2404 uti
1796 2345 1910 2421 poterit
1921 2346 2115 2412 solummodo

1369 2438 1514 2514 dignitas,
1537 2437 1714 2512 canonicus,
1736 2443 1789 2499 aut
1810 2447 1912 2500 rector
1933 2426 2116 2504 solemniter

1369 2529 1538 2606 celebrans,
1563 2530 1622 2592 nisi
1644 2528 1724 2592 torte
1745 2531 1946 2609 privilegium
1964 2548 2028 2596 non
2048 2549 2116 2597 om-

1369 2625 1420 2686 nia
1442 2626 1527 2702 haec,
1540 2627 1591 2688 sed
1607 2625 1884 2706 aliquadumtaxat
1898 2627 2032 2704 insignia
2045 2645 2113 2707 per·

1369 2719 1480 2780 mittat.

1408 2827 1438 2872 ιι.
1462 2813 1519 2886 Qui
1542 2829 1616 2875 vero
1638 2813 1775 2875 inmissa
1796 2814 1929 2878 solemni
1950 2816 2112 2882 diaconum

1367 2915 1398 2968 et
1419 2906 1639 2970 subdiaconum
1663 2915 1772 2984 agunt,
1789 2909 1908 2971 etiamsi
1929 2911 1992 2973 sint
2013 2912 2111 2991 digni-

1367 3005 1455 3077 tates,
1472 3002 1611 3063 canonici
1627 3009 1699 3078 etc,
1716 3019 1773 3065 nec
1784 3002 1920 3078 mitram,
1937 3020 1994 3067 nec
2010 3004 2110 3067 ullum

1364 3093 1446 3156 aliud
1470 3094 1646 3174 pontificale
1667 3095 1901 3171 indumentum,
1919 3112 1977 3160 nec
1998 3098 2110 3175 palma-

1365 3188 1488 3264 toriam,
1511 3187 1536 3248 si
1559 3187 1643 3248 illius
1668 3187 1831 3267 privilegio
1856 3188 2004 3267 polleant,
2020 3195 2054 3256 ad
2078 3209 2109 3254 e-

1364 3280 1545 3357 vangelium
1567 3286 1598 3341 ot
1618 3281 1653 3342 ad
1677 3280 1839 3358 epistolam
1859 3281 2004 3344 adhihere
2026 3291 2109 3362 pote·

1364 3383 1449 3436 runt.
2009 3385 2012 3392 '

1403 3484 1448 3529 ιιι.
1465 3467 1857 3546 Dignitatibuscanonicis,
1864 3471 2036 3533 rectoribus
2045 3479 2104 3535 etc.

1364 3563 1487 3624 missam
1509 3578 1582 3623 cum
1611 3561 1753 3639 insigniis
1781 3563 2009 3641 pontificalibus
2029 3565 2112 3627 sole·-

1361 3655 1478 3717 mniter
1503 3654 1658 3717 celebrare
1685 3655 1835 3718 licentiis
1862 3659 2022 3720 dumtaxat
2043 3659 2108 3722 die·

1362 3747 1430 3822 bus,
1453 3748 1485 3810 in
1508 3749 1621 3827 quihus
1642 3748 1798 3810 celebrant
1821 3750 1888 3812 vice
1903 3751 2043 3832 Episcopi
2056 3753 2106 3816 ah-

1360 3841 1457 3903 sentis
1479 3841 1529 3902 rel
1551 3840 1702 3918 impediti,
1724 3841 1773 3903 vel
1794 3842 1857 3904 vita
1880 3841 1990 3920 irructi,
2006 3855 2058 3908 aut
2072 3846 2104 3908 in

1360 3933 1471 4013 quibus
1493 3934 1660 4012 Episcopus
1681 3934 1794 3998 assistit
1814 3936 1866 3998 vel
1894 3938 2033 4000 assistere
2054 3942 2104 4003 de-

1360 4030 1446 4091 beret
1477 4045 1548 4091 cum
1579 4028 1707 4106 pluviali
1728 4037 1759 4091 et
1780 4030 1882 4092 mitra.
1913 4032 1948 4093 ln
1978 4032 2105 4113 reliquis

2154 531 2208 588 Au.
2222 537 2251 590 0.
2270 538 2328 596 tete

1359 4123 1479 4198 diebus,
1490 4123 1609 4186 etiamsi
1626 4123 1828 4200 solemnibus
1846 4125 2003 4191 celebrent
2018 4143 2103 4190 more
2203 4173 2206 4178 -

1358 4218 1460 4280 solito.

1398 4329 1456 4374 ιιι.
1490 4313 1526 4374 ln
1560 4312 1694 4375 ecclesiis
1729 4311 1861 4374 civitatis
1895 4321 1927 4374 et
1958 4315 2102 4377 dioecesis

1357 4422 1427 4494 cnm
1450 4406 1594 4482 insigniis
1616 4405 1842 4482 pontificalibus
1859 4407 2015 4470 celebrare
2029 4409 2102 4487 ipsis

1357 4515 1422 4562 non
1444 4499 1544 4574 liceat,
1568 4499 1625 4561 nisi
1648 4501 1679 4560 in
1704 4500 1870 4562 maioribus
1899 4501 2101 4566 solemnitati·

1358 4591 1424 4667 bus,
1448 4593 1633 4655 assentiente
1656 4593 1818 4672 Episcopo,
1834 4601 1865 4656 et
1879 4595 2040 4658 assistente
2054 4614 2102 4659 oa-

1356 4686 1464 4765 pitulo.

1396 4794 1466 4842 ιιιιι.
1490 4779 1667 4859 Numquam
1689 4797 1764 4843 vero
1786 4783 1895 4845 iisdem
1917 4792 2047 4848 utantur
2067 4786 2099 4847 ιιι

1356 4876 1455 4938 missis
1477 4889 1533 4954 pro
1554 4873 1723 4950 defunctis,
1747 4875 1817 4938 licet
1840 4875 2005 4954 Episcopus
2028 4880 2099 4940 assi-

1353 4977 1412 5032 stat
1433 4986 1506 5032 cum
1534 4967 1662 5047 pluviali
1684 4974 1715 5029 et
1737 4969 1839 5044 mitra,
1865 4970 1918 5031 sed
1939 4970 2099 5034 celebrent

1354 5079 1441 5127 more
1461 5063 1562 5124 solito.
1803 5121 1808 5134 ,

1393 5172 1459 5219 ιιι.
1484 5155 1515 5219 Si
1545 5155 1678 5232 dignitas
1703 5155 1754 5218 vel
1775 5159 1953 5234 canonicus,
1978 5168 2036 5223 etc.
2060 5165 2097 5225 ab

1352 5250 1501 5330 Episcopo
1521 5251 1704 5328 designetur
1715 5267 1770 5331 pro
1786 5253 1975 5322 admittenda
1997 5256 2096 5334 aliqua

1351 5343 1452 5423 puella
1473 5343 1510 5406 ad
1531 5343 1712 5420 religiosum
1734 5345 1873 5410 habitum
1895 5348 1945 5410 rel
1966 5349 2094 5425 novitia,

1350 5439 1472 5517 expleto
1495 5438 1657 5517 tyrocinio,
1680 5437 1716 5499 ad
1737 5439 1909 5502 solemnem
1936 5441 2095 5518 professio

1350 5548 1435 5608 uem,
1458 5531 1685 5610 pontificalibus
1713 5531 1855 5609 insigniis
1877 5535 1921 5596 uti
1951 5543 2093 5615 nequeat,

1349 5625 1408 5686 nisi
1430 5627 1468 5688 de
1490 5624 1789 5704 expressaEpiscopi
1810 5627 2021 5706 licentiaque
2042 5630 2094 5690 ob

1350 5724 1445 5794 tenta,
1459 5715 1495 5780 iis
1516 5717 1734 5781 tantummodo
1750 5727 1867 5797 utatur,
1889 5738 1968 5801 quae
1982 5722 2093 5784 actioni

546 5817 645 5888 potest
666 5811 885 5888 consequentia
908 5809 943 5872 ad
966 5811 1035 5887 alia,
1057 5827 1135 5890 quae
1155 5811 1292 5889 singilla-
1346 5811 1548 5874 conveniunt.

546 5901 604 5972 tim
625 5900 775 5986 descripta
797 5917 860 5964 non
882 5901 1010 5965 tuerint.

1386 5919 1438 5968 xv.
1464 5906 1544 5968 Cum
1559 5907 1786 5988 pontificalibus
1807 5905 1999 5972 indumentis
2014 5909 2093 5974 cele·
