4750 6980
2155 9 2370 270 'l

343 545 398 608 Ana
411 556 441 608 0·
463 555 531 608 179⁷
581 546 641 616 lib
1085 566 1148 613 tua.
1174 555 1265 612 roni.
1290 563 1330 612 nn
1351 566 1381 612 a.
1404 551 1433 612 l.
1458 559 1541 612 nans
1563 551 1584 609 l.
2142 542 2317 602 An.o.1aet

562 687 653 762 leant,
686 693 778 764 prout
806 682 981 766 disponitur
1011 687 1172 749 adecreto
1204 700 1305 748 sacrae
1403 685 1492 760 531.
1516 674 1938 757 Cumautem,sicuteadem
1960 682 2111 761 expositio
2177 698 2326 762 maurosus

561 780 818 856 Congregationis
840 780 877 842 de
900 778 1095 859 Propaganda
1117 778 1201 854 Fide,
1225 779 1305 858 quod
1362 780 1577 857 subiungebat,
1608 797 1668 860 quo
1694 783 1881 860 praeinserta
1911 778 2037 844 articula
2060 783 2111 843 ilr-
2130 751 2272 806 ⁸⁹⁰⁵‘⁰¹¹⁰²'

560 873 669 952 incipit
684 871 785 936 Socra
803 873 1016 953 Conprcqotio
1031 872 1079 934 die
1095 887 1159 934 xvx.
1177 885 1305 934 novem·
1363 874 1443 936 mius
1464 875 1630 938 subsistant
1645 883 1676 938 et
1695 883 1861 938 serventur
1881 874 2029 950 exactius,
2045 889 2110 938 me·
2140 877 2144 885 “

560 967 624 1028 bris
645 981 888 1030 uncctxxxvxxx.
912 966 971 1028 sub
993 980 1124 1029 numero
1146 965 1181 1027 6:
1206 966 1247 1026 ita
1264 971 1305 1026 ta·
1362 972 1500 1029 moratus
1514 981 1673 1046 exponens
1688 969 1871 1046 apostolicae
1890 968 2045 1031 firmitatis
2060 985 2109 1048 pa·

561 1073 633 1121 men
665 1067 699 1122 ot
730 1059 917 1136 guardianns
944 1047 974 1121 e't
1000 1058 1124 1121 discreti
1160 1056 1305 1136 praedicti
1363 1060 1493 1124 trocinio
1514 1063 1704 1124 communiri
1724 1062 2106 1140 summoperedesideret:

559 1152 708 1232 quidquid
721 1153 794 1214 novi
809 1152 845 1214 ab
858 1152 902 1214 eis
915 1159 1081 1226 statuetur,
1097 1152 1306 1214 commissario
1362 1153 1454 1216 Nobis
1478 1163 1640 1234 propterea
1659 1156 1822 1218 humiliter
1840 1153 2004 1235 supplicari
2024 1155 2108 1229 lecit,

560 1245 696 1322 generali
727 1245 902 1322 significare
932 1251 1108 1320 teneantur,
1132 1244 1184 1322 qui
1213 1244 1304 1306 etiam
1362 1255 1397 1309 ut
1413 1247 1444 1308 in
1460 1248 1634 1327 praemissis
1650 1256 1824 1327 opportune
1846 1248 2010 1326 providere
2028 1256 2058 1310 et
2074 1257 2109 1311 nt

559 1337 596 1399 de
612 1339 668 1400 lroc
683 1339 944 1416 ipsosupremum
959 1335 1126 1398 consilium
1149 1335 1305 1399 indiarum
1361 1341 1441 1401 intra
1469 1339 1631 1418 indulgere
1660 1341 1698 1404 de
1726 1341 1918 1418 benignitate
1948 1342 2108 1419 apostolica

558 1433 724 1495 certiorem
736 1432 859 1506 reddet,
874 1437 970 1509 utque
982 1428 1059 1491 nihil
1072 1429 1219 1491 adversus
1231 1430 1305 1491 baec
1360 1432 1571 1510 dignaremur.
1597 1433 1658 1496 Nos
1673 1435 1768 1513 igitur
1783 1435 1883 1513 ipsum
1898 1443 2108 1514 exponentem

560 1524 709 1600 vigesima
730 1523 859 1602 septima
875 1522 1002 1585 articula
1025 1521 1188 1602 disponere
1203 1521 1246 1584 eis
1262 1521 1304 1583 las
1360 1525 1542 1604 specialibus
1565 1527 1720 1592 favoribus
1731 1536 1763 1590 et
1776 1528 1881 1606 gratiis
1895 1529 2039 1608 prosequi
2054 1545 2107 1592 vo·

559 1619 609 1680 sit.
640 1618 744 1696 thue
765 1618 864 1696 quoad
886 1616 1008 1692 gratias,
1039 1615 1252 1692 exemptiones
1273 1623 1304 1675 et
1361 1617 1470 1694 lentes,
1494 1626 1524 1681 et
1545 1637 1560 1682 a
1581 1621 1742 1698 quibusvis
1763 1622 2106 1697 excommunicationis,

559 1711 719 1792 privilegia
741 1727 797 1790 pro
813 1709 959 1772 iratribus
980 1709 1052 1771 dicti
1068 1707 1186 1770 ordinis
1200 1707 1238 1769 de
1252 1707 1304 1768 ob·
1359 1713 1570 1789 suspensionis
1592 1721 1623 1774 et
1639 1715 1807 1789 interdicti,
1825 1714 1954 1792 aliisque
1968 1715 2105 1778 ecclesia·

558 1806 713 1868 servantia
729 1821 819 1882 supra
837 1811 938 1866 notata
956 1812 987 1864 et
1005 1817 1145 1866 concessa
1161 1800 1302 1874 luerunt,
1360 1807 1441 1868 sticis
1454 1808 1631 1882 sententiis,
1655 1809 1792 1871 censuris
1820 1817 1851 1870 et
1872 1809 1979 1886 poenis
2000 1825 2016 1869 a
2038 1809 2106 1871 iure

558 1915 594 1962 ea
615 1899 707 1962 etiam
724 1898 847 1961 valeant
863 1913 916 1976 pro
932 1895 1134 1959 missionariis
1154 1894 1305 1957 excalcea-
1361 1898 1410 1960 vel
1431 1900 1467 1961 ab
1488 1899 1615 1962 homino
1636 1901 1744 1980 quavis
1764 1903 1923 1964 occasione
1947 1902 1998 1964 vel
2019 1917 2106 1965 causa

558 1996 598 2057 tis
619 1997 656 2058 de
678 1992 872 2072 Propaganda
887 1992 960 2054 Fide
979 1991 1147 2065 indiarum,
1164 1991 1301 2070 quicum
1360 1990 1439 2066 latis,
1450 1993 1475 2054 si
1492 1993 1604 2071 quibus
1618 1993 1849 2072 quomodolibet
1864 1995 2028 2058 innodatus
2042 1995 2105 2056 exi·
2160 2009 2164 2016 ’

558 2087 667 2150 eodem
689 2087 872 2150 missionum
895 2085 1055 2162 religionis
1070 2093 1100 2147 et
1122 2091 1219 2147 status
1234 2099 1303 2162 pro·
1359 2085 1423 2157 stit,
1437 2087 1472 2149 ad
1485 2085 1629 2148 enectum
1641 2088 1851 2166 praesentium
1866 2094 1990 2150 tantum
2001 2103 2107 2150 conse·

559 2197 666 2259 gressu
689 2189 719 2243 et
741 2181 874 2243 utilitate
896 2181 928 2242 in
944 2179 1051 2240 eodem
1068 2178 1231 2256 apostolico
1247 2179 1303 2240 mi·
1359 2177 1520 2255 quendum
1542 2181 1653 2242 barum
1675 2181 1755 2242 serie
1776 2179 1982 2254 absolventes,
2005 2187 2035 2242 et
2057 2181 2108 2242 ab·

559 2276 688 2337 nisterio
716 2273 831 2336 multos
860 2272 1018 2336 exantlant
1049 2273 1183 2336 labores:
1212 2274 1302 2335 sicuti
1359 2270 1495 2334 solutum
1527 2272 1593 2335 lore
1621 2280 1800 2348 censentes,
1832 2274 2106 2352 supplicationibus

558 2370 673 2449 pariter
704 2368 812 2430 iisdem
847 2367 953 2446 gratiis
988 2375 1018 2428 et
1053 2366 1303 2445 exemptionibus
1359 2362 1534 2427 huiusmodi
1551 2365 1700 2439 inclinati,
1717 2367 1820 2428 omnia
1837 2372 1868 2428 et
1882 2365 2004 2443 singula
2020 2381 2108 2444 prae·

558 2471 687 2524 utentur
708 2459 894 2523 missionarii
909 2459 1072 2536 conscripti
1087 2461 1123 2524 ad
1143 2459 1303 2521 missiones
1358 2456 1473 2519 inserta
1495 2459 1624 2520 articula
1649 2476 1682 2521 ac
1705 2475 1918 2539 quaecumque
1941 2463 1971 2523 in
1995 2461 2037 2524 eis
2058 2461 2105 2524 in·

558 2555 799 2634 provinciarum,
825 2553 879 2615 bac
902 2561 1003 2614 tamen
1028 2559 1147 2614 tantum
1171 2554 1300 2628 ratione,
1358 2557 1448 2623 serta,
1459 2553 1641 2614 auctoritate
1655 2553 1829 2631 apostolica,
1840 2562 1949 2617 tenore
1963 2569 2104 2631 praesen-

557 2663 620 2710 non
642 2655 744 2710 autem
768 2647 865 2725 quoad
887 2646 1114 2720 alternativam,
1130 2653 1182 2708 aut
1197 2662 1302 2726 parae-
1358 2643 1437 2704 tium
1458 2645 1679 2708 confirmamus
1701 2653 1731 2708 et
1750 2647 1964 2725 approbamus,
1982 2647 2106 2726 illisque

556 2742 627 2815 cias,
644 2748 696 2802 aut
711 2740 863 2803 doctrinas
886 2739 1052 2800 visitationi
1068 2738 1300 2803 ordinariorum
1358 2737 1545 2799 inviolabilis
1557 2738 1739 2816 apostolicae
1754 2739 1910 2801 lirmitatis
1922 2737 2016 2801 robur
2032 2740 2106 2801 adii-

556 2834 809 2897 dioecesanorum
821 2834 982 2896 subiectas.
995 2833 1080 2909 Quod
1091 2835 1115 2894 si
1131 2825 1212 2896 intra
1227 2837 1300 2897 duo·
1357 2830 1465 2894 cimus.

556 2929 762 2991 decimannos
778 2927 941 3006 requisitos
953 2928 987 2990 ad
1000 2925 1182 2988 obtinendas
1195 2943 1300 2990 exem·
1396 2925 1486 3000 532.
1509 2927 1716 2991 Decernentes
1730 2929 1849 2992 easdem
1872 2937 2048 3007 praesentes
2070 2929 2104 2990 li·
2144 2943 2320 2990 clausulaeq-

555 3024 676 3100 ptiones
696 3030 727 3084 et
754 3021 914 3100 privilegia
944 3021 1186 3100 praedicatorum
1208 3036 1300 3096 gene·
1358 3025 1436 3080 teras
1451 3035 1572 3099 semper
1588 3023 1702 3096 firmas,
1720 3021 1831 3084 validas
1846 3030 1878 3084 et
1892 3021 2026 3085 efficaces
2041 3023 2105 3085 exi·
2124 2996 2181 3096 {²3¹1ss
2197 2999 2318 3097 ᾖξῑξῖξῗθ·

556 3116 681 3190 ralium,
704 3125 756 3178 aut
777 3115 932 3177 sexdecim
947 3129 1044 3176 annos
1060 3131 1115 3193 pro
1129 3113 1301 3193 privilegiis
1356 3119 1438 3174 stere
1455 3129 1488 3174 ac
1509 3113 1573 3176 lore
1595 3129 1728 3194 suosque
1744 3115 1896 3194 plenarios
1919 3123 1949 3177 et
1967 3116 2105 3194 integros

555 3209 768 3283 definitorum,
792 3216 843 3272 aut
866 3207 977 3282 viginti
1005 3224 1102 3271 annos
1129 3222 1183 3285 pro
1206 3207 1299 3286 privi·
1357 3207 1483 3270 ellectus
1503 3207 1610 3269 sortiri
1629 3215 1661 3268 et
1675 3208 1834 3284 obtinere;
1858 3216 1951 3289 atque
1970 3207 2044 3284 illis,
2066 3210 2104 3272 ad

555 3303 643 3379 legiis
674 3311 797 3380 patrum
827 3301 1021 3378 provinciae,
1051 3310 1086 3363 ut
1114 3301 1298 3380 praelertur,
1356 3316 1432 3378 quos
1454 3306 1570 3380 spectat
1591 3307 1622 3362 et
1645 3313 1700 3378 pro
1730 3309 1872 3380 tempore
1892 3301 2104 3380 quandocum-

555 3399 725 3476 respective
747 3397 931 3459 necessarios
945 3396 976 3457 hi
992 3397 1125 3474 aliquam
1148 3398 1300 3474 praelatu·
1356 3408 1414 3471 que
1425 3393 1585 3470 spectabit,
1599 3393 1633 3455 in
1646 3393 1792 3456 omnibns
1807 3401 1838 3456 et
1853 3410 1907 3474 per
1922 3395 2027 3458 omnia
2042 3396 2104 3473 ple·

555 3505 620 3551 ram
636 3489 673 3552 de
688 3489 799 3564 officio,
816 3505 894 3568 quae
908 3489 1086 3552 institutum
1110 3505 1237 3552 cursum
1253 3492 1298 3553 in·
1356 3486 1483 3548 nissime
1496 3485 1672 3564 suffragari:
1689 3488 1794 3566 sicque
1809 3487 1840 3550 in
1858 3490 2033 3566 praemissis
2050 3504 2105 3566 por

554 3584 687 3658 tercidit,
719 3583 876 3646 consecuti
904 3584 983 3660 sint;
1010 3591 1083 3646 tunc
1110 3590 1298 3649 transactum
1354 3579 2102 3658 quoscumqueiudiwwt'dissariffleldsslellaws·

554 3683 674 3755 tempus
696 3675 774 3737 nihil
796 3677 840 3738 eis
862 3674 1012 3755 proderit,
1025 3691 1097 3740 cum
1119 3677 1217 3739 dictae
1232 3693 1299 3754 gra·
1354 3672 1448 3734 etiam
1462 3687 1623 3734 causarum
1640 3671 1743 3751 palatii
1759 3675 1857 3736 nostri
1872 3674 2029 3752 apostolici
2050 3691 2101 3738 au-

552 3768 713 3832 duationes
735 3769 772 3830 iis
794 3777 916 3832 tantum
938 3769 1120 3845 debeantur,
1152 3771 1207 3849 qui
1231 3771 1298 3833 sine
1354 3764 1481 3840 ditores,
1504 3781 1538 3828 ac
1553 3765 1583 3830 S.
1596 3765 1631 3828 ll.
1645 3765 1679 3826 Ε.
1694 3766 1883 3841 cardinales,
1898 3767 1994 3830 etiam
2008 3766 2044 3829 de
2060 3768 2104 3830 la-

552 3861 614 3924 ulla
642 3863 868 3939 interruptione
898 3869 1076 3941 susceptum
1106 3865 1297 3927 curriculum
1356 3869 1420 3921 ῑθΐθ
1449 3859 1594 3936 Legatos,
1617 3867 1649 3923 θῑ
1678 3859 1807 3923 Sanciae
1838 3857 1923 3924 Sedis
1951 3859 2100 3935 Nllssssiffis

552 3957 671 4018 emensi
685 3966 769 4019 sunt.
788 3956 933 4035 Utporro
948 3957 1138 4020 haecomnia
1155 3958 1298 4034 religiose
1353 3952 1472 4014 sublata
1493 3952 1536 4014 eis
1557 3959 1590 4013 et
1609 3967 1719 4016 eorum
1742 3952 1868 4016 cuilibet
1888 3953 1997 4032 quavis
2011 3953 2102 4017 aliter

551 4057 730 4124 serventur,
753 4049 850 4111 sciant
877 4049 1081 4126 provinciales
1103 4058 1133 4111 et
1155 4051 1297 4112 delinito-
1354 4044 1508 4108 indicandi
1531 4052 1560 4106 et
1582 4046 1809 4124 interpretandi
1830 4045 1975 4110 laenitate
1989 4055 2020 4110 et
2031 4063 2102 4112 auc·

552 4157 601 4204 res
623 4142 666 4204 eis
681 4141 761 4204 baud
784 4140 876 4203 licere
890 4141 1108 4220 quoquomodo
1130 4145 1249 4206 variare
1264 4161 1296 4206 ac
1353 4138 1489 4213 toritate,
1512 4137 1638 4200 iudicari
1652 4145 1684 4200 et
1699 4138 1822 4201 deliniri
1844 4139 1968 4217 debere,
1985 4158 2019 4203 ac
2032 4142 2101 4204 irri-

552 4240 673 4297 mutare
694 4233 946 4309 assignationem,
969 4242 1095 4312 propter
1123 4251 1217 4314 quam
1239 4236 1296 4298 lra-
1354 4239 1467 4293 tumet
1484 4232 1626 4305 inanest
1648 4247 1735 4294 secus
1750 4247 1843 4311 super
1857 4232 1905 4294 bis
1917 4250 1931 4293 a
1944 4249 2100 4313 quoquam

553 4333 615 4388 tres
636 4325 802 4403 conscripti
818 4324 957 4401 luerunt,
971 4333 1023 4388 aut
1037 4335 1164 4406 propter
1179 4329 1295 4392 missio·
1352 4324 1461 4402 quavis
1482 4326 1674 4398 auctoritate,
1689 4325 1823 4387 scienter
1838 4325 1888 4388 vel
1907 4325 2098 4403 ignoranter,

552 4432 606 4478 nes
627 4417 755 4491 scilicet,
777 4427 829 4478 ant
851 4425 976 4496 propter
996 4418 1224 4483 alternativam.
1247 4423 1297 4485 ln·
1352 4415 1519 4492 contigerit
1532 4419 1688 4478 attentari.

550 4525 644 4586 super
664 4509 846 4585 declaratur,
871 4511 951 4588 qnod
977 4513 1179 4576 commissarii
1210 4530 1295 4591 prae·
1391 4507 1479 4582 533.
1496 4506 1566 4570 Non
1580 4509 1771 4573 obstantibus
1782 4512 2099 4576 constitutionibuset
2132 4529 2315 4586 nerogauocau·
2366 4559 2367 4570 ,

550 4604 620 4666 lecti
641 4605 824 4666 missionum
853 4604 1016 4667 ethorum
1044 4604 1222 4669 collectores
1245 4609 1295 4669 its.
1351 4599 1599 4663 ordinationibus
1617 4602 1801 4680 apostolicis,
1815 4620 1872 4667 nec
1898 4619 1960 4667 non
1982 4605 2100 4669 ordinis
2119 4583 2258 4628 ‘¹²'¹⁰¹¹¹¹¹¹·
2366 4577 2367 4627 ¹

549 4697 619 4760 dem
635 4715 668 4760 ac
688 4705 788 4776 patres
812 4699 989 4776 provinciae
1006 4700 1141 4774 gaudere
1162 4698 1295 4764 debeant
1351 4694 1498 4772 praedicti
1528 4692 1623 4756 etiam
1644 4695 1839 4772 iuramento,
1861 4698 2099 4763 confirmatione

549 4789 809 4869 exemptionibus,
826 4799 856 4853 et
872 4793 953 4870 quod
975 4791 1084 4854 electio
1105 4800 1136 4854 et
1153 4793 1295 4856 nomina·
1351 4785 1514 4865 apostolica
1526 4785 1575 4847 vel
1586 4788 1694 4864 quavis
1710 4789 1858 4852 firmitate
1876 4789 1934 4851 alia
1948 4791 2099 4854 roboratis

549 4883 592 4944 tio
619 4883 902 4945 commissariorum
924 4883 1149 4962 praefectorum
1176 4886 1295 4948 missio·
1349 4881 1485 4956 statutis,
1494 4887 1526 4942 et
1540 4881 1828 4959 consuetudinibus
1842 4883 2014 4961 privilegiis
2024 4902 2099 4965 quo·

549 4991 638 5051 num,
661 4976 713 5054 qui
735 4993 751 5037 a
774 4977 961 5055 provinciis,
983 4993 1048 5040 non
1070 4987 1175 5041 autem
1197 4996 1212 5040 a
1234 4979 1295 5042 col·
1350 4987 1422 5050 que,
1439 4973 1569 5037 indultis
1582 4980 1613 5034 et
1632 4975 1730 5038 literis
1745 4975 1917 5055 apostolicis
1932 4978 2098 5056 superiori·

549 5069 636 5146 legiis
650 5071 687 5132 de
703 5069 898 5148 Propaganda
919 5071 993 5134 niae
1013 5079 1242 5147 sustentantur,
1258 5073 1293 5134 ad
1350 5065 1406 5127 bus
1419 5071 1451 5128 et
1462 5067 1599 5143 personis
1610 5067 1669 5129 sub
1679 5067 1928 5148 quibuscumque
1938 5071 2099 5134 tenoribus

547 5164 794 5226 commissarium
815 5165 994 5240 generalem
1016 5166 1171 5229 indiarum
1193 5168 1293 5246 priva·
1349 5166 1380 5220 et
1394 5157 1514 5233 lormis,
1525 5175 1559 5220 ³⁰
1570 5175 1642 5222 cum
1657 5161 1817 5239 quibusvis
1831 5161 1924 5224 eliam
1939 5161 2099 5240 derogato·

548 5260 610 5321 tive
630 5265 747 5338 spectet
770 5267 837 5321 tum
859 5275 914 5337 pro
935 5259 1035 5337 primo
1055 5261 1205 5322 sexennio
1227 5267 1294 5324 tum
1349 5249 1467 5312 riarum
1484 5250 1698 5329 derogatoriis,
1721 5253 1850 5333 aliisque
1864 5254 2097 5332 efficacioribus,

547 5352 641 5413 etiam
663 5350 853 5430 prolatoris
885 5353 1056 5430 usquedum
1080 5352 1169 5414 aliter
1194 5353 1293 5430 dispo·
1349 5344 1564 5408 efficacissimis
1584 5363 1618 5408 ac
1639 5347 1770 5409 insolitis
1790 5348 1952 5426 clausulis,
1975 5351 2097 5414 irritan-

458 5445 462 5450 '
547 5445 686 5506 nendum
716 5445 772 5519 sit,
805 5461 844 5506 ex
873 5445 985 5523 qulbus
1014 5454 1118 5507 tamen
1149 5445 1228 5508 nibil
1260 5447 1292 5507 in
1348 5438 1494 5518 libusque
1514 5448 1545 5500 et
1562 5438 1628 5501 aliis
1650 5439 1780 5503 decretis
1802 5443 1834 5504 in
1857 5457 1973 5519 genere
1993 5443 2043 5506 vel
2062 5444 2096 5506 in

545 5539 595 5613 iis,
624 5553 703 5614 qnae
729 5537 763 5598 in
791 5538 927 5600 articulis
951 5537 1052 5614 primo
1079 5546 1111 5600 et
1139 5539 1292 5616 vigesimo
1348 5532 1461 5610 specie,
1477 5532 1592 5594 acaliis
1607 5533 1638 5594 in
1658 5534 1849 5597 contrarium
1864 5535 2096 5613 quomodolibet

545 5635 668 5710 quarto,
693 5630 746 5692 ubi
769 5631 807 5692 de
836 5629 1039 5693 electionibus
1068 5630 1293 5693 commissario-
1348 5627 1510 5701 concoesis,
1531 5625 1706 5704 approbatis
1731 5635 1762 5688 et
1787 5626 1953 5689 innovatis.
1981 5628 2096 5701 Quibus

544 5737 617 5786 rum
639 5720 864 5800 praefectorum
886 5723 1090 5799 collegiorum
1111 5722 1171 5786 luit
1195 5724 1293 5802 dispo·
1348 5718 1493 5780 omnibus
1515 5726 1546 5780 et
1563 5717 1696 5796 singulis
1718 5719 1845 5782 illorum
1867 5726 1990 5784 tenores
2011 5734 2098 5797 prae·

543 5815 659 5891 situm,
690 5815 874 5877 innovatum
901 5823 954 5877 ant
980 5823 1136 5878 mutatum
1164 5831 1292 5880 censen·
1348 5811 1487 5874 sentibus
1509 5827 1564 5889 pro
1579 5812 1670 5891 plene
1685 5820 1716 5874 et
1731 5813 1921 5876 sufficienter
1930 5815 2094 5894 expressis,

544 5909 620 5976 dum
641 5909 711 5972 erit.
1348 5921 1382 5967 ac
1401 5905 1440 5966 de
1460 5906 1555 5967 verbo
1576 5907 1613 5969 ad
1635 5907 1767 5970 verbum
1788 5907 1914 5970 insertis
1935 5908 2094 5986 babentes,
