4808 6988
79 548 123 602 Aa.
137 549 165 598 d.
187 547 253 597 1821

286 680 554 758 Christburgensi,
570 701 642 746 oum
663 686 726 747 suis
742 686 877 748 ecclesiis
893 693 955 746 tam
969 700 1035 745 suc-

285 774 460 837 causalibus
488 794 579 854 quam
605 779 783 840 filialibusa
812 778 942 840 dioecesi
965 777 1036 840 Cul-

285 868 389 928 mensi
411 867 635 946 disiungendis,
659 872 700 932 ita
724 880 757 933 ut
779 873 898 948 integra
917 871 1035 932 dioece-

283 959 328 1020 sis
351 969 475 1022 centum
500 965 712 1028 novemdecim
735 966 888 1042 paroecias
902 965 1035 1042 comple-

283 1060 400 1115 otetur.

69 1159 263 1228 ‚iurisdictionis
328 1149 416 1222 535.
443 1150 611 1213 Praedictas
640 1153 741 1230 itaque
770 1154 907 1214 civitates
935 1160 965 1213 et
988 1170 1034 1214 ec·

67 1225 264 1326 fflssiuopc‘ffgoss'l's'.
283 1240 393 1303 elesius
407 1245 676 1323 archiepiscopales
691 1255 721 1307 et
737 1247 931 1326 episcopales,
944 1247 1035 1308 item·

67 1323 133 1424 {¹}ssst
154 1331 263 1368 conces-
282 1349 349 1410 que
370 1339 522 1413 paroecias
550 1347 580 1400 et
609 1338 671 1401 loca
700 1341 877 1417 respectiris
899 1341 1033 1402 ecclesiis

283 1443 343 1504 pro
370 1431 498 1492 dioecesi
531 1433 694 1507 attributa,
725 1449 897 1512 eorumque
921 1435 1032 1496 incolas

282 1523 449 1602 utriusque
476 1541 568 1588 sexus
592 1535 652 1586 tarn
680 1527 806 1588 ciericos
827 1543 919 1602 quam
943 1527 1032 1588 laicos

281 1615 394 1678 iisdem
416 1618 551 1680 ecclesiis
573 1636 742 1697 eorumque
764 1619 954 1697 praesulibus
976 1634 1032 1697 pro

279 1711 347 1771 suis
364 1714 533 1789 respective
548 1713 683 1788 civitate,
703 1713 868 1789 territorio,
886 1712 1029 1788 dioecesi,

280 1805 367 1866 clero
390 1814 420 1867 et
440 1806 553 1885 populo
568 1816 717 1884 perpetuo
732 1808 935 1882 assignamur,
952 1815 982 1868 et
997 1807 1029 1868 in

279 1899 495 1976 spiritualibus
517 1902 696 1962 omnimode
710 1901 901 1972 summimus,
921 1903 956 1960 ad
973 1902 1030 1962 hoc

280 1999 317 2052 ut
341 1993 468 2055 cuilibet
488 1994 627 2055 hulistiti
651 1994 698 2056 vel
721 1995 781 2054 iam
804 2001 955 2072 promoto,
979 1995 1030 2056 vel

280 2083 313 2144 in
339 2084 482 2148 luturum
512 2088 674 2165 apostolica
704 2088 885 2148 auctoritaie
907 2103 1029 2164 promo-

280 2178 396 2254 vendo,
420 2179 508 2240 liccat
529 2197 583 2258 per
605 2197 638 2242 se
653 2182 701 2242 vel
717 2181 791 2242 alios
806 2197 912 2242 eorum
929 2183 1027 2242 norni-

279 2287 335 2347 ne,
352 2281 511 2350 postquam
537 2283 638 2336 taurea
653 2283 935 2352 supramemoratus
951 2277 1029 2336 lose·

279 2365 362 2440 phus
385 2366 550 2445 Episcopus
572 2367 772 2429 Warmicnsis
795 2377 971 2446 praesentes
995 2369 1027 2429 li-

252 2471 253 2476 *
280 2466 362 2518 teras
391 2460 509 2520 debitae
537 2463 740 2539 exequutioni
770 2463 972 2538 urattdaverit,
996 2469 1027 2524 et

278 2553 380 2628 quoad
413 2554 580 2615 nonnullas
612 2555 824 2632 dispositiones
856 2573 940 2618 nune
971 2573 1026 2635 pro

279 2652 357 2714 tuno
371 2661 386 2704 a
402 2646 489 2706 nohis
505 2645 595 2709 lactas
610 2665 679 2709 cunr
698 2658 818 2727 tempus
833 2665 888 2726 pro
902 2651 1026 2712 illarum

278 2740 491 2816 exequutione
513 2748 547 2803 ut
565 2758 657 2820 supra
672 2743 836 2804 delinitum
853 2744 1025 2819 advenerit,

278 2845 402 2907 veram,¹
413 2833 540 2910 realem,
552 2837 704 2898 actualem
719 2845 749 2899 et
760 2840 948 2918 corporalem
961 2856 1027 2916 pos·

276 2927 448 2990 sessionem
477 2929 650 3004 regiminis,
681 2931 968 3006 arlruiuistratiouis,
995 2943 1026 2995 et

277 3021 450 3082 omnimodi
473 3024 549 3084 iuris
570 3023 743 3085 dioecesani
764 3033 795 3085 et
817 3026 975 3100 ordinarii,
993 3027 1024 3088 in

279 3117 441 3190 praedictis
462 3117 635 3180 civitatibus
656 3135 689 3179 ac
711 3137 818 3182 earum
841 3123 975 3184 ecclesiis
995 3134 1025 3186 et

277 3206 479 3284 dioecesibus,
503 3226 560 3271 nec
581 3227 645 3272 non
669 3212 756 3272 bouis
777 3213 903 3292 aliisuue
925 3218 1025 3277 reddi-

276 3301 359 3363 tibus
381 3303 415 3363 ad
438 3305 575 3383 ipsarum
597 3307 784 3368 clotatiouem
807 3316 841 3369 ut
859 3308 937 3368 inlra
953 3310 1024 3371 assi-

275 3399 407 3470 gnandis
430 3398 538 3471 vigore
554 3401 712 3464 literarum
729 3404 962 3481 apostolicarum
978 3425 1023 3468 ca·

276 3497 405 3554 norticae
427 3495 633 3558 institutionis
662 3497 757 3560 libere
778 3504 1021 3578 apprehendere,

273 3587 1022 3674 apprehensamqueretinere3proptereauuesta-

275 3681 333 3740 tim
355 3699 387 3742 ac
409 3683 442 3742 iu
465 3682 535 3744 locis
558 3685 710 3761 perhanc
738 3698 873 3749 uestram
896 3691 1022 3768 disposi-

275 3775 394 3836 tionem
415 3775 547 3851 singuiis
562 3777 750 3840 dioecesibus
766 3797 850 3844 uunc
864 3786 1021 3847 attributis

273 3869 497 3944 possessionem
518 3872 720 3948 sumpserint,
739 3874 925 3954 illorumque
941 3881 1021 3956 rugi-

274 3977 347 4022 men
376 3969 445 4024 actu
473 3966 630 4026 consecuti
659 3965 787 4040 luerint,
819 3973 921 4033 omnis
942 3978 1020 4036 anti-

272 4071 409 4132 quorum
427 4058 483 4118 sub
498 4074 694 4136 quocumque
709 4061 952 4140 ordinariorum,
965 4085 1018 4130 seu

273 4147 461 4211 vicariorum
483 4151 533 4211 vol
555 4151 838 4217 administratorum
862 4159 952 4220 titulo
975 4163 1019 4223 iu-

271 4243 408 4305 risdictio
427 4261 545 4307 cessare
560 4246 693 4322 debebit,
710 4265 878 4328 omnesque
894 4253 1020 4317 laenita-

272 4345 318 4399 tes
339 4339 372 4399 in
395 4339 530 4416 partibus
552 4348 582 4401 el
606 4341 678 4403 locis
699 4343 736 4404 ah
757 4359 867 4406 eorum
898 4349 1018 4410 iurisdi-

270 4433 374 4494 ctione
395 4435 558 4496 subtractis
580 4436 696 4496 nullius
713 4450 808 4501 eruut
823 4441 954 4518 amplius
971 4461 1018 4504 ro-

271 4525 422 4586 borisvel
449 4530 607 4590 momenti.
649 4537 651 4542 '

77 4619 204 4686 xanuarpm
220 4625 252 4672 ue
310 4618 398 4693 536.
425 4619 486 4681 hos
508 4623 592 4682 euim
614 4627 649 4686 ad
672 4629 918 4702 respectivorum
934 4633 1016 4694 dioe-

65 4679 252 4777 ὃῖῗιᾝῗῖηᾱο
270 4728 452 4774 cesanorum
476 4715 601 4778 utilitati
624 4719 850 4782 consulendum
868 4728 1016 4800 praescri-

269 4806 372 4868 bimus
394 4817 425 4869 et
446 4808 651 4886 iniungimus,
674 4821 707 4874 ιιι
729 4816 831 4877 omnia
848 4827 877 4878 et
892 4819 1014 4894 singula

268 4903 453 4963 documenta
472 4904 665 4978 respicientia
680 4907 832 4983 ecclesias,
849 4911 1012 4987 dioeceses,

268 4995 422 5070 paroecias
443 5004 473 5054 et
498 4993 560 5055 loca
582 5005 720 5075 utsupra
735 4999 965 5079 dismembrata,
981 5025 1014 5067 ac

267 5089 306 5148 de
336 5102 417 5147 novo
448 5088 605 5164 applicata,
633 5107 648 5148 a
680 5094 836 5155 veteribus
866 5099 1013 5159 cancella-

266 5178 321 5237 riis
335 5178 466 5252 extrahi,
485 5188 516 5240 et
530 5181 716 5242 cancellariis
732 5183 930 5261 dioecesium,
946 5192 1013 5267 qui-

266 5269 323 5330 bus
353 5278 448 5332 eruut
478 5272 681 5350 incorporata,
713 5284 883 5354 opportuna
915 5281 1011 5344 lorma

267 5364 356 5439 tradi,
388 5372 480 5442 atque
509 5367 541 5426 in
570 5366 606 5427 iis
635 5378 783 5446 perpetuo
815 5370 945 5435 debeant
967 5393 1012 5438 as-

263 5459 393 5520 serrari.

65 5596 69 5604 ,
101 5550 247 5662 conservati?
306 5554 325 5628 g
345 5551 393 5614 37.
418 5552 560 5615 Vicissim
575 5561 677 5616 autem
694 5558 883 5619 venerabiles
899 5558 1010 5624 fratres

65 5605 248 5716 ἷξῖἶῗιῗιῐόθιὲἷῗιζζ
265 5647 406 5709 moderni
436 5665 470 5710 ao
496 5664 552 5726 pro
581 5657 719 5728 tempore
747 5652 915 5716 existentes
942 5655 1010 5716 Pra-

65 5715 247 5824 ffiffffifffigssssss
265 5742 367 5817 gensis
381 5749 420 5814 ¹et
450 5741 661 5804 Olomuceusis
692 5744 930 5824 hrcbiepiscopi,
953 5764 1009 5811 nec

265 5850 328 5895 uon
345 5835 484 5912 Episcopi
500 5835 813 5911 Regincrhadecensis
829 5849 859 5901 et
874 5840 1008 5905 Litome-

265 5926 390 5989 ricensis
405 5930 555 6004 eamdem,
571 5945 665 6007 quam
680 5947 763 5993 nuno
778 5943 935 6011 exercent,
948 5939 1008 6015 spi-

370 6073 420 6120 lar.
439 6075 507 6120 Pont.
524 6075 554 6121 dc
570 6077 642 6136 l'rop.
658 6077 721 6124 Fide
735 6081 816 6127 Partis
831 6083 848 6127 l.
865 6082 916 6128 Vol.
934 6085 971 6130 lv.

960 566 1031 611 etus
1053 565 1101 610 Pl'.
1126 565 1181 611 till.

1762 543 1819 608 adt
1870 541 2057 596 xn.c.1aa1

1093 683 1238 746 ritualem
1258 684 1501 746 iurisdictionem
1517 685 1548 745 in
1566 699 1664 760 reguo
1679 681 1839 744 Borussico

1093 777 1185 837 etiam
1208 778 1400 856 inposterum
1423 779 1661 840 conservabunt.

1131 871 1149 944 5
1171 869 1219 932 38.
1243 871 1363 934 Eiliales
1385 889 1459 933 vero
1480 879 1510 933 et
1536 870 1722 949 parochiales
1742 869 1838 932 ecole-
1857 877 2070 924 nistunctionon-
2137 922 2138 925 ,

1091 965 1159 1038 sias,
1176 981 1344 1044 earumque
1362 966 1527 1027 fractiones
1543 965 1575 1027 ιιι
1592 966 1646 1026 hac
1661 975 1764 1026 nostra
1779 964 1838 1025 dis·
1857 930 2071 1032 ffffliaffimssffilss

1091 1058 1241 1134 positione
1271 1075 1335 1120 non
1367 1059 1602 1138 comprehensas
1631 1067 1662 1119 et
1682 1063 1768 1118 extra
1789 1074 1837 1119 re·
1856 1041 2069 1148 {iegfflffissffi

1092 1167 1187 1226 guum
1212 1153 1370 1213 borussiae
1388 1153 1554 1213 existentes
1575 1169 1589 1211 a
1613 1151 1792 1212 matricibus
1807 1157 1837 1212 et

1091 1245 1312 1321 parochialibus
1334 1246 1366 1306 in
1389 1247 1497 1307 eodem
1526 1259 1621 1321 regno
1651 1244 1756 1322 positis
1777 1243 1836 1305 dis·

1090 1338 1265 1414 iungimus,
1298 1344 1328 1399 el
1358 1355 1374 1400 a
1404 1338 1642 1417 proximioribus
1674 1339 1836 1399 ordinariis

1089 1431 1155 1491 aliis
1178 1431 1354 1494 matricibus
1381 1441 1411 1494 et
1432 1431 1653 1509 parochialibus
1681 1431 1836 1495 ditionum

1090 1526 1199 1604 prailius
1215 1527 1248 1587 in
1263 1526 1481 1603 temporalibus
1496 1526 1664 1600 subiacent,
1681 1525 1834 1603 applican-

1089 1621 1138 1680 das
1160 1635 1224 1682 esse
1247 1624 1438 1694 mandamus,
1462 1637 1495 1681 ac
1517 1619 1650 1680 vicissim
1671 1619 1708 1680 de
1729 1633 1834 1695 paroe-

1088 1713 1140 1774 ciis
1162 1722 1192 1773 ct
1214 1714 1357 1775 filialibus
1380 1713 1514 1775 ecclesiis
1536 1731 1605 1775 curn
1629 1714 1692 1774 suis
1714 1713 1833 1775 fractio-

1089 1808 1178 1868 nibus
1209 1809 1289 1869 intra
1322 1809 1515 1868 Borussicum
1549 1823 1682 1882 regnum
1715 1807 1832 1884 positis,

1087 1919 1165 1980 quae
1186 1920 1201 1962 a
1225 1902 1401 1963 matricibus
1423 1908 1508 1962 extra
1523 1900 1605 1962 idem
1622 1917 1753 1976 ragnum
1770 1903 1832 1960 exi·

1085 1998 1238 2058 sterilibus
1259 1995 1408 2071 pendent,
1426 1996 1507 2056 idem
1524 1995 1751 2055 observandum
1766 2011 1831 2056 esse

1086 2089 1294 2161 decernimus,
1317 2095 1470 2150 reservata
1502 2088 1589 2148 nobis
1611 2094 1640 2148 et
1662 2087 1733 2149 huic
1753 2091 1832 2166 Apo-

1085 2184 1209 2245 stolicae
1240 2183 1309 2246 Scdi
1340 2199 1411 2244 cura
1441 2181 1477 2240 de
1498 2181 1649 2260 spirituali
1677 2181 1831 2256 regimine

1085 2278 1151 2340 aliis
1172 2277 1310 2356 partibus
1331 2285 1360 2337 et
1383 2275 1467 2350 locis,
1489 2276 1512 2337 si
1537 2292 1612 2354 opus
1634 2275 1738 2350 luerit,
1763 2292 1831 2354 prc-

1085 2373 1222 2432 videndi.

1124 2468 1142 2540 5
1163 2466 1213 2528 39.
1238 2466 1384 2542 inspectis
1398 2472 1502 2526 autem
1518 2466 1702 2527 dioecesium
1720 2468 1830 2528 Borus-
1863 2483 2009 2546 ,lucarano
2024 2485 2061 2530 m-

1083 2561 1136 2622 sici
1159 2561 1247 2636 regni
1274 2558 1488 2636 arritplitudine,
1512 2577 1545 2620 ac
1571 2576 1683 2636 calagne
1712 2562 1830 2623 dioece-
1849 2547 1915 2634 ἓξὲξ
1930 2541 2060 2648 ξιξῖῗξξξὲζ

1082 2671 1227 2716 sanorum
1250 2670 1392 2726 numero,
1415 2671 1487 2716 curn
1514 2654 1636 2716 dillicile
1662 2656 1829 2718 admodum
1849 2654 1964 2690 acorum.

1083 2759 1162 2810 esset
1183 2749 1425 2825 hrchiepiscopis
1447 2756 1478 2810 et
1499 2750 1655 2827 Episcopis
1669 2752 1829 2812 coulirma·

1085 2844 1176 2905 tiouis
1205 2854 1433 2906 sacramentum
1459 2845 1708 2908 clulstihdelibus
1734 2845 1829 2906 admi·

1083 2939 1225 3013 nistrare,
1248 2938 1368 3015 aliaque
1397 2939 1580 3016 pontilicalia
1610 2956 1738 3001 munera
1760 2941 1827 3002 siue

1081 3031 1207 3094 alterius
1232 3033 1367 3108 Episcopi
1383 3049 1474 3110 opera
1490 3043 1520 3093 et
1536 3033 1650 3094 auxilio
1666 3051 1826 3111 exercere;

1081 3128 1154 3189 hinc
1187 3143 1242 3188 nos
1273 3129 1491 3188 contii-mantes
1521 3127 1763 3202 suffraganeatus
1796 3131 1827 3192 in

1080 3219 1269 3281 dioecesibus
1289 3221 1379 3296 regni
1402 3221 1561 3283 Burussiae
1583 3223 1614 3282 ιιι
1630 3223 1741 3300 quihus
1756 3240 1827 3286 con·

1079 3314 1181 3376 stituti
1210 3315 1423 3391 reperiuntur,
1455 3331 1505 3375 eos
1533 3316 1566 3376 iu
1595 3316 1772 3379 Coloniensi
1794 3335 1827 3382 ac

1081 3409 1256 3470 Trevireusi
1276 3409 1463 3470 dioecesibus
1479 3409 1728 3488 redintegramus
1744 3422 1774 3475 el
1790 3418 1826 3476 dc

1081 3520 1162 3565 novo
1184 3505 1419 3564 constituimus:
1443 3511 1536 3583 atque
1560 3506 1674 3568 idcirco
1695 3509 1826 3585 cuilibet

1079 3600 1333 3677 hichiepiscopus
1354 3609 1384 3660 et
1407 3599 1572 3677 Episcopus
1594 3616 1650 3661 uos
1671 3609 1702 3664 et
1717 3605 1825 3666 horna-

1079 3713 1134 3757 nos
1167 3695 1329 3756 Plintihees
1364 3710 1555 3757 successores
1587 3709 1707 3760 nostros
1738 3701 1822 3763 iuxta
1885 3743 1888 3750 ι

1078 3788 1298 3868 praescriptum
1322 3803 1440 3850 morem
1457 3790 1649 3866 supplicabit,
1667 3801 1700 3854 ut
1714 3794 1824 3872 aliquis

1078 3885 1298 3946 ecclesiasticus
1321 3885 1368 3945 ιιι
1389 3885 1571 3962 opportunis
1601 3888 1755 3962 praeditus
1778 3906 1824 3950 rc-

1077 3979 1197 4056 quisilis
1218 3981 1252 4040 ad
1275 3979 1459 4054 sulhaganei
1493 3995 1608 4042 munus
1631 3982 1820 4058 designetur,

1076 4091 1109 4132 ac
1131 4073 1254 4151 praeuio
1276 4073 1424 4134 canonico
1455 4087 1609 4148 processu,
1632 4077 1822 4154 servatisque

1076 4167 1231 4227 censeretis
1259 4165 1368 4227 formis
1389 4166 1427 4228 de
1447 4167 1622 4246 episcopatu
1651 4169 1765 4232 titulari
1788 4171 1820 4232 in

1076 4260 1212 4338 partibus
1233 4261 1406 4322 infidelium
1429 4277 1499 4322 cum
1515 4269 1652 4324 assuetae
1667 4280 1822 4340 congruae

1074 4355 1286 4430 adsignatione
1307 4355 1515 4432 provideatur.

1113 4449 1131 4522 ἓ
1153 4449 1200 4511 td.
1215 4449 1365 4522 licaoniam
1382 4465 1454 4510 vcro
1471 4451 1657 4526 praeclaram
1672 4454 1820 4532 antiquis·
1855 4461 2000 4526 ‘privilegia
2017 4466 2050 4510 οἱ·

1073 4541 1181 4601 simam
1205 4542 1420 4603 Colottienscm
1448 4544 1552 4604 sedem
1580 4545 1819 4626 archiepiscopa—
1838 4516 2050 4618 Ϊιὲῗξξῗὲιῗὲῖῗξὲ
2103 4621 2105 4630 ,

1073 4637 1134 4696 lem
1157 4637 1302 4698 duximus
1325 4637 1710 4719 redintegrandampotius
1725 4660 1817 4721 quam

1073 4729 1273 4806 episcopalem
1294 4733 1398 4790 sedem
1430 4733 1712 4809 hquisgranensem
1735 4737 1818 4798 illius

1071 4825 1296 4900 quodammodo
1311 4824 1375 4884 loco
1391 4825 1503 4900 viginti
1520 4829 1679 4891 dumtaxat
1693 4831 1730 4892 ah
1746 4833 1818 4896 hinc

1071 4917 1159 4977 aunis
1181 4925 1314 4978 erectam
1336 4933 1536 4996 conset·vare;
1560 4921 1693 5000 aliquam
1713 4934 1815 4990 tamen

1070 5010 1202 5072 civitatis
1231 5011 1489 5089 Aquisgranensis
1519 5017 1673 5078 rationem
1703 5021 1816 5082 haben-

1069 5103 1138 5164 dam
1160 5121 1225 5165 esse
1247 5107 1469 5181 existimantes,
1493 5109 1614 5184 cognita
1631 5113 1722 5173 etiam
1739 5114 1769 5174 in
1786 5116 1814 5176 id

1070 5212 1216 5275 propensa
1236 5199 1425 5260 serenissimi
1440 5201 1589 5264 Berussici
1608 5205 1688 5280 regis
1706 5207 1815 5268 voluu-

1068 5298 1140 5364 tate,
1164 5293 1359 5354 decernimus
1381 5311 1414 5354 ac
1427 5295 1604 5370 statuimus,
1622 5301 1702 5374 quod
1719 5301 1815 5362 eccle-

1066 5384 1108 5442 sia
1129 5385 1187 5446 sub
1202 5385 1293 5446 titulo
1308 5386 1416 5447 Beatae
1430 5387 1540 5449 llariae
1560 5389 1709 5467 Virginis,
1725 5403 1813 5456 antea

1066 5476 1258 5552 cathedralis,
1272 5478 1304 5538 in
1321 5479 1511 5555 collegiatam
1526 5481 1721 5560 immutetur,
1735 5487 1814 5548 eius-

1066 5584 1126 5644 que
1148 5569 1306 5646 collegiale
1328 5572 1498 5648 capitulum
1520 5583 1640 5636 constet
1663 5594 1701 5637 cx
1725 5580 1813 5642 unica

1068 5667 1188 5722 tantum
1211 5663 1374 5741 praepositi
1396 5665 1546 5740 dignitate
1567 5676 1598 5727 et
1619 5685 1674 5730 sex
1690 5673 1814 5734 cartoni-

1065 5754 1191 5832 catihuS,
1215 5756 1301 5818 cuius
1330 5764 1360 5818 et
1382 5775 1517 5836 quorum
1548 5760 1669 5822 collatio
1690 5779 1813 5840 semper

1063 5849 1161 5925 quoad
1192 5851 1435 5928 praeposituram
1467 5853 1657 5930 Apostolicae
1686 5853 1757 5918 Sedi
1782 5869 1813 5920 et

1063 5943 1161 6018 quoad
1182 5945 1377 6006 canonicatus
1399 5945 1498 6008 eidem
1526 5946 1597 6009 Sedi
1622 5951 1811 6028 Apostolicae

1680 6101 1705 6141 76
