4722 6976
939 589 1009 634 etus
1031 589 1081 634 ΡΡ.
1105 587 1161 634 Vll.

272 706 526 768 honorificentiae
546 707 673 784 signum
694 722 750 786 pro
765 707 892 770 sublimi
908 722 1018 768 eorum

270 799 431 876 dignitate,
454 809 644 863 nouantem
667 799 816 862 maiorem
834 800 1019 863 iurisdictio-

271 908 355 967 nem,
379 908 435 955 nec
466 892 567 955 ullum
598 894 696 954 maius
724 893 771 957 ius
791 893 964 972 acquirant,
988 899 1018 954 et

270 999 333 1046 non
355 983 428 1046 alias
449 985 550 1059 aliter,
573 1003 630 1049 nec
656 985 716 1046 alio
739 987 830 1048 modo
856 985 1018 1064 apostolica

268 1080 450 1140 auctoritate
472 1087 579 1142 tenore
595 1081 805 1157 praesentium
820 1077 1018 1142 concedimus

269 1178 301 1233 et
321 1171 533 1248 indulgemus,
555 1189 588 1234 ac
610 1172 766 1234 licentiam
789 1178 820 1233 et
841 1171 1018 1234 facultatem

269 1266 401 1342 desuper
421 1264 630 1344 impertimur.
648 1267 760 1344 Atque,
778 1271 811 1327 ιι
825 1265 1017 1343 praeclarum

270 1357 327 1419 boc
347 1365 378 1418 et
400 1359 619 1435 praecaeteris
641 1358 865 1436 amplissimum
895 1358 1017 1434 insigne

271 1449 361 1511 tilulo
391 1450 482 1512 etiam
513 1451 674 1512 illustriori
706 1453 884 1528 decoretur,
917 1453 1017 1513 eidem

269 1543 428 1604 Francisco
441 1543 588 1621 Episcopo
598 1542 789 1606 Varsavieusi
805 1546 934 1624 eiusque
951 1562 1017 1608 suc-

269 1635 438 1698 cessoribus
459 1636 600 1715 praefatis
623 1639 748 1700 tilulum
766 1638 909 1701 Primatis
927 1639 1016 1715 regni

269 1731 412 1792 Polonlae
431 1730 539 1792 eadem
558 1731 721 1808 apostolica
743 1731 925 1794 auctoritate
946 1746 1017 1793 con·

268 1825 404 1888 cedimus
417 1833 447 1887 el
463 1825 673 1902 impertimur,
686 1831 775 1902 atque
791 1833 824 1886 ut
836 1841 872 1887 eo
887 1825 1016 1888 nomine

255 1936 333 1981 vsese
360 1919 530 1982 inscribant
551 1924 836 1997 nuncupenturque
857 1919 889 1980 iu
916 1918 1039 2004 publi·

267 2013 310 2074 cis
331 2021 362 2074 et
383 2012 511 2090 privatis
535 2012 645 2074 tabulis
668 2012 945 2090 monumentisque
965 2013 1015 2073 de·

267 2105 425 2167 cernimus
446 2113 477 2167 et
500 2107 693 2180 mandamus,
715 2105 771 2166 bac
794 2112 897 2166 tamen
913 2105 1016 2166 condi-

269 2201 364 2274 tione,
388 2209 423 2261 ιι
445 2198 563 2260 nullam
584 2216 622 2261 ex
644 2201 717 2264 inde
743 2200 872 2261 omniuo
894 2199 1014 2261 iurisdi-

267 2294 415 2368 ctionem,
431 2294 556 2355 nullum
579 2293 626 2353 ius
648 2291 830 2370 nullamque
852 2293 1015 2355 auctorita·

267 2395 330 2449 tem
352 2386 411 2448 sibi
432 2385 573 2448 collatam
591 2385 784 2447 arbitrentur
798 2391 920 2462 praeter
935 2401 1014 2461 eam,

267 2495 360 2558 quam
383 2495 421 2541 ex
441 2478 689 2557 archiepiscopali
709 2477 806 2554 gradu
821 2487 852 2541 el
865 2479 1016 2555 dignitate

267 2573 303 2634 ad
323 2588 481 2635 sacrorum
510 2588 664 2634 canonum
693 2587 836 2633 normam
865 2572 949 2634 iuxta
971 2573 1016 2632 vi·

268 2673 395 2742 gentem
426 2672 457 2727 et
486 2667 684 2743 approbatam
710 2664 861 2728 Ecclesiae
883 2664 1015 2744 discipli-

267 2774 340 2820 nam
360 2768 579 2838 assequuntur.

55 2853 170 2902 clausula
189 2854 250 2900 ¹1¹¹>
307 2852 376 2930 53.
401 2853 609 2914 Decernenles
636 2862 811 2929 praesentes
838 2852 942 2914 literas
965 2854 1016 2914 fn·-

47 2911 100 2963 lata,
114 2913 138 2954 et
157 2908 249 2954 decre-
420 2946 425 2957 .
511 2949 516 2960 .
770 2947 775 2956 .

46 2969 92 3008 rum
108 2962 219 3008 fralaus.
268 2963 343 3021 mas,
367 2947 480 3008 validas
501 2953 532 3006 et
562 2945 698 3007 efficaces
729 2955 862 3008 existere
884 2965 916 3008 ac
937 2946 1014 3022 fore,

265 3055 399 3118 suosque
421 3039 573 3118 plenarios
594 3045 625 3100 et
648 3040 784 3115 integros
806 3039 931 3102 effectus
952 3057 1017 3102 sor-

268 3134 318 3196 tiri
340 3143 370 3196 et
392 3133 545 3207 obtinere,
567 3131 717 3209 dictisque
735 3133 970 3211 llrcbiepiscopo
984 3143 1015 3196 et

265 3227 492 3289 successoribus
511 3227 542 3286 in
558 3226 750 3288 omnibuset
765 3228 936 3302 peremnia
953 3227 1015 3304 ple·

266 3322 394 3382 nisslme
415 3319 587 3396 suflragari,
610 3337 643 3381 ac
665 3321 790 3383 irritum
812 3325 844 3381 et
864 3321 969 3395 illane,
989 3323 1014 3384 si

264 3430 351 3476 secus
372 3430 466 3493 super
494 3414 539 3473 bis
560 3429 575 3472 a
597 3429 755 3492 quoquam
783 3415 891 3491 quavis
912 3425 1014 3476 aucto-

266 3508 356 3568 ritate
390 3505 525 3568 scienter
557 3505 607 3567 vel
638 3507 817 3582 ignoranter
848 3507 1014 3584 contigerit

263 3600 421 3662 attentari.

304 3695 322 3768 5
344 3693 373 3754 ι.
397 3692 466 3754 Νοι
481 3693 687 3768 obstantibus,
703 3699 856 3770 quatenus
871 3710 947 3772 opus
961 3695 1012 3769 sit,

265 3785 361 3846 felicis
394 3783 614 3846 recordationis
649 3783 806 3846 Benedicti
842 3784 897 3845 ΡΡ.
932 3786 1010 3848 xlv.

264 3876 501 3954 praedecessoris
523 3876 620 3937 nostri
640 3892 735 3954 super
753 3875 903 3938 divisione
918 3886 1014 3938 ritate·

265 3971 395 4043 riarum,
427 3970 555 4046 aliisque
582 3969 858 4030 constitutionibus
880 3977 911 4030 et
932 3971 1013 4033 ordl-

265 4065 442 4126 nationibus
456 4061 640 4138 apostolicis,
652 4062 842 4140 caeterisque
854 4064 947 4124 eliam
964 4081 1013 4142 pe·

264 4157 370 4220 culiari
391 4162 422 4216 et
444 4171 584 4233 expressa
600 4157 760 4217 mentione
777 4155 877 4232 dignis
892 4165 1012 4218 contra-

264 4250 317 4312 riis
338 4249 597 4328 quibuscumque.

304 4343 417 4404 Batum
445 4342 571 4416 Romae,
598 4343 678 4419 apud
709 4341 740 4404 S.
768 4343 894 4405 blariam
922 4346 1012 4408 llaio-

265 4453 343 4511 rem,
360 4437 420 4497 sub
433 4435 550 4496 annulo
565 4436 736 4510 piscatoris,
753 4435 802 4498 dle
818 4454 859 4498 vr.
877 4439 1012 4502 octobris

265 4546 465 4595 nucccxvru.
489 4530 685 4607 pontificatus
707 4532 806 4592 nostrl
834 4547 917 4594 anno
942 4549 1008 4594 ιιι.

55 3701 247 3764 berogaliocon·

45 3759 179 3801 frenorum.

575 4772 699 4835 LXXX.

262 4909 406 4986 Ampliat
427 4907 620 4986 fucultatem
644 4909 851 4986 dispensandi
866 4929 905 4973 ecc
921 4929 1012 4988 ptoc-

302 5002 422 5079 scripto
444 5002 624 5064 novitiatus
647 5009 783 5078 tempore
804 5020 861 5080 pro
884 5008 1011 5085 catafra-

303 5093 409 5158 tribus
443 5095 474 5156 S.
505 5092 631 5156 Murice
663 5095 804 5174 Virginis
837 5097 872 5157 dc
904 5099 1009 5161 Monte

303 5186 447 5254 darancio
469 5188 504 5249 itt
526 5187 660 5249 ciuitate
677 5189 838 5252 Flurrtt'rtt's
858 5193 1010 5256 latrunculi

301 5289 433 5344 evectae.

507 5452 594 5521 etos
617 5452 677 5521 ΡΡ.
703 5451 761 5520 llll.

405 5575 443 5644 ad
464 5575 597 5643 loturam
621 5577 664 5643 rel
688 5579 868 5645 memorien.

48 5753 171 5852 XX⁰³¹⁰⁰
188 5769 241 5817 orv-
300 5753 319 5827 5
342 5751 370 5812 l.
394 5751 515 5831 Exponi
532 5752 619 5813 nobis
636 5769 736 5830 nuper
751 5752 892 5816 fecerunt
907 5754 1009 5818 dilecti

263 5845 315 5908 filii
338 5845 479 5908 moderni
503 5847 586 5924 prior·
607 5852 637 5907 et
659 5847 829 5909 confratres
843 5847 1009 5912 confrater·

262 5939 365 6001 uitatis
389 5939 470 6000 tertii
486 5938 602 6001 ordinis
618 5947 811 6018 nuncupatae
827 5940 931 6003 beatae
947 5943 1008 6004 Μι-

367 6086 420 6132 lttr.
438 6087 507 6133 dent.
523 6085 554 6133 de
570 6087 644 6146 l’rop.
660 6086 723 6135 Fide
737 6088 820 6135 Partis
834 6090 852 6135 l.
869 6086 922 6134 llol.
939 6091 977 6134 lv.

1744 565 1804 631 569
1853 567 1907 622 Aa.
1921 570 1952 622 0.
1973 569 2042 660 Ῑὸιθ

1075 705 1136 768 riae
1157 707 1294 796 Virginis
1316 709 1353 770 de
1374 707 1478 770 lloute
1498 706 1641 770 Carmelo
1662 704 1821 780 canonice,

1074 807 1108 861 ut
1129 801 1288 875 asseritur,
1310 810 1430 863 erectae
1452 801 1484 862 in
1513 801 1638 862 civitate
1668 798 1823 861 Fluminis

1076 892 1217 966 ianuarii,
1234 891 1315 970 quod
1338 894 1455 956 dudum
1477 893 1533 956 sibi
1548 893 1607 956 sub
1622 891 1714 954 certis
1730 892 1822 952 modo

1073 990 1104 1045 et
1125 984 1223 1046 ferma
1247 992 1321 1047 tunc
1352 988 1504 1065 expressis
1526 1002 1580 1064 per
1608 986 1680 1046 alias
1702 991 1822 1046 nostras

1073 1075 1106 1137 in
1127 1077 1223 1138 simili
1245 1078 1344 1140 forma
1365 1079 1469 1141 brevis
1490 1079 1539 1140 die
1560 1094 1617 1139 ιιι.
1636 1077 1823 1155 septembris

1073 1169 1146 1230 anni
1177 1171 1345 1248 superioris
1377 1171 1532 1251 expeditas
1563 1172 1669 1233 literas
1705 1170 1822 1232 tributa

1073 1260 1131 1325 fuit
1153 1262 1279 1325 facultas
1310 1264 1504 1342 dispensandi
1535 1281 1634 1344 usque
1656 1265 1692 1326 ad
1714 1265 1820 1326 decern

1073 1370 1196 1416 menses
1218 1371 1256 1417 ex
1280 1357 1467 1435 praescripto
1499 1357 1666 1419 novitiatus
1692 1355 1820 1416 annuali

1075 1455 1225 1524 tempore,
1249 1458 1339 1526 prout
1361 1466 1398 1512 ex
1421 1451 1532 1514 iisdem
1562 1451 1677 1513 nostris
1708 1448 1820 1522 literis,

1072 1557 1205 1617 quarum
1229 1549 1371 1604 tenorem
1388 1544 1600 1622 praesentibus
1615 1559 1670 1621 pro
1687 1541 1777 1619 plene
1791 1548 1821 1603 et

1071 1634 1262 1697 sufficienter
1290 1638 1441 1714 expressis
1462 1655 1495 1700 ac
1516 1637 1554 1698 de
1575 1637 1673 1698 verbo
1693 1635 1729 1697 ad
1752 1650 1820 1695 ver·

1074 1727 1149 1789 bum
1170 1728 1297 1791 insertis
1317 1731 1425 1792 baberi
1448 1731 1604 1828 volumus
1627 1729 1727 1792 fusius
1748 1743 1820 1789 con·

1072 1823 1200 1886 tinetur.
1224 1826 1377 1899 Quoniam
1407 1833 1524 1900 autem,
1557 1825 1636 1887 sicut
1658 1824 1690 1885 in
1712 1824 1819 1886 eadem

1071 1917 1262 1996 expositione
1283 1920 1423 1982 additum
1444 1928 1521 1994 erat,
1546 1935 1599 1996 pro
1622 1917 1753 1979 meliore
1775 1917 1821 1976 in·
1860 1995 1863 2002 Δ

1072 2010 1236 2073 firmorum
1259 2012 1291 2073 in
1314 2028 1422 2074 eorum
1452 2011 1628 2074 nosocomio
1650 2011 1819 2072 iacentium

1071 2120 1143 2164 cura
1165 2105 1346 2182 copiosiores
1368 2107 1584 2184 eleemosynae
1598 2106 1818 2182 requiruntur,

1071 2214 1145 2273 aquas
1165 2197 1292 2260 aliunde
1313 2199 1428 2262 babere
1449 2206 1622 2278 nequeunt,
1639 2197 1698 2260 nisi
1714 2213 1752 2258 ex
1767 2214 1821 2258 au·

1070 2302 1118 2354 cto
1140 2294 1331 2355 confratrum
1364 2311 1508 2368 numero,
1538 2309 1640 2371 neque
1668 2307 1819 2354 numerus

1072 2389 1178 2462 augeri
1206 2388 1369 2451 commode
1398 2393 1508 2466 potest,
1532 2387 1591 2448 nisi
1614 2384 1709 2463 aliqui
1731 2383 1819 2462 probi

1070 2484 1198 2560 quidem
1220 2490 1249 2544 et
1273 2483 1327 2559 ipsi
1351 2483 1409 2543 viri
1431 2499 1465 2542 ac
1485 2481 1538 2560 pii,
1554 2479 1605 2540 sed
1629 2479 1756 2540 assiduis
1771 2494 1821 2540 oc·

1070 2577 1286 2652 cupalionibus
1306 2577 1444 2649 distenti,
1461 2576 1498 2637 ab
1514 2576 1635 2650 integro
1651 2572 1819 2634 novitiatus

1072 2670 1463 2749 le1nporedispensentur3
1481 2668 1570 2730 nobis
1585 2675 1746 2746 propterea
1762 2665 1819 2726 bu·

1071 2764 1188 2826 militer
1209 2763 1374 2842 supplicari
1395 2764 1549 2837 fecerunt,
1568 2771 1601 2824 ut
1623 2762 1654 2823 in
1670 2760 1818 2837 praemis-

1070 2858 1110 2920 sis
1131 2867 1305 2936 opportune
1323 2857 1499 2934 providere,
1516 2866 1546 2918 et
1569 2862 1604 2915 ut
1623 2856 1702 2918 infra
1718 2853 1818 2916 indul-

1072 2969 1143 3028 gere
1165 2953 1202 3012 de
1218 2952 1409 3028 benignitate
1424 2951 1587 3029 apostolica
1602 2952 1814 3026 dignarentur.

1111 3048 1129 3120 5
1149 3046 1180 3108 2.
1204 3045 1265 3107 Nos
1287 3047 1383 3122 igitur
1404 3047 1482 3123 ipsos
1498 3053 1689 3123 exponentes
1705 3045 1818 3122 specia—
1851 3059 1938 3120 Ιιιιοι
1951 3066 2050 3104 mneos

1072 3141 1151 3202 libus
1167 3140 1272 3214 gratiis
1288 3145 1319 3200 et
1334 3138 1490 3199 favoribus
1505 3137 1649 3216 prosequi
1664 3137 1815 3210 volenteS,
1836 3119 1925 3156 ⁸¹⁰⁰¹⁵'

1070 3244 1101 3298 et
1126 3235 1300 3310 singulares
1328 3244 1476 3310 person·
1500 3230 1613 3309 quibus
1641 3238 1818 3309 praesentes

1071 3339 1193 3392 nostrae
1222 3327 1327 3389 literae
1354 3326 1494 3388 favente
1517 3324 1675 3403 quibusvis
1697 3339 1818 3385 excom·

1071 3422 1288 3485 municationis
1314 3429 1345 3482 et
1373 3421 1545 3495 interdicti,
1571 3420 1701 3498 allisque
1722 3417 1818 3480 eccle-

1068 3518 1195 3580 siasticis
1217 3517 1367 3590 censuris,
1384 3514 1550 3577 sententiis
1567 3522 1598 3574 el
1620 3516 1817 3592 poenisque

1069 3613 1115 3673 vis
1138 3613 1229 3672 modo
1251 3616 1282 3671 el
1303 3623 1500 3688 quacumque
1524 3609 1561 3670 de
1585 3625 1673 3670 causa
1691 3608 1770 3682 laliS,
1792 3609 1817 3670 si

1069 3723 1143 3783 (quas
1154 3705 1233 3765 forte
1243 3703 1445 3776 incurrerint,
1455 3702 1547 3763 buius
1560 3709 1680 3764 tantum
1694 3704 1736 3764 rei
1749 3718 1817 3778 gra·

1070 3801 1109 3860 ιιι
1131 3797 1325 3858 absolventes
1347 3802 1377 3857 et
1394 3794 1547 3856 absolutas
1563 3794 1627 3856 fore
1642 3803 1815 3872 censentes,

1069 3891 1247 3954 huiusmodi
1265 3888 1540 3967 supplicationibus
1557 3888 1706 3964 inclinati,
1724 3889 1817 3952 facul-

1069 3993 1164 4047 tatem
1195 3983 1380 4061 praedictam
1409 3980 1606 4058 dispensandi
1633 3982 1739 4044 decem
1763 3999 1817 4045 no·

1068 4080 1193 4141 vitiatus
1216 4093 1338 4138 menses
1360 4077 1448 4137 dictis
1470 4076 1700 4151 exponentibus
1718 4077 1817 4139 tribu-

1070 4183 1131 4234 ιιιι
1153 4173 1188 4232 ιιι
1212 4171 1371 4245 integrum
1400 4184 1523 4245 quoquo
1544 4183 1664 4229 annum
1686 4171 1818 4231 auctori-

1068 4273 1128 4327 tate
1150 4263 1312 4342 apostolica
1339 4271 1447 4323 tenore
1474 4262 1685 4338 praesentiunt
1708 4270 1816 4325 exten-

1067 4361 1170 4422 dimus
1198 4367 1228 4419 ιι
1257 4355 1454 4432 ampliamus,
1487 4363 1606 4415 servata
1635 4355 1664 4415 in
1688 4354 1817 4434 reliquis

1067 4454 1219 4514 dictarum
1252 4456 1429 4511 nostrarum
1461 4448 1625 4511 literarum
1657 4451 1754 4512 forma
1785 4459 1816 4514 et

1067 4544 1277 4621 dispositione.

1106 4639 1124 4712 5
1145 4639 1173 4700 3.
1198 4637 1267 4699 Non
1290 4637 1483 4698 obstantibus
1503 4637 1648 4699 omnibus
1663 4645 1695 4700 et
1709 4638 1816 4714 singu·
1835 4639 1981 4742 &XXXX
1990 4651 2048 4687 0⁰1¹·

1066 4733 1102 4794 lis
1125 4732 1196 4807 illis,
1220 4747 1298 4808 quae
1320 4731 1352 4792 ιι
1375 4731 1482 4792 iisdem
1502 4730 1600 4792 literis
1616 4749 1678 4794 non
1696 4733 1816 4795 obstare
1975 4728 1980 4738 '

1066 4825 1237 4898 voluimus,
1264 4823 1451 4901 caeterisque
1475 4823 1506 4884 in
1532 4828 1725 4886 contrarium
1748 4827 1817 4904 qui-

1067 4921 1269 4995 buscumque.
1294 4917 1448 4980 Volumus
1479 4929 1597 4992 autem,
1624 4928 1657 4981 ut
1688 4920 1814 4995 singull,

1065 5013 1119 5092 qui
1140 5013 1183 5074 sic
1205 5011 1323 5073 fuerint
1345 5012 1523 5087 dispensati,
1545 5013 1575 5072 in
1597 5023 1667 5075 actu
1688 5030 1761 5074 suae
1783 5014 1815 5074 in

1065 5106 1234 5168 confratres
1261 5105 1485 5182 acceptationis,
1509 5106 1540 5165 in
1570 5105 1691 5183 scriptis
1719 5106 1816 5168 decla·

1064 5199 1280 5273 r·u11t,seboc
1305 5198 1470 5275 apostolico
1501 5197 1623 5259 indulto
1646 5199 1690 5259 uti
1722 5197 1816 5274 velle,

1064 5309 1151 5354 secus
1183 5307 1292 5352 eorum
1324 5292 1489 5368 acceptatio
1522 5290 1605 5353 nulla
1637 5291 1693 5351 sit:
1725 5299 1817 5369 atque

1065 5387 1158 5447 etiam
1180 5383 1350 5447 confratres
1371 5384 1451 5461 ipsos
1473 5387 1609 5446 monitos
1633 5386 1663 5446 in
1683 5384 1816 5446 Domino

1064 5495 1129 5540 esse
1151 5478 1308 5551 volumus,
1327 5492 1367 5538 ne
1388 5477 1457 5555 plus
1479 5478 1673 5556 aequauisse
1690 5477 1816 5540 faculta-

1064 5573 1146 5634 tibus
1168 5578 1308 5645 utantur,
1332 5586 1371 5632 ne
1399 5569 1688 5632 confraternitatem
1718 5572 1815 5650 ipsam

1065 5666 1095 5727 in
1118 5663 1327 5726 dissolutionis
1350 5663 1523 5742 periculum
1546 5665 1707 5726 adducant.

1104 5759 1215 5820 Datum
1230 5757 1355 5832 Romae,
1368 5759 1446 5836 apud
1464 5757 1494 5820 S.
1511 5757 1638 5818 Mariam
1654 5757 1812 5834 Maiorem,

1063 5852 1119 5912 sub
1139 5850 1255 5912 annulo
1272 5850 1443 5923 Piscatoris,
1462 5849 1511 5910 die
1526 5865 1616 5911 xxxv.
1634 5850 1816 5913 novembris

1064 5959 1279 6018 dccccxxxix,
1302 5943 1500 6021 pontificatus
1523 5943 1622 6006 nostrl
1639 5959 1687 6004 an.
1704 5959 1771 6006 ιιι.

1682 6091 1709 6135 'tt
