4754 6966
351 561 537 633 1111111
591 561 647 640 tae

341 725 552 828 possfflssfffflssf.
593 715 628 822 Ιἓ
650 715 678 774 ll.
703 711 764 775 Nos
787 711 884 790 igilur
905 711 961 792 piis
983 714 1120 776 eiusdem
1141 711 1243 776 Karoli
1266 726 1313 771 re·

340 839 437 882 saonem
460 835 551 882 auaui-
571 825 615 886 gas
637 810 716 870 votis
731 824 880 883 annuere,
897 809 1061 887 ipsumque
1076 805 1313 870 Emmanuelem

339 891 551 1000 fflss'iljsffggss
570 903 749 980 specialibus
765 903 872 977 gratiis
887 912 917 963 el
933 902 1087 963 lavorilms
1102 900 1244 978 prosequi
1261 913 1314 958 vo·

339 997 455 1114 pppligsipt
474 996 553 1094 ,3³52ssss
572 996 681 1069 lentes,
705 1005 735 1056 et
757 1014 771 1056 a
794 997 954 1074 quibusvis
983 993 1314 1056 excommunicationis

341 1104 459 1150 tribuat
481 1104 553 1148 auxta
572 1099 602 1151 et
625 1089 796 1163 interdicti,
819 1089 945 1166 aliisque
969 1087 1179 1150 ecclesiasticis
1206 1103 1314 1148 censu·
1340 1102 1343 1165 p

341 1157 448 1202 formam
473 1160 553 1202 luno-

1092 583 1157 638 1111.
1181 577 1271 638 roal.
1295 585 1335 634 nr.
1357 581 1387 632 1.
1410 576 1440 633 l·
1463 579 1546 634 enas
1568 576 1588 632 1.

2142 563 2199 619 An.
2214 568 2245 619 (l.
2267 561 2328 622 ami

1370 709 1400 772 S.
1425 710 1574 772 Francisci
1598 709 1851 773 discalceatorum
1876 719 1906 772 el
1927 705 2112 773 [1111111111-
2129 715 2341 766 1111111111-

1369 821 1439 866 rum
1455 805 1617 868 strictioris
1629 805 1846 867 observantiae
1862 813 2112 884 nuncupatorum
2130 783 2167 817 ω’

1369 901 1522 974 erigendi,
1546 908 1580 960 nt
1604 899 1792 977 praefertur,
1817 901 1848 962 in
1870 917 2054 980 unaquaque
2076 918 2112 962 es

1368 977 1477 1055 eorum
1503 993 1670 1071 provinciis
1692 1008 1790 1054 unum
1812 993 1978 1072 collegium
2000 1012 2052 1056 seu
2068 1011 2113 1054 se-

1370 1087 1537 1148 minarium
1559 1087 1755 1160 missionum,
1773 1087 1803 1147 in
1819 1087 1922 1164 aliquo
1943 1105 2007 1150 csse
2028 1089 2114 1148 dero·

340 1210 473 1255 cenitense
496 1221 553 1254 eou-
572 1184 624 1258 ris,
647 1183 809 1245 sententiis
834 1190 864 1244 et
891 1183 998 1259 poenis
1024 1181 1133 1258 quovis
1160 1181 1262 1252 modo,
1285 1186 1315 1240 et
1341 1168 1343 1212 ¹
1370 1189 1487 1257 gatum,
1508 1179 1559 1241 sed
1583 1179 1759 1241 facultatem
1776 1181 1870 1257 ipsam
1888 1181 1919 1242 in
1934 1197 1990 1242 sno
2005 1181 2113 1242 robore

340 1263 491 1310 ⁸³¹¹¹¹⁰⁰¹¹³i
571 1291 766 1354 quacumque
788 1277 825 1336 (11
839 1291 925 1336 causa
948 1275 1026 1348 latis,
1040 1274 1063 1333 sl
1080 1291 1154 1351 quas
1175 1272 1315 1334 1111111-

570 1369 679 1442 currit,
702 1369 795 1430 buius
812 1369 993 1430 1111111111
1011 1367 1106 1444 gratia
1123 1365 1315 1427 absolventes

571 1471 602 1524 et
629 1461 804 1524 absolutum
834 1461 899 1522 ‘lore
928 1469 1109 1534 censentes,
1137 1457 1314 1520 buiusmndi

572 1555 845 1634 supplicationibus
877 1555 1033 1629 inclinati,
1063 1554 1228 1629 collegium
1260 1566 1313 1611 seu

573 1648 774 1710 seminarium
797 1648 991 1710 S.Franclsei
1016 1649 1052 1708 de
1074 1647 1208 1708 Pacbuca
1230 1659 1316 1722 prae-

572 1741 687 1803 (lictum
711 1758 725 1800 a
755 1749 921 1802 memorata
953 1741 1110 1819 provincia
1139 1739 1170 1800 S.
1201 1736 1314 1810 Diclaci,

574 1835 719 1913 illiusque
741 1835 937 1912 superiorum
954 1835 1167 1896 iurisdictione
1184 1830 1316 1894 auctori-

573 1935 633 1987 tate
655 1926 816 2005 apostolica
844 1937 950 1989 tenore
977 1927 1186 2004 praesentium
1210 1941 1317 2003 perpe-

574 2028 626 2079 tuo
647 2019 832 2093 dividimus,
854 2035 1030 2097 separamus
1053 2027 1083 2080 11
1103 2032 1315 2092 segregamus,

573 2111 716 2190 idemque
732 2112 899 2185 collegium
914 2129 967 2174 seu
984 2112 1187 2173 seminarium
1204 2112 1234 2172 in
1251 2127 1317 2172 oro·

573 2205 663 2266 nilms
685 2213 715 2265 el
737 2206 909 2283 peremnia
932 2206 968 2266 ad
991 2207 1086 2268 instar
1108 2205 1237 2266 aliorum
1255 2203 1316 2266 col-

573 2298 725 2374 legiorum
752 2299 823 2360 dicti
853 2299 973 2360 Ordinis
998 2298 1129 2360 lratmm
1159 2298 1313 2359 Minorem

573 2391 603 2454 S.
622 2392 772 2454 llrancisci
795 2393 832 2452 de
859 2391 1068 2467 observantia,
1093 2397 1123 2453 el
1151 2389 1316 2451 11111111-

572 2502 665 2560 mam,
700 2485 861 2562 privilegia
884 2495 914 2547 et
945 2501 1037 2545 onera
1061 2486 1092 2546 in
1125 2483 1315 2562 primotlictis

573 2580 711 2640 ebrsdem
744 2579 915 2640 lnnocenlii
949 2579 1187 2656 praedecessoris
1218 2576 1316 2638 literis

572 2678 717 2735 contenta
739 2679 769 2734 el
783 2689 922 2749 expressa
939 2673 1143 2750 inposterum
1161 2671 1315 2749 perpetuis

573 2766 686 2827 lutaris
715 2767 905 2844 temporibus
933 2767 999 2841 regi
1025 2775 1056 2826 et
1086 2765 1250 2840 gubernari
1280 2763 1314 2824 li-

575 2861 657 2934 bere,
687 2861 869 2921 auctoritate
890 2868 921 2920 et
950 2869 1057 2921 tenore
1083 2857 1243 2936 praedictis
1263 2856 1314 2916 de-

574 2954 730 3014 cernimus
752 2961 782 3014 et
804 2951 994 3015 mandamus.

344 3059 557 3122 recurreresataes
614 3048 632 3121 ἓ
657 3046 702 3108 111.
727 3048 883 3107 Praeterea
905 3045 1063 3121 volumus,
1086 3047 1166 3124 qaod
1184 3055 1243 3107 lam
1259 3045 1317 3106 lra-

344 3113 558 3212 Ῐῗέξῗῃῖῑςῗζῗέἶὶ
576 3150 638 3204 tres
660 3141 783 3218 Hispani
798 3149 829 3200 et
847 3140 990 3218 Europoi,
1013 3155 1105 3218 <param
1126 3138 1177 3200 alii
1193 3139 1315 3201 illarum

347 3222 558 3330 ssssflgsssiffimsffi
576 3235 707 3314 partium
732 3234 860 3297 Griollos
876 3235 970 3309 vulgo
987 3234 1156 3311 nuncupati
1178 3234 1315 3294 eiusdem

347 3328 490 3426 ssss‘ssffissffl
513 3339 559 3383 gu·
576 3328 697 3403 collegii
725 3343 778 3388 seu
800 3327 967 3402 seminarii,
993 3327 1146 3405 coanpleto
1167 3326 1316 3387 decennio

439 3416 444 3424 ’
575 3423 622 3484 sul
645 3421 798 3500 apostolici
822 3421 998 3496 ministerii,
1022 3420 1149 3498 possint,
1165 3420 1188 3480 si
1206 3419 1314 3493 velint,

575 3530 749 3590 remanere,
765 3513 815 3575 vel
836 3515 867 3575 in
890 3513 967 3574 dicta
990 3513 1146 3592 provincia
1169 3510 1199 3574 S.
1217 3511 1316 3574 llitlaci

576 3609 776 3688 incorporari,
800 3609 875 3669 itaut
897 3616 1050 3686 tamquam
1076 3606 1140 3667 veri
1162 3606 1247 3668 illius
1261 3607 1316 3667 salii

575 3702 718 3780 deinceps
734 3703 915 3776 habeantur,
930 3716 1043 3779 eosque
1064 3709 1149 3780 aptos
1163 3703 1197 3762 ad
1214 3700 1317 3762 omnia

576 3797 684 3872 officia,
710 3797 793 3857 iusta
819 3795 1039 3873 cuiuscumque
1066 3795 1262 3874 capacitatem
1287 3802 1318 3855 et

576 3890 818 3969 proportionem,
833 3889 924 3950 sicuti
944 3897 1095 3950 statutum
1117 3899 1164 3951 est
1179 3891 1210 3950 in
1225 3891 1316 3951 alter·

576 3985 698 4044 nativae
729 3981 849 4058 legibus
880 3998 935 4059 pro
963 3981 1119 4043 indiarum
1151 3984 1317 4060 provinciis

575 4077 648 4138 dicti
679 4076 811 4150 Ordinis,
841 4075 1045 4152 declaramus,
1075 4093 1133 4154 qua
1165 4079 1202 4138 de
1230 4094 1316 4138 causa

575 4171 784 4233 conditionem
806 4170 838 4229 in
856 4169 1004 4246 praedicta
1019 4171 1254 4233 renunciatione
1269 4189 1318 4232 su-

577 4281 631 4343 per
658 4264 741 4324 bisa
769 4268 935 4322 memorata
966 4263 1121 4340 provincia
1149 4265 1315 4343 appositam

576 4371 738 4429 cassamus,
761 4353 955 4416 annullamus
971 4364 1001 4416 et
1017 4357 1184 4431 irritamus,
1200 4375 1233 4419 ac
1249 4357 1317 4420 nul-

578 4452 635 4512 lias
657 4447 775 4509 roboris
797 4456 827 4508 et
849 4447 1002 4509 momenti
1022 4465 1088 4508 esse
1109 4451 1316 4526 decernimus

576 4552 607 4605 et
638 4542 811 4603 statuimus.
844 4540 994 4602 (lienibus
1025 4541 1151 4618 insuper
1178 4544 1316 4606 eiusdem

577 4637 751 4716 provinciae
773 4632 803 4695 S.
827 4635 927 4696 llidaci
951 4634 1033 4708 filiis,
1049 4636 1115 4712 qui,
1131 4635 1237 4697 divino
1258 4639 1317 4716 spi·

576 4733 638 4793 ritu
662 4737 693 4789 et
714 4731 780 4790 zelo
800 4729 906 4790 salutis
920 4728 1094 4790 animarum
1110 4729 1204 4804 cluoti,
1222 4739 1318 4792 trans·

577 4825 622 4885 ire
643 4824 742 4884 velint
762 4822 796 4882 ad
819 4823 935 4884 dictum
963 4823 1131 4898 collegium
1152 4841 1206 4885 seu
1227 4827 1319 4886 semi-

578 4920 700 4980 narium
723 4917 761 4977 ob
782 4916 980 4994 apostolicum
999 4917 1207 4979 ministerium
1231 4935 1318 4981 eaer-

577 5012 722 5084 cendum,
747 5009 869 5086 plenam
893 5018 922 5070 ct
942 5009 1071 5072 liberam
1093 5012 1266 5073 lacubatem
1282 5016 1317 5076 ad

577 5105 651 5166 illud
673 5104 852 5164 transeundi
868 5110 898 5164 11
912 5103 1063 5166 decennio
1086 5105 1197 5167 ibidem
1223 5113 1319 5168 trans·

577 5205 654 5272 acto,
685 5197 781 5258 libere
812 5195 845 5255 acl
868 5197 1059 5274 provinciam
1090 5200 1183 5278 ipsam
1212 5203 1317 5263 eodem

578 5295 675 5354 lerme
705 5292 812 5363 modo,
840 5291 920 5351 sicut
945 5291 994 5352 alii
1024 5292 1118 5369 ipsius
1145 5295 1321 5371 provinciae

559 5383 696 5460 'iratres
715 5392 746 5444 el
761 5399 823 5446 non
845 5385 934 5446 aliter
955 5385 1116 5460 redeundi,
1139 5391 1319 5452 auctoritate

579 5487 609 5541 et
633 5488 739 5538 tenore
763 5479 923 5555 praedictis
944 5479 1139 5540 concedimus
1167 5490 1197 5543 et
1220 5483 1319 5545 ludul-

578 5589 697 5651 gemus.

360 5687 507 5752 necteretur
523 5689 559 5734 ru·
618 5669 636 5742 ἓ
660 5666 705 5726 11.
732 5669 895 5728 Caeterum
920 5683 974 5745 per
997 5676 1171 5746 praesentes
1193 5686 1254 5730 non
1278 5672 1320 5732 in·

349 5742 734 5840 111111111111111
756 5761 892 5821 rteuuau
914 5762 1170 5824 1111111111(
1194 5765 1320 5826 nenen-

348 5849 560 5894 remeantum·
578 5854 718 5917 11111111.
738 5855 967 5932 praedecessore
983 5871 1035 5932 per
1053 5866 1237 5917 memoratas
1253 5874 1320 5918 suas

348 5904 422 6012 Ῐῗέῑῠοο
437 5903 560 6002 §Tmaffi'l
579 5950 681 6012 literas
705 5947 848 6008 iratribus
870 5949 1007 6012 eiusdem
1022 5949 1144 6013 Ordinis
1165 5951 1318 6014 llinnrum

1371 1277 1490 1335 llrmam
1514 1272 1642 1334 omnino
1664 1289 1826 1336 remanere
1848 1273 1970 1348 debere,
1984 1275 2114 1335 auctori-

1372 1377 1432 1431 tate
1454 1378 1485 1430 et
1508 1377 1616 1430 tenore
1642 1369 1805 1446 praedictis
1833 1369 1998 1443 sancimus,
2023 1378 2115 1448 atque

1370 1461 1586 1539 decernimus,
1609 1479 1642 1523 ac
1667 1471 1822 1539 praeterea
1850 1462 2010 1537 volumus,
2034 1465 2114 1540 quod

1370 1555 1473 1616 omnia
1496 1571 1550 1633 per
1572 1563 1747 1634 praesentes
1768 1563 1882 1617 statuta
1905 1573 1937 1618 ao
1958 1555 2113 1634 disposita,

1371 1655 1401 1709 et
1423 1665 1637 1727 quaecumque
1665 1649 1878 1724 derogationes
1904 1650 1934 1712 in
1963 1650 2022 1710 illis
2044 1665 2114 1710 con·

1372 1751 1475 1806 lentae
1497 1743 1599 1805 locum
1614 1743 1671 1804 sibi
1687 1743 1844 1804 vindicare
1865 1742 2007 1816 debeant,
2024 1750 2054 1804 et
2068 1743 2116 1803 in-

1372 1836 1537 1912 telllgunda
1560 1837 1774 1898 tantummodo
1805 1836 1868 1897 sint
1894 1844 2034 1914 respectu
2056 1836 2115 1898 col·

1370 1929 1441 2004 legii
1464 1945 1517 1990 seu
1540 1928 1698 1990 seminarii
1714 1925 1745 1988 S.
1763 1928 1913 1990 Francisci
1930 1927 1967 1989 de
1979 1929 2114 1989 Pacbuca

1370 2022 1532 2102 praedicti,
1564 2037 1665 2099 neque
1698 2021 1762 2082 ullo
1792 2022 1882 2082 alodo
1913 2021 2049 2097 protrabi
2082 2037 2115 2082 ac

1369 2113 1494 2176 estcudi
1517 2114 1636 2191 possint
1657 2115 1691 2174 ad
1714 2113 1817 2173 omnia
1840 2112 1896 2173 alia
1918 2113 2045 2188 collegia
2061 2131 2114 2174 sen

1369 2207 1533 2268 seminaria
1546 2205 1731 2268 missionum
1745 2207 1811 2268 sive
1826 2223 1923 2284 usque
1937 2206 2036 2267 adbuc
2050 2223 2114 2268 ere-

1369 2308 1415 2362 cla
1437 2283 1505 2360 sive'
1525 2300 1555 2360 in
1579 2307 1740 2378 postorum
1763 2298 1908 2375 erigenda
1932 2299 1961 2360 in
1991 2300 2114 2377 provin-

1370 2395 1423 2456 ciis
1445 2396 1625 2454 eorumdem
1648 2392 1779 2454 batrum
1806 2390 2062 2454 [liscalceatorum
2085 2403 2115 2454 et

1371 2486 1616 2548 Recolloctorum
1639 2488 1670 2547 in
1688 2487 1790 2562 regnis
1806 2484 1966 2562 Hispaniae
1982 2487 2115 2547 eristen·

1370 2581 1423 2655 tia,
1452 2597 1530 2658 quae
1560 2579 1685 2657 quidem
1714 2579 1842 2654 collegia
1867 2596 1922 2641 seu
1952 2579 2114 2640 seminaria

1370 2674 1453 2734 lurda
1470 2673 1553 2748 leges
1568 2689 1582 2730 a
1599 2673 1710 2732 nostris
1733 2672 2014 2750 praedecessoribus
2029 2688 2115 2750 prae-

1369 2766 1494 2845 scriptas
1516 2767 1547 2826 in
1579 2773 1738 2843 posterum
1767 2781 1890 2844 quoque
1919 2767 2115 2843 11111111-

1370 2861 1492 2922 bernari
1514 2859 1626 2921 debere
1654 2860 1717 2938 pari
1740 2861 1922 2922 auctoritate
1949 2869 1980 2922 et
2008 2869 2115 2922 tenore

1370 2954 1515 3014 volumus
1537 2971 1569 3014 ac
1592 2953 1744 3015 iubemus

1410 3049 1429 3122 ἓ
1452 3048 1498 3110 12.
1524 3048 1728 3109 llecernentes
1750 3048 1871 3107 easdem
1886 3055 2064 3125 praesentes
2079 3047 2114 3109 li·
2161 3063 2335 3110 clausulaeq-

1372 3151 1450 3203 teras
1465 3155 1587 3218 semper
1600 3140 1713 3213 sirmas,
1728 3139 1840 3201 validas
1854 3148 1884 3200 el
1899 3141 2036 3202 efficaces
2051 3142 2114 3202 eti·
2134 3115 2336 3216 ffifgbssssssiifil

1370 3244 1450 3297 sterc
1466 3241 1496 3294 et
1512 3233 1587 3307 lore,
1603 3249 1736 3310 suosque
1758 3231 1910 3311 plenarios
1932 3243 1961 3296 et
1979 3235 2114 3311 integros
2133 3225 2336 3323 pptcousutuuu-

1371 3327 1497 3389 ellectus
1511 3327 1615 3387 sortiri
1630 3335 1660 3388 et
1682 3326 1833 3401 obtinere,
1849 3344 1882 3388 ac
1899 3326 1970 3402 illis,
1986 3331 2021 3390 ad
2038 3344 2115 3407 quos

1370 3429 1485 3500 spectat
1502 3429 1532 3482 et
1549 3435 1605 3499 pro
1622 3429 1760 3498 tempore
1775 3419 2033 3500 quandocumque
2047 3439 2115 3502 spe-

1371 3515 1475 3590 stabit,
1499 3515 1530 3576 in
1560 3513 1704 3574 omnibus
1726 3522 1757 3574 et
1778 3529 1833 3591 per
1855 3515 1956 3576 omnia
1977 3516 2115 3594 plenissi-

1372 3624 1422 3670 me
1443 3607 1615 3683 sullragari,
1631 3614 1662 3668 et
1676 3607 1713 3667 ab
1728 3607 1772 3666 eis
1794 3609 1966 3686 respective
1987 3609 2114 3670 inviola-

1372 3703 1474 3763 biliter
1496 3701 1662 3762 observari.

1412 3795 1501 3871 §lb
1526 3794 1637 3873 Sitque
1659 3795 1690 3855 in
1717 3795 1890 3872 praemissis
1919 3797 1949 3858 in
1972 3799 2116 3860 omuibus
2169 3823 2334 3868 uam-,qma

1373 3899 1403 3952 el
1424 3888 1556 3964 singulis
1578 3903 1633 3966 per
1661 3903 1873 3966 quoscumque
1902 3891 2015 3952 iudices
2035 3893 2116 3954 ordi·
2135 3879 2223 3923 racaus.

1373 3985 1475 4046 narios
1503 3991 1533 4043 11
1561 3983 1726 4058 delegatos,
1756 3982 1847 4042 etiam
1877 3999 2038 4048 causarum
2065 4002 2113 4064 pa·

1374 4077 1439 4140 latii
1459 4076 1615 4154 apostolici
1643 4077 1814 4149 auditores,
1838 4075 1964 4138 iudicari
1988 4087 2018 4140 11
2039 4080 2112 4140 desi-

1373 4170 1433 4232 niri
1455 4169 1579 4243 debere,
1602 4185 1635 4229 ac
1657 4169 1782 4230 irritum
1804 4176 1836 4230 11
1858 4169 1960 4246 inane,
1982 4172 2006 4232 si
2029 4187 2117 4234 secus

1372 4279 1464 4342 super
1484 4263 1532 4323 bis
1555 4281 1570 4322 a
1600 4277 1768 4340 quoquam,
1795 4263 1902 4340 quavis
1922 4265 2115 4338 auctoritate,

1371 4357 1504 4418 scienter
1529 4355 1580 4416 vel
1612 4357 1793 4432 ignoranter
1818 4358 1983 4433 contigerit
2016 4367 2116 4420 alten·

1374 4449 1442 4512 tari.
1769 4439 1772 4447 ’
1817 4457 1824 4478 l

1413 4545 1431 4618 5
1455 4543 1500 4604 lt.
1519 4542 1587 4604 Non
1600 4544 1791 4607 obstantibus
1808 4545 1981 4624 praemissis
1995 4563 2028 4607 ao
2043 4563 2116 4608 con·
2148 4567 2331 4631 neeogsuocou·

1371 4638 1584 4700 stillationibus
1605 4647 1636 4698 et
1657 4639 1902 4700 ordinationibus
1927 4640 2114 4720 apostolicis,
2133 4629 2275 4669 tractorum.

1374 4747 1431 4793 nec
1452 4748 1514 4793 non
1541 4729 1675 4805 ordinis,
1704 4732 1880 4809 provinciae
1900 4741 1931 4794 11
1957 4735 2116 4796 seminarii

1374 4826 1412 4886 de
1433 4825 1566 4886 Paobuca
1580 4825 1805 4902 praedictorum
1820 4825 1912 4886 etiam
1929 4827 2116 4904 iuramento,

1374 4919 1611 4980 confirmatione
1631 4918 1803 4996 apostolica,
1821 4919 1869 4980 vel
1892 4923 1998 4998 quavis
2022 4924 2118 4984 drmi-

1376 5020 1434 5075 tato
1457 5011 1513 5073 alia
1544 5012 1694 5074 roboratis
1721 5013 1842 5073 statutis
1864 5022 1893 5074 et
1922 5015 2119 5076 consuetudi·

1375 5106 1478 5179 nibus,
1496 5105 1667 5184 privilegiis
1683 5121 1815 5183 quoque,
1834 5106 1961 5168 indultis
1975 5117 2006 5169 11
2022 5109 2118 5170 literis

1376 5199 1548 5278 apostolicis
1582 5200 1794 5277 superioribus
1828 5210 1859 5262 11
1890 5203 2030 5280 personis
2061 5202 2119 5264 sub

1376 5292 1624 5372 quibuscumque
1637 5293 1804 5365 ,tenoribus
1819 5300 1849 5354 et
1865 5294 1983 5371 lormis,
2000 5313 2033 5357 ac
2047 5311 2118 5357 cum

1375 5387 1535 5464 quibusvis
1556 5387 1649 5447 etiam
1670 5386 1934 5462 derogatoriarum
1960 5391 2118 5466 derogato·

1377 5482 1442 5556 riis,
1465 5481 1592 5557 aliisque
1613 5481 1832 5542 efficacioribus
1850 5481 2064 5544 ellicacissimis
2084 5501 2117 5545 ac

1377 5574 1510 5636 insolitis
1531 5573 1685 5647 clausulis,
1709 5573 1978 5653 irritantibusque,
2001 5585 2032 5637 et
2053 5576 2118 5637 aliis
2159 5646 2161 5650 y

1376 5669 1508 5730 clecrells
1531 5668 1561 5727 iu
1591 5681 1706 5742 genere
1737 5665 1785 5726 vel
1812 5667 1843 5728 in
1865 5669 1976 5745 specie,
1999 5685 2032 5729 ao
2052 5667 2118 5728 aliis

1378 5763 1409 5823 in
1432 5761 1619 5822 contrarium
1642 5759 1871 5836 quomodolibet
1894 5763 2053 5837 concessis
2070 5777 2118 5840 ap-

1377 5855 1510 5934 probatis
1531 5861 1562 5913 et
1584 5854 1750 5914 innovatis.
1783 5853 1898 5928 Quibus
1919 5855 2063 5916 omnibus
2088 5863 2119 5915 11

1376 5952 1509 6030 singulis
1530 5951 1656 6012 illorum
1681 5959 1803 6012 tenores
1832 5949 2043 6027 praesentibus
2065 5965 2118 6028 pro
