4750 6980
82 581 120 632 An.
131 574 156 623 G.
174 563 231 618 1798
240 609 257 644 ,

81 989 192 1044 insignitas
204 995 238 1030 ca·

69 1043 121 1112 pinli
133 1049 238 1088 memora·

69 1114 100 1154 tnr-

96 4539 229 4598 >llolnernntur

86 4599 159 4644 tttarraa,
173 4597 190 4638 ct
202 4603 229 4640 ec·

87 4641 159 4702 clostat
175 4659 230 4703 paro·

87 4695 149 4742 cltum.

256 701 375 758 ctorum
398 695 512 774 lipsana
531 698 631 776 priora
654 698 715 771 illa,
738 697 880 760 videlicet
904 697 997 758 tlrecis

256 789 461 853 ornatioribus
482 790 609 864 acclusa,
632 790 756 868 speciali
783 791 869 852 cultu
890 797 920 851 et
945 805 997 850 ve·

256 885 414 947 nerntione
435 885 580 947 decenter
600 893 807 947 asservantur.

294 979 312 1052 ἓ
333 978 361 1039 5.
386 978 429 1040 Αο
449 981 538 1040 culus
560 978 683 1053 insigne
699 979 867 1056 capitulum
883 978 996 1040 decano

254 1073 379 1146 seilicet,
402 1072 455 1150 qui
477 1072 660 1134 decanatum
683 1072 758 1133 inibi
781 1072 993 1149 principalem,

254 1186 286 1230 ac
312 1165 535 1239 archidiacono,
564 1169 616 1244 qui
644 1166 923 1228 archidiaconatum
950 1182 995 1227 se-

255 1262 396 1333 cundam,
420 1277 453 1321 ac
472 1260 655 1338 praeposito,
678 1261 729 1338 qui
753 1261 995 1336 praeposituram

256 1355 387 1428 tertiam,
397 1362 429 1416 et
443 1351 580 1426 custode,
593 1353 646 1430 qui
657 1352 826 1414 custodiam
842 1361 993 1429 quartam,

255 1465 286 1508 ac
306 1447 484 1510 scholastico
510 1446 661 1523 quintam,
688 1454 719 1507 et
745 1445 993 1508 cancellariatum

254 1549 380 1614 sextam,
403 1554 460 1601 nec
482 1554 545 1601 non
566 1538 755 1616 primicerio,
778 1540 830 1616 qoi
852 1539 995 1614 primice-

255 1635 366 1696 riatum
386 1633 547 1711 septimam
570 1634 738 1711 respective
764 1633 940 1708 dignitates,
964 1638 994 1692 et

255 1728 328 1790 inibi
350 1727 529 1799 existentes
546 1741 637 1804 quarn
653 1723 777 1804 quidem
793 1725 993 1804 posteriorem

254 1822 434 1899 dignitatem
450 1834 505 1898 pro
521 1829 658 1898 tempore
672 1819 817 1881 obtinens
837 1826 942 1896 utpote
957 1818 993 1880 de

255 1917 498 1992 inrepatronatus
520 1913 669 1975 laicorum
686 1913 838 1989 gentilitio
861 1919 942 1974 certe
957 1913 993 1973 il·

254 2010 352 2071 larum
373 2006 508 2085 partium
535 2006 665 2068 lamiliae
687 2007 832 2080 existens,
859 2023 993 2085 suosque

255 2101 388 2163 redditus
404 2105 489 2161 extra
507 2099 582 2162 lines
603 2099 727 2162 ditionis
749 2098 908 2160 borussiae
921 2116 995 2162 con·

253 2196 372 2257 stitutos
386 2193 552 2272 possidens,
570 2192 650 2254 nihil
663 2207 735 2254 cum
750 2192 881 2271 capitulo
896 2193 992 2254 dictae

253 2287 438 2365 collegiatae,
461 2302 539 2365 quae
561 2286 665 2362 etiam,
688 2293 723 2348 ut
744 2286 927 2364 praelertur,
944 2302 992 2365 pa·

254 2381 391 2445 rochiniis
413 2379 529 2454 existit,
542 2379 686 2440 ecclesiae
709 2379 800 2440 babet
814 2395 991 2452 commune,

254 2482 371 2556 praeter
393 2472 518 2535 stallum
534 2472 565 2533 in
581 2474 686 2545 cnoro,
710 2487 879 2550 vocemque
895 2481 925 2533 et
941 2489 993 2533 vo·

254 2579 319 2631 tum
341 2568 373 2629 lu
394 2565 527 2648 capitolo
549 2567 623 2642 ipso,
640 2581 673 2626 ac
687 2565 847 2628 duodecim
870 2567 993 2628 canoni·

253 2663 304 2736 cis,
333 2661 386 2740 qui
415 2658 545 2722 totidem
573 2658 786 2733 canonicatus,
815 2659 993 2738 similesque

252 2753 437 2834 praebendas
456 2751 524 2832 (qui
547 2759 661 2824 tamen,
681 2759 771 2828 prout
786 2761 817 2813 et
831 2753 994 2828 dignitates

252 2849 433 2928 praedictae,
450 2845 586 2906 nonnisi
603 2845 800 2922 presbyteris,
818 2855 869 2906 aut
883 2846 993 2908 saltem

251 2942 367 3005 clericis
388 2941 424 3002 ad
446 2953 566 3000 sacrum
592 2938 822 3015 presbyteratus
851 2940 993 3002 ordinem

250 3035 480 3115 suscipiendum
494 3032 644 3104 obstricti,
660 3031 793 3094 conlerri
809 3032 924 3112 solent)
945 3051 992 3096 re-

250 3130 383 3209 spective
404 3127 558 3200 obtinent,
574 3126 781 3204 componitur,
797 3143 830 3188 ac
845 3129 992 3192 cuiusce-

251 3223 389 3303 pilularis
416 3235 532 3293 mensa,
556 3219 626 3282 licet
654 3220 724 3280 satis
750 3236 904 3300 superque
925 3224 992 3284 red·

250 3317 362 3380 ditibus
384 3303 521 3394 primum
543 3313 622 3384 loret
642 3313 753 3388 dotata,
769 3330 840 3376 cum
863 3315 905 3376 illi
921 3325 992 3378 ante

251 3407 502 3490 quinquennium
514 3407 674 3468 duodecim
687 3407 822 3468 millium
833 3415 991 3471 scutorum

251 3501 555 3568 monetaellomanae
566 3516 702 3562 annuam
714 3503 898 3563 excederent
911 3518 993 3564 sum·

251 3615 344 3673 mam,
355 3597 470 3659 lactum
481 3605 584 3657 tamen
596 3603 641 3656 est
652 3595 724 3656 inde
736 3596 898 3671 postremis
911 3597 992 3660 bisce

250 3691 451 3771 temporibus,
468 3697 503 3750 ut
524 3704 616 3767 quam
639 3689 804 3750 maximam
827 3697 857 3749 et
879 3689 944 3753 iere
958 3694 990 3754 in

248 3789 284 3850 iis
305 3785 450 3848 omnibus
472 3783 619 3843 iacturam
645 3783 836 3859 experiatur,¹
854 3785 903 3846 oui
925 3788 991 3862 qui·

249 3885 318 3945 dem
340 3879 431 3953 malo,
447 3877 529 3954 quod
543 3881 573 3936 et
590 3877 736 3938 universo
757 3877 830 3938 lruic
851 3878 991 3956 collegia·

249 3984 306 4048 tae,
329 3989 408 4052 quae
429 3971 522 4031 etiam
545 3969 786 4046 parochienses
807 3971 989 4049 praefertur,

248 4068 364 4143 existit,
387 4063 541 4136 ecclesiae,
567 4061 686 4124 addicto
714 4063 795 4124 clero
824 4081 991 4129 commune

247 4162 305 4225 luit
319 4158 527 4236 inlrascriptae
539 4155 700 4217 erectionis
716 4157 899 4232 ministerio,
913 4175 990 4236 quae

248 4255 407 4317 meliorem
429 4249 561 4330 capituto
578 4249 689 4327 ipsein
705 4251 874 4314 redditibus
890 4269 927 4313 ex
944 4269 988 4314 re-

247 4349 294 4424 gia
307 4343 495 4422 benignitate
508 4351 590 4404 certe
604 4342 767 4422 pollicetur
781 4355 907 4420 sortem,
918 4363 990 4409 con·

246 4441 376 4514 sollum,
400 4446 657 4517 prospectumque
678 4438 717 4498 iri
737 4446 924 4501 autumatur.

284 4534 354 4611 §b
382 4536 425 4595 Ac
453 4539 573 4611 praeter
604 4531 783 4610 capitolares
812 4533 988 4598 huiusmodi

246 4643 361 4691 novem
389 4627 529 4700 vicariae,
552 4643 626 4705 quas
648 4642 703 4704 pro
729 4635 866 4707 tempore
888 4646 988 4708 respe-

246 4723 326 4784 ctive
340 4722 515 4782 obtinentes
527 4735 632 4782 curam
648 4721 824 4783 animarum
835 4724 987 4800 parochia-

246 4831 358 4878 norum
386 4814 483 4876 dictae
512 4813 699 4890 collegiatae,
723 4829 799 4892 quae
825 4816 928 4892 etiam,
953 4826 987 4880 ut

245 4910 427 4988 praeiertur,
450 4907 628 4984 parochialis
643 4909 759 4981 existit,
775 4911 917 4972 ecclesiae
931 4913 987 4974 sub

246 5004 327 5066 illins
348 5003 471 5082 capituli
494 5002 663 5064 directione
685 5011 715 5064 et
737 5003 987 5069 subordinatione

247 5103 400 5159 exercent.
424 5095 606 5175 Novemque
628 5096 743 5174 pariter
765 5100 987 5165 mansionariae

248 5198 275 5253 et
289 5199 408 5270 septem
419 5189 636 5270 cappellaniae,
654 5206 786 5267 quarum
801 5193 986 5256 vicariorum

248 5295 274 5350 et
295 5287 587 5362 mansionariorum,
611 5303 668 5350 nec
696 5305 760 5351 non
788 5291 987 5370 cappellania-

166 5443 168 5449 ,
249 5397 314 5443 rum
337 5383 509 5461 respective
536 5395 723 5458 possessores
751 5381 932 5446 inferiorem
953 5387 985 5447 in

249 5476 320 5537 dicta
342 5475 511 5552 collegiata,
535 5490 611 5553 quae
634 5476 726 5536 etiam
749 5477 938 5554 parochialis,
954 5487 985 5540 ot

250 5569 427 5646 praeiertur,
450 5570 565 5644 existit,
588 5568 712 5630 ecclesia
737 5570 856 5632 clerum
877 5573 985 5635 consti·

250 5669 348 5736 tuunt,
362 5662 532 5741 respective
551 5671 670 5724 erectae
682 5670 711 5724 et
726 5663 885 5726 institutae
900 5681 985 5743 repe-

251 5756 376 5820 riuntur.
401 5756 443 5817 lta
459 5757 570 5818 idcirco
585 5755 705 5819 celebre
721 5773 785 5819 esse
800 5768 982 5836 noscuntur,

252 5857 279 5910 ot
292 5851 375 5912 inter
390 5849 558 5911 illustriora
574 5850 699 5913 illarum
714 5851 849 5928 partium
865 5854 983 5930 oppida,

252 5944 360 6018 optimo
386 5944 511 6022 quidem
539 5944 606 6004 iure
634 5951 842 6019 recenseatur,
869 5953 983 6010 ettam

922 579 992 625 etus
1012 579 1061 623 PP·
1086 580 1129 624 Vl.

1717 557 1776 622 tae
1825 561 1923 617 nnc.
1946 567 2013 620 raas

1052 696 1198 774 oppidum
1221 698 1333 774 ipsum,
1350 705 1384 760 ut
1406 700 1442 761 ad
1464 699 1639 778 episcopalis
1661 694 1793 760 civitatis

1052 791 1202 852 bonorem
1224 792 1386 866 evehatur,
1409 809 1502 871 quam
1523 793 1601 854 dicta
1623 789 1793 866 collegiata,

1052 899 1130 960 quae
1151 883 1255 957 etiam,
1278 893 1312 946 ut
1332 883 1518 961 praelertur,
1531 881 1710 961 parochialis
1731 880 1794 942 exi-

1051 976 1104 1037 stit
1132 976 1268 1050 ecclesia,
1291 977 1326 1037 nd
1355 977 1534 1040 cathedralis
1561 975 1707 1040 ecclesiae
1734 983 1795 1036 sta·

1053 1076 1119 1130 turn
1135 1077 1165 1130 et
1179 1069 1362 1146 dignitatem
1378 1080 1607 1148 promoveatur,
1624 1068 1794 1146 respective

1051 1160 1182 1238 dignum
1204 1170 1234 1224 et
1256 1164 1347 1239 digna
1370 1173 1564 1244 reputentur.

1090 1257 1109 1329 ἓ
1131 1256 1158 1316 7.
1182 1256 1379 1337 Proindeque
1399 1275 1465 1333 nos,
1478 1258 1589 1336 quibus
1610 1255 1793 1336 iampridem
1848 1271 1920 1316 astro
1937 1269 2024 1334 occsa-

1051 1348 1199 1422 innotuit,
1222 1359 1351 1428 quantae
1373 1350 1452 1413 leret
1474 1352 1616 1414 utilitatis
1645 1353 1739 1412 urlam
1760 1347 1792 1408 in
1813 1323 2023 1432 ξῗξξᾱὲῗθῖἓὲἑξῖ

1051 1443 1130 1505 dicto
1152 1441 1263 1521 oppido
1285 1444 1486 1523 episcopalem
1508 1445 1612 1507 sedem
1629 1442 1792 1504 instituere
1812 1441 1855 1529 {2¹¹⁵
1868 1389 2023 1531 ὴξξὲῑξὶῆξξ

1050 1534 1169 1598 intuitu
1189 1536 1282 1597 etiam
1303 1546 1445 1600 extensae
1471 1546 1502 1600 et
1523 1536 1697 1616 peramplae
1711 1535 1792 1596 dioe·
1812 1542 1889 1584 ctum.

1050 1629 1126 1690 cesis
1150 1630 1372 1705 Posnaniensis,
1389 1632 1504 1710 quique
1526 1647 1623 1710 usque
1647 1630 1739 1691 etiam
1755 1629 1792 1692 de

1049 1737 1131 1782 anno
1159 1723 1282 1785 bomini
1315 1724 1480 1787 millesimo
1514 1723 1790 1802 septingentesimo

1051 1817 1250 1892 nonagesimo
1274 1825 1383 1894 quarto
1405 1825 1565 1897 postquam
1587 1815 1792 1892 Congregatio

1051 1917 1124 1970 ωηο
1136 1909 1337 1971 existentium
1349 1911 1379 1974 S.
1389 1911 1424 1972 li.
1435 1912 1469 1974 E.
1483 1911 1691 1974 cardinalium
1702 1909 1792 1971 rebus

1049 2002 1311 2066 consistorialibus
1332 2005 1518 2083 praeposita,
1546 2005 1594 2068 cui
1616 2021 1665 2066 res
1686 2005 1793 2066 buius-

1050 2097 1132 2158 modi
1154 2113 1208 2176 pro
1231 2098 1314 2159 illius
1344 2099 1520 2174 cognitione
1544 2100 1704 2162 commissa
1727 2097 1791 2160 iue-

1050 2199 1107 2264 rat,
1132 2197 1251 2252 matura
1271 2207 1363 2268 super
1377 2191 1435 2254 hoc
1450 2195 1535 2270 prius
1556 2193 1656 2255 habita
1679 2192 1792 2255 delibe-

1051 2283 1170 2345 ratione
1190 2285 1225 2346 nd
1250 2285 1438 2348 erectionem
1464 2287 1573 2365 ipsam,
1596 2288 1720 2365 praevia
1741 2302 1791 2364 ap-

1049 2378 1228 2454 prolntione
1243 2379 1319 2441 certi
1336 2387 1409 2442 tunc
1424 2381 1559 2459 expressi
1582 2389 1741 2456 tractatus,
1757 2399 1791 2444 ac

1049 2470 1204 2533 mediante
1232 2471 1383 2534 divisione
1405 2483 1435 2534 et
1462 2475 1652 2552 separatione
1673 2474 1709 2538 ab
1730 2475 1791 2552 epi·

1049 2571 1172 2643 scopato
1203 2564 1416 2640 Posnaniensi,
1448 2575 1564 2630 attenta
1595 2567 1678 2630 illius
1712 2569 1791 2631 sedis

1049 2658 1225 2736 episcopalis
1252 2660 1412 2722 vacatione
1434 2669 1507 2722 tunc
1532 2661 1651 2738 pridem
1673 2669 1789 2737 secuta,

1049 2761 1079 2812 et
1101 2752 1276 2829 provisione
1298 2761 1328 2814 et
1350 2753 1536 2831 perfectione
1558 2755 1701 2818 ecclesiae
1723 2757 1791 2816 Pos-

1051 2847 1207 2908 naniensis
1229 2847 1355 2923 pastoris
1377 2847 1484 2909 solatio
1504 2849 1547 2910 sic
1568 2848 1731 2912 destitutae
1752 2854 1790 2914 de

1050 2940 1199 3018 Episcopo
1228 2956 1281 3017 per
1310 2956 1365 3001 nos
1396 2949 1523 3004 eatenus
1550 2943 1690 3006 nondum
1715 2945 1790 3008 lacta

1050 3035 1142 3113 partis
1164 3033 1246 3096 illius
1268 3033 1414 3096 dioecesis
1436 3036 1528 3098 certis
1550 3035 1700 3102 limitibus
1721 3040 1790 3102 sub

1049 3130 1155 3202 lectae,
1178 3144 1256 3206 quae
1271 3137 1301 3188 et
1317 3127 1516 3194 llarsaviense
1537 3131 1682 3209 oppidum
1704 3150 1790 3211 prae—

1049 3223 1166 3284 dictum
1199 3222 1435 3299 complectitur,
1467 3223 1695 3288 deveniendum
1726 3227 1790 3290 lore

1049 3323 1222 3388 censuerat,
1245 3324 1335 3392 prout
1358 3317 1389 3378 in
1415 3317 1537 3378 decreto
1558 3320 1696 3382 eiusdem
1718 3338 1789 3384 con·

1050 3411 1237 3489 gregationis
1259 3411 1316 3474 sub
1337 3413 1385 3473 dic
1401 3412 1498 3490 prima
1514 3415 1627 3476 mensis
1643 3414 1789 3478 lebroarii

1047 3505 1214 3584 supradicti
1234 3507 1306 3567 nuni
1328 3505 1459 3582 desuper
1474 3507 1555 3568 edito
1577 3507 1698 3586 plenius
1719 3527 1790 3574 con·

1050 3601 1177 3661 tinetor.
1202 3599 1365 3660 Decretum
1387 3599 1488 3676 ipsum
1506 3601 1666 3676 apostolica
1688 3611 1789 3666 aucto·

1048 3694 1137 3755 ritate
1157 3691 1405 3771 approbavimus,
1428 3697 1458 3752 et
1479 3694 1646 3756 successive
1668 3711 1705 3757 ex
1721 3712 1789 3773 pro·

1048 3803 1133 3849 cesso
1164 3803 1179 3845 a
1208 3784 1377 3846 venerabili
1404 3785 1498 3847 iratre
1526 3795 1630 3850 nostro
1661 3789 1788 3867 losnpbo

1048 3879 1188 3944 Ribinslxi
1217 3877 1364 3957 Episcopo
1393 3878 1636 3942 wladislaviensl
1665 3883 1697 3945 in
1724 3884 1788 3948 vim

1047 3972 1196 4036 lacultatis
1218 3971 1396 4050 apostolicae
1424 3972 1480 4033 sibi
1503 3973 1537 4034 ad
1560 3973 1589 4033 id
1618 3975 1788 4053 specialiter

1047 4077 1077 4130 et
1099 4082 1241 4145 expresse
1263 4065 1415 4141 delegatae
1438 4065 1471 4126 in
1494 4067 1630 4143 partibus
1656 4067 1787 4147 desuper

1046 4161 1186 4224 conlecto
1200 4167 1392 4239 compertum
1408 4159 1570 4222 babuimus
1585 4160 1699 4224 nedum
1716 4179 1787 4224 oon·

1048 4273 1162 4334 gruum
1185 4263 1214 4316 et
1242 4261 1497 4328 consentaneum,
1525 4269 1636 4316 verum
1657 4262 1688 4316 et
1712 4257 1788 4318 utile

1046 4360 1076 4413 et
1107 4347 1313 4412 necessarium
1345 4345 1420 4421 lore,
1453 4356 1487 4408 ut
1515 4363 1592 4411 novo
1615 4350 1646 4412 in
1677 4353 1787 4430 oppido

1047 4443 1240 4508 Varsaviensi
1262 4441 1416 4520 praedicto
1437 4441 1611 4519 episcopalis
1630 4447 1716 4508 sedes
1731 4462 1786 4523 pro

1045 4538 1209 4603 catholicae
1232 4533 1302 4596 fidei
1318 4533 1533 4613 propagatione
1548 4535 1707 4616 divinique
1722 4539 1785 4601 cul·

1047 4643 1094 4697 tus
1130 4633 1322 4694 incremento
1354 4637 1384 4690 et
1414 4627 1565 4706 spirituali
1601 4629 1785 4707 populorum

1045 4729 1125 4790 bono
1148 4725 1338 4787 instituatur.

1084 4820 1152 4896 §8-
1184 4821 1228 4882 nd
1259 4825 1322 4880 tam
1350 4817 1426 4880 utile
1455 4832 1530 4893 opus
1565 4819 1784 4896 exequendum
1813 4831 2014 4896 accrescentis-

1044 4930 1137 4979 omne
1159 4914 1299 4976 studium
1314 4911 1555 4990 universamque
1572 4913 1726 4990 pastoralis
1741 4913 1784 4974 ol·
1803 4885 1888 4942 “wa‘’
1908 4885 2014 4942 ¹¹‘¹¹¹¹¹⁵'

1804 4943 1829 4986 et
1876 4939 2015 4986 arochiali-

1045 5011 1104 5072 licii
1137 5008 1233 5069 nostri
1268 5004 1509 5067 sollicitudinem
1544 5013 1783 5084 convertentes,
1803 4951 2015 5093 arf-‘'extingui-

1043 5109 1130 5165 moto
1142 5099 1265 5180 proprio
1279 5107 1309 5161 et
1321 5113 1360 5160 ex
1370 5104 1452 5160 certa
1463 5098 1591 5160 scientia
1603 5097 1703 5178 deque
1714 5117 1783 5180 apo·

1043 5195 1163 5258 stolicae
1189 5191 1346 5272 potestatis
1370 5191 1563 5268 plenitudine
1587 5193 1699 5255 dictam
1723 5197 1783 5259 col·

1044 5289 1197 5366 legiatam,
1221 5299 1299 5365 quae
1322 5286 1414 5346 etiam
1437 5283 1626 5363 parochialis,
1644 5297 1678 5350 ut
1700 5305 1784 5368 prae·

1042 5381 1154 5454 lertur,
1178 5379 1294 5452 existit,
1313 5377 1484 5452 ecclesiam,
1500 5387 1530 5440 et
1546 5379 1577 5441 in
1594 5396 1627 5441 ca
1643 5381 1782 5458 titulum,

1043 5473 1346 5545 denominationem,
1383 5482 1525 5533 naturam
1561 5479 1590 5534 et
1619 5477 1783 5539 essentiam

1042 5565 1275 5644 collegialitatis,
1293 5566 1331 5626 ita
1347 5573 1380 5626 ut
1403 5565 1453 5626 illa
1468 5581 1506 5626 ex
1520 5582 1604 5628 nunc
1625 5567 1784 5647 collegiata

1043 5677 1107 5723 esse
1128 5661 1257 5734 desinat,
1275 5659 1356 5721 etde
1371 5667 1491 5720 caetero
1508 5659 1553 5722 uti
1570 5659 1635 5721 talis
1651 5662 1784 5740 amplius

1042 5754 1246 5828 denominari,
1271 5753 1404 5827 inscribi,
1429 5755 1559 5830 censeri,
1576 5754 1625 5815 vel
1648 5758 1783 5833 reputari

1043 5865 1105 5912 ηοη
1133 5847 1244 5926 possit,
1271 5845 1353 5907 salva
1383 5855 1485 5908 tamen
1514 5855 1544 5908 et
1572 5845 1673 5908 illaesa
1701 5848 1783 5912 illius

1041 5940 1269 6021 parochialitate
1298 5948 1479 6002 remanente
1501 5938 1537 6000 de
1557 5932 1716 6004 ¹consensu
1738 5943 1782 6003 di·
